3347 4999
142 332 306 398 OCT.
365 334 389 396 4
406 335 445 397 8
1031 352 1108 397 ni:
1155 353 1212 398 s.
1266 352 1519 400 nouom:
1568 354 1755 399 mar.
2447 337 2571 402 543

140 458 324 506 serve
372 436 488 506 Dei
536 434 786 517 fidelis,
844 435 1125 506 mandat
1174 436 1297 505 tibi
1344 437 1734 509 Altissimus
1766 436 2109 507 coelorum
2165 461 2534 529 possessor,
2588 452 2666 509 ut

139 525 387 595 Gallias
434 526 730 617 impiger
776 525 1004 607 adeaS,
1052 525 1416 613 locumque
1466 527 1532 595 in
1589 526 1760 596 silva
1806 525 2193 608 Arduenna,
2249 530 2363 599 cui
2410 552 2659 599 nomen

139 614 392 685 Fridier
426 671 441 698 ‚
498 615 904 706 perquiraS,
975 636 1177 701 quem
1244 614 1395 686 sons
1447 616 1741 686 Nasania
1801 615 2042 686 leniter
2089 617 2205 685 irri
2260 630 2376 700 at,
2431 618 2661 706 ibique

137 703 358 773 locum
411 716 565 775 tuae
616 704 1058 774 habitationis
1106 704 1522 785 vendicabiS,
1562 704 1779 774 donec
1826 704 2164 794 generalis
2213 640 2359 776 §ies
2406 708 2658 776 exami-

138 794 277 875 nis,
314 794 783 885 peecatoribus
815 806 1042 862 reatus
1072 793 1180 863 sui
1205 805 1643 875 tormentum,
1669 795 1880 884 justis
1908 816 2065 864 vero
2091 817 2169 864 ae
2205 796 2325 866 tibi
2349 808 2659 865 aeternae

130 882 305 952 vitae
372 884 684 953 bravium
738 904 859 973 pro
912 882 1140 952 labore
1198 881 1593 953 redditurus
1646 896 1770 953 est.
1815 910 1840 947 a
1909 888 2055 966 Qua
2104 883 2361 954 visione
2410 885 2511 954 vir
2545 886 2658 954 Dei

135 971 468 1043 sollicitus
519 972 753 1064 petiit,
807 984 882 1041 ut
930 971 987 1040 si
1036 994 1076 1041 a
1122 975 1253 1041 Deo
1305 973 1467 1042 haec
1515 985 1691 1043 esset
1738 973 1932 1054 visi0,
1988 973 2289 1045 secundo
2336 996 2416 1043 ac
2465 974 2658 1044 tertio

130 1061 260 1129 sibi
307 1073 710 1163 appareret:
763 1061 946 1149 quod
994 1074 1058 1131 et
1105 1061 1198 1129 ita
1245 1060 1498 1132 sactum
1548 1074 1671 1131 est.
1727 1066 1856 1132 Nec
1891 1083 2104 1144 mora,
2141 1063 2282 1150 jam
2319 1062 2403 1133 de
2436 1067 2655 1153 Ange-

131 1147 259 1219 lica
306 1151 691 1231 visitatione
738 1150 986 1220 certior
1032 1149 1273 1232 sactuS,
1329 1150 1624 1241 sumptis
1659 1151 2061 1221 necessariis
2100 1152 2354 1239 quibus
2395 1151 2657 1242 indige-

127 1238 261 1321 bat,
317 1239 443 1310 iter
492 1262 693 1311 suum
750 1239 852 1308 vir
888 1239 1122 1327 justus
1169 1240 1484 1330 arripuit,
1539 1241 1726 1310 hunc
1779 1241 2023 1330 psalmi
2084 1263 2350 1311 versum
2405 1240 2654 1312 decan-

129 1341 321 1398 tans:
386 1331 537 1399 Vias
591 1339 765 1409 tuas,
835 1330 1129 1408 Domine,
1185 1330 1563 1400 demonstra
1607 1330 1799 1412 mihi,
1853 1341 1914 1399 et
1945 1332 2217 1400 semitas
2266 1342 2412 1400 tuas
2460 1332 2653 1400 edoce

122 1440 244 1488 me.
285 1421 523 1509 Diriqe
553 1441 657 1487 me
692 1421 765 1487 in
792 1420 1072 1488 veritate
1105 1428 1225 1487 tua
1272 1430 1333 1488 et
1367 1420 1521 1488 doce
1558 1442 1684 1501 me,
1725 1422 1888 1510 quia
1918 1430 1990 1488 tu
2038 1443 2102 1488 es
2150 1425 2322 1489 Deus
2353 1423 2656 1490 salvator

122 1530 327 1591 meus,
382 1519 447 1578 et
496 1519 558 1577 te
586 1508 880 1577 sustinui
916 1517 1053 1578 tota
1102 1508 1208 1577 die
1236 1508 1448 1598 (Psal.
1486 1509 1623 1597 24).
1679 1509 1853 1578 Huic
1903 1520 2126 1577 tamen
2178 1509 2353 1579 sedit
2400 1510 2466 1578 in
2507 1522 2655 1578 voto

122 1598 315 1685 prius
357 1597 603 1667 limina
638 1595 1109 1687 Apostolorum
1144 1597 1319 1667 Petri
1358 1609 1425 1667 et
1454 1597 1646 1668 Pauli
1681 1597 1994 1677 invisere,
2037 1611 2377 1685 quatenus
2416 1621 2652 1668 eorum

120 1685 332 1758 fretus
389 1686 693 1768 auxilio,
748 1686 1183 1778 postmodum
1237 1687 1304 1755 in
1357 1686 1581 1756 locum
1634 1687 1764 1758 sibi
1813 1687 2225 1758 destinatum
2279 1687 2460 1758 felici
2505 1710 2656 1778 per-

122 1777 382 1846 veniret
432 1776 683 1845 omine.

205 1868 241 1953 §
290 1872 380 1937 θ.
440 1866 531 1933 Ea
579 1887 734 1935 vero
786 1876 1204 1955 tempestate,
1260 1865 1509 1955 dignae
1551 1866 1921 1936 memoriae
1952 1871 2275 1947 JoanneS,
2316 1867 2540 1936 dictus
2568 1866 2656 1935 ob

120 1976 392 2024 morum
447 1953 954 2057 simplicitatem
1004 1957 1237 2043 Agnus
1267 1955 1499 2045 (cujus
1536 1957 1874 2044 possessio
1915 1967 2196 2047 paterna
2229 1955 2448 2026 fuerat
2496 1955 2657 2025 villa

117 2044 448 2113 Tibancia
498 2043 532 2078 ⁴⁸
572 2056 768 2131 Juxta
815 2048 1079 2131 Hoyum
1130 2055 1431 2114 castrum
1484 2044 1682 2134 sita),
1740 2066 1900 2114 cum
1957 2045 2429 2115 benedictione
2478 2049 2653 2134 Apo-

117 2132 355 2203 stolica
387 2140 645 2203 Romae
678 2146 976 2221 accepta,
1000 2132 1146 2223 jam
1179 2135 1621 2223 transgressis
1656 2134 1725 2202 in
1760 2132 2108 2203 redeundo
2141 2134 2400 2224 alpium
2426 2135 2644 2224 jugis,

117 2222 532 2312 Tongrensis
581 2222 925 2380 Episcofii
977 2236 1201 2311 partes
1251 2224 1615 2324 repetebat,
1656 2223 1798 2293 viro
1847 2236 2082 2293 sancto
2128 2223 2350 2294 factus
2395 2238 2496 2294 est
2534 2224 2653 2292 ob-

120 2311 295 2391 viuS,
335 2316 673 2382 Mononus
722 2311 819 2381 sci
853 2311 983 2381 icet
1010 2310 1148 2399 jam
1201 2311 1491 2382 Levitico
1537 2312 1778 2382 ordine
1811 2313 2220 2383 sublimato:
2275 2336 2314 2382 a
2361 2335 2498 2401 quo
2531 2335 2653 2383 au·

117 2399 281 2469 ditis
329 2400 441 2469 sui
489 2399 752 2471 itineris
782 2401 1037 2482 causis,
1072 2415 1135 2470 et
1166 2401 1329 2488 quid
1364 2401 1522 2471 inde
1549 2414 1726 2471 esset
1757 2415 2061 2483 aeturus,
2106 2403 2648 2473 benedictionem

116 2488 179 2559 ei
225 2487 604 2580 elargitur,
657 2491 1084 2562 demandans
1142 2502 1489 2578 tamquam
1541 2490 1879 2563 fidissimo
1926 2515 2028 2561 ex,
2055 2489 2288 2563 mutua
2349 2493 2650 2563 collocu-

116 2578 297 2649 tione
343 2578 523 2649 faeto
570 2583 815 2662 amicO,
868 2593 946 2651 ut
990 2581 1058 2649 in
1112 2579 1462 2651 redeundo
1515 2580 1799 2671 pallium
1857 2582 2280 2672 Episcopale,
2333 2583 2515 2670 quod
2568 2604 2648 2650 ex

116 2668 513 2740 maturandi
559 2669 826 2739 itineris
873 2670 1206 2739 anxietate
1255 2670 1736 2751 intermiserat,
1791 2671 1925 2741 sibi
1974 2670 2198 2743 fidelis
2238 2671 2494 2740 deferat
2535 2672 2647 2739 ba·

102 2758 326 2848 julus.
379 2761 633 2829 Locum
683 2771 909 2829 autem
951 2781 990 2828 a
1024 2764 1152 2827 Deo
1201 2759 1329 2830 sibi
1382 2759 1816 2850 designatum
1860 2760 1941 2829 ad
1996 2783 2067 2830 se
2102 2761 2461 2830 revertenti
2497 2780 2648 2848 pro-

111 2849 300 2919 misit
346 2847 606 2919 certius
638 2870 710 2918 se
740 2861 1203 2928 ostensurum,
1249 2871 1595 2936 suumque
1646 2847 1745 2917 illi
1781 2848 2148 2919 consilium
2187 2861 2251 2918 et
2281 2847 2643 2925 auxilium,

109 2948 314 3039 prout
364 2949 639 3027 tempus
685 2950 750 3007 et
797 2937 966 3007 ratio
996 2952 1407 3028 exposceret,
1449 2938 1515 3006 in
1551 2937 1878 3007 omnibus
1914 2938 2427 3027 praebiturum:
2464 2935 2646 3022 quod

109 3040 203 3098 ita
240 3026 505 3097 factum
554 3038 854 3098 constat:
911 3048 1066 3095 nam
1120 3048 1452 3107 reversus,
1509 3050 1549 3096 a
1599 3026 1944 3116 praedicto
2002 3032 2265 3096 Joanne
2314 3026 2649 3115 Episcopo

110 3113 593 3187 venerabiliter
641 3127 999 3206 susceptus
1056 3128 1178 3184 est.
1249 3120 1561 3198 Quantus
1616 3136 1774 3184 vero
1831 3114 2139 3202 qualisve
2211 3114 2643 3204 postmodum

106 3205 314 3277 fuerit
379 3205 454 3273 in
515 3203 852 3275 famulatu
917 3203 1269 3295 praelibati
1336 3204 1730 3294 pontificis,
1803 3204 2092 3274 breviter
2139 3203 2642 3273 enarrabimus,

109 3296 259 3366 Fuit
312 3314 617 3380 namque
663 3293 949 3384 dapsilis
995 3306 1059 3364 et
1106 3292 1342 3384 largus
1390 3293 1457 3360 in
1515 3313 1869 3382 pauperes,
1922 3314 2174 3383 pernox
2212 3294 2278 3363 in
2328 3293 2648 3363 orationi·

105 3385 264 3466 buS,
310 3382 741 3474 jejuniorum
792 3395 1108 3453 executor
1156 3381 1570 3461 laudabiliS,
1630 3381 1817 3471 pacis
1865 3394 2129 3451 amator
2180 3383 2595 3472 praecipuus
2627 3436 2642 3461 ,

105 3474 586 3563 proximorum
634 3471 947 3543 defensor
998 3491 1186 3560 prom
1243 3471 1575 3552 tissimus,
1629 3493 1712 3539 ac
1767 3471 1877 3540 Dei
1926 3484 2189 3541 amator
2228 3471 2645 3541 ferventissi-

103 3585 288 3633 mus,
345 3559 522 3644 Quid
577 3560 827 3650 plura?
875 3560 1163 3646 Quicqui
1262 3560 1332 3628 in
1382 3560 1594 3629 servis
1644 3559 1759 3628 Dei
1811 3559 2185 3630 attenditur
2245 3560 2591 3630 laudabile
2627 3615 2641 3639 ,

104 3651 255 3722 loco
303 3651 377 3719 in
416 3648 544 3717 isto
589 3650 740 3739 ejus
789 3648 1046 3719 famulo
1097 3649 1387 3718 ubertim
1439 3650 1787 3718 crescebat
1835 3648 2140 3736 quotidie
2174 3706 2189 3730 ‚
2246 3651 2637 3728 intantum,

100 3755 178 3811 ut
224 3737 635 3810 consodales
682 3738 833 3827 ejus
882 3737 1185 3806 videntes
1234 3737 1393 3806 talia
1442 3738 1510 3806 in
1567 3738 1679 3807 Dei
1731 3739 2008 3807 homine
2056 3739 2259 3820 dona,
2300 3738 2459 3808 inde
2499 3760 2645 3829 pes-

102 3827 415 3899 sumdati
465 3828 739 3897 suntad
782 3828 998 3917 pejus,
1039 3827 1222 3895 unde
1255 3826 1620 3896 sublimari
1660 3826 2040 3896 debuerant
2083 3828 2147 3896 in
2197 3828 2464 3897 melius.

189 3920 229 4005 ξ
277 3923 374 3990 3.
430 3916 553 3985 Hic
605 3939 757 3986 vero
809 3915 921 3985 Dei
973 3915 1191 4001 iustus
1227 3970 1241 3996 ,
1310 3915 1484 3985 inter
1550 3917 1677 3986 ista
1739 3938 1872 3985 non
1938 3919 2300 3986 immemor
2367 3915 2647 3984 visionis

100 4019 490 4076 nocturnae
536 4004 866 4075 divinitus
914 4004 1046 4073 sibi
1086 4003 1322 4083 factae,
1376 4026 1532 4073 cum
1579 4004 1854 4074 licentia
1893 4005 2296 4095 praescripti
2326 4004 2645 4094 Episcopi

101 4095 361 4184 expetit
397 4093 625 4164 locum
661 4095 746 4165 ab
786 4092 1035 4182 Angelo
1072 4093 1614 4183 praesignatum,
1654 4115 1861 4180 quem
1905 4093 2167 4164 truncis
2206 4116 2284 4162 ac
2325 4092 2647 4182 vepribus

103 4203 233 4271 pro
282 4204 485 4271 posse
534 4183 940 4253 mundatum
988 4181 1054 4250 in
1120 4182 1495 4252 oratorium
1557 4183 2005 4252 commutavit
2051 4195 2116 4251 et
2173 4183 2640 4262 consecravit,

100 4270 227 4338 ubi
261 4292 570 4360 congrue
616 4278 748 4342 Deo
799 4269 1104 4340 redderet
1153 4270 1487 4342 solemnia
1526 4293 1806 4360 precum
1859 4284 2032 4341 vota.
2085 4272 2258 4342 Huic
2307 4270 2494 4360 operi
2547 4272 2645 4339 sic

100 4358 536 4430 incumbenti
577 4361 825 4433 obtulit
872 4359 1119 4430 Christi
1169 4360 1518 4429 miseratio
1570 4359 1890 4449 largiflua
1940 4359 2243 4429 levamen
2296 4359 2593 4431 amabile
2623 4414 2640 4441 ,

153 4486 180 4511 ¹⁰²
211 4481 412 4528 Gallice.
432 4487 629 4534 warenae,
644 4489 780 4529 vicus
800 4489 856 4529 ad
880 4487 1097 4528 dextram
1119 4487 1290 4528 Mosae.
1314 4506 1363 4515 -
1387 4487 1584 4538 Boxum,
1604 4487 1717 4537 gan.
1734 4487 1850 4538 Hom.
