3347 4999
135 370 306 437 OCT.
364 370 443 434 ⁴7
1020 387 1095 432 na
1142 387 1198 433 s.
1251 386 1542 433 nssnwioss
1593 387 1784 433 vaA
2446 373 2572 437 545

133 473 417 545 alterius
454 472 798 563 supplicio
836 471 1301 553 interfuerant,
1346 495 1501 542 eum
1535 493 1812 541 manere
1852 471 2263 542 incolumem
2300 485 2365 543 et
2407 476 2655 546 vivum.

129 563 359 634 Jussit
393 574 535 631 tum
589 562 928 631 Heni-icus
981 562 1321 652 princepS‚
1365 562 1652 631 maritus
1702 561 1876 649 ejus,
1944 573 2020 630 ut
2074 561 2496 650 ubicumque
2544 565 2664 636 illa

130 653 459 741 deinceps
504 651 895 741 praeteriret
944 650 1260 738 publicas
1306 650 1680 731 custodiaS‚
1759 672 1908 719 mox
1966 672 2273 721 carceres
2333 665 2398 721 et
2461 674 2660 744 erga-

131 742 313 811 stula
363 742 835 829 aperirentur,
892 741 1237 831 vinctique
1287 762 1410 831 pro
1455 739 1604 827 ejus
1653 740 2022 809 reverentia
2073 762 2113 808 a
2158 741 2544 829 captivitate
2600 756 2665 814 et

132 830 435 900 vinculis
483 829 803 910 absoluti,
843 851 1008 898 suae
1043 828 1335 902 libertati
1373 828 1837 899 redderentur.
1879 827 2118 897 Mulier
2170 830 2503 916 quaedam
2542 831 2694 901 die·

138 919 490 990 Dominico
544 920 829 999 molenS,
885 919 1116 990 divina
1164 921 1425 991 ultione
1477 940 1798 1008 percussa
1846 929 1969 999 est,
2015 918 2200 1019 ligno
2232 938 2368 1006 quo
2406 920 2656 989 molam

132 1009 404 1098 agebat,
459 1008 627 1077 adeo
671 1008 904 1076 manui
955 1009 1103 1095 ejus
1138 1010 1571 1088 adhaerente,
1613 1020 1690 1077 ut
1742 1029 1863 1076 nec
1913 1008 2138 1077 mariti
2188 1008 2443 1079 auxilio
2476 1032 2662 1079 amo-

134 1101 286 1167 vere
337 1098 505 1166 illud
550 1111 793 1187 posset.
843 1102 1203 1187 Amputato
1240 1100 1449 1189 igitur
1496 1119 1704 1184 supra
1752 1109 1817 1165 et
1858 1095 2027 1166 infra
2073 1119 2354 1165 manum
2392 1099 2541 1189 ejus
2578 1098 2659 1167 li-

134 1211 298 1278 gno,
349 1187 554 1256 ducta
603 1199 702 1256 est
750 1210 785 1255 a
840 1188 1082 1257 marito
1120 1189 1203 1259 ad
1259 1191 1517 1259 beatam
1555 1185 1967 1277 Hedwigem.
2007 1190 2164 1255 Orat
2202 1202 2436 1256 sancta
2486 1187 2661 1256 Hed-

135 1277 335 1367 wigis
384 1276 743 1345 Dominum
800 1298 920 1366 pro
968 1300 1084 1359 ea;
1136 1278 1354 1368 aperit
1404 1297 1684 1345 manum
1736 1276 1887 1364 ejus
1918 1329 1933 1355 ,
2001 1275 2290 1345 extrahit
2337 1275 2652 1365 lignum,

141 1365 424 1435 mandat
473 1379 549 1434 ut
601 1387 738 1433 reni
792 1364 972 1454 apud
1026 1390 1097 1436 se
1137 1368 1408 1436 tacitam
1463 1364 1745 1433 habeat:
1790 1363 1931 1445 sed,
1973 1364 2178 1433 latere
2218 1387 2349 1434 non
2392 1367 2654 1456 potuit,

133 1454 315 1542 quod
350 1455 680 1523 Dominus
714 1454 797 1523 ad
828 1478 1024 1524 suam
1062 1456 1348 1548 gloriam
1381 1454 1590 1524 voluit
1625 1454 2065 1523 innotescere.
2101 1453 2405 1537 Quadam
2438 1468 2654 1536 nocte,

136 1546 335 1613 beata
383 1543 724 1634 Hedwigis
775 1544 1025 1633 vigiliis
1073 1560 1138 1616 et
1197 1544 1515 1636 precibus
1556 1542 1962 1633 defatigata,
2026 1565 2267 1613 somno
2330 1565 2417 1701 op
2474 1567 2659 1614 ressa

134 1648 258 1713 est,
298 1645 361 1701 et
403 1632 634 1701 lumen
670 1654 1063 1716 accensum,
1104 1634 1285 1721 quod
1331 1634 1622 1724 vigilans
1655 1654 1865 1701 manu
1903 1644 2230 1713 tenuerat,
2267 1633 2335 1701 in
2400 1634 2418 1701 i
2475 1656 2652 1714 rum,

135 1723 322 1792 unde
383 1721 686 1811 legebat,
747 1721 1020 1793 decidit.
1089 1730 1167 1794 Et
1212 1746 1366 1793 ecce
1423 1745 1561 1791 rem
1634 1720 2085 1791 admiratione
2132 1721 2654 1812 dignissimam!

136 1812 470 1881 Adhaeret
521 1810 694 1881 libro
743 1811 1052 1896 candela,
1106 1825 1170 1883 et
1204 1827 1336 1884 tota
1374 1812 1826 1896 comburitur,
1865 1833 1988 1881 nec
2027 1811 2394 1898 quicquam
2435 1824 2660 1882 tamen

138 1900 433 1969 laeditur
479 1899 711 1970 codex.

225 1991 261 2075 ξ
296 1994 459 2062 40.
501 1994 576 2058 At
616 2011 768 2058 vero
812 2011 944 2059 non
978 1991 1200 2061 solum
1239 1990 1666 2061 admirandis
1698 1989 2043 2079 operibus,
2081 1988 2192 2058 sed
2230 1990 2431 2058 etiam
2467 2011 2661 2081 prae-

133 2077 322 2146 clara
370 2078 756 2167 cognitione
807 2079 1175 2149 admodum
1229 2081 1599 2166 conspicua
1650 2079 1780 2148 suit
1828 2080 2022 2149 beata
2088 2078 2456 2169 Hedwigis.
2527 2084 2655 2149 Su-

136 2187 392 2255 pernae
438 2167 620 2235 enim
677 2167 849 2237 lucis
912 2168 1248 2239 illustrata
1302 2169 1556 2250 radii8‚
1615 2181 1838 2238 mente
1889 2168 2248 2259 perspicue
2295 2168 2654 2248 cernebat,

134 2275 316 2341 quae
363 2257 707 2346 corporeis
755 2257 974 2327 oculis
1026 2281 1156 2329 non
1210 2258 1499 2340 videbat,
1543 2259 1758 2328 multa
1791 2279 2061 2345 quoque
2094 2257 2215 2326 diu
2250 2271 2401 2347 post
2434 2257 2664 2328 futura

140 2343 600 2431 praevidebat.
665 2350 877 2432 Atque
930 2347 1058 2417 hoo
1119 2348 1299 2418 dono
1359 2349 1445 2418 ab
1496 2348 1646 2437 ipsa
1686 2348 2045 2434 ,iuventute
2095 2368 2311 2434 usque
2366 2347 2432 2415 in
2488 2346 2660 2415 vitae

137 2432 347 2503 finem
404 2434 704 2524 praedita
750 2435 905 2505 luit.
945 2440 1107 2507 Cum
1145 2437 1374 2508 adhuc
1406 2437 1682 2525 juvenis
1721 2450 1918 2517 esset,
1963 2435 2258 2523 quodam
2300 2436 2662 2506 Salvatoris

141 2522 455 2593 natalitio
487 2523 598 2593 die
628 2526 808 2596 venit
839 2525 1120 2613 quidam
1163 2527 1244 2596 ad
1288 2549 1437 2596 eam
1478 2549 1752 2596 mensae
1785 2526 2222 2606 assidentem,
2262 2527 2378 2613 qui
2411 2525 2665 2595 diceret

135 2612 454 2681 cerasum
506 2614 575 2682 in
634 2614 828 2685 horto
885 2615 1148 2693 florere.
1202 2616 1400 2686 Mittit
1440 2615 1554 2685 illa
1604 2615 1979 2696 hominem,
2038 2615 2157 2702 qui
2225 2614 2468 2697 videat,
2527 2636 2664 2702 qua

134 2713 328 2790 parte
357 2703 561 2772 arbor
588 2703 787 2774 flores
822 2704 1012 2774 serat.
1057 2706 1438 2775 Renunciat
1478 2705 1559 2786 is,
1614 2706 1683 2774 in
1738 2704 1946 2776 ramis
1985 2704 2424 2773 inferioribus
2462 2704 2663 2772 flores

134 2790 471 2879 conspici.
522 2797 688 2862 Tum
744 2793 903 2862 illa:
950 2816 983 2859 «
1022 2794 1305 2885 Signum
1358 2807 1493 2878 est,
1535 2794 1797 2883 inquit,
1856 2792 2111 2864 multos
2157 2813 2492 2884 pauperes
2536 2792 2664 2861 hoc

135 2901 320 2950 anno
350 2880 792 2950 morituros»
815 2882 1005 2966 Quod
1042 2906 1148 2953 res
1180 2884 1324 2974 ipsa
1350 2883 1802 2954 confirmavit.
1835 2883 2148 2952 Maritum
2180 2902 2381 2950 suum
2408 2885 2657 2949 Ducem

136 2968 513 3037 Henricum
554 2970 1011 3060 praemonuit,
1051 2995 1132 3041 ne
1166 2972 1249 3041 de
1274 2984 1496 3042 castro
1524 2971 1944 3064 Legniciensi
1980 2971 2211 3050 exiret,
2251 2968 2366 3038 sed
2402 2969 2523 3037 diu
2562 2969 2661 3037 in·

142 3068 241 3125 tra
279 3056 448 3126 illud
488 3080 635 3130 sese
668 3061 1067 3141 contineret,
1110 3062 1292 3131 brevi
1327 3061 1582 3148 alioqui
1618 3061 2014 3140 morituruS,
2056 3059 2111 3128 si
2154 3058 2240 3127 ab
2272 3057 2389 3126 illo
2422 3057 2555 3127 alio
2596 3079 2666 3126 se

142 3145 562 3217 transferret.
619 3150 917 3220 Credidit
964 3149 1101 3230 ille,
1155 3163 1219 3220 et
1271 3150 1562 3219 triennio
1603 3150 1855 3219 mansit
1902 3148 1968 3217 in
2021 3161 2242 3218 castro
2293 3146 2429 3216 illo.
2491 3152 2666 3215 Tan-

136 3235 292 3304 dem
351 3234 509 3304 inde
559 3238 905 3320 recedenS,
943 3252 1007 3307 et
1040 3261 1260 3326 usque
1293 3239 1361 3308 in
1400 3237 1672 3309 Lesnicz
1723 3238 2146 3327 perveniens.
2190 3237 2279 3305 ibi
2315 3235 2663 3316 decubuit,

131 3338 194 3392 et
232 3324 411 3393 intra
446 3324 593 3394 dies
627 3340 776 3396 octo
831 3328 1145 3418 migravit
1178 3349 1214 3397 e
1250 3327 1382 3397 vita
1438 3348 1619 3397 anno
1660 3326 1903 3395 Christi
1941 3325 2305 3395 millesimo
2339 3325 2662 3395 ducente-

133 3414 310 3482 simo
361 3411 711 3504 trigesimo
761 3428 1046 3497 octav0,
1103 3416 1549 3507 sepultusque
1609 3430 1709 3486 est
1773 3415 1839 3483 in
1904 3415 2317 3484 monasterio
2382 3415 2665 3485 Trebni-

130 3501 346 3571 ciensi
397 3502 453 3569 ³⁵.
511 3504 788 3572 Femina
833 3505 1173 3591 quaedam
1227 3505 1632 3585 catharina,
1692 3505 1965 3574 natione
2013 3509 2350 3584 Prutena‚
2393 3527 2427 3572 a
2467 3504 2660 3573 beata

136 3590 454 3680 Hedwige
494 3612 531 3659 e
561 3612 754 3661 sacro
787 3593 1220 3683 baptismatis
1255 3593 1436 3664 sonte
1470 3607 1810 3685 suscepta,
1853 3593 2104 3664 nutrita
2136 3608 2196 3663 et
2229 3593 2664 3662 matrimonio

132 3680 459 3748 collocata
511 3679 670 3761 fuit3
709 3682 907 3769 eique
956 3682 1041 3752 ob
1093 3682 1378 3752 multam
1429 3682 1964 3752 familiaritatem
2002 3705 2132 3752 non
2173 3704 2389 3771 pauca
2425 3681 2654 3751 futura

139 3770 495 3856 praedixit,
545 3791 746 3859 saepe
795 3770 995 3840 etiam
1061 3771 1365 3842 occultas
1416 3774 1570 3859 eius
1626 3773 2072 3862 cogitationes
2129 3771 2232 3840 illi
2286 3792 2655 3861 exponens.

135 3862 299 3926 Cum
351 3858 533 3926 enim
609 3859 979 3947 aliquando
1028 3859 1110 3928 de
1177 3860 1307 3930 vita
1385 3863 1723 3952 praesenti
1796 3863 2027 3930 animo
2093 3875 2432 3940 versaret,
2486 3859 2664 3927 Hed-

133 3946 326 4035 wigis
380 3947 472 4017 ait
527 3948 610 4016 ad
676 3971 870 4018 eam:
943 3949 1192 4032 «Quid
1269 3962 1340 4020 tu
1413 3950 1665 4020 frustra
1725 3950 2200 4040 praesentibus
2268 3949 2666 4037 occupariS,

137 4035 493 4105 Catharina
525 4092 539 4117 ,
579 4060 737 4106 cum
791 4038 913 4108 tibi
952 4039 1095 4128 Jam
1136 4061 1296 4128 prae
1353 4039 1616 4109 foribus
1654 4061 1838 4108 mors
1895 4039 2295 4107 immineat?
2332 4060 2366 4102 »
2419 4038 2491 4106 Id
2549 4037 2662 4106 illa

139 4123 452 4206 audienS,
497 4127 786 4217 expavit,
833 4126 1057 4196 sciens
1112 4150 1247 4196 non
1288 4128 1419 4198 nisi
1459 4150 1610 4197 vera
1642 4128 1870 4197 dicere
1903 4128 2316 4216 Hedwigem.
2368 4131 2441 4194 At
2473 4127 2666 4195 beata
2745 4203 2762 4223 .

138 4210 473 4311 Hedyvigis
522 4216 889 4286 immodice
936 4230 1438 4288 consternatam
1491 4216 1898 4287 consolans:
1939 4239 1973 4283 «
2011 4216 2180 4295 Noli,
2250 4216 2496 4301 inquit,
2544 4222 2666 4284 Ca-

139 4296 432 4383 marina,
491 4327 795 4376 moerore
854 4305 1070 4376 affici:
1134 4307 1447 4378 morieris
1480 4305 1787 4394 quidem,
1827 4305 1943 4376 sed
1988 4305 2384 4384 revivisces;
2430 4319 2494 4375 et
2544 4305 2668 4374 hoc

186 4458 212 4517 ⁸.
240 4459 323 4500 Eat
353 4462 429 4503 hio
461 4469 675 4508 confusio
704 4471 753 4508 et
780 4478 1085 4517 personarum
1107 4471 1153 4510 et
1172 4469 1399 4509 locorum.
1422 4470 1537 4510 Nam
1555 4469 1790 4509 Henricus
1809 4469 2036 4512 Barbatus
2056 4481 2150 4510 non
2167 4469 2343 4513 Lissae,
2362 4470 2445 4510 sed
2467 4471 2670 4509 oronnae

132 4510 272 4560 Oblltz
290 4515 464 4563 Mesae.
484 4530 565 4560 seu
586 4523 780 4562 Lesntcz
799 4525 1013 4564 mortuus
1034 4526 1107 4565 eat
1126 4523 1387 4568 Boleslanffi
1410 4521 1527 4564 dicti
1548 4522 1737 4563 Henrict
1757 4525 1904 4573 pater.
