3347 4999
183 364 360 431 OCT.
420 366 444 428 ‘l
1038 382 1116 427 ns
1167 382 1221 427 s,
1277 380 1538 428 nemeto
1585 381 1878 427 Ancamr.
2561 363 2644 427 25

178 462 591 532 Aurelianus
625 459 1070 533 consiliarius
1098 461 1248 550 ejus
1296 461 1573 530 intuens
1606 462 1883 551 Regem,
1929 460 2063 529 ait:
2120 462 2403 529 Domine
2437 460 2529 528 mi
2565 465 2726 540 Rex,

178 551 383 620 crede
419 550 620 619 modo
676 554 882 618 Deum
935 549 1131 629 coeli,
1186 571 1389 637 quem
1432 549 1715 619 domina
1766 571 1915 618 mea
1953 550 2214 639 Regina
2251 548 2621 639 praedicat,
2669 559 2735 617 et

176 639 375 710 dabit
424 639 542 709 tibi
598 639 744 727 ipse
793 642 929 707 Rex
979 658 1217 727 regum
1267 651 1331 707 et
1380 642 1558 707 Deus
1604 636 1776 707 coeli
1827 650 2029 724 atque
2081 651 2294 707 terrae
2345 637 2723 707 victoriam.

174 727 306 797 Ille
355 750 512 797 vero
543 727 821 797 elevatis
870 727 941 794 in
992 727 1258 797 coelum
1313 726 1558 806 oculiS‚
1613 740 2004 796 commotus
2051 726 2119 794 in
2178 726 2541 816 lacrymaS,
2596 724 2727 795 ait:

176 839 216 883 «
254 823 422 887 Jesu
471 816 754 895 Christe,
810 837 1016 902 quem
1069 815 1386 885 Crotildis
1436 815 1673 905 regina
1724 837 1876 883 mea
1910 815 2260 904 praedicat
2307 837 2456 885 esse
2505 814 2727 884 filium

173 907 298 975 Dei
354 905 531 985 vivi,
585 905 704 992 qui
756 904 1083 974 subvenis
1146 905 1212 972 in
1266 904 1731 985 tribulatione,
1797 905 1918 992 qui
1975 903 2098 973 das
2147 904 2480 974 auxilium
2541 904 2610 970 in
2673 916 2734 971 te

172 993 644 1081 sperantibuS,
704 1006 900 1063 tuum
943 992 1363 1083 adjutorium
1414 992 1702 1063 devotus
1753 992 2047 1081 postulO,
2088 1005 2162 1061 ut
2195 993 2252 1061 si
2305 992 2474 1061 mihi
2526 992 2735 1061 victo-

171 1084 353 1152 riam
392 1104 600 1173 super
632 1083 755 1151 hos
806 1082 1033 1151 hostes
1066 1081 1360 1161 dederis,
1416 1094 1481 1151 et
1528 1094 1850 1170 expertus
1895 1080 2089 1151 fuero
2141 1082 2453 1151 virtutem
2511 1079 2726 1160 illam,

170 1194 385 1259 quam
437 1172 521 1241 de
572 1184 631 1241 tc
682 1171 917 1260 populi
971 1171 1409 1261 praedicant,
1463 1170 1736 1240 credam
1803 1169 1973 1247 tibi,
2028 1182 2093 1238 et
2147 1170 2215 1237 in
2285 1170 2563 1239 nomine
2614 1182 2731 1238 tuo

172 1260 601 1350 baptizabor.
657 1260 970 1328 Invocavi
1019 1260 1203 1328 enim
1255 1264 1425 1328 Deos
1475 1281 1696 1339 meos,
1752 1271 1860 1340 et,
1916 1270 1992 1328 ut
2038 1259 2373 1349 experior,
2426 1257 2728 1348 elongati

174 1350 462 1421 suntab
503 1349 759 1418 auxilio
790 1370 965 1417 meo.
1022 1347 1213 1417 Unde
1243 1347 1445 1417 credo
1495 1370 1609 1417 eos
1645 1346 1835 1416 nulla
1891 1358 2217 1437 potestate
2254 1369 2404 1416 esse
2457 1346 2731 1436 praedi-

174 1451 306 1518 tOS,
360 1438 481 1525 qui
530 1439 661 1507 sibi
694 1437 1135 1507 credentibus
1175 1458 1309 1505 non
1348 1449 1788 1506 succurrunt.
1825 1442 1911 1505 Te
1944 1441 2152 1505 Deum
2201 1457 2436 1505 verum
2487 1436 2730 1504 invoco

173 1541 244 1597 et
290 1527 361 1595 in
407 1540 467 1596 te
515 1527 790 1596 credere
823 1525 1170 1595 desidero:
1213 1536 1474 1594 tantum
1511 1539 1586 1593 ut
1621 1526 1872 1594 liberer
1904 1526 1988 1593 ab
2025 1524 2437 1595 adversariis
2474 1524 2732 1593 meis.»

173 1620 486 1703 Cumque
537 1616 703 1685 haec
751 1636 959 1683 orans
1008 1615 1384 1695 clamaret,
1450 1613 1806 1683 Alemanni
1861 1614 1930 1682 in
1981 1613 2214 1705 fugam
2270 1614 2478 1694 versi,
2538 1624 2726 1703 terga

174 1704 558 1773 dederunt:
626 1717 690 1773 et
739 1703 1043 1772 videntes
1093 1708 1341 1792 Regem
1395 1724 1599 1774 suum
1651 1702 2124 1783 interiectum,
2181 1702 2493 1779 Clodovei
2551 1714 2738 1791 pote-

177 1794 336 1863 stati
386 1816 457 1862 se
507 1792 855 1869 subdunt,
910 1791 1245 1860 dicentes:
1301 1797 1548 1871 Parce,
1605 1813 1992 1880 precamur,
2065 1792 2343 1860 Domine
2409 1797 2586 1870 Rex,
2645 1812 2729 1859 ne

179 1896 411 1970 pereat
455 1882 610 1970 plus
649 1880 979 1970 populus:
1024 1882 1168 1969 Jam
1216 1880 1315 1948 tui
1357 1901 1624 1949 sumus.
1686 1885 1874 1949 Tunc
1912 1879 2125 1967 jussit
2174 1885 2310 1949 Rex
2358 1879 2733 1949 imminen-

176 1982 311 2039 tem
368 1970 641 2059 plagam
692 1991 980 2048 cessare,
1020 1982 1084 2038 et
1131 1968 1543 2037 Alemannos
1591 1969 1793 2057 cepit,
1851 1970 1867 2035 i
1925 1991 2175 2055 sosque
2208 1968 2289 2037 ad
2331 1981 2580 2038 terram
2613 1989 2728 2036 eo-

176 2080 332 2127 rum
371 2058 502 2127 sub
533 2059 705 2147 jugo
757 2057 1112 2126 tributario
1161 2058 1540 2127 constituit.
1580 2058 1827 2144 Sicque
1884 2069 2036 2127 acta
2070 2058 2375 2139 victoria,
2419 2078 2731 2126 reversus

174 2159 280 2215 est
328 2146 395 2214 in
433 2147 785 2215 Franciam
836 2146 916 2215 ad
956 2146 1287 2237 Reginam
1340 2167 1563 2223 suam,
1602 2159 1667 2215 et
1706 2148 2004 2216 narravit
2033 2147 2091 2215 ei
2126 2146 2421 2233 qualiter
2471 2167 2591 2235 per
2628 2146 2732 2213 in-

176 2236 599 2304 vocationem
655 2235 954 2304 nominis
1002 2242 1168 2304 Jesu
1201 2234 1452 2304 Christi
1500 2235 1852 2305 victoriam
1907 2236 2158 2303 meruit
2205 2235 2535 2305 obtinere.
2570 2238 2724 2302 Acta

178 2337 343 2393 sunt
378 2324 541 2394 haec
589 2345 773 2392 anno
821 2323 1090 2393 decimo
1119 2323 1361 2410 quinto
1414 2323 1743 2393 Clodoveo
1795 2336 2144 2413 regnante.

266 2413 302 2498 ξ
355 2417 515 2484 21).
570 2418 758 2482 Tunc
793 2413 1077 2503 Regina,
1132 2412 1648 2503 utimpleretur
1696 2412 1955 2481 dictum
2009 2412 2333 2503 Apostoli,
2397 2415 2727 2483 Salvatur

172 2503 285 2569 vir
316 2503 603 2592 infidelis
632 2526 754 2593 per
774 2505 1128 2572 mulierem
1159 2503 1425 2592 fidelem
1447 2503 1542 2592 (1.
1574 2507 1720 2573 Cor.
1744 2502 1885 2591 v11):
1917 2503 2177 2572 vocavit
2211 2507 2274 2572 S.
2303 2502 2722 2592 Remigium,

173 2590 367 2660 urbis
427 2592 635 2681 hujus
682 2591 1091 2660 Rhemensis
1140 2591 1538 2671 antistitem,
1600 2591 1980 2682 deprecans
2028 2614 2212 2672 eum,
2267 2604 2345 2660 ut
2394 2592 2560 2681 Regi
2617 2611 2727 2660 sa-

172 2678 341 2750 lutis
390 2680 580 2768 viam,
623 2678 1065 2769 praedicaret.
1105 2683 1319 2761 Quem
1356 2694 1638 2750 sanctus
1681 2680 2001 2749 sacerdos
2041 2702 2161 2770 per
2194 2680 2482 2748 multam
2537 2677 2727 2748 salu-

173 2768 341 2837 taris
391 2769 565 2837 vitae
613 2768 995 2838 doctrinam
1048 2767 1132 2837 ad
1184 2768 1608 2856 baptismum
1675 2769 1905 2838 venire
1963 2768 2423 2859 praedicabat.
2481 2773 2559 2836 Et
2608 2767 2724 2835 ille

169 2856 302 2925 ait:
357 2858 672 2928 Libenter
719 2868 782 2926 te
830 2856 1135 2937 audiam,
1190 2856 1585 2929 beatissime
1620 2869 1847 2946 pater:
1888 2858 2003 2929 sed
2040 2879 2259 2926 unum
2297 2868 2526 2933 restat,
2605 2855 2727 2924 uia

122 2946 498 3034 ‘populus
550 2947 673 3033 qui
725 2968 830 3014 me
881 2945 1214 3034 sequitur,
1261 2968 1399 3016 non
1443 2945 1775 3018 vultdeos
1811 2968 1975 3016 suos
2011 2944 2420 3031 relinquere.
2466 2950 2557 3013 Va
2613 2965 2721 3013 am

166 3047 396 3102 autem
448 3035 798 3104 adhortari
828 3056 968 3115 eos,
1008 3035 1197 3124 juxta
1229 3035 1511 3103 verbum
1563 3049 1785 3104 tuum.
1831 3041 1908 3104 Et
1959 3034 2237 3102 veniens
2289 3039 2426 3103 Rex
2473 3032 2560 3102 ad
2601 3054 2720 3122 po-

168 3122 442 3212 pulum,
488 3124 710 3213 coepit
743 3124 1001 3192 hortari
1050 3145 1189 3204 ρος,
1243 3137 1319 3193 ut
1370 3129 1606 3203 Deum,
1660 3124 1779 3211 qui
1837 3122 1937 3191 eis
1990 3122 2342 3191 victoriam
2408 3122 2714 3202 dederat,

164 3211 547 3293 crederent,
586 3213 913 3299 quoniam
965 3211 1061 3280 dii
1097 3233 1332 3281 eorum
1386 3213 1456 3280 in
1508 3211 1952 3281 tribulatione
2011 3233 2134 3280 sua
2186 3211 2359 3280 nihil
2415 3212 2513 3281 eis
2565 3232 2724 3301 pro-

161 3299 366 3368 desse
409 3314 800 3389 potuerunt.
854 3299 1415 3369 Acclamaverunt
1447 3312 1677 3370 autem
1730 3321 1993 3380 omneS,
2052 3312 2539 3390 praecurrente
2590 3300 2723 3368 mi-

165 3388 543 3459 sericordia
565 3402 629 3458 et
657 3390 955 3479 potentia
992 3390 1139 3458 Dei:
1169 3389 1482 3458 Mortales
1508 3389 1672 3457 deos
1702 3388 2186 3475 relinquimus,
2223 3389 2520 3490 gloriose
2556 3393 2716 3469 Rex,

162 3490 234 3546 et
270 3498 505 3548 verum
560 3484 766 3548 Deum
821 3476 1317 3558 immortalem,
1355 3498 1557 3565 quem
1617 3477 1974 3564 Remigius
2061 3477 2398 3558 raedtcat,
2447 3477 2724 3547 credere

165 3567 391 3655 parati
445 3589 711 3637 sumus.
766 3567 1198 3636 Nunciantur
1250 3566 1417 3635 haec
1468 3571 1533 3635 S.
1591 3566 1923 3666 Remigio.
1981 3500 2105 3635 Ille
2144 3588 2417 3653 quoque
2465 3566 2722 3657 gaudio

161 3676 421 3744 magno
475 3656 792 3744 repletus,
832 3661 1083 3746 Regem
1134 3668 1198 3724 et
1246 3654 1579 3745 populum
1633 3655 1929 3743 quahter
1960 3655 2236 3725 diabolo
2276 3668 2341 3724 et
2389 3655 2720 3744 operibus

159 3764 245 3811 ac
282 3745 557 3834 pompis
586 3744 739 3830 eJus
789 3745 1313 3815 abrenunciare.
1354 3756 1420 3813 et
1450 3743 1519 3811 in
1564 3748 1770 3813 Deum
1809 3744 2084 3813 credere
2125 3743 2473 3824 deberent,
2520 3765 2723 3833 aper-

163 3831 255 3900 tis
289 3846 354 3901 et
389 3831 711 3902 brevibus
761 3834 986 3904 verbis
1021 3833 1367 3902 instruxit.
1405 3836 1482 3902 Et
1515 3832 1679 3919 quia
1722 3833 1870 3902 dies
1902 3833 2121 3903 sancti
2160 3832 2456 3922 paschae
2488 3833 2721 3901 immi-

162 3921 772 4077 gssbfflgjejunium
827 3921 1213 3991 secundum
1272 3921 1809 3992 christianorum
1846 3921 2417 3991 consuetudinem
2470 3921 2570 3990 eis
2618 3922 2720 3990 in·

222 4021 343 4078 1x1t
413 4059 429 4076 .
2676 4025 2680 4029 ·

255 4099 291 4184 ἓ
338 4101 509 4169 30.
567 4099 684 4168 Die
744 4119 899 4167 vero
944 4099 1285 4190 passionis
1337 4099 1776 4182 Dominicae‚
1831 4121 2037 4186 quem
2100 4120 2506 4188 parasceven
2549 4120 2721 4168 usus

161 4185 674 4257 ecclesiasticus
708 4200 922 4268 vocat,
958 4188 1176 4278 pridie
1213 4187 1473 4257 scilicet
1503 4202 1870 4275 antequam
1901 4188 2229 4277 baptismi
2261 4189 2552 4289 gratiam
2585 4193 2721 4256 Rex

163 4287 228 4342 et
264 4275 567 4364 populus
614 4276 768 4364 ejus
827 4276 1212 4367 percepturi
1263 4290 1507 4358 erant,
1563 4300 1721 4345 cum
1761 4288 2042 4345 sanctus
2092 4277 2447 4367 Remigius
2494 4289 2560 4344 et
2611 4297 2720 4344 ve-

168 4363 497 4433 nerabilis
531 4366 780 4456 conjux
832 4367 1036 4456 Regis
1077 4365 1416 4448 crotildis,
1474 4388 1596 4455 pro
1647 4364 1852 4455 Regis
1900 4377 1964 4432 et
2016 4364 2254 4455 populi
2302 4365 2452 4454 ejus
2501 4363 2720 4433 salute

216 4487 245 4514 ⁶
272 4489 376 4530 Non
395 4490 494 4532 dies
514 4492 720 4534 Paschae
738 4491 1028 4539 imminebat,
1047 4491 1131 4533 sed
1151 4494 1205 4533 ut
1223 4496 1352 4534 certo
1373 4491 1572 4537 constat,
1587 4491 1783 4532 Festum
1803 4486 2078 4531 Natis-itatis
2097 4487 2283 4531 Domini
2305 4498 2427 4530 anno
2448 4497 2681 4530 ccccxcvi.
