3347 4999
705 131 833 194 390
1346 145 1425 191 mi
1472 146 1526 192 s,
1583 143 1952 192 ausemano
2001 145 2247 191 uantur.
2301 144 2401 190 nr.
2831 125 3006 192 OCT.
3075 128 3176 192 Η»

613 230 773 300 inde
822 231 958 299 huc
1007 229 1464 310 advenienteS,
1518 228 1755 317 ajunt,
1810 234 1877 296 B.
1942 228 2276 297 Swithuni
2328 228 2530 297 vitam
2592 228 2946 297 miraculis
2999 227 3180 318 ple-

614 341 798 401 nam,
838 318 904 387 in
955 318 1262 388 ecclesiis
1321 318 1511 387 illius
1569 332 1787 387 terrae
1840 317 2379 404 circumquaque
2444 317 2768 406 scriptam
2818 318 3166 406 reperiri,

610 430 788 496 quae
836 420 930 478 tot
977 408 1317 494 tantisque
1349 407 1675 476 virtutum
1725 406 2208 492 doctrinaeque
2263 404 2690 495 splenduerit
2752 405 3167 488 miraculiS,

612 510 688 566 ut
733 496 937 565 etiam
988 496 1139 586 ipsa
1188 516 1322 564 non
1374 495 1716 584 impotens
1779 495 1865 563 sit
1929 494 2393 564 testimonium
2455 494 2939 564 commendare
2992 516 3175 584 ger-

614 607 860 655 manae
907 584 1306 654 sanctitatiS.
1362 586 1657 673 Legitur,
1701 584 2046 670 inquiunt,
2085 583 2269 671 apud
2308 605 2429 652 nos
2472 583 2648 652 idem
2689 583 2796 651 Dei
2832 582 3172 653 famulus

611 697 652 742 a
700 674 1047 762 primaeva
1093 685 1307 742 aetate
1337 673 1603 742 cunctis
1640 673 1752 741 Dei
1803 672 2358 753 charismatibus,
2396 693 2534 741 una
2565 693 2722 741 cum
2757 671 3168 741 litterarum

614 762 788 832 disci
845 762 1006 831 linis
1053 762 1366 852 apprime
1434 761 1787 844 imbutu5‚
1859 759 2231 829 universis:
2290 761 2572 850 insuper
2636 760 2918 829 caelibis
2969 760 3168 830 vitae

614 785 975 920 munditiis
1017 850 1381 940 praecipue
1428 849 1861 919 candidatus.
1899 854 1973 917 Et
2021 849 2336 936 quamvis
2372 848 2637 919 nullius
2677 871 2750 918 se
2792 861 3166 939 pateretur

609 953 949 1029 expertem
1003 938 1212 1008 videri
1248 939 1540 1021 virtutis,
1597 938 2102 1008 misericordiae
2153 950 2377 1007 tamen
2416 937 2794 1007 visceribus
2844 937 3168 1007 maxime

612 1030 976 1098 notabatur
1007 1028 1322 1116 insignis.
1359 1028 1696 1097 Omnibus
1727 1026 2005 1113 quidem
2043 1027 2512 1096 necessitatem
2553 1026 2971 1116 patientibus
3002 1039 3165 1095 sta—

616 1117 731 1185 tim
766 1138 1113 1224 proposse
1160 1115 1381 1186 factus
1432 1128 1532 1185 est
1591 1118 1889 1185 omnibus
1939 1116 2314 1205 proximus.
2370 1115 2495 1185 Sed
2571 1137 2653 1184 ne
2703 1115 2935 1184 multis
3010 1115 3166 1182 im—

612 1227 981 1286 moremur,
1026 1205 1210 1274 unde
1247 1227 1463 1294 pauca
1514 1204 1984 1295 promisimus,
2027 1205 2282 1291 quique
2323 1204 2407 1272 ad
2459 1203 2615 1284 alia,
2648 1203 2841 1291 juxta
2889 1226 3164 1293 propo-

610 1294 844 1374 situm,
907 1294 1130 1383 potius
1164 1293 1594 1374 festinamus,
1634 1293 1927 1380 qualiter
1965 1292 2145 1361 idem
2185 1293 2298 1361 Dei
2332 1292 2613 1374 electu5‚
2661 1305 2794 1361 tam
2847 1292 2916 1360 in
2983 1314 3162 1382 pra-

611 1383 810 1463 ctica,
864 1404 1070 1469 quam
1115 1383 1181 1450 in
1229 1382 1525 1451 theorica
1571 1382 2083 1451 conversatione
2138 1381 2498 1469 perfectuS,
2555 1403 2674 1472 per
2723 1381 2985 1470 gradus
3027 1386 3161 1449 Ec-

612 1469 1034 1541 clesiasticos
1097 1472 1178 1540 ad
1219 1472 1667 1561 Episcopatus
1730 1470 2055 1539 honorem
2125 1470 2452 1539 canonice
2501 1470 2588 1539 sit
2645 1482 3009 1559 provectus
3081 1469 3155 1537 in

613 1560 905 1639 civitate,
962 1582 1138 1646 quae
1187 1560 1443 1628 dicitur
1498 1559 1901 1648 wirziburg,
1958 1573 2020 1627 et
2079 1558 2371 1645 qualiter
2401 1558 2712 1627 eamdem
2767 1558 3153 1627 Ecclesiam

614 1647 947 1718 doctrinis
994 1662 1058 1717 et
1089 1647 1420 1737 exemplis
1475 1648 1936 1727 illustraverit,
1999 1661 2206 1733 utque
2255 1647 2338 1716 de
2380 1647 2588 1732 hujus
2632 1647 2872 1715 mundi
2925 1660 3159 1715 trans-

612 1736 793 1805 latus
832 1738 1193 1827 angustiiS,
1231 1736 1667 1805 villicationis
1699 1759 1864 1805 suae
1917 1736 2291 1805 mercedem
2345 1735 2569 1805 fidelis
2609 1735 3059 1824 dispensator
3088 1747 3156 1804 et

610 1825 917 1915 prudens
950 1838 1383 1903 consecutus,
1416 1826 1481 1893 in
1514 1824 1845 1914 gaudium
1895 1824 2157 1893 Domini
2196 1824 2298 1894 sui
2347 1824 2734 1893 intraverit:
2792 1823 2987 1903 haec,
3040 1823 3154 1890 in-

610 1936 846 2000 quam,
906 1914 1137 1982 omnia
1185 1914 1303 1999 qui
1373 1913 1642 2002 plenius
1695 1934 1892 1981 nosse
1941 1913 2164 2001 cupit,
2231 1913 2415 1999 apud
2495 1911 2866 1982 Ecclesiam
2921 1910 3147 1989 illam,

614 2023 822 2089 quam
864 2002 1052 2083 rexit,
1097 2001 1427 2092 indagare
1474 2002 1743 2071 valebit.
1789 2000 2095 2070 Tradunt
2141 2001 2339 2070 etiam
2397 2000 2753 2081 nonnulli,
2811 2001 2937 2069 hoc
2992 2020 3151 2089 ger-

612 2112 855 2159 manos
895 2090 1135 2160 fratres
1184 2090 1656 2161 Burchardum
1708 2102 1773 2159 et
1822 2090 2278 2167 swithunum,
2330 2090 2561 2179 magni
2610 2087 2940 2159 Bonisacii
2992 2089 3151 2178 Epi-

610 2180 801 2334 {Oppi
856 2201 988 2302 non
1046 2179 1268 2249 solum
1321 2190 1841 2259 conterraneOS,
1897 2179 2013 2247 sed
2068 2180 2271 2248 etiam
2337 2199 2543 2247 carne
2591 2177 3148 2267 consanguineos

644 2287 826 2336 uisse
902 2322 915 2336 .

703 2358 738 2442 ἓ
790 2360 877 2425 ².
932 2356 1348 2425 Venerabilis
1395 2369 1620 2424 autem
1671 2354 2108 2424 Burchardus
2158 2367 2293 2424 tam
2390 2354 2803 2436 raeclaram‚
2862 2367 3144 2442 tamque

615 2442 1031 2532 praecelsam
1076 2466 1239 2514 suae
1289 2445 1646 2535 prosapiae
1679 2443 2143 2535 genealogiam
2184 2445 2319 2513 hau
2376 2465 2723 2532 quaquam
2765 2465 3014 2534 passus
3044 2455 3144 2512 est
3211 2458 3218 2465 ·

614 2554 884 2602 morum
937 2556 1220 2603 suorum
1256 2533 1527 2603 nebulis
1558 2534 1928 2613 obfuscari;
1973 2533 2085 2601 sed
2140 2534 2366 2622 potius
2414 2534 2499 2602 ab
2545 2534 2716 2623 ipsis
2761 2533 3146 2622 primaevae

614 2622 853 2690 aetatis
902 2622 1128 2704 anniS,
1186 2623 1540 2712 probitatis
1588 2622 1740 2691 luce
1784 2623 1922 2711 jam
1975 2622 2449 2709 splendescere
2497 2622 2841 2711 incipiens
2871 2676 2886 2702 ‚
2939 2621 3133 2708 quid,

616 2710 814 2779 illum
855 2711 1298 2799 praeveniens
1349 2710 1817 2780 misericordia
1871 2711 2003 2789 Dei,
2040 2710 2106 2779 in
2149 2723 2495 2800 posterum
2539 2711 2607 2778 in
2652 2732 2731 2778 eo
2780 2724 3144 2798 operatura

613 2811 790 2869 esset
829 2799 1218 2888 omnigenis
1249 2799 1608 2869 conatibus
1650 2811 2158 2887 repraesentare
2194 2799 2572 2868 videbatur.
2612 2799 2932 2868 Traditus
2961 2799 3139 2868 enim

613 2910 774 2956 cum
810 2885 1050 2958 fuisset
1095 2911 1135 2957 a
1187 2888 1523 2978 religiosis
1558 2890 1981 2978 parentibuS‚
2022 2901 2097 2957 ut
2129 2887 2327 2956 facile
2374 2887 2696 2969 creditur,
2738 2887 2980 2957 litteris
3012 2888 3141 2955 im-

610 2975 955 3058 buendus,
1012 2977 1118 3046 vix
1173 2999 1333 3046 eum
1403 2978 1771 3063 quisquam
1832 2976 1930 3045 vel
2005 2998 2361 3063 nunquam
2439 2977 2686 3066 reperit
2758 2975 3141 3066 puerilibus

611 3064 960 3134 addictum
1028 3065 1456 3145 levitatibus;
1510 3065 1624 3135 sed
1678 3078 1796 3134 aut
1858 3065 2106 3136 studiis
2168 3064 2570 3134 liberalibus
2632 3064 3134 3144 intendentem,

616 3165 734 3222 aut
781 3154 1225 3223 ecclesiarum
1280 3153 1520 3223 limina
1573 3167 1919 3235 terentem,
1961 3177 2082 3223 seu
2114 3153 2537 3240 quibuslibet
2577 3152 2734 3222 aliis
2783 3154 2996 3223 bonae
3037 3153 3146 3219 in-

617 3241 819 3310 diciis
861 3243 1363 3311 immorantem.
1419 3244 1633 3312 Crevit
1680 3243 1882 3312 etiam
1933 3243 2002 3311 in
2050 3265 2127 3311 eo
2166 3265 2324 3311 cum
2376 3243 2682 3332 corporis
2733 3243 3146 3311 incremento

616 3330 1108 3409 misericordia,
1165 3343 1237 3399 ut
1279 3330 1362 3398 de
1412 3332 1635 3422 seipso
1684 3337 1754 3399 B.
1807 3332 1934 3401 Job
1983 3342 2312 3411 testatur;
2376 3343 2440 3400 et
2495 3343 2570 3400 ut
2620 3332 2710 3400 ita
2752 3331 3000 3411 dicam,
3070 3330 3144 3398 in

614 3416 909 3517 eleganti
940 3418 1167 3486 carnis
1200 3420 1504 3500 materia,
1541 3419 1873 3520 paulatim
1922 3420 2248 3489 virtutum
2287 3441 2439 3488 com
2492 3420 2664 3489 osito
2696 3419 3137 3489 formabatur.

615 3505 789 3587 Quid
826 3504 1091 3574 multa?
1140 3506 1246 3575 Sic
1303 3506 1592 3596 jejuniis
1642 3526 1708 3581 et
1751 3508 2246 3598 eleemosynis,
2307 3508 2439 3599 vigi
2477 3508 2560 3577 iis
2616 3520 2681 3578 et
2719 3507 3142 3579 orationibus

619 3615 756 3663 non
809 3595 1040 3664 minus
1074 3595 1467 3683 spirituales
1518 3596 1880 3684 nequitias,
1920 3619 2126 3684 quam
2164 3597 2392 3667 carnis
2420 3596 2775 3666 illecebras
2798 3618 3143 3684 compres-

618 3683 730 3763 sit,
783 3683 999 3753 donec
1036 3683 1301 3754 dudum
1358 3707 1475 3775 per
1524 3686 1854 3775 Spiritum
1907 3692 2232 3757 Sanctum
2341 3686 2617 3766 lantata,
2673 3698 2858 3755 tanta
2920 3686 2987 3752 in
3029 3683 3144 3754 illo

617 3793 888 3841 morum
938 3772 1230 3843 adolevit
1280 3774 1620 3854 honestaS,
1665 3786 1738 3843 ut
1774 3775 1921 3864 jam
1956 3774 2126 3845 illud
2165 3797 2254 3843 un
2314 3775 2471 3860 ique
2528 3774 2902 3863 perfectum
2952 3786 3013 3842 et
3038 3794 3146 3841 or-

618 3873 856 3930 natum
910 3862 1022 3931 Dei
1074 3861 1407 3953 templum
1461 3864 1552 3932 nil
1591 3864 1770 3932 intra
1803 3885 1873 3932 se
1903 3864 2240 3932 caducum
2284 3862 2520 3933 haberi
2551 3863 2942 3934 sustineret.
2977 3862 3144 3933 Hinc

620 3946 1205 4031 deliberationem,
1260 3973 1467 4038 quam
1508 3951 1770 4022 Christo
1813 3953 2190 4041 inspirante
2237 3964 2675 4040 conceperat,
2729 3949 3141 4041 spiritalium

618 4037 922 4108 virorum
969 4039 1259 4110 consilio
1336 4040 1737 4121 roborabat,
1791 4053 1855 4109 et
1905 4052 2141 4110 contra
2206 4040 2380 4109 male
2429 4040 2846 4109 blandientis
2906 4038 3144 4109 mundi

620 4124 958 4198 lenocinia
989 4128 1353 4198 obfirmata
1385 4130 1601 4200 animi
1651 4130 2007 4212 sententia,
2048 4141 2194 4199 tum
2244 4129 2501 4199 divitiis
2539 4141 2604 4200 et
2654 4127 3138 4218 voluptatibuS‚

671 4252 697 4280 ¹·
729 4254 819 4295 Sed
838 4254 1013 4304 absque
1030 4256 1349 4298 fundamento.
