3347 4999
287 283 463 349 OCT.
519 283 559 346 8
1043 302 1119 345 DE
1169 301 1223 347 s.
1278 300 1507 347 oslrnA
1556 300 1725 374 vtae.
1783 297 1857 345 ET
1909 301 2099 346 MART.
2625 283 2752 346 245

379 394 415 466 ἓ
467 389 552 457 4.
597 383 893 454 Rediens
942 405 1097 452 vero
1148 390 1284 453 Rex
1336 394 1485 474 post
1534 383 1796 469 aliquot
1842 383 1990 452 dies
2030 406 2072 452 a
2119 382 2499 463 venatione,
2557 384 2642 453 ad
2681 384 2841 456 visi-

289 474 570 543 tandam
614 474 948 564 Reginam
987 472 1302 542 alacriter
1354 486 1695 562 properat,
1732 493 2158 558 cernensque
2197 493 2347 540 eam
2387 473 2630 542 habitu
2683 496 2840 543 san-

286 577 396 632 cto
447 561 810 642 indutam,
874 575 938 630 et
986 575 1136 630 voto
1199 561 1437 631 divino
1486 560 1886 650 obligatam,
1959 582 2267 630 moerore
2346 561 2667 630 afficitur.
2710 562 2837 632 Sed

286 665 516 720 tamen
557 652 796 721 nolens
828 673 1134 719 amorem
1188 653 1253 720 in
1306 651 1542 719 odium
1594 661 2021 719 commutare
2072 649 2258 717 illam
2317 652 2664 740 proposito
2718 674 2844 721 suo

284 741 606 810 insistere
654 742 968 819 sustinet,
1024 740 1179 810 licet
1220 740 1509 808 invitus:
1547 739 2098 825 constructisque
2149 737 2486 807 aedificiis
2527 739 2846 830 religioni

284 830 846 907 accommodatis,
902 829 1134 897 villam
1181 829 1629 898 Chichensem
1680 827 1739 895 ei
1777 827 1894 896 dat
1936 826 2450 916 possidendam.
2493 832 2664 896 Tum
2719 828 2837 897 illa

284 939 521 988 sacras
561 918 694 987 sibi
746 918 1049 1007 virgines
1073 918 1287 1005 adjun
1344 939 1487 996 ens,
1544 918 1719 985 vitae
1767 916 2167 985 austerioris
2225 915 2661 1006 pgopositum
2718 938 2841 1006 ag-

178 1017 183 1024 “
284 1007 621 1097 graditur,
664 1029 933 1076 morum
970 941 1365 1096 discipling,
1409 1006 1663 1075 silentii
1700 1005 1925 1095 rigore
1955 1018 2018 1074 et
2051 1008 2348 1074 censura
2381 1005 2841 1074 continentiae

285 1096 602 1185 singulas
654 1095 1001 1175 informat,
1055 1109 1120 1164 et
1166 1108 1313 1166 tum
1350 1096 1579 1174 verbo,
1622 1107 1766 1163 tum
1809 1094 2123 1184 exemplo
2175 1094 2257 1162 ad
2320 1115 2626 1163 amorem
2690 1116 2844 1163 coe-

286 1185 561 1253 lestium
613 1198 678 1252 et
728 1184 969 1253 mundi
1002 1197 1470 1274 contemptum
1526 1183 1994 1252 indesinenter
2041 1182 2376 1251 accendit.
2429 1188 2735 1270 Cumque
2770 1183 2840 1251 in

283 1274 405 1343 Dei
445 1273 785 1343 famulatu
835 1273 1268 1359 aliquamdiu
1319 1272 1744 1352 desudasset,
1801 1272 2092 1341 humani
2147 1272 2419 1362 generis
2477 1271 2831 1352 inimicu5‚

285 1376 350 1431 et
387 1362 716 1432 virtutum
754 1362 1263 1445 exterminator,
1311 1361 1653 1441 diabolus,
1712 1360 1948 1430 beatae
1994 1361 2147 1450 ejus
2196 1360 2697 1429 conversationi
2740 1361 2844 1428 in-

284 1451 481 1533 vidit,
521 1463 585 1519 et
622 1472 830 1537 quam
866 1450 951 1519 de
1015 1451 1126 1520 die
1175 1452 1242 1519 in
1295 1451 1478 1521 diem
1533 1449 1861 1539 proficere
1918 1450 2298 1540 conspexit,
2353 1472 2391 1517 a
2441 1449 2551 1518 via
2592 1450 2844 1518 sancti-

284 1540 446 1610 tatis
494 1555 794 1609 avertere
860 1539 1146 1609 studuit.
1216 1544 1454 1627 ltaque
1503 1538 1829 1608 satellites
1880 1561 2043 1608 suos
2092 1539 2174 1607 ad
2231 1549 2507 1609 sanctae
2554 1537 2844 1628 virginis

286 1630 709 1698 eversionem
757 1629 967 1708 misit,
1008 1651 1043 1696 e
1081 1633 1422 1697 Danorum
1474 1628 1734 1697 finibus
1805 1627 1987 1697 filios
2071 1626 2457 1706 erditionis‚
2514 1626 2843 1696 Christia-

286 1740 416 1787 nae
457 1718 617 1787 fidei
666 1729 730 1786 et
775 1718 1042 1807 pietatis
1074 1732 1405 1806 experteS.
1459 1718 1541 1785 ad
1601 1717 1994 1806 depopulan
2055 1738 2165 1785 am
2216 1715 2658 1785 orientalium
2711 1721 2841 1784 An-

288 1807 563 1896 glorum
626 1807 898 1896 plagam
957 1807 1285 1875 excitans
1333 1806 1499 1892 Ejus
1549 1806 1882 1874 barbarae
1932 1806 2154 1896 gentis
2202 1804 2632 1874 consuetudo
2683 1804 2836 1888 fuit,

341 1896 652 1964 iraticam
695 1916 1026 1974 exercere,
1073 1895 1619 1964 Christianorum
1661 1894 1994 1963 caedibus
2042 1894 2388 1976 delectari,
2428 1894 2692 1982 rapinis
2741 1895 2841 1962 in-

290 1919 506 2071 hiare,
549 1984 766 2051 otium
818 1985 1023 2052 inane
1071 1984 1346 2064 ducere,
1382 1984 1649 2070 quoties
1690 2006 1730 2052 a
1789 1983 2168 2054 sceleribus
2217 1996 2281 2051 et
2315 1983 2552 2073 impiis
2586 1981 2845 2052 facino-

290 2073 486 2141 ribus
525 2094 771 2142 manus
818 2073 1266 2142 continerent.

382 2164 417 2248 ἓ
465 2167 549 2231 ὅ.
632 2166 821 2228 Anno
880 2162 1092 2250 igitur
1140 2161 1410 2230 Domini
1465 2161 1959 2229 sexcentesimo
2006 2160 2789 2260 quinquagesimotertio
2823 2216 2838 2242 ‚

292 2271 528 2318 mense
560 2249 853 2335 Octobri,
905 2250 1265 2338 gentilium
1324 2262 1625 2329 caterva,
1690 2272 1726 2318 e
1784 2254 2128 2324 Danorum
2184 2249 2498 2337 partibus
2548 2249 2843 2318 navibus

293 2338 594 2415 advecta,
632 2337 818 2426 apud
871 2339 1247 2409 Orientales
1289 2343 1586 2408 Saxones
1620 2338 1703 2406 ad
1765 2338 1993 2407 villam
2040 2337 2486 2407 Chichensem
2530 2337 2837 2427 appulit;

294 2441 498 2515 atque
553 2428 643 2495 ibi
702 2449 739 2495 e
801 2428 1091 2496 navibus
1138 2428 1420 2519 egressi,
1467 2424 1731 2518 rapinis
1772 2441 1835 2495 et
1898 2427 2241 2497 incendiis
2299 2428 2367 2494 in
2421 2427 2842 2498 Christianos

294 2517 704 2587 saevierunt.
754 2515 875 2585 Ille
914 2539 1093 2596 vero,
1147 2518 1267 2603 qui
1310 2518 1487 2586 inter
1542 2517 1864 2587 scelestos
1916 2518 2069 2587 illos
2143 2518 2404 2606 primas
2462 2517 2837 2597 obtinebat,

289 2605 678 2675 conditione
720 2607 953 2674 beatae
988 2605 1263 2675 Osithae
1301 2619 1365 2673 et
1401 2605 1732 2705 religione
1771 2620 2144 2696 comperta,
2202 2606 2525 2697 precibus
2573 2619 2638 2675 et
2686 2628 2843 2673 mu-

291 2695 575 2767 neribus
610 2716 760 2763 eam
798 2694 1023 2784 coepit
1070 2694 1153 2763 ad
1215 2694 1670 2764 idololatriam
1736 2717 2139 2783 provocare,
2189 2694 2568 2785 subjiciens
2633 2694 2863 2762 etiam·

288 2784 516 2853 minas
567 2782 925 2852 verberum
970 2796 1035 2852 et
1071 2783 1461 2863 vulnerum,
1519 2784 1672 2877 nisi·
1703 2784 2016 2864 deorum,
2061 2806 2233 2871 quos
2294 2783 2582 2864 colebat,
2639 2803 2843 2852 vene-

286 2873 536 2941 rationi
587 2872 1025 2942 consentiret.
1065 2878 1142 2943 At
1189 2873 1392 2961 Virgo
1423 2886 1683 2953 sancta,
1728 2886 1792 2941 et
1843 2873 2214 2942 blanditias
2254 2886 2726 2951 contemnenS,
2780 2884 2844 2941 et

286 2962 639 3030 minarum
709 2961 1144 3050 asperitatem
1209 2961 1380 3030 nihil
1435 2960 1917 3042 reformidans,
1974 2961 2318 3051 supplicia
2372 2960 2844 3050 impendentia

284 3049 747 3139 parvipendit.
804 3051 1262 3132 Quamobrem
1321 3050 1642 3140 princeps
1699 3050 1815 3120 ille
1865 3072 2084 3136 neque
2141 3050 2291 3139 ejus
2352 3049 2836 3131 constantiam,

285 3161 510 3225 neque
543 3138 829 3207 deorum
887 3161 1172 3208 suorum
1229 3138 1554 3227 injuriam
1607 3138 1783 3207 ferre
1831 3140 2206 3218 sustinenS‚
2260 3137 2541 3229 capitali
2583 3138 2651 3207 in
2686 3159 2838 3207 eam

285 3228 420 3295 lata
458 3228 820 3307 sententia,
875 3242 1085 3317 caput
1134 3228 1536 3297 submittere
1583 3250 1733 3296 eam
1771 3228 2012 3317 coegit.
2055 3226 2251 3309 Quod
2303 3250 2462 3297 cum
2515 3240 2838 3318 amputa-

285 3329 433 3384 tum
486 3315 548 3383 ei
597 3329 796 3394 esset,
843 3338 998 3385 mox
1050 3337 1302 3406 corpus
1352 3338 1499 3386 sese
1548 3316 1869 3405 subrigit,
1925 3328 1990 3385 et
2049 3327 2260 3406 caput
2313 3316 2509 3384 humi
2569 3316 2835 3405 jacens,

283 3404 612 3474 manibus
647 3404 1127 3494 apprehendit,
1184 3418 1506 3492 rectoque
1612 3404 1782 3473 radu
1815 3419 1880 3473 et
1926 3405 2149 3474 firmis
2195 3405 2501 3494 vestigiis
2559 3426 2840 3495 progre-

281 3493 503 3573 diens,
549 3515 767 3580 usque
797 3493 882 3562 ad
925 3494 1286 3564 ecclesiam
1316 3501 1563 3583 Aposto
1595 3516 1793 3588 orum
1830 3494 2007 3563 Petri
2034 3509 2100 3563 et
2127 3494 2344 3575 Pauli,
2390 3516 2508 3583 per
2542 3495 2672 3562 tria
2699 3494 2838 3562 fere
2871 3554 2876 3557 .

290 3581 514 3651 stadia
548 3582 721 3651 illud
762 3583 1100 3673 deportat.
1154 3582 1244 3650 Ad
1298 3584 1550 3652 ostium
1585 3594 1812 3650 autern
1850 3583 2188 3661 ecclesiae.
2228 3584 2620 3654 obseratum
2675 3583 2840 3652 sub-

286 3671 561 3751 sistenS,
605 3671 932 3740 manibus
970 3672 1366 3750 cruentatiS,
1408 3684 1484 3740 ut
1511 3670 1644 3759 ipsi
1679 3672 2051 3762 aperiatur,
2089 3672 2339 3761 pulsat,
2377 3684 2442 3741 et
2474 3672 2840 3762 sanguinis

282 3758 430 3827 illic
480 3760 766 3849 vestigia
800 3759 1222 3848 relinquens,
1282 3760 1346 3827 in
1403 3772 1650 3829 terram
1704 3762 1983 3831 corruit.
2039 3766 2130 3831 Eo
2186 3775 2414 3830 autem
2479 3760 2650 3842 loco,
2716 3760 2839 3830 ubi

281 3848 642 3937 capitalem
683 3848 872 3936 virgo
921 3862 1158 3918 sancta
1191 3849 1406 3918 subiit
1444 3850 1878 3931 sententiam,
1930 3850 2081 3918 fons
2118 3850 2529 3941 perspicuus
2578 3849 2865 3940 erupit„

279 3938 490 4006 variis
541 3937 939 4006 morborum
978 3939 1357 4093 generibus
1400 3938 1740 4028 praebens
1790 3941 2180 4009 sanitatem.

368 4028 405 4112 ξ
461 4032 553 4097 6.
625 4030 830 4095 Porro
884 4048 974 4094 au
1029 4028 1120 4096 ito
1182 4027 1332 4115 ejus
1401 4028 1728 4116 martyrio
1763 4081 1781 4106 ,
1867 4039 2186 4117 parentes
2236 4027 2389 4115 ejus
2463 4028 2837 4117 praecipuo

285 4117 692 4184 aestuabant
724 4114 1089 4193 desiderio,
1144 4128 1221 4184 ut
1252 4115 1350 4185 vel
1385 4118 1681 4186 truncati
1723 4116 2033 4205 corporis
2065 4138 2271 4205 penes
2306 4116 2493 4206 ipsos
2525 4115 2838 4203 deposito

286 4202 572 4292 pignore
611 4202 972 4283 consolati,
1034 4202 1292 4274 doloris
1332 4206 1678 4293 jacturam
1732 4203 2169 4273 redimerent.
2225 4209 2531 4291 Cumque
2582 4227 2836 4294 corpus

284 4290 437 4376 ejus
471 4291 551 4359 ad
592 4293 747 4360 illos
788 4292 1072 4361 allatum
1110 4307 1309 4374 esset,
1360 4295 1426 4362 in
1470 4294 1756 4363 ecclesia
1789 4293 2187 4363 Ailesbiriae
2218 4294 2285 4362 in
2323 4294 2561 4365 locello
2604 4293 2835 4383 plum-

282 4378 408 4447 beo
476 4379 650 4450 illud
704 4381 1079 4452 honorifice
1129 4382 1578 4452 collocarunt.
1632 4384 2043 4472 Perpet‘ratis
2105 4404 2261 4453 vero
2316 4382 2553 4453 multis
2605 4395 2838 4472 postea
