3347 4999
222 340 402 409 OCT.
453 339 540 405 23
908 356 990 404 nn
1035 356 1093 405 s.
1146 355 1449 406 sancino
1496 356 1827 407 commas.
1878 358 2078 409 srtsc.
2542 343 2660 409 664

223 444 463 514 voluit.
516 441 643 524 Qui
695 451 996 531 ternpore
1028 442 1349 510 Arrianae
1387 441 1745 513 haereseos
1798 443 2003 513 lorica
2042 442 2200 513 fidei
2239 443 2629 514 Dominicae
2657 445 2761 514 in-

221 534 461 609 dutns,
518 532 584 599 in
640 531 749 599 Dei
798 552 1001 619 opere
1064 530 1458 619 spectabilis
1516 531 1667 609 luit,
1721 530 1890 601 adeo
1950 546 2028 602 ut
2070 533 2638 603 convenientibus
2667 533 2755 603 ad

218 619 556 713 synodale
592 619 961 688 concilium
994 639 1074 688 ex
1111 633 1242 688 tota
1329 640 1455 689 ene
1491 620 1735 692 Gallia.
1773 620 2210 708 aliarumque
2245 622 2753 710 provinciarum

221 710 587 801 partibus,
638 707 998 777 catholicis
1060 723 1125 777 et
1172 724 1269 777 ort
1330 706 1567 779 odoxis
1634 709 1792 778 fidei
1843 709 2265 780 Christianae
2312 709 2751 792 doctoribus,

220 799 602 888 Euphrata‚
658 811 1069 865 memoratae
1116 796 1530 886 Agrippinae
1578 797 1894 867 Coloniae
1928 819 2061 867 non
2099 812 2387 887 pastore,
2428 798 2542 870 sed
2583 819 2756 867 mer·

215 888 527 964 cenario,
585 907 707 974 pro
759 884 1175 975 praelibatae
1225 885 1432 974 pestis
1481 886 1765 975 perfidia
1815 887 2178 973 destituto,
2236 887 2417 956 idem
2470 888 2758 957 sanctis·

213 979 447 1048 simus
514 975 624 1045 Dei
686 973 990 1044 famulus
1057 975 1468 1052 severinus,
1523 988 1600 1045 ut
1665 976 1963 1046 infusam
2015 976 2344 1045 malitiam
2397 975 2757 1046 eliminare

212 1066 620 1142 debuisset,
672 1086 708 1132 a
775 1062 1047 1132 cunctis
1092 1063 1496 1151 aptissimus
1542 1063 2061 1138 acclamaretur.
2130 1062 2321 1147 Quod
2369 1065 2530 1151 quia
2582 1064 2762 1154 peri-

210 1153 489 1226 clitanti
545 1151 799 1241 populo
871 1153 1330 1221 necessarium
1381 1164 1565 1231 erat,
1625 1157 1756 1223 Deo
1810 1153 2142 1242 propitio,
2196 1155 2414 1222 sancti
2482 1151 2759 1223 concilii

209 1243 629 1314 auctoritate
676 1241 1021 1310 firmatum
1093 1253 1216 1309 est.
1293 1245 1671 1327 Actumque
1732 1254 1834 1311 est
1882 1242 2052 1311 mira
2104 1243 2595 1331 omnipotentis
2648 1239 2760 1310 Dei

209 1331 759 1421 dispensatione,
813 1342 888 1398 ut
938 1350 1070 1398 non
1123 1329 1533 1416 Euphratae,
1578 1329 2105 1400 scelestissimae
2148 1331 2608 1419 perversitatis
2646 1329 2759 1399 do·

213 1423 418 1500 ctori‚
472 1419 837 1489 Severinus
883 1418 1136 1486 aeterni
1178 1418 1440 1506 judicis
1500 1440 1744 1506 praeco
1789 1419 2226 1498 succederet:
2280 1419 2395 1487 sed
2452 1418 2758 1509 pestil’eri

215 1508 511 1580 seminis
558 1523 835 1577 auctore
871 1506 1153 1595 expulso
1198 1522 1263 1576 et
1307 1508 1778 1585 exterminato,
1833 1508 2115 1576 Materni
2166 1507 2520 1577 fortissimi
2569 1507 2759 1578 Chri-

216 1599 487 1668 stianae
540 1595 693 1665 lidei
751 1595 1325 1684 propugnatoris,
1376 1608 1442 1664 et
1491 1596 2002 1684 vigilantissimi
2054 1596 2528 1685 propagatoris
2562 1649 2578 1676 ‚
2633 1616 2758 1668 nec

218 1687 381 1757 fidei
449 1706 573 1753 nec
632 1683 985 1753 doctrinae
1050 1684 1462 1771 perfectione
1521 1684 1930 1766 dissimilis,
1984 1706 2344 1755 successor
2389 1685 2750 1756 existeret:

211 1788 565 1862 qnatenus
619 1772 1141 1862 perspicacibus
1181 1772 1615 1842 discretionis
1670 1774 2071 1852 obtutibus,
2133 1773 2315 1861 quod
2371 1773 2550 1842 male
2600 1772 2756 1862 pul-

214 1863 559 1934 lulaverat
607 1860 1007 1938 resecando,
1060 1861 1440 1930 decessoris
1487 1863 1595 1931 sui
1647 1862 2070 1931 monimenta
2124 1862 2642 1950 redintegraret,
2693 1874 2762 1931 et

214 1950 620 2037 impostoris
670 1947 1050 2027 mendacia,
1105 1948 1239 2018 lide
1288 1948 1640 2019 veriss·ma
1693 1951 2155 2030 reviviscente,
2210 1950 2588 2039 repelleret.

305 2045 344 2127 §
392 2045 484 2110 8.
538 2038 734 2122 Quali
786 2053 1012 2107 autem
1067 2038 1424 2126 vigilantia
1473 2038 1604 2106 sibi
1652 2052 1720 2108 et
1764 2038 2121 2109 doctrinae
2169 2060 2334 2109 suae
2372 2093 2388 2119 ,
2446 2051 2595 2127 post
2641 2060 2758 2107 su·

212 2141 532 2228 sceptum
588 2127 1071 2216 Episcopatum
1123 2127 1548 2207 attendisset,
1594 2126 1692 2196 vel
1744 2127 2040 2214 qualiter
2090 2127 2156 2196 in
2206 2127 2522 2198 custodia
2559 2126 2762 2198 ovilis

210 2220 350 2287 sibi
403 2215 643 2284 crediti
694 2215 1120 2293 desudasset,
1173 2237 1421 2285 corona
1463 2215 1797 2303 justitiae,
1849 2238 2057 2302 quam
2107 2238 2265 2286 eum
2312 2217 2453 2304 jam
2507 2216 2576 2285 in
2626 2222 2758 2285 An·-

210 2305 530 2397 gelorum
572 2304 919 2374 consortio
948 2305 1336 2391 suscepisse
1372 2303 1523 2373 luce
1554 2304 1815 2375 clarius
1842 2318 1966 2385 est,
2004 2303 2562 2376 manifestissime
2595 2326 2764 2394 pan-

209 2396 339 2463 dit.
381 2393 572 2475 Quod
628 2394 684 2460 si
732 2394 890 2479 quis
937 2415 974 2461 a
1029 2394 1226 2462 nobis
1277 2392 1769 2463 miraculorum
1821 2395 1977 2481 ejus
2023 2395 2305 2464 virtutes
2329 2394 2560 2485 exigit,
2591 2394 2764 2463 sciat

209 2497 382 2554 tunc
437 2479 972 2583 temporis-plus
1029 2481 1243 2553 fuisse
1292 2483 1747 2583 necessariam
1801 2505 2200 2554 sermonum
2256 2483 2761 2572 interpretatio-

210 2594 425 2651 nem,
479 2593 689 2659 quam
742 2585 1068 2640 virtutum
1121 2585 1634 2660 operationem:
1689 2573 1854 2659 quia
1915 2586 2152 2643 contra
2200 2594 2317 2642 eos
2363 2573 2583 2641 extitit
2629 2594 2762 2661 pu-

209 2684 377 2753 gna,
432 2661 549 2747 qui
607 2682 739 2728 non
796 2663 1137 2748 negabant
1192 2660 1302 2730 Dei
1355 2674 1752 2748 potestatem
1809 2662 1874 2731 in
1930 2660 2310 2742 miraculis,
2356 2662 2471 2731 sed
2509 2682 2763 2745 aequa-

210 2752 476 2820 litatem
528 2762 806 2818 sanctae
852 2761 920 2817 et
978 2748 1462 2837 inseparabilis
1519 2751 1869 2820 Trinitatis
1927 2749 1995 2819 in
2067 2751 2406 2839 personis.
2477 2750 2764 2818 Arriana

208 2861 379 2931 ergo
431 2853 594 2907 tunc
641 2838 987 2908 eontentio
1033 2839 1515 2928 grassabatur:
1550 2860 1687 2925 qua
1720 2860 1840 2908 eeo
1870 2838 2241 2919 crudelior,
2279 2860 2417 2925 quo
2452 2838 2756 2917 interior,

209 2930 305 2998 ita
361 2928 572 2997 totius
623 2948 795 3015 pene
849 2927 1186 2996 Ecclesiae
1235 2928 1494 2997 viscera
1544 2928 1960 3017 serpentinis
2013 2927 2285 3015 irrepsit
2334 2926 2631 3005 insidiis,
2684 2938 2762 2995 ut

207 3019 321 3086 vix
372 3029 553 3085 esset
597 3014 972 3086 credibile.
1023 3015 1362 3085 mnndum
1439 3037 1748 3101 unquam
1824 3028 2051 3084 tantae
2119 3015 2332 3104 pestis
2408 3013 2755 3085 illecebris

258 3128 419 3174 osse.
469 3127 736 3186 carere3
787 3118 854 3173 et
904 3105 1036 3175 nisi
1084 3106 1417 3174 suadente
1471 3106 1780 3184 Domino,
1834 3104 2260 3174 Christianae
2321 3101 2609 3173 militiae
2658 3123 2761 3171 ro·

263 3193 605 3263 ustissimi
658 3193 1040 3267 bellatores,
1092 3215 1391 3279 quornm
1445 3193 1811 3262 Severinus
1861 3214 1994 3260 non
2033 3191 2350 3271 ultimuS,
2399 3191 2652 3261 labenti
2686 3191 2757 3261 in

210 3284 424 3352 tantis
471 3281 958 3351 scandalorum
1012 3282 1410 3351 turbinibus
1440 3335 1456 3361 ,
1510 3298 1786 3350 sanctae
1835 3280 2173 3352 Ecclesiae
2221 3293 2750 3360 succurrerent,

211 3372 455 3462 pejora
519 3369 864 3458 prioribus
924 3383 1227 3459 tempora
1294 3369 1751 3458 proculdubio
1813 3372 2019 3449 citius
2083 3368 2509 3440 advenirent.
2564 3368 2763 3441 Tales

208 3460 467 3529 etenim
521 3471 687 3527 tunc
732 3479 882 3527 eam
934 3459 1205 3527 caninis
1249 3459 1595 3528 morsibus
1655 3458 2074 3538 lacerabant,
2127 3458 2369 3544 quales
2430 3458 2585 3544 ipsa
2650 3480 2758 3527 ve-

209 3551 381 3618 ritas
431 3546 773 3615 cavendos
821 3567 970 3615 esse
1022 3547 1529 3633 praemonebat,
1573 3546 1857 3617 dicens:
1905 3549 2243 3618 Attendite
2289 3571 2334 3616 a
2362 3549 2564 3636 salsis
2601 3569 2760 3637 pro·

206 3638 457 3729 plactis.
505 3636 630 3725 qui
658 3637 930 3704 veniunt
977 3637 1069 3704 ad
1112 3659 1227 3704 vos
1259 3637 1330 3704 in
1358 3638 1769 3706 vestimentis
1802 3640 2051 3716 ovium,
2098 3638 2499 3707 intrinsecus
2531 3647 2759 3705 autem

206 3736 366 3796 sunt
418 3725 573 3815 lupi
614 3746 939 3814 rapaces:
978 3747 1024 3792 a
1069 3725 1399 3813 fructibus
1445 3746 1673 3794 eorum
1721 3727 2122 3816 coquoscetis
2159 3747 2266 3795 eos
2309 3724 2578 3813 (Mutela.
2611 3723 2752 3811 vn).

213 3814 656 3899 Faciliusque
724 3812 1010 3881 sortasse
1077 3813 1291 3893 foret,
1345 3827 1465 3883 aut
1504 3828 1755 3903 ‚aperte
1820 3828 2056 3885 contra
2106 3814 2452 3883 veritatem
2505 3812 2758 3882 dehac-

209 3904 503 3973 chantes
548 3923 668 3990 per
715 3901 1044 3971 rationem
1098 3903 1391 3981 vincere,
1444 3917 1563 3972 aut
1614 3924 1737 3991 pro
1783 3903 2019 3972 eadem
2067 3902 2346 3972 veritate
2387 3922 2642 3989 corpus
2685 3900 2755 3969 in

216 4007 505 4061 mortem
558 3990 870 4071 tradere,
921 4012 1128 4077 qnam
1181 3990 1591 4061 simulantes
1629 3992 1971 4080 justitiam
2024 3991 2255 4082 gladio
2320 3988 2757 4061 rectitudinis

214 4099 637 4167 expugnare,
690 4093 756 4148 et
804 4079 1113 4149 inlusum
1163 4079 1377 4158 virus,
1430 4080 1609 4167 qnod
1656 4081 1803 4168 jam
1846 4102 1965 4169 per
1999 4080 2306 4149 membra
2340 4079 2610 4168 serpsit,
2652 4078 2758 4146 in·

217 4170 430 4237 terius
481 4167 1016 4238 medicinalibus
1064 4173 1466 4238 Sanctarum
1502 4170 2013 4258 Scripturarutn
2069 4169 2335 4259 poculis
2386 4167 2746 4242 resolvere,

215 4267 282 4322 et
327 4256 409 4324 ad
450 4259 790 4350 integrum
827 4258 1193 4327 exsiccare.
1233 4262 1380 4340 Quo
1412 4258 1682 4328 virtutis
1712 4258 1943 4328 studio
1974 4258 2504 4348 sagacissimum
2539 4256 2758 4327 athle-

219 4356 353 4411 tam
408 4348 653 4417 Christi
697 4347 1094 4416 Severinum
1147 4346 1533 4416 decertasse
1577 4347 2057 4436 cognovimus.
2089 4348 2303 4418 Cu‘us
2335 4343 2755 4415 solemnitati

216 4448 475 4518 quanto
522 4435 834 4507 devotius
882 4436 1295 4512 insistimus,
1333 4450 1515 4534 tanto
1549 4457 1675 4506 nos
1706 4458 1892 4518 eum,
1929 4456 2135 4523 quem
2216 4435 2425 4517 ilexit,
2458 4448 2523 4503 et
2554 4434 2760 4522 cujus
