3347 4999
183 287 360 353 OCT.
417 288 455 351 4
544 335 547 340 .
1058 304 1135 350 nt
1183 299 1239 348 s.
1294 301 1635 350 rancisco
1685 301 1869 350 conr.
2519 288 2630 352 ⁴5⁴

237 402 387 458 estu
419 387 724 488 corporis
755 387 1102 473 quoddam
1139 387 1595 476 praetendens
1627 387 1988 476 gaudium,
2026 387 2340 457 avolavit.
2378 392 2454 457 In
2490 389 2727 459 eodem

218 501 349 548 acu
397 475 711 547 similiter
743 475 1017 546 oblatus
1047 475 1273 546 fuitei
1310 476 1516 565 piscis
1565 497 1862 566 magnus
1896 487 1973 544 .et
2022 476 2237 553 vivus,
2291 497 2492 563 quem
2543 499 2731 548 more
2787 498 2798 510 ·

191 565 391 636 solito
439 564 737 635 fraterno
802 564 1079 633 nomine
1128 586 1380 635 vocans
1430 564 1499 632 in
1550 586 1802 651 aquam
1868 564 2174 653 reposuit
2209 565 2406 663 juxta
2457 587 2725 635 navem.

190 655 404 725 Piscis
453 675 609 723 vero
655 675 885 723 coram
920 654 1076 722 Viro
1114 652 1223 722 Dei
1259 652 1540 722 ludebat
1585 654 1653 721 in
1691 674 1894 740 aqua,
1941 664 2005 721 et
2037 673 2237 739 quasi
2277 674 2507 723 amore
2540 654 2730 725 illius

187 743 477 813 allectus
511 799 526 824 ,
600 742 996 813 nullatenus
1044 741 1325 811 recessit
1371 764 1412 810 a
1461 742 1641 822 navi,
1713 741 1847 810 nisi
1896 741 2089 831 prius
2136 741 2223 810 ab
2271 740 2508 811 eodem
2567 765 2729 812 cum

188 832 667 902 benedictione
714 830 989 900 licentia
1038 830 1170 901 sibi
1218 829 1402 900 data.
1453 830 1600 900 Alio
1644 851 1919 918 quoque
1986 843 2288 920 tempore
2359 829 2729 901 ambulans

188 943 349 991 cum
397 920 699 1008 quodam
749 918 957 988 fratre
1008 941 1126 1008 per
1175 918 1463 1009 paludes
1512 920 1995 998 venetiarum,
2052 918 2310 988 invenit
2356 919 2725 990 maximam

195 1009 427 1079 avium
507 1008 1023 1079 multitudinem
1106 1007 1551 1078 residentium
1624 1020 1690 1076 et
1753 1007 2178 1076 cantantium
2243 1008 2311 1075 in
2384 1006 2723 1097 virgultis.

188 1098 457 1181 Quibus
508 1099 694 1176 visis,
751 1097 923 1167 dixit
950 1096 1035 1166 ad
1073 1098 1337 1167 socium
1373 1120 1386 1164 :
1441 1120 1477 1162 (ι
1514 1100 1793 1166 Sorores
1823 1118 1981 1166 aves
2017 1095 2300 1165 laudant
2348 1100 2725 1167 Creatorem

189 1209 446 1256 suum:
502 1208 627 1256 nos
659 1187 911 1273 itaque,
966 1186 1034 1253 in
1087 1185 1390 1255 medium
1443 1186 1756 1274 ipsarum
1795 1199 2060 1264 eunteS,
2115 1183 2353 1256 laudes
2401 1197 2465 1254 et
2511 1188 2728 1256 Horas

186 1277 558 1346 canonicas
608 1275 893 1344 Domino
944 1275 1412 1344 decantemus
1452 1297 1487 1340 »
1560 1278 1864 1361 Cumque
1911 1274 1979 1341 in
2049 1273 2350 1343 medium
2417 1273 2723 1363 ipsarum

191 1364 611 1445 intrassent,
668 1385 800 1434 non
856 1377 1018 1434 sunt
1064 1385 1222 1434 aves
1272 1374 1492 1431 motae
1539 1362 1622 1431 de
1675 1361 1845 1432 loco.
1914 1367 1988 1430 Et
2035 1363 2198 1449 quia
2250 1375 2524 1453 propter
2571 1385 2727 1452 gar-

188 1453 395 1522 ritum
449 1453 760 1543 ipsarum
811 1453 880 1521 in
930 1452 1246 1521 dicendis
1296 1452 1496 1520 Horis
1544 1473 1615 1520 se
1665 1464 1904 1520 mutuo
1938 1450 2178 1520 audire
2214 1472 2349 1520 non
2390 1462 2722 1541 poterant,

182 1562 562 1611 conversus
611 1542 725 1609 Vir
772 1553 1100 1622 sanctus,
1154 1541 1327 1609 dixit
1386 1540 1469 1608 ad
1520 1562 1724 1609 aves:
1779 1563 1814 1606 «
1861 1544 2137 1609 Sorores
2183 1561 2381 1620 aveS,
2434 1562 2471 1608 a
2520 1553 2728 1609 cantu

178 1644 468 1711 cessate,
512 1631 730 1699 donec
763 1628 1003 1699 laudes
1033 1634 1164 1699 Deo
1197 1628 1461 1699 debitas
1494 1628 1990 1719 persolvamus,
2017 1652 2052 1694 »
2088 1635 2164 1698 At
2204 1627 2360 1698 illae
2398 1627 2726 1698 continuo

188 1731 577 1799 tacuerunt,
633 1717 898 1787 tamdiu
947 1719 1014 1786 in
1067 1717 1338 1787 silentio
1387 1719 1849 1807 persistenteS,
1888 1718 2248 1805 quamdiu,
2293 1717 2496 1788 dictis
2528 1717 2729 1788 Horis

183 1808 505 1896 spatiose,
559 1820 626 1876 et
664 1805 989 1876 laudibus
1039 1806 1430 1896 persolutiS,
1484 1828 1520 1875 a
1573 1810 1818 1875 Sancto
1861 1807 1969 1875 Dei
2005 1806 2329 1876 cantandi
2379 1806 2725 1876 licentiam

190 1909 619 1986 receperunt.
666 1898 876 1965 Dante
922 1908 1148 1964 autem
1199 1895 1299 1964 eis
1347 1895 1502 1964 Viro
1552 1896 1664 1964 Dei
1717 1895 2088 1976 licentiam,
2135 1896 2362 1966 statim
2400 1915 2586 1965 more
2620 1918 2722 1963 so-

189 1983 309 2053 lito
347 1997 628 2052 cantum
678 2005 879 2053 suum
935 1996 1481 2075 resumpserunt.

277 2075 313 2158 ξ
353 2075 498 2143 58.
558 2077 809 2141 Moram
846 2093 924 2142 eo
973 2070 1262 2142 faciente
1293 2087 1596 2163 tempore
1649 2072 1948 2159 quodam
1984 2073 2052 2155 in
2104 2074 2491 2144 eremitorio
2526 2080 2722 2146 Grae·

187 2160 302 2240 cii,
358 2160 488 2230 loci
540 2160 728 2230 illius
776 2160 1143 2252 indigenae
1205 2160 1408 2230 malis
1480 2160 1986 2251 multiplicibus
2058 2162 2497 2233 vexabantur.
2552 2168 2718 2234 Nam

185 2263 252 2319 et
303 2248 622 2338 luporum
677 2250 1033 2338 rapacium
1086 2248 1478 2331 multitud0,
1520 2272 1654 2319 non
1699 2250 1920 2319 solum
1958 2249 2183 2328 bruta,
2230 2249 2347 2320 sed
2397 2265 2462 2321 et
2502 2252 2725 2322 homi-

189 2359 312 2406 nes
368 2337 861 2419 consumebat,
916 2350 981 2407 et
1028 2337 1294 2428 grando
1367 2341 1603 2408 annua
1651 2350 2049 2428 tempestate
2118 2339 2325 2409 blada
2371 2352 2436 2408 et
2492 2342 2723 2412 vineas

184 2426 605 2496 devastabat.
661 2432 833 2496 Dum
884 2427 1097 2518 igitur
1149 2427 1248 2495 sic
1294 2426 1563 2497 afflictis
1605 2449 1850 2518 praeco
1903 2427 2082 2497 sacri
2122 2428 2472 2520 Evangelii
2525 2452 2722 2522 prae-

188 2516 472 2596 dicaret,
524 2516 696 2587 dixit
733 2516 816 2586 ad
867 2537 1021 2586 eos:
1074 2539 1109 2581 tt
1143 2515 1236 2585 Ad
1287 2517 1615 2586 honorem
1656 2532 1722 2586 et
1755 2516 2028 2587 laudem
2068 2517 2177 2587 Dei
2230 2518 2723 2609 omnipotentis

184 2603 526 2689 fidejubeo
574 2604 789 2684 vobis,
844 2604 1024 2691 quod
1079 2605 1465 2695 pestilentia
1506 2605 1694 2683 haec,
1721 2606 1950 2676 omnis
1998 2606 2341 2683 abscedet,
2383 2621 2449 2677 et
2506 2609 2721 2698 respi-

184 2693 375 2761 ciens
426 2715 540 2762 vos
590 2695 921 2763 Dominus
973 2692 1461 2783 multiplicabit
1508 2695 1576 2764 in
1630 2694 2126 2785 temporalibus
2173 2695 2393 2771 bonis,
2439 2695 2498 2764 si
2550 2696 2723 2764 mihi

182 2781 560 2862 credentes,
608 2782 1074 2852 misereamini
1112 2784 1336 2869 vestri,
1392 2797 1489 2864 ut,
1552 2798 1768 2854 vestra
1817 2782 2245 2853 confessione
2295 2784 2716 2873 praemissa,

180 2869 434 2960 dignos
478 2869 746 2940 faciatis
795 2870 1250 2961 poenitentiae
1297 2871 1586 2942 fructus.
1641 2879 1896 2942 Iterum
1948 2871 2076 2940 hoc
2123 2872 2476 2941 annuncio
2500 2871 2716 2953 vobiS,

182 2959 392 3044 quod,
446 2962 530 3040 si,
590 2959 940 3029 beneficiis
990 2959 1264 3049 ingrati,
1322 2960 1405 3029 ad
1460 2963 1789 3035 vomitum
1827 2960 2135 3028 conversi
2175 2958 2467 3040 fueritiS,
2524 2960 2722 3029 inno-

182 3048 454 3117 vabitur
497 3047 721 3139 plaga,
775 3047 1248 3139 duplicabitur
1275 3070 1516 3139 poena,
1551 3063 1616 3118 et
1649 3048 1889 3137 majori
1925 3048 1996 3115 in
2025 3069 2142 3116 vos
2174 3048 2280 3116 ira
2308 3047 2714 3118 desaeviet.»

179 3138 278 3205 Ab
329 3135 442 3204 illa
495 3137 734 3223 utique
766 3137 960 3218 hora,
1005 3138 1490 3226 poenitentiam
1540 3138 1626 3207 ad
1658 3136 2192 3207 exhortationem
2243 3138 2464 3227 ipsius
2511 3159 2721 3228 agen-

180 3223 370 3294 tibus
418 3223 580 3305 illis,
632 3238 1073 3295 cessaverunt
1145 3225 1401 3307 cladeS‚
1459 3227 1722 3316 periere
1787 3224 2124 3314 pericula;
2182 3246 2303 3294 nec
2372 3226 2720 3297 molestiae

179 3313 554 3400 quicquam
595 3312 741 3404 lupi
789 3314 1106 3396 intulere,
1163 3314 1262 3384 vel
1303 3314 1704 3405 grandines.
1744 3319 1964 3382 Immo
2004 3314 2185 3401 quod
2222 3314 2445 3403 majus
2491 3328 2615 3396 est,
2661 3316 2721 3386 si

175 3400 460 3488 quando
508 3402 892 3473 vicinorum
941 3424 1101 3472 arva
1149 3404 1414 3494 grando
1466 3403 1882 3493 pervaderet,
1919 3403 2208 3472 istorum
2252 3403 2568 3473 terminis
2599 3426 2720 3494 ap-

178 3490 686 3580 propinquanS,
742 3491 1242 3561 terminabatur
1279 3491 1562 3571 ibidem,
1616 3502 1736 3560 aut
1794 3490 1863 3559 in
1930 3504 2189 3579 partem
2237 3491 2444 3562 aliam
2496 3492 2718 3562 diver-

176 3579 385 3648 tebat.
433 3580 728 3649 Cessavit
766 3580 1054 3670 grand0,
1100 3595 1539 3650 servaverunt
1584 3593 1648 3649 et
1697 3579 1844 3669 lupi
1904 3580 2285 3669 pactionem
2341 3581 2528 3650 Servi
2568 3580 2711 3658 Dei,

176 3688 304 3736 nec
352 3680 589 3737 contra
642 3667 913 3756 pietatis
959 3672 1018 3738 le
1108 3669 1267 3737 min
1319 3668 1638 3738 homines
1686 3668 1772 3737 ad
1825 3667 2140 3758 pietatem
2202 3690 2569 3740 conversos
2616 3683 2720 3739 at-

174 3768 611 3825 tentaverunt
641 3756 946 3846 amplius
1034 3757 1361 3838 esaevire,
1414 3756 1754 3844 quamdiu
1791 3756 1988 3857 juxta
2020 3756 2442 3839 condictum,
2480 3769 2720 3828 contra

179 3843 535 3934 piissimas
582 3845 698 3913 Dei
744 3844 930 3935 leges
962 3845 1173 3936 impie
1204 3866 1339 3915 non
1388 3848 1701 3936 egerunt.
1735 3850 1848 3915 Ple
1895 3846 1917 3914 i
1970 3846 2109 3916 itur
2155 3846 2590 3915 sentiendum
2619 3859 2721 3916 est

178 3932 264 4003 de
360 3933 562 4002 ietate
593 3932 731 4002 Viri
781 3933 984 4015 beati,
1038 3955 1216 4020 quae
1264 3946 1402 4003 tam
1447 3935 1659 4004 mirae
1706 3933 1907 4003 dulce
1963 3934 2097 4004 inis
2143 3945 2208 4004 et
2257 3934 2527 4004 virtutis
2560 3933 2714 4014 fuit,

177 4035 252 4090 ut
350 4034 612 4091 omaret
656 4021 933 4103 ferocia,
985 4021 1465 4093 domesticaret
1512 4022 1876 4103 silvestria,
1915 4035 2275 4093 mansueta
2308 4024 2619 4105 doceret,
2657 4034 2723 4092 et

181 4109 539 4180 brutorum
594 4122 939 4191 naturam,
986 4110 1247 4180 homini
1288 4112 1434 4202 jam
1474 4111 1667 4202 lapso
1720 4109 2069 4191 rebellem,
2115 4110 2201 4179 ad
2243 4111 2352 4180 sui
2399 4110 2722 4182 obedien-

185 4198 343 4267 tiam
397 4199 783 4269 inclinaret.
828 4204 992 4267 Vere
1040 4198 1209 4269 haec
1246 4214 1371 4282 est,
1423 4222 1598 4288 quae
1645 4211 1930 4270 cunctas
1981 4200 2112 4269 sibi
2162 4211 2513 4271 creaturas
2561 4222 2723 4271 con·

184 4284 518 4369 federans,
575 4287 750 4357 valet
796 4287 882 4357 ad
925 4288 1183 4368 omnia,
1226 4290 1754 4376 promissionem
1800 4287 2063 4358 habens
2086 4288 2282 4370 vitae,
2326 4309 2503 4375 quae
2531 4310 2721 4360 nunc

184 4387 302 4452 est,
339 4389 404 4445 et
434 4374 704 4447 suturae
742 4378 829 4467 (I.
859 4378 1021 4446 Tim.
1064 4398 1150 4457 1v,
1205 4376 1297 4465 8).
