3347 4999
758 313 887 378 722
1379 329 1458 376 mr
1504 329 1595 377 ss.
1639 328 1996 377 nomi-uuo
2042 329 2118 377 ετ
2164 325 2302 377 soc.
2353 330 2470 377 mi.
2869 312 3022 380 OCT.
3063 316 3137 382 26

667 414 1047 487 devotionis
1080 412 1328 483 affectu
1357 414 1704 483 confluere
1733 414 1956 503 coepit
1988 413 2070 483 ad
2107 435 2351 484 senum
2392 414 2838 497 domicilium,
2876 417 3034 502 quod
3067 439 3132 487 ex

664 526 744 574 ea
789 504 1170 592 frequentia
1222 502 1287 571 in
1337 503 1712 573 oratorium
1746 524 2012 573 versum
2067 503 2445 584 videbatur,
2489 503 2635 594 ipsa
2682 525 2940 592 quoque
2966 506 3135 597 Regis

664 593 820 665 aula
865 593 964 662 vel
1019 591 1269 681 palatio
1328 590 1750 662 honoratius.
1808 597 2009 662 Porro
2063 604 2289 661 autem
2341 593 2839 663 communicato
2894 593 3047 662 inter
3076 617 3135 665 se

663 681 976 760 consilio,
1016 681 1250 752 Clerus
1286 691 1352 749 et
1381 679 1678 771 populus
1704 702 1895 750 sacra
1923 702 2213 771 corpora
2242 680 2402 750 inde
2450 680 2812 751 transferre
2843 694 3128 752 statuunt.

665 776 906 862 Hagno
956 770 1167 861 igitur
1213 790 1300 859 po
1356 769 1452 838 uli
1500 781 1697 839 coetu
1745 768 2051 850 collecto,
2107 770 2482 840 honorifice
2542 768 2782 841 feretro
2834 769 3127 860 imposita,

663 882 821 931 cum
877 858 1137 949 ingenti
1171 791 1583 928 exultatione
1625 857 2017 948 psallenteS,
2054 858 2141 928 ad
2192 858 2507 947 sepulcra
2562 857 2947 928 ‘amdudum
2981 881 3135 948 prae·

665 961 899 1038 parata
939 947 1210 1038 navigio
1262 945 1669 1037 perducunt.
1732 951 1809 1017 Ut
1840 962 2066 1017 autem
2099 946 2377 1017 devotae
2427 946 2537 1037 ple
2590 948 2648 1016 is
2686 946 3045 1016 firmaretur
3067 946 3131 1016 fi·

659 1038 805 1117 deS,
861 1049 926 1106 et
971 1048 1337 1127 augeretur
1379 1034 1729 1117 exultatio,
1781 1036 1900 1105 ubi
1952 1035 2112 1105 litus
2168 1036 2390 1126 attigit
2451 1037 2679 1118 navis,
2730 1057 2898 1124 quae
2940 1049 3128 1104 sancta

659 1124 916 1196 ferebat
961 1146 1273 1215 corpora,
1310 1124 1582 1194 oblatus
1619 1137 1722 1194 est
1769 1146 1941 1212 puer
1984 1145 2253 1205 caecuS,
2289 1124 2569 1206 surdus,
2615 1138 2843 1194 mutus
2886 1135 2946 1194 et
2977 1123 3129 1193 clau-

658 1214 836 1285 dus:
872 1214 990 1303 qui
1029 1235 1188 1284 cum
1246 1226 1462 1284 tactus
1499 1226 1677 1283 esset
1725 1211 2016 1282 fideliter
2061 1212 2402 1302 opertorio
2449 1212 2713 1295 feretri,
2771 1213 2943 1284 illico
2989 1226 3129 1281 totus

658 1316 942 1373 sanatus
987 1316 1111 1383 est,
1154 1303 1577 1391 junctusque
1623 1301 1912 1392 collegio
1951 1300 2285 1384 fidelium,
2322 1301 2648 1372 laudabat
2684 1307 2910 1384 Deum,
2958 1322 3127 1371 sanus

657 1392 1053 1482 ingrediens
1088 1391 1378 1481 pedibus
1408 1390 1576 1462 suis.
1638 1391 1890 1460 Deinde
1937 1388 2212 1460 condita
2258 1405 2422 1461 sunt
2474 1397 2843 1480 Martyrum
2888 1411 3120 1478 corpora

653 1480 725 1549 in
776 1481 1048 1551 duobus
1085 1478 1410 1549 tumulis:
1454 1502 1590 1567 quo
1639 1479 1706 1548 in
1761 1479 1909 1550 loco
1949 1492 2178 1569 postea
2212 1479 2576 1549 Christiani
2629 1501 2937 1569 magnam
2982 1477 3123 1547 aedi—

653 1569 951 1640 ficarunt
997 1568 1355 1638 ecclesiam
1390 1592 1403 1636 :
1443 1569 1509 1638 in
1595 1590 1682 1639 ua
1732 1567 2037 1639 Christus
2087 1568 2451 1649 Dominus,
2490 1580 2555 1637 et
2602 1573 2778 1639 Deus
2810 1568 2916 1637 Dei
2961 1566 3130 1635 Filius

652 1679 932 1729 suorum
969 1663 1340 1747 Martyrum
1385 1659 1565 1746 preci
1625 1680 1705 1727 us
1738 1670 1887 1726 vota
1955 1657 2244 1746 suscipit
2292 1679 2370 1726 su
2433 1657 2715 1747 plicum‚
2756 1657 3126 1741 salutemque

656 1746 948 1837 largitur
979 1746 1312 1815 infirmis:
1352 1746 1470 1815 Cui
1500 1760 1601 1817 est
1632 1746 1871 1828 bonor,
1912 1745 2303 1835 imperium,
2338 1767 2384 1835 g
2411 1745 2555 1814 oria
2590 1745 2979 1827 indeficiens
3000 1764 3124 1813 cum

653 1858 927 1906 summo
959 1840 1149 1905 Patre
1182 1857 1261 1904 ac
1312 1838 1555 1905 Sancto
1590 1834 1847 1924 Spiritu
1883 1835 1947 1902 in
2001 1832 2230 1905 secula
2269 1833 2689 1915 seculorum,
2723 1841 2962 1936 ‘Amen

989 2149 1110 2247 DE
1177 2147 1311 2248 SS.
1375 2145 1952 2248 ROGATIANO
2023 2146 2144 2246 ET
2211 2144 2840 2247 FELlClSSlMO

1435 2368 1811 2446 ALIISQUE
1864 2368 2382 2433 MARTYRIBUS

904 2578 1198 2628 :Plsrou
1247 2580 1425 2627 Lxxxt
1491 2581 1670 2627 nnn
1731 2580 2022 2629 memmi
2086 2581 2367 2630 sst’lscort
2421 2583 2497 2629 El·
2550 2583 2899 2649 mmmmm

1278 2687 1608 2735 SECUNDO!
1654 2684 1858 2747 ALIOS,
1914 2689 2034 2735 Lm.
2086 2688 2172 2747 IV,
2226 2690 2422 2736 nplsr.
2477 2692 2522 2737 1.

1165 2881 1406 2937 seculo
1447 2879 1557 2935 111
1596 2880 1904 2935 claruere
1938 2908 2014 2919 -
2052 2880 2633 2949 carthaginenses.

723 3080 759 3165 ἓ
806 3084 882 3150 1.
936 3077 1167 3148 Saluto
1221 3098 1335 3146 vos
1369 3131 1384 3157 ‚
1438 3075 1680 3147 fratres
1733 3076 2121 3157 carissimi,
2175 3090 2420 3167 optans
2476 3076 2624 3165 ipse
2677 3097 2944 3165 quoque
2989 3092 3116 3171 con·

634 3180 871 3256 spectu
915 3179 1133 3236 vestro
1177 3163 1335 3246 frui,
1390 3164 1446 3235 si
1492 3186 1598 3234 me
1644 3165 1729 3235 ad
1768 3187 1884 3234 vos
1942 3166 2291 3257 pervenire
2339 3164 2468 3234 loci
2517 3166 2820 3236 conditio
2876 3172 3113 3255 permit·

634 3268 817 3325 teret.
873 3254 1046 3337 Quid
1099 3254 1280 3322 enim
1336 3252 1502 3322 mihi
1538 3255 1838 3344 optatius
1874 3266 1940 3323 et
1979 3254 2226 3324 laetius
2273 3267 2501 3344 posset
2556 3254 2890 3339 accidere,
2938 3269 3107 3339 quam

635 3365 819 3412 nunc
856 3343 1044 3414 vobis
1078 3342 1453 3423 inhaerere,
1498 3356 1576 3413 ut
1606 3342 2095 3432 complecterer
2136 3364 2383 3413 manus
2418 3342 2593 3424 illas,
2639 3366 2818 3430 quae
2858 3359 3041 3432 purae
3060 3346 3113 3404 et

629 3434 1050 3511 innocentes,
1089 3443 1151 3500 et
1185 3430 1601 3500 Dominicam
1636 3431 1839 3501 fidem
1877 3442 2247 3513 servanteS‚
2291 3431 2624 3522 sacrilega
2665 3429 2980 3519 obsequia
3027 3446 3111 3494 re·

626 3523 1017 3611 spuerunt?
1047 3518 1221 3602 Quid
1263 3518 1649 3609 jucundius
1679 3533 1745 3590 et
1774 3520 2168 3601 sublimius,
2211 3542 2415 3607 quam
2467 3520 2771 3592 osculari
2821 3534 3107 3616 nunc-ora

625 3624 864 3687 vestra,
896 3631 1074 3697 quae
1120 3607 1418 3699 gloriosa
1455 3630 1610 3678 voce
1638 3609 2001 3679 Dominum
2039 3608 2346 3679 confessa
2378 3622 2562 3691 sunt;
2600 3608 2907 3699 conspici
2936 3618 3101 3676 etnam

625 3713 1044 3789 praesentem
1096 3701 1185 3768 ab
1231 3694 1453 3767 oculis
1495 3697 1757 3779 vestris,
1810 3699 1929 3784 qui
1969 3697 2288 3787 despecto
2335 3698 2607 3781 seculo,
2661 3688 3105 3787 conspiciendo

624 3794 749 3860 Deo
777 3789 968 3880 digni
1010 3787 1426 3857 extiterunt?
1457 3785 1581 3854 Sed
1605 3785 1933 3872 quoniam
1972 3785 2133 3856 huic
2170 3785 2459 3856 laetitiae
2499 3786 2829 3857 interesse
2858 3780 3094 3879 facultas

617 3900 751 3949 non
789 3877 1014 3959 datur,
1072 3877 1196 3947 bas
1281 3897 1352 3945 ro
1388 3894 1495 3942 me
1541 3874 1623 3943 ad
1677 3896 1880 3945 aures
1908 3889 1971 3945 et
2017 3874 2100 3944 ad
2138 3874 2376 3945 oculos
2417 3887 2671 3945 vestros
2720 3875 2987 3945 vicarias
3005 3867 3129 3936 ln·-

617 3981 792 4038 teras
828 3968 1042 4044 mitto,
1097 3967 1216 4053 qui
1274 3987 1356 4034 us
1379 3963 1690 4053 gratulor
1725 3964 1977 4053 pariter
2007 3975 2072 4032 et
2116 3964 2453 4043 exhortor,
2483 3977 2560 4034 ut
2604 3964 2675 4033 in
2718 3958 3091 4058 confessione

616 4056 924 4126 coelestis
972 4054 1229 4147 gloriae
1279 4051 1483 4122 fortes
1527 4063 1589 4122 et
1658 4052 1935 4123 stabiles
2030 4053 2456 4123 erseveretis:
2499 4066 2563 4123 et
2618 4052 2908 4153 ingressi
2935 4062 3091 4150 ’vlam

622 4145 1007 4214 Dominicae
1052 4141 1499 4234 dignationiS,
1539 4141 1620 4210 ad
1659 4142 1965 4232 accipien
2022 4164 2131 4212 am
2173 4161 2495 4213 coronam
2555 4140 2845 4232 spiritali
2894 4143 3103 4238 virtute

583 4234 951 4321 pergatis,
1005 4232 1334 4301 habentes
1384 4231 1747 4300 Dominum
1811 4244 2251 4323 protectorem
2303 4243 2368 4300 et
2413 4230 2683 4311 ducem,
2745 4229 2863 4318 qui
2912 4226 3092 4328 duxit:

617 4327 777 4391 Ecce
820 4344 937 4411 eqo
967 4324 1300 4392 vobiscum
1359 4342 1507 4389 sum
1553 4322 1854 4391 omnibus
1887 4322 2113 4391 diebus
2160 4343 2368 4410 usque
2396 4322 2487 4390 ad
2515 4327 3101 4390 consummationem

613 4412 855 4480 mundi
898 4411 1162 4496 (Matala.
1216 4412 1466 4500 xxviii).
