3347 4999
683 301 811 365 348
1246 319 1255 329 ·
1479 319 1559 364 mr.
1607 318 1663 363 s.
1717 316 2020 365 antinno
2067 315 2249 364 conr.
2819 298 2988 364 OCT.
3071 302 3161 367 Η

592 401 710 471 illa
745 401 855 470 die
902 402 1096 471 firma
1156 401 1334 471 inter
1376 401 1529 471 illos
1569 401 1735 470 inita
1768 414 1866 470 est
1914 400 2240 481 amicitia,
2294 411 2358 470 et
2399 412 2550 489 post
2600 413 2840 469 mutua
2887 403 3172 472 oscula

591 504 656 559 et
687 491 1050 580 amplexus
1085 490 1368 581 pacifice
1405 490 1895 561 discesserunt.
2595 532 2608 543 ·

680 582 718 666 ἓ
761 583 842 651 S.
899 580 1145 649 Eadem
1202 593 1421 657 nocte,
1471 600 1648 666 quae
1698 579 1922 667 prima
1970 577 2099 647 fuit
2144 577 2410 649 itineris
2444 578 2577 658 sui,
2622 578 2863 648 beatus
2899 579 3005 648 vir
3069 581 3161 649 in

590 669 880 737 tentorio
939 691 1065 739 suo
1124 669 1542 755 quiescebat.
1592 668 1924 757 Apparuit
1969 679 2194 735 autem
2245 666 2309 735 ei
2369 668 2438 736 in
2504 667 2764 736 visione
2828 668 3171 758 Angelus

590 757 861 826 Domini
913 779 1123 846 supra
1158 757 1521 826 tentorium
1568 757 1635 825 in
1672 755 2034 825 columbae
2074 756 2322 844 specie,
2367 756 2599 841 aitque
2630 755 2712 823 ad
2756 777 2914 826 cum
2948 781 2964 824 :
3024 780 3072 823 «
3105 762 3169 827 Ο

592 849 987 925 Gummare,
1041 857 1184 915 esto
1218 844 1403 936 vigil.
1459 850 1598 934 Ego
1645 845 1827 913 enim
1883 844 2180 913 nuncius
2219 866 2256 912 a
2308 849 2440 913 Deo
2489 844 2744 914 missus
2792 865 2943 913 sum
2979 899 3005 925 ,
3069 859 3167 917 ut

592 934 714 1003 tibi
766 935 1069 1023 aperiam
1121 937 1441 1002 mandata
1495 934 1671 1020 ejus.
1735 932 2136 1022 Disposuisti
2188 933 2467 1019 quidem
2520 938 2805 1002 Romam
2866 933 3016 1013 ire,
3085 948 3166 1006 et

588 1024 931 1092 orationes
964 1022 998 1057 ⁴*
1035 1023 1505 1112 Apostolorum
1560 1021 1735 1090 Petri
1782 1035 1846 1089 et
1892 1020 2083 1090 Pauli
2127 1021 2420 1091 visitare.
2478 1021 2601 1091 Sed
2642 1025 2818 1091 Deus
2864 1022 3164 1110 ubique

591 1133 917 1200 praesens
965 1125 1087 1191 est,
1133 1125 1197 1180 et
1229 1110 1445 1181 bonos
1475 1122 1541 1180 et
1573 1108 1791 1179 malos
1825 1109 1891 1178 in
1929 1110 2115 1179 omni
2151 1109 2300 1179 loco
2338 1109 2897 1200 contemplantur
2940 1111 3155 1180 oculi

590 1200 741 1288 ejus
776 1253 791 1281 ‚
858 1201 1177 1287 novimum
1230 1200 1557 1268 Dominus
1602 1198 1720 1286 qui
1789 1212 1952 1268 sunt
1996 1199 2169 1286 ejus.
2238 1205 2336 1268 Tu
2390 1210 2645 1280 autem,
2705 1199 2834 1268 hoc
2882 1200 3158 1270 itinere

591 1288 870 1369 omis50,
916 1287 1079 1357 audi
1120 1288 1443 1357 attentius
1496 1288 1660 1374 quid
1715 1286 1829 1355 ille
1880 1286 2154 1356 mandet
2190 1287 2336 1355 tibi.
2392 1286 2588 1356 Haud
2648 1286 2884 1376 procul
2934 1287 3160 1359 abest

590 1376 808 1458 locuS,
862 1377 1380 1446 circumfluente
1428 1398 1630 1445 amne
1678 1375 2072 1455 conclnsm,
2125 1376 2625 1463 arboribusque
2662 1375 2993 1446 consitus.
3040 1382 3152 1447 Ex

589 1487 668 1533 eo
711 1466 990 1535 arbores
1041 1466 1414 1555 e'xtirpabis
1446 1520 1461 1547 ,
1521 1478 1585 1533 et
1640 1464 2013 1533 oratorium
2076 1463 2175 1533 ibi
2221 1465 2498 1534 condes.
2551 1465 2676 1533 Hic
2713 1464 2832 1532 tibi
2873 1464 3148 1536 viventi

591 1552 810 1635 sedes,
866 1555 977 1624 hic
1008 1554 1329 1624 defuncto
1361 1554 1487 1623 erit
1520 1553 1813 1640 requies.
1848 1557 2012 1622 Nam
2063 1575 2222 1622 cum
2282 1575 2361 1623 ex
2408 1554 2535 1623 hac
2585 1554 2716 1621 vita
2766 1553 2835 1621 in
2887 1566 3146 1624 coetus

591 1638 984 1712 sanctorum
1037 1643 1250 1712 fueris
1297 1653 1721 1730 assumptus,
1773 1640 1886 1710 hic
1938 1642 2036 1710 tui
2098 1654 2289 1711 artus
2352 1641 2769 1730 pausabunt.
2838 1643 3142 1711 Interim

588 1733 929 1800 constanti
979 1733 1211 1800 animo
1258 1745 1424 1809 esto,
1479 1742 1544 1799 et
1589 1730 1790 1799 bonis
1836 1730 2160 1818 operibus
2192 1730 2553 1819 vigilanter
2588 1730 2846 1811 insiste,
2888 1732 3146 1799 certis-

589 1819 762 1888 sime
796 1821 1043 1899 scienS,
1084 1820 1243 1907 quia
1280 1820 1360 1887 ad
1408 1818 1827 1888 consortium
1879 1818 2285 1907 Angelorum
2333 1820 2707 1908 pervenies,
2760 1832 2823 1887 ct
2864 1820 3142 1909 sempi-

589 1919 820 1977 ternae
867 1909 1041 1977 vitae
1068 1908 1392 2063 (praemia
1446 1930 1568 1996 pro
1607 1906 1838 1975 labore
1872 1907 2227 1997 temporali
2273 1908 2631 1996 percipies,
2670 1930 2706 1973 »
2748 1912 2904 1977 Post
2953 1907 3138 1978 haec

587 2018 946 2086 egressuS,
1000 1995 1061 2064 vi
1119 1997 1168 2064 it
1206 1996 1318 2063 Vir
1373 2009 1649 2064 sanctus
1701 1996 1767 2063 in
1823 1996 2016 2084 apice
2065 1997 2331 2066 tentorii
2382 1996 2711 2087 Angelum
2764 1995 2832 2063 in
2892 1998 3139 2085 specie

586 2084 969 2165 columbae,
1004 2083 1304 2153 mirabili
1340 2083 1677 2185 spendore
1708 2083 2077 2164 rutilantis,
2116 2098 2178 2152 et
2209 2085 2465 2174 gratias
2511 2085 2649 2175 egit
2691 2089 2863 2159 Deo:
2897 2096 3138 2155 trans-

586 2173 871 2258 iensque
918 2174 1203 2254 flumen,
1255 2186 1320 2242 et
1375 2196 1443 2240 in
1495 2172 1721 2241 locum
1767 2172 1961 2241 illum
2018 2173 2394 2260 ingressus„
2450 2193 2568 2242 coe
2625 2173 2673 2240 it
2725 2172 3010 2242 caedere
3061 2186 3135 2242 et

588 2262 925 2349 extirpare
972 2261 1248 2330 arbores
1279 2274 1343 2330 et
1384 2261 1687 2342 frutice5‚
1729 2282 1852 2330 nec
1906 2262 2216 2341 cessavit,
2271 2261 2487 2330 donec
2525 2284 2565 2351 p
2596 2260 2841 2330 anities
2890 2282 3138 2330 amoe-

588 2349 873 2417 nissima
914 2350 1146 2419 effecta
1202 2361 1327 2419 est.
1392 2351 1664 2418 Excisas
1711 2363 1938 2418 autem
1996 2350 2272 2418 arbores
2325 2351 2394 2418 in
2457 2350 2712 2419 flumen
2768 2350 3123 2450 conjecit,

589 2458 883 2524 quarum
937 2450 1120 2508 tanta
1162 2439 1516 2528 congeries
1562 2451 1704 2518 est;
1758 2449 1835 2507 ut
1879 2438 2256 2508 etiamnum
2299 2439 2606 2508 videatur
2644 2437 3129 2508 aedificiorum

588 2526 893 2595 culmina
931 2549 1264 2614 aequare;
1315 2541 1379 2597 et
1426 2528 1543 2596 ubi
1584 2527 1915 2596 hactenus
1948 2527 2219 2596 fuerant
2256 2528 2485 2596 ovium
2529 2527 2972 2614 ferarumque
3001 2528 3136 2596 do·

589 2615 866 2695 micina,
895 2617 1038 2703 jam
1076 2615 1439 2686 hominum
1482 2615 2043 2685 commodissima
2090 2616 2417 2685 habitatio
2453 2629 2578 2685 est.
2813 2641 2818 2646 ·

674 2707 708 2791 ξ
758 2709 850 2772 fl.
908 2704 1031 2773 Sed
1086 2727 1210 2794 age
1259 2703 1484 2773 locum
1550 2703 1744 2772 illum
1798 2704 2037 2793 paucis
2092 2704 2589 2774 describamus.
2644 2708 2898 2773 Nomen
2952 2703 3128 2772 huic

582 2792 781 2861 villae
829 2793 1239 2880 antiquum,
1296 2792 1714 2863 Nivesdunt:
1768 2791 1948 2878 quod
2016 2805 2349 2862 mutatum
2389 2848 2404 2874 ‚
2459 2793 2570 2861 vul
2627 2816 2709 2862 us
2781 2792 3128 2861 Ledonem

583 2880 972 2970 appellavit.
1018 2887 1196 2950 Haec
1230 2903 1369 2950 uno
1403 2904 1440 2950 a
1478 2880 1685 2948 latere
1721 2881 1994 2969 respicit
2027 2880 2503 2960 Taxandriam,
2542 2904 2577 2949 a
2670 2881 2881 2950 altero
2915 2880 3129 2949 Rieu·

583 2991 723 3039 sem
768 2970 1215 3059 provinciam.
1256 2970 1378 3040 Sed
1416 2971 1592 3038 inter
1631 2969 1808 3039 hanc
1846 2981 1909 3037 et
1944 2968 2172 3037 villam
2225 2970 2452 3038 amnis
2492 2974 2650 3039 Neta
2703 2969 2975 3038 medius
3011 2969 3128 3037 in·-

584 3060 862 3141 terssuit‚
924 3059 1042 3144 qui
1083 3081 1231 3127 eam
1286 3080 1411 3128 suo
1466 3057 1732 3127 ambitu
1789 3057 2292 3147 complectens,
2345 3058 2431 3128 ab
2478 3070 2770 3145 utraque
2817 3059 3122 3147 separat.

582 3151 767 3228 Quae
808 3148 877 3214 in
919 3147 1110 3216 fluxu
1158 3147 1307 3302 effus
1354 3147 1658 3216 flexuoso
1695 3161 2038 3233 tamquam
2075 3144 2299 3215 insula
2335 3147 2740 3227 consistens,
2793 3146 3127 3230 utrinque

582 3247 853 3324 pontem
888 3234 1110 3315 habet,
1146 3258 1178 3302 a
1219 3249 1357 3303 tero
1386 3236 1732 3304 venientes
1762 3234 2150 3315 admittenS,
2185 3234 2396 3305 altero
2425 3247 2745 3304 exeuntes
2770 3234 3113 3303 emittens.

579 3322 815 3391 Amnis
846 3323 966 3391 iste
1000 3328 1158 3392 Neta
1181 3323 1271 3404 *ξ
1304 3325 1515 3392 maris
1547 3345 1830 3394 accessu
1862 3322 2253 3404 crescendO,
2295 3323 2534 3414 implet
2565 3323 2834 3392 alveum
2864 3341 3064 3391 suum
3094 3342 3115 3401 ;

582 3431 855 3479 recessu
911 3412 1121 3479 maris
1173 3411 1634 3481 imminuitur.
1701 3411 1945 3480 Dulces
1992 3411 2075 3480 ad
2139 3412 2518 3512 potandum
2576 3433 2792 3498 aquas
2847 3429 3128 3497 semper

581 3499 810 3578 habet,
866 3500 997 3569 sub
1050 3499 1305 3585 quibus
1354 3501 1475 3568 alit
1523 3501 1930 3569 immensam
1986 3501 2278 3589 piscium
2339 3502 2634 3590 copiam.
2708 3506 3120 3589 Progressus

580 3600 833 3666 autem,
880 3587 1301 3677 praeterfluit
1346 3610 1541 3657 casas
1592 3589 1657 3656 in
1713 3589 1882 3678 ripis
1919 3589 2071 3675 ejus
2126 3601 2511 3668 extructas,
2571 3601 2758 3677 prata
2822 3588 3116 3676 irrigat,

576 3675 901 3745 fecundat
947 3698 1160 3756 arva,
1231 3698 1349 3766 per
1400 3677 1767 3746 umbrosas
1829 3676 2083 3747 labitur
2151 3677 2378 3746 silvas.
2434 3678 2499 3746 Si
2559 3678 2717 3764 quis
2766 3677 2834 3744 in
2887 3674 3123 3743 medio

577 3778 767 3835 stans
805 3765 958 3853 ejus
994 3764 1260 3834 insulae
1295 3818 1309 3844 ‚
1363 3763 1601 3833 oculos
1641 3765 2101 3846 circumferat,
2157 3765 2471 3853 jucundo
2519 3763 2908 3855 spectaculo
2954 3763 3122 3850 ejus

576 3854 855 3922 animus
909 3852 1312 3923 oblectatur.
1365 3853 1758 3942 Adspicitur
1803 3855 1984 3922 enim
2037 3854 2218 3923 ultra
2274 3875 2545 3923 amnem
2611 3853 2928 3944 planities
2979 3852 3125 3922 lata

577 3955 642 4011 et
689 3942 916 4031 ampla
954 3997 969 4023 ‚
1024 3943 1313 4011 floribus
1361 3954 1426 4011 et
1478 3942 1752 4031 pascuis
1799 3942 2168 4012 uberrimis
2215 3955 2479 4012 ornata.
2534 3948 2609 4012 In
2663 3942 2957 4012 circuitu
3010 3941 3126 4008 in-

576 4052 747 4118 gens
795 4029 959 4098 silva
1011 4031 1317 4100 cernitur
1348 4084 1363 4111 ,
1418 4030 1486 4098 in
1541 4030 1822 4120 longum
1872 4044 1937 4100 et
1982 4030 2194 4099 latum
2247 4030 2494 4101 diffuse
2533 4052 2681 4101 sese
2730 4031 3121 4121 porrigens,

576 4118 728 4188 Illic
762 4117 1181 4208 glandiferae
1210 4119 1513 4198 arbores,
1542 4117 1683 4188 illic
1718 4140 1995 4207 pascua,
2035 4120 2130 4188 ibi
2160 4117 2456 4189 ferarum
2500 4118 2782 4199 cubilia,
2821 4118 3129 4204 usuique

574 4207 937 4276 hominum
979 4207 1272 4276 multum
1321 4207 1728 4276 necessaria.
1769 4206 1942 4288 Quid
1987 4205 2071 4276 de
2104 4229 2426 4299 agrorum
2470 4208 2932 4298 adjacentium
2985 4205 3130 4275 ser-

576 4295 814 4365 tilitate
852 4295 1128 4364 dicam?
1163 4294 1324 4366 Illos
1361 4318 1523 4386 prae
1554 4295 1839 4364 caeteris
1873 4295 2100 4377 laudo,
2144 4297 2307 4383 quia
2342 4296 2803 4367 coluntur-illi
2836 4294 3125 4383 quidem

624 4423 649 4445 '¹
678 4420 921 4468 Videlicet,
940 4421 1159 4464 oratoria.
1700 4420 1757 4450 *ὓ*
1786 4421 1948 4463 Oritur
1968 4420 2016 4462 in
2036 4421 2319 4464 Brabantine
2337 4422 2553 4466 confinio.

1797 4743 2176 4910 N
