3347 4999
138 333 347 401 OCT.
405 333 430 396 l
1087 348 1165 393 nn
1213 347 1270 393 s.
1322 345 1568 394 flavona
1615 346 1799 394 conr.
2541 326 2626 390 59

166 429 491 524 perfectis
542 428 703 497 viris
755 440 983 518 posset
1028 426 1341 496 sufficere
1390 428 1458 495 in
1509 426 1784 496 divinae
1816 427 2040 496 scalae
2088 424 2510 496 ascendisset
2556 445 2717 513 gra-

169 522 385 591 dum:
439 518 663 607 quasi,
691 517 784 586 nil
837 517 1193 606 coepisset,
1235 515 1425 584 aliud
1474 516 1769 603 exquirit
1803 525 2243 597 tormentum,
2283 527 2547 583 tantum
2585 511 2717 581 sci-

169 610 337 680 licet
384 606 844 698 praedicabile
879 661 893 687 ‚
949 618 1285 692 quantum
1339 626 1593 674 novum
1641 616 1707 674 et
1754 603 2092 673 mirabile.
2157 603 2476 693 Lapidem
2519 600 2720 690 jubet

168 698 449 777 deterri,
493 718 697 783 quem
748 694 1075 765 manibus
1111 694 1433 763 libratum
1476 715 1637 763 cum
1691 715 1825 763 non
1878 692 2220 763 sufficeret
2251 692 2338 767 ei,
2376 690 2560 777 quod
2610 706 2716 759 vo‘·

167 787 379 868 lebat,
429 784 738 875 ponderi,
792 783 1074 852 alterum
1114 804 1236 872 pro
1265 803 1366 862 e0‚
1400 782 1699 852 duorum
1735 781 1856 869 qui
1903 795 2080 851 esset
2110 779 2472 849 hominum
2509 800 2712 860 onus,

170 874 526 968 praecepit
572 873 956 964 importari.
1010 876 1211 941 Hunc
1260 872 1436 940 inter
1465 870 1856 958 frequentes
1895 868 2433 960 genuflectiones
2480 879 2545 936 et
2577 889 2720 957 per·

167 978 418 1057 petuas
467 985 703 1054 preces
750 960 1052 1031 brachiis
1103 960 1392 1041 tenebat,
1445 972 1509 1028 et
1556 982 1634 1029 eo
1687 981 1821 1029 non
1859 959 2062 1029 modo
2110 980 2183 1029 se
2216 957 2539 1037 lassabat,
2595 955 2715 1025 sed

174 1076 355 1146 pene
397 1051 874 1122 mortificabat.
913 1055 1044 1120 Nec
1074 1060 1336 1140 poterat
1374 1062 1599 1118 tamen
1636 1049 1707 1117 in
1760 1048 1826 1117 la
1879 1048 2012 1117 idis
2052 1069 2257 1117 onere
2305 1058 2541 1117 sancta
2574 1066 2722 1113 ma-

169 1166 311 1214 nus
359 1141 671 1222 deficere,
723 1161 930 1227 quam
984 1139 1366 1209 sustinebat
1404 1137 1580 1227 lapis
1628 1160 1819 1228 augu
1849 1136 2012 1218 aris,
2056 1137 2180 1224 qui
2218 1134 2379 1205 facit
2427 1148 2722 1220 utraque

169 1253 424 1303 unum.
480 1235 650 1300 Tum
680 1251 838 1299 vero
886 1228 941 1298 si
978 1228 1134 1315 quis
1181 1227 1526 1314 objiceret,
1565 1249 1692 1296 cur
1720 1227 2028 1316 seipsum
2064 1225 2233 1294 adeo
2266 1223 2713 1302 excruciaret,

175 1343 318 1391 non
371 1319 620 1388 bonam
660 1340 809 1388 esse
841 1317 1184 1398 virtutem,
1229 1337 1405 1403 quae
1448 1315 1728 1387 modum
1773 1315 2160 1385 excederet:
2217 1313 2590 1403 prudenter
2621 1333 2725 1380 re-

176 1409 602 1501 spondebat:
654 1413 797 1477 Non
842 1417 998 1476 sunt
1045 1407 1413 1495 condiynae
1453 1406 1796 1492 passiones
1855 1405 2059 1494 hujus
2116 1405 2428 1493 temporis
2482 1402 2572 1469 ad
2615 1403 2724 1489 su·

178 1510 409 1568 turam
453 1498 789 1587 gloriam,
825 1518 1020 1586 ,quae
1076 1495 1488 1563 revelabitur
1534 1495 1606 1562 in
1650 1496 1835 1563 nobis
1883 1498 2097 1577 (Rom.
2149 1492 2318 1580 vm).
2385 1490 2726 1559 Audenter

177 1589 379 1657 dico:
429 1586 550 1673 qui
600 1608 672 1654 se
722 1586 813 1653 ita
872 1582 1274 1671 quotidiano
1329 1581 1670 1652 afficiebat
1721 1582 2096 1671 martyri0‚
2152 1580 2209 1649 si
2269 1580 2557 1649 Deciana
2607 1589 2725 1647 aut

176 1674 585 1747 Diocletiani
647 1673 1001 1743 habuisset
1059 1685 1411 1761 tempora,
1465 1685 1707 1760 sponte
1778 1671 2012 1741 omnia
2078 1669 2539 1759 praevenisset
2587 1678 2726 1736 tor-

178 1777 449 1836 menta:
503 1785 636 1832 non
674 1783 897 1851 rogOS,
938 1782 1072 1830 non
1116 1759 1458 1842 eculeum,
1499 1782 1632 1830 non
1665 1772 1845 1830 certe
1879 1759 2130 1829 bestias
2170 1756 2554 1847 refugisset,
2600 1766 2722 1825 aut

176 1853 519 1945 gladium.
574 1857 704 1921 Nec
739 1850 996 1919 carebit
1042 1849 1261 1940 gloria
1296 1849 1641 1939 martyris,
1691 1849 1811 1937 qui
1860 1849 1931 1917 in
1980 1846 2405 1917 confessione
2454 1844 2726 1914 deitatis

183 1946 423 2012 aereas
473 1952 835 2031 potestates
882 1937 1142 2007 fortiter
1189 1937 1589 2019 debellavit,
1642 1950 1708 2006 et
1754 1950 1947 2008 scuto
2006 1949 2348 2025 protectus
2388 1933 2721 2024 justitiae,

180 2029 726 2121 imperterritum
763 2028 940 2097 latus
974 2028 1297 2117 opposuit
1332 2027 1656 2096 monstris
1691 2025 2072 2117 spiritualis
2122 2024 2486 2111 nequitiae.
2543 2028 2727 2106 Quas

182 2132 414 2188 autem
455 2139 693 2187 cruces
725 2139 857 2186 non
904 2116 1203 2208 pertulit,
1243 2137 1417 2203 quos
1469 2116 1661 2205 ignes
1713 2138 1845 2184 non
1899 2114 2316 2204 pertransiit,
2357 2113 2558 2201 cujus
2592 2124 2728 2179 tota

182 2208 324 2277 vita
355 2229 565 2296 super
600 2220 842 2276 terram
888 2206 1129 2274 militia
1167 2204 1340 2274 suit?
1373 2210 1589 2287 Quam
1628 2205 1722 2273 ita
1754 2204 2077 2283 exercuit,
2124 2216 2201 2271 ut
2225 2224 2385 2271 cum
2421 2200 2728 2288 quotidie

184 2309 611 2375 moreretur,
669 2294 1083 2383 fiducialiter
1131 2309 1356 2362 tamen
1409 2293 1494 2361 ad
1547 2298 1755 2362 Deum
1807 2293 2100 2362 diceret:
2153 2292 2370 2360 Proba
2414 2312 2542 2370 me,
2603 2295 2760 2357 Dor

182 2388 389 2466 mine,
445 2395 506 2454 ec
556 2395 737 2453 tenta
782 2406 909 2464 me,
960 2407 1083 2452 ure
1128 2405 1319 2451 renes
1354 2405 1531 2452 meos
1578 2394 1640 2451 et
1665 2406 1776 2451 cor
1819 2405 2041 2451 meum
2088 2381 2300 2468 (Psal.
2347 2379 2486 2468 25).

279 2483 316 2556 ἓ
360 2479 509 2548 19.
564 2478 694 2542 Nec
724 2471 941 2542 defuit
976 2471 1277 2554 tentatio,
1329 2492 1534 2559 quam
1583 2471 1811 2542 statim
1865 2472 1933 2540 in
1985 2471 2134 2561 ipso
2184 2468 2527 2559 principio
2573 2465 2726 2535 viri-

188 2564 346 2634 liter
371 2562 735 2631 debellavit
764 2574 827 2630 et
847 2562 1007 2630 vicit
1039 2561 1109 2629 in
1145 2561 1453 2630 Domino.
1477 2566 1640 2630 Nam
1672 2572 2021 2631 tortuosus
2047 2559 2162 2629 ille
2189 2580 2495 2648 serpem,
2527 2557 2731 2646 cujus

95 2707 100 2715 .
186 2663 352 2723 sunt
380 2651 570 2720 mille
601 2650 978 2732 maeandri,
1007 2649 1244 2718 videns
1269 2663 1333 2719 et
1364 2650 1826 2740 ingemiscens
1860 2650 1944 2718 de
1977 2672 2050 2718 se
2091 2647 2527 2736 triumphari,
2556 2648 2733 2714 bona

186 2741 307 2810 Dei
361 2739 857 2830 permissione,
912 2738 1030 2809 sed
1082 2737 1262 2807 mala
1311 2761 1433 2807 sua
1485 2738 1697 2808 fretus
1747 2738 2136 2816 voluntate,
2190 2736 2540 2805 animatur
2579 2734 2730 2820 jam

185 2852 420 2901 senem
457 2841 522 2897 et
569 2829 930 2898 emeritum
968 2826 1215 2897 Christi
1253 2827 1537 2896 militem
1592 2827 1659 2895 in
1717 2848 2020 2918 pugnam
2056 2845 2362 2894 evocare.
2401 2821 2730 2891 Cellulam

183 2918 385 3005 quasi
432 2917 717 3005 quidam
770 2916 968 2986 turbo
1018 2915 1439 3006 aggreditur,
1494 2916 1762 2986 furores
1800 2914 2173 3005 Jaculatur,
2211 2911 2470 3002 stygios
2511 2911 2735 2978 mina-

184 3021 299 3076 tur
347 3007 565 3096 ignes.
622 3005 743 3075 Ille
791 3005 963 3074 nihil
1004 3006 1281 3086 moveri,
1324 3005 1495 3074 nihil
1550 3006 1824 3093 penitus
1866 3003 2125 3083 terreri,
2162 3013 2437 3071 scutum
2490 3000 2736 3068 verita-

185 3096 276 3165 tis
324 3117 692 3185 opponere.
747 3100 912 3165 Nam
969 3093 1227 3162 diaboli
1291 3093 1463 3162 nihil
1514 3093 1874 3163 dubitabat
1936 3091 2114 3159 hanc
2176 3111 2325 3159 esse
2385 3087 2729 3157 technam.

187 3184 435 3253 Pedem
474 3185 543 3252 in
587 3183 944 3273 publicum
980 3204 1314 3272 exponere
1349 3183 1405 3254 si
1444 3182 1697 3261 liceret,
1751 3192 1872 3250 aut
1910 3179 2229 3269 spiritum
2268 3178 2474 3247 homo
2507 3177 2737 3245 adhuc

187 3286 419 3342 tenere
466 3273 525 3341 si
560 3285 810 3361 posset,
863 3272 1344 3341 incunctanter
1389 3271 1622 3353 exiret,
1664 3269 1977 3339 duellum
2015 3268 2202 3359 prior
2231 3267 2378 3356 ipse
2412 3278 2732 3346 moveret,

189 3384 271 3431 ac
314 3383 596 3430 manum
647 3373 1073 3441 consereret3
1111 3371 1298 3430 tanta
1336 3362 1589 3428 mentis
1618 3358 2026 3431 constantia.
2065 3368 2251 3426 tanta
2291 3369 2434 3424 erat
2466 3355 2617 3444 ejus
2647 3353 2735 3423 ad

190 3455 405 3519 Deum
458 3448 738 3518 fiducia.
791 3450 1023 3539 Ajebat
1056 3461 1323 3518 autem:
1382 3449 1713 3517 Dominus
1748 3446 1918 3515 mihi
1951 3446 2262 3536 adjutor:
2306 3466 2439 3514 non
2486 3443 2739 3513 timebo

191 3537 363 3637 quid
416 3537 619 3607 faciat
674 3538 968 3608 callidus
1020 3550 1436 3628 persecutor.
1490 3536 1582 3605 Ad
1636 3537 1816 3605 hanc
1865 3557 2097 3604 vocem
2157 3534 2354 3604 turbo
2408 3533 2523 3601 ille
2576 3553 2739 3602 cum

190 3639 532 3707 cessisset,
597 3649 840 3698 rursus
889 3628 1227 3696 exercitus
1266 3625 1652 3712 iniquitatis
1709 3624 1934 3694 adest:
1989 3623 2193 3694 modo
2240 3623 2435 3693 canis
2466 3676 2481 3703 ‚
2542 3620 2739 3690 modo

190 3715 444 3805 lupus:
500 3716 745 3784 iterum
781 3715 884 3784 leo
918 3715 1017 3784 vel
1052 3738 1283 3796 ursuS‚
1339 3728 1553 3784 totum
1604 3725 1949 3804 postremo
2006 3711 2348 3793 diabolus,
2404 3710 2740 3800 serpenti-

189 3826 319 3874 nos
370 3804 622 3892 pariter
652 3818 717 3873 et
762 3803 1007 3873 ferales
1054 3804 1299 3894 agebat
1341 3816 1589 3872 motus.
1645 3807 1822 3871 Bavo
1865 3803 2053 3872 intus
2094 3800 2314 3870 filium
2354 3799 2740 3886 iniquitatis

192 3892 502 3973 irridere,
540 3905 606 3961 et
652 3893 897 3982 grandi
946 3915 1104 3962 cum
1158 3892 1413 3961 fiducia
1463 3891 1959 3961 subsannando
1998 3891 2267 3959 dicere:
2309 3896 2622 3977 Increpet
2669 3887 2740 3955 in

195 3994 260 4051 te
306 3987 507 4060 DeuS‚
562 3993 781 4063 satan,
819 3995 884 4051 et
917 3982 1222 4071 increpet
1261 3981 1329 4049 in
1367 3993 1451 4061 te,
1493 3981 1614 4068 qui
1652 3980 1858 4071 elegit
1893 3978 2303 4050 Jerusalem.
2341 3983 2472 4048 Nec
2509 3998 2739 4046 mora:

199 4071 374 4161 legio
422 4071 735 4151 evanuit,
791 4092 915 4140 nec
963 4070 1145 4139 ultra
1185 4070 1524 4139 civitatem
1576 4071 1646 4138 in
1700 4082 1930 4139 monte
1978 4069 2271 4159 positam
2328 4067 2747 4156 impugnare

198 4180 366 4229 ausa
399 4159 548 4229 fuit.
606 4165 745 4229 Tua
796 4171 959 4228 sunt
1005 4159 1197 4238 haec,
1252 4158 1536 4240 Christe,
1576 4180 1809 4250 opera,
1851 4171 1967 4227 tua
2007 4157 2225 4225 virtus
2252 4168 2318 4225 et
2351 4154 2739 4244 magnalia:

198 4249 398 4337 cujus
445 4249 592 4317 viae
622 4248 893 4339 justitia
940 4260 1006 4316 et
1054 4248 1299 4318 veritas
1347 4249 1582 4317 omnia
1629 4247 1929 4333 eloquia.
1983 4250 2163 4314 Haec
2205 4256 2322 4313 tua
2369 4256 2472 4313 est
2518 4243 2745 4313 fidelis

201 4337 318 4406 illa
370 4338 759 4426 promissiO,
812 4358 1020 4425 quam
1058 4336 1126 4405 in
1184 4337 1526 4406 nascentis
1574 4335 1917 4405 Ecclesiae
1960 4333 2340 4424 primordio
2378 4332 2741 4421 Apostolis,

202 4440 265 4495 et
315 4447 433 4516 per
481 4428 833 4517 Apostolos
898 4426 1224 4496 omnibus
1292 4426 1609 4495 militiam
1680 4437 1867 4493 tuam
1947 4421 2273 4513 professis
2348 4421 2750 4490 donativum
