3347 4999
272 336 445 404 OCT.
501 340 540 402 5
967 355 1046 400 na
1093 353 1151 400 s.
1203 353 1545 401 anmeA
1592 354 1764 401 vmc.
1816 355 1890 401 Er
1938 354 2128 402 MART.
2609 337 2738 403 205

270 461 479 529 quam
521 439 903 529 ingressuS,
936 438 1004 505 in
1059 436 1263 506 domo
1298 437 1663 526 cujusdam
1705 437 2163 529 potentissimi
2196 439 2322 507 viri
2354 439 2558 508 annis
2581 461 2829 526 quam-

270 528 599 619 pluribus
647 527 1036 617 hospitatus
1075 536 1200 594 est.
1258 525 1496 613 Ibique
1521 528 1729 615 jussu
1753 526 2126 596 Justiniani
2178 529 2620 615 Imperatoris
2657 550 2829 597 enu-

268 618 560 688 cleatius
610 617 816 686 vitam
868 628 1073 701 atque
1112 613 1445 683 miracula
1478 636 1745 684 necnon
1780 614 2170 705 passionem
2213 615 2607 686 beatissimi
2652 639 2832 687 mar-

268 707 440 796 tyris
488 705 743 774 Placidi
793 717 866 773 et·
906 703 1256 773 Sociorum
1324 704 1476 791 ejus
1545 704 1943 784 notificare,
1995 715 2202 789 atque
2267 703 2350 772 ad
2407 707 2829 793 posteritatis

269 795 677 863 memoriam
733 793 1009 863 Graecis
1038 791 1304 875 litteris,
1336 792 1594 880 quibus
1634 815 1668 861 a
1733 794 1950 882 prime
1982 791 2293 861 imbutus
2341 791 2588 872 fuerat,
2625 793 2829 864 latius

274 896 606 952 annotare
652 882 943 952 curavit.
970 881 1079 951 Illi
1114 895 1342 951 autem
1377 883 1541 951 haec
1566 904 1653 950 au
1715 883 1949 961 ientes,
1986 879 2547 970 glorificaverunt
2586 887 2824 964 Deum,

267 985 483 1059 utque
533 993 766 1042 secum
833 969 1224 1040 Gordianus
1273 971 1342 1039 in
1402 970 1641 1040 eadem
1694 971 1866 1040 urbe
1916 982 2245 1049 maneret,
2309 970 2561 1039 hortati
2615 983 2823 1040 sunt:

271 1061 454 1148 quod
496 1074 563 1130 et
598 1059 781 1129 fecit.
836 1066 990 1129 Post
1023 1058 1380 1145 aliquanta
1429 1081 1584 1128 vero
1618 1081 1962 1129 annorum
2005 1058 2378 1137 curricula,
2438 1059 2828 1129 Gordianus

272 1150 391 1219 ille
439 1148 890 1230 valefaciens,
959 1148 1351 1237 passionem
1405 1149 1731 1238 martyris
1779 1146 2040 1216 Placidi
2097 1159 2163 1217 et
2213 1147 2565 1217 Sociorum
2633 1148 2823 1238 ejus,

272 1261 480 1326 quam
534 1237 816 1318 ibidem,
857 1250 934 1307 ut
966 1259 1177 1326 supra
1229 1238 1635 1317 taxavimus,
1694 1237 1970 1308 Graecis
2017 1236 2336 1326 apicibus
2405 1250 2821 1319 exaraverat,

273 1327 460 1418 apud
514 1327 669 1396 illos
745 1326 1066 1413 reliquit,
1129 1325 1277 1415 ipse
1327 1348 1483 1395 vero
1548 1347 1792 1396 navem
1857 1324 2331 1395 conscendens
2378 1325 2449 1394 in
2515 1326 2822 1396 Siciliam

270 1417 499 1497 rediit,
553 1428 755 1503 atque
786 1415 869 1484 ad
904 1420 1409 1504 Syracusanam
1462 1415 1707 1485 urbem
1741 1414 2135 1494 deveniens,
2193 1435 2417 1503 pauco
2469 1413 2613 1484 illic
2655 1428 2825 1485 tem-

272 1527 438 1596 pore
487 1504 886 1595 supervixit‚
914 1505 985 1572 in
1016 1525 1152 1590 quo
1180 1525 1453 1594 semper
1484 1506 1593 1594 pie
1626 1516 2000 1591 sancteque
2043 1503 2353 1584 vivendo,
2389 1503 2601 1572 finem
2651 1505 2828 1574 vitae

273 1594 667 1684 complevit,
722 1592 1090 1680 acquirens
1123 1593 1256 1662 sibi
1289 1615 1580 1682 regnum
1631 1604 2017 1670 aeternum,
2056 1591 2640 1663 intercedentibus
2671 1616 2830 1663 san-

272 1684 402 1754 ctis
444 1683 883 1772 Martyribus,
936 1681 1192 1768 quibus
1248 1680 1470 1752 fuerat
1533 1681 1935 1753 famulatus.
2002 1686 2094 1749 Ex
2134 1680 2247 1750 die
2294 1703 2475 1763 ver0,
2528 1704 2665 1769 qua
2716 1705 2819 1752 se-

273 1772 472 1862 pulta
519 1785 681 1848 sunt
751 1792 1039 1860 corpora
1109 1784 1507 1840 sanctorum
1581 1782 1964 1859 martyrum
2018 1769 2321 1850 Placidi,
2375 1771 2691 1861 Eutychii
2750 1794 2828 1841 ac

268 1861 599 1929 Victorini
648 1859 965 1938 fratrum,
1009 1870 1074 1927 et
1106 1858 1544 1929 beatissimae
1590 1859 1884 1950 virginis
1933 1858 2199 1927 Flaviae
2244 1859 2500 1929 sororis
2547 1881 2812 1939 eorum,

273 1950 344 2016 in
395 1948 685 2017 ecclesia
736 1948 955 2018 sancti
1004 1949 1340 2037 Baptistae
1364 1948 1682 2029 Joannis,
1714 1948 1895 2017 ultra
1933 1948 2079 2037 jam
2115 1947 2406 2018 basilica
2445 1948 2566 2017 illa
2599 1949 2822 2018 sancti

269 2037 555 2105 Joannis
604 2049 838 2106 vocata
878 2058 1014 2105 non
1055 2052 1180 2118 est,
1222 2038 1339 2107 sed
1390 2038 1458 2106 in
1498 2038 1759 2107 honore
1801 2042 2208 2106 Sanctorum
2295 2037 2368 2106 ui
2415 2037 2605 2107 intus
2636 2051 2831 2107 erant

274 2124 552 2215 sepulti,
607 2127 825 2197 sancti
873 2125 1130 2195 Placidi
1162 2127 1451 2196 ecclesia
1501 2127 1894 2205 vocabatur,
1947 2147 2170 2212 usque
2207 2147 2245 2194 a
2338 2139 2647 2216 tempora
2695 2127 2828 2196 sci-

273 2213 433 2284 licet
480 2214 636 2296 illa,
690 2214 968 2302 quando
1033 2216 1324 2285 Romani
1396 2214 1704 2286 Siciliam
1763 2215 2170 2285 amiserunt.
2236 2215 2574 2286 Omnibus
2621 2215 2828 2285 etiam

278 2304 706 2392 temporibus
752 2304 1011 2390 quibus
1045 2306 1366 2374 Saraceni
1417 2303 1689 2374 Siciliae
1733 2302 2074 2373 dominati
2123 2316 2309 2384 sunt,
2344 2304 2634 2374 ecclesia
2677 2305 2830 2394 ipsa

272 2413 351 2461 ex
401 2392 580 2461 beati
630 2393 953 2482 martyris
1004 2392 1262 2463 Placidi
1312 2394 1594 2463 nomine
1629 2392 2028 2462 vocabatur.

1221 2713 1881 2796 MARTYRIUM

366 2918 826 3021 SANCTAE
895 2921 1019 3020 ET
1088 2918 1664 3023 GLORlOSAE
1733 2919 2014 3021 VIRG.
2090 2920 2739 3039 CHARtTlNAE,

743 3159 1028 3209 AUCTORE
1077 3160 1348 3208 stnEONE
1394 3161 1870 3219 METAPHRASTE,
1926 3157 2091 3207 APUD
2140 3161 2350 3210 Llpou.

628 3340 827 3395 Anno
881 3341 1167 3409 probab.
1218 3343 1353 3397 304
1395 3370 1479 3382 —
1525 3340 1733 3396 Forte
1758 3379 1776 3407 ,
1822 3338 2037 3394 Amisi
2091 3338 2163 3395 in
2215 3342 2458 3397 Ponto.

360 3541 397 3626 ξ
444 3544 521 3609 1.
575 3537 1014 3609 Dominatum
1065 3537 1301 3626 aliquo
1348 3537 1646 3608 obtinuit
1709 3538 2050 3640 impietas,
2105 3552 2170 3610 et
2216 3544 2673 3631 Imperatores
2719 3543 2824 3612 fu-

272 3649 427 3697 rore
486 3626 853 3695 concitavit
906 3627 1237 3698 adversus
1306 3649 1423 3697 eos
1489 3627 1612 3714 qui
1677 3627 2222 3699 Chr1stianorum
2290 3629 2614 3699 tenebant
2676 3632 2825 3721 opi-

272 3718 580 3785 nionem.
635 3715 1017 3786 Satellitum
1069 3730 1298 3786 autem
1341 3728 1407 3785 et
1457 3716 1932 3785 ministrorum
1969 3732 2113 3789 erat
2153 3716 2485 3799 officium,
2527 3721 2824 3790 scrutari

272 3804 737 3884 Christianos;
780 3816 845 3873 et
897 3804 1030 3893 piis
1079 3805 1600 3874 intentabantur
1641 3806 1869 3874 minae
1911 3806 2403 3897 multiplicium
2447 3819 2823 3879 tormento-

271 3916 457 3963 rum.
495 3893 588 3962 Ad
638 3892 1007 3980 quemdam
1062 3915 1225 3984 ergo
1259 3894 1584 3962 Comitem
1622 3916 1957 3985 generosa
1989 3917 2263 3983 quoque
2298 3894 2603 3967 defertur
2634 3898 2824 3988 virgo

203 4014 213 4029 x
272 3982 666 4061 Charitina,
721 3980 904 4067 quod
957 4003 1091 4050 non
1160 3981 1385 4052 solum
1449 3983 1519 4051 in
1574 3982 1834 4054 honore
1881 3983 2130 4054 habeat
2177 3984 2647 4067 ChristianoS,
2701 3987 2824 4057 sed

274 4072 479 4140 etiam
533 4068 789 4140 multos
837 4069 1125 4140 inducat
1171 4070 1254 4140 ad
1308 4092 1505 4140 suam
1557 4071 2004 4162 religionem:
2058 4072 2437 4160 quinetiam
2520 4095 2636 4144 eos
2701 4076 2825 4163 qui

273 4159 669 4248 opinionem
725 4171 1181 4248 susceperunt
1228 4159 1803 4242 Christianorum,
1859 4162 2144 4231 tutiores
2192 4160 2436 4231 reddat
2474 4163 2559 4233 ad
2612 4186 2817 4232 suum

273 4247 564 4317 cultum.
603 4247 692 4316 Ad
745 4269 895 4316 eam
947 4270 1110 4337 ergo
1159 4247 1423 4318 accedit
1472 4253 1709 4319 Comes
1759 4250 1829 4318 in
1881 4270 2001 4339 spe
2043 4249 2496 4333 habitantem,
2535 4265 2600 4320 et
2632 4274 2821 4322 seor-

278 4355 432 4404 sum
484 4357 745 4418 secum‚
799 4348 866 4406 et
910 4359 1071 4407 cum
1127 4341 1258 4407 Deo
1319 4350 1734 4408 versantem.
1784 4338 2058 4408 Accedit
2101 4351 2326 4408 autem
2382 4340 2483 4411 ira
2531 4340 2815 4430 plenus;

275 4434 341 4491 et
387 4424 615 4493 statim
665 4425 729 4495 ei
779 4426 1021 4518 plagas
1070 4426 1347 4517 infligit,
1385 4438 1450 4497 et
1482 4425 1780 4497 ferreum
1832 4426 1895 4496 ei
1925 4427 2181 4499 collare
2208 4428 2542 4521 imponit:
2580 4441 2643 4499 et
2667 4451 2817 4498 earn
