3347 4999
703 308 786 372 50
1521 316 1599 366 nn
1647 320 1704 365 s.
1759 318 2002 366 savona
2051 317 2234 366 com-u
2889 301 3068 367 OCT.
3137 304 3170 366 1

604 405 891 474 Vivebat
925 413 1154 471 tamen
1192 400 1610 469 monachum
1648 398 1904 479 laicuS,
1941 411 2007 468 et
2041 398 2218 467 inter
2256 398 2630 469 officiosam
2689 398 2925 488 populi
2976 399 3182 469 mul-

611 493 980 565 titudinem
1033 512 1386 576 nunquam
1438 509 1597 559 eum
1629 487 1987 557 deserebat
2020 487 2161 568 illa,
2205 510 2416 575 quam
2456 488 2690 557 animo
2723 502 3172 578 conceperat,

613 582 926 653 solitaria
971 581 1270 648 eremus.

701 673 737 757 ξ
782 675 872 741 8.
929 674 1192 737 Interea
1238 666 1511 755 conjux,
1566 686 1744 752 quae
1790 677 1854 734 et
1897 666 2046 755 ipsa
2081 664 2367 734 viriliter
2401 664 2467 732 in
2509 664 2852 735 mandatis
2885 665 3176 735 Domini

615 757 979 837 militabat,
1011 756 1302 825 decurso
1331 756 1503 824 vitae
1543 755 1927 844 praesentis
1962 753 2206 834 stadi0,
2241 753 2326 822 de
2359 752 2780 823 habitatione
2817 753 3178 823 tenebrosi

615 847 827 917 Cedar
857 846 942 915 ad
981 846 1293 914 bravium
1330 864 1671 932 supernae
1723 842 2298 912 remunerationis
2328 841 2761 924 adsciscitur,
2801 855 2866 912 et
2896 864 2980 911 ne
3014 864 3174 911 ma-

616 935 762 1005 litia
812 946 1107 1003 mutaret
1148 944 1444 1003 mentem
1494 932 1668 1022 ejus,
1707 931 1792 1002 de
1845 931 2185 1021 praesenti
2234 931 2466 1001 seculo
2502 953 2798 1018 nequam
2834 931 3166 1020 eripitur.

616 1025 826 1115 Cujus
874 1022 1086 1092 funus
1138 1021 1390 1090 viduus
1442 1020 1733 1089 maritus
1782 1020 1872 1089 ita
1921 1043 2124 1109 aegre
2174 1032 2577 1109 prosecutus
2638 1034 2762 1100 est,
2818 1033 2894 1089 ut
2945 1041 3174 1109 prope

614 1113 764 1203 ipse
816 1122 1193 1181 moreretur
1224 1123 1288 1180 et
1328 1111 1420 1178 ita
1470 1131 1542 1179 se
1590 1109 1922 1178 convertit
1968 1108 2054 1177 ad
2106 1109 2501 1188 Dominum,
2537 1122 2614 1178 ut
2660 1110 2810 1199 ejus
2869 1123 3171 1177 mortem

616 1214 889 1290 optasse
940 1200 1303 1268 videretur.
1355 1203 1525 1266 Tum
1578 1220 1758 1279 ver0,
1813 1197 2087 1268 afflante
2143 1197 2403 1287 Spiritu
2452 1202 2745 1279 Sancto,
2801 1198 2953 1267 navi
3013 1197 3171 1267 ium

618 1290 833 1360 maris
882 1288 1093 1376 hujus
1140 1286 1354 1357 seculi
1391 1287 1547 1356 totis
1578 1286 1747 1357 velis
1796 1286 2175 1375 ingressuS,
2229 1286 2412 1373 quod
2462 1285 2583 1354 diu
2617 1288 2849 1355 animo
2898 1286 2980 1354 de
3017 1286 3171 1355 ibe-

616 1390 824 1458 rarat,
884 1375 1424 1466 praesentialiter
1455 1395 1767 1444 exercere
1815 1396 1948 1444 non
2001 1387 2241 1454 cessat,
2297 1375 2596 1444 secunda
2643 1397 2970 1446 recusans
3021 1397 3175 1443 ma·

619 1467 981 1537 trimoma:
1009 1478 1085 1534 ut
1112 1486 1268 1534 eum
1304 1464 1723 1553 intelligeres
1752 1485 1885 1532 non
1915 1464 2037 1533 diu
2060 1463 2357 1533 voluisse
2387 1464 2639 1533 servire
2663 1463 2887 1534 officio
2915 1464 3172 1553 conju-

667 1555 794 1624 ali:
848 1554 1031 1640 quod
1098 1575 1451 1639 nunquam
1514 1552 2037 1642 assumpsisset,
2097 1551 2229 1623 nisi
2278 1554 2487 1621 causa
2540 1552 2999 1641 procreandae
3050 1554 3168 1622 so-

615 1579 818 1714 gotis.
873 1649 1114 1732 Magno
1161 1641 1358 1729 quasi
1407 1641 1719 1731 expletus
1764 1663 1992 1720 onere,
2048 1653 2258 1710 totum
2303 1663 2375 1709 se
2421 1640 2503 1709 ad
2545 1642 2660 1710 Dei
2697 1642 2964 1711 cultum
2996 1663 3170 1713 con-

616 1745 894 1810 vertere,
949 1731 1121 1800 nihil
1178 1742 1441 1821 praeter
1489 1729 1757 1799 coelum
1806 1731 2137 1819 cogitare,
2195 1742 2260 1798 et
2305 1731 2499 1816 quasi
2554 1752 2626 1800 se
2675 1730 2989 1800 relictum
3039 1752 3169 1820 ge-

614 1844 833 1900 mens,
865 1821 1251 1908 frequenter
1277 1820 1344 1888 in
1370 1841 1495 1888 suo
1522 1818 1727 1887 corde
1753 1818 2051 1887 clamare
2079 1842 2092 1885 ;
2127 1819 2405 1899 Quando
2429 1820 2696 1887 veniam
2735 1830 2796 1889 et
2822 1820 3167 1910 apparebo

614 1921 769 1980 ante
815 1912 1060 1999 faciem
1099 1910 1269 1978 Dei?
1336 1907 1653 1993 Illudque
1715 1907 2176 1995 Apostolicum
2230 1907 2409 1976 intra
2458 1929 2528 1976 se
2579 1908 2968 1977 revolvens:
3029 1908 3174 1986 Qut·

612 2004 843 2068 volunt
892 2000 1131 2067 divites
1189 1999 1376 2087 fieri,
1432 1996 1736 2065 incidunt
1799 1998 1868 2065 in
1932 1998 2327 2065 tentationes
2391 2006 2452 2065 et
2520 1999 2836 2087 laqueum
2908 1998 3178 2066 diaboli

610 2086 709 2175 (t.
770 2090 929 2156 Tt'm.
986 2087 1114 2175 v1);
1165 2084 1494 2173 quicquid
1546 2084 1845 2153 donativi
1885 2090 2143 2175 Regum
2189 2084 2460 2175 largitio
2494 2085 2896 2165 contulerat,
2935 2084 3001 2153 in
3040 2085 3168 2153 sti-

615 2198 768 2276 pem
826 2196 1205 2266 pauperum
1259 2172 1730 2254 transferebat,
1784 2173 1957 2243 dans
2004 2173 2423 2262 exemplum,
2472 2173 2816 2259 quomodo
2848 2173 3170 2242 camelus

613 2278 871 2333 lutrare
923 2264 1134 2352 possit
1182 2263 1248 2331 in
1301 2261 1605 2332 foramen
1658 2285 1864 2332 acus:
1910 2262 2256 2349 quomodo
2283 2261 2540 2330 animal
2595 2276 3002 2342 tortuosum,
3039 2261 3167 2330 de-

614 2354 837 2453 posita
886 2353 1077 2453 gibbi
1128 2352 1423 2431 sarcina,
1455 2353 1769 2421 assumat
1799 2350 1927 2420 sibi
1967 2373 2227 2442 pennas
2260 2351 2645 2432 columbae,
2676 2365 2741 2421 et
2772 2350 3169 2438 requiescat

611 2463 683 2511 ln
736 2464 948 2512 ramis
997 2441 1285 2522 arboriS,
1339 2462 1515 2528 quae
1562 2439 1645 2510 de
1695 2440 1960 2529 sinapis
2008 2454 2308 2510 semente
2357 2442 2752 2511 succrescit.

700 2533 736 2618 ξ
785 2537 868 2603 4.
925 2537 1016 2600 Ea
1068 2543 1462 2619 tempestate
1512 2534 1752 2599 beatus
1781 2529 2132 2600 Amandus
2157 2529 2213 2609 *,
2255 2529 2358 2598 vir
2395 2530 2841 2618 apostolicus,
2880 2544 2945 2599 et
2977 2541 3170 2598 totus

611 2641 691 2689 ex
741 2620 1110 2689 virtutibus
1158 2618 1400 2698 sactuS,
1456 2619 1774 2688 florebat:
1828 2619 1947 2704 qui
2000 2640 2134 2686 non
2188 2618 2443 2687 veritus
2485 2641 2606 2708 pro
2658 2620 2935 2688 nomine
2989 2624 3168 2687 Jesu

608 2708 1068 2778 contumelias
1121 2708 1281 2797 pati,
1328 2730 1464 2794 quo
1512 2707 1817 2796 amplius
1868 2707 2227 2796 gentilium
2280 2707 2543 2775 audivit
2590 2707 2999 2777 debacchari
3054 2706 3172 2777 su-

612 2819 860 2877 rorem‚
916 2796 1222 2867 Gandam
1276 2797 1600 2875 accessit,
1655 2808 1956 2866 castrum
2008 2817 2222 2884 super
2268 2795 2405 2866 duo
2455 2796 2771 2876 flumina,
2831 2795 3156 2865 Scaldem

607 2899 672 2956 et
721 2888 995 2974 Legiam
1044 2886 1522 2965 constitutum,
1580 2885 1865 2974 ipsaque
1913 2907 2033 2953 sua
2089 2897 2243 2953 nota
2293 2885 2696 2972 antiquitate
2728 2885 2791 2953 id
2830 2885 3168 2974 temporis

607 2975 898 3044 celebre.
955 2979 1185 3044 Genus
1236 2975 1623 3052 hominum,
1678 2995 1757 3042 eo
1796 2973 2364 3061 superstitiosius,
2394 2995 2529 3061 quo
2561 2976 2795 3044 animo
2821 2973 3158 3043 ferocius:

607 3085 822 3149 eoque
874 3064 1172 3133 inscium
1224 3085 1389 3132 suae
1439 3063 1504 3130 in
1559 3061 1824 3131 Christo
1869 3061 2381 3151 redemptionis,
2419 3085 2558 3149 quo
2585 3063 2918 3132 hactenus
2959 3063 3163 3152 igna-

608 3174 760 3221 rum
809 3152 1230 3221 Christianae
1261 3151 1633 3242 religionis
1672 3151 1978 3220 Tradunt
2014 3151 2198 3220 hunc
2230 3150 2456 3220 locum
2489 3151 2726 3238 Caium
2766 3157 3158 3232 Caesarem,

608 3239 827 3309 Gallia
877 3241 1205 3310 diuturno
1254 3241 1432 3309 bello
1473 3240 1758 3320 domita,
1813 3239 2228 3321 condidisse,
2265 3254 2330 3314 et
2367 3262 2447 3308 ex
2479 3241 2757 3309 nomine
2789 3262 2940 3321 δυο,
2974 3246 3163 3309 Gan-

607 3327 763 3397 dam
835 3351 1079 3398 nomen
1131 3330 1192 3398 ei
1248 3329 1605 3399 indidisse.
1677 3335 1844 3399 Nam
1903 3350 2064 3398 cum
2116 3328 2182 3396 in
2234 3328 2616 3398 citeriorem
2671 3329 3147 3418 Hyberniam,

607 3439 787 3505 quae
836 3439 1021 3486 nunc
1068 3416 1310 3508 Anglia
1369 3431 1837 3507 nuncupatur,
1892 3439 2082 3485 arma
2137 3430 2427 3506 pararet,
2482 3417 2622 3485 illic
2724 3417 2938 3487 utavit
2988 3418 3164 3505 hye-

606 3505 970 3586 mandum,
1018 3507 1117 3575 vel
1172 3520 1445 3596 propter
1491 3508 1664 3576 situs
1714 3529 1800 3596 op
1855 3507 2321 3586 ortunitatem,
2367 3510 2548 3592 aqua
2585 3506 2644 3574 vi
2700 3505 3001 3576 elicetac
3039 3528 3165 3594 pa-

602 3595 789 3664 bulov
818 3594 1143 3664 exercitui
1192 3595 1360 3664 satis
1408 3618 1754 3684 superque
1802 3530 2148 3664 flabilem:
2206 3594 2306 3663 vel
2338 3608 2616 3684 propter
2648 3595 2857 3663 maris
2889 3593 3164 3664 brevis-

604 3685 856 3753 simum
907 3685 1271 3754 transitum
1322 3684 1387 3752 in
1442 3683 1769 3766 insulam,
1803 3707 1916 3753 sex
1973 3706 2106 3753 non
2153 3683 2457 3773 amplius
2501 3682 2849 3753 milliariis
2889 3682 3164 3751 distan-

603 3785 823 3842 tem...
876 3778 1010 3843 Nos
1061 3795 1213 3842 vero
1263 3773 1740 3860 antiquitatem
1792 3772 1921 3842 loci
1971 3795 2051 3842 ex
2098 3795 2177 3843 eo
2241 3785 2421 3842 recte
2468 3771 2911 3862 colligimus,
2966 3772 3160 3858 quod

602 3861 930 3950 pleraque
982 3862 1282 3931 vidimus
1331 3863 1743 3951 ibi.reperta
1791 3861 2073 3943 indicia,
2109 3873 2341 3952 utpote
2372 3862 2552 3929 muri
2590 3874 2654 3930 ct
2705 3860 3154 3931 vasculorum

598 3951 771 4019 cocti
825 3951 1077 4019 lateris.
1133 3956 1506 4030 Praeterea,
1559 3951 1742 4038 quod
1795 3952 2052 4020 mirum
2105 3949 2390 4020 forsitan
2443 3949 2696 4038 legenti
2749 3950 3102 4019 videbitur
3135 4003 3152 4030 ‚

597 4038 818 4109 ferrea
863 4040 1116 4108 diversi
1166 4063 1369 4110 sexus
1417 4054 1479 4110 et
1529 4040 1769 4109 aetatis
1817 4039 2314 4120 calceamenta,
2373 4038 2726 4126 multaque
2774 4038 2844 4107 id
2896 4060 3160 4129 genus,

595 4150 773 4215 quae
823 4151 946 4198 nos
996 4128 1195 4199 facile
1246 4130 1314 4197 in
1366 4151 1732 4201 assensum
1784 4129 2215 4216 antiquitatis
2263 4141 2544 4219 cogunt.

689 4225 726 4298 ἓ
775 4223 862 4288 5.
916 4223 1067 4287 Huc
1120 4232 1437 4309 respectu
1484 4219 1720 4287 omnia
1774 4219 2162 4287 miserantis
2213 4219 2328 4287 Dei
2379 4217 2482 4287 vir
2520 4229 2803 4287 sanctus
2836 4239 2997 4286 cum
3044 4238 3162 4285 ve-

601 4305 836 4387 nisset,
890 4321 955 4376 et
1004 4306 1267 4390 locum,
1325 4309 1392 4377 in
1444 4330 1581 4395 quo
1647 4308 1851 4377 totius
1914 4329 2085 4397 pene
2139 4307 2325 4378 orbis
2385 4307 2752 4377 daemonia
2820 4305 3020 4393 quasi
3083 4305 3160 4373 iu

649 4435 675 4461 ¹*
705 4434 807 4476 Sur.
830 4431 1014 4481 V01,11,
1033 4444 1077 4484 p.
1110 4437 1196 4474 159.
