3347 4999
212 308 380 374 OCT.
436 310 514 372 117
1085 327 1164 372 na
1212 326 1267 372 s.
1321 322 1617 372 nssnwies
1663 326 1855 373 VIDUA
2521 306 2646 372 3503

212 413 392 480 enim
441 424 505 480 et
554 408 693 491 illa,
731 422 907 479 etex
940 410 1224 479 adverso
1252 408 1459 479 frater
1496 410 1915 489 Herbordus,
1957 431 2155 500 saepe
2206 432 2328 499 pro
2374 409 2733 479 devotione

211 520 427 585 usque
477 498 644 567 adeo
678 511 941 589 raptam
993 499 1265 588 spiritu,
1301 511 1377 567 ut
1429 512 1606 568 esset
1643 499 2092 568 insensibilis.
2141 504 2416 568 Cosmas
2462 519 2737 586 quoque

211 601 535 657 strenuus
570 586 789 667 mileS,
829 588 899 655 in
935 588 1084 675 ejus
1133 586 1510 656 ministerio
1545 586 1853 668 sedulus,
1907 587 2131 656 dicere
2180 586 2478 657 solebat:
2517 610 2552 653 «
2586 591 2740 656 Sae-

210 697 588 766 penumero
626 697 783 746 cum
827 675 1108 745 domina
1160 696 1311 743 mea
1350 675 1694 766 Hedwigis
1748 687 1924 744 esset
1966 676 2034 744 in
2071 675 2412 765 precibus,
2469 676 2744 764 negotia

205 765 544 853 quaedam
585 785 690 833 me
723 762 909 832 illam
943 763 1132 832 adire
1164 764 1519 853 cogebant,
1560 765 1919 853 reperique
1957 786 2105 833 eam
2142 763 2310 832 adeo
2344 786 2383 831 a
2417 764 2743 833 sensibus

212 855 651 933 abstractam,
703 864 781 922 ut
816 872 922 922 me
960 874 1191 922 coram
1225 853 1373 942 ipsa
1423 865 1715 921 stantem
1754 874 1887 921 non
1924 865 2273 931 cerneret,
2321 851 2537 920 donec
2590 864 2744 940 post

207 942 492 1032 longum
537 954 667 1009 tem
723 940 862 1009 oris
911 942 1212 1030 spatium
1261 940 1347 1009 ad
1397 962 1468 1012 se
1522 942 1867 1023 rediret.»
1911 945 2041 1010 Sur
2090 941 2243 1010 ebat
2276 940 2553 1009 animus
2591 940 2742 1027 ejus

207 1054 247 1100 a
277 1030 572 1120 cognitis
606 1052 644 1099 a
724 1030 1095 1119 incognita,
1132 1051 1339 1116 seque
1371 1028 1456 1098 de
1490 1030 1774 1099 terrenis
1800 1029 1883 1098 ad
1917 963 2235 1099 coeffestia
2267 1028 2736 1108 transferebat,

212 1132 416 1206 atque
457 1140 490 1186 a
535 1118 921 1188 visibilibus
967 1118 1050 1187 ad
1105 1118 1473 1187 invisibilia
1509 1140 1579 1188 se
1616 1117 2018 1199 conferam,
2070 1119 2139 1186 in
2193 1118 2453 1207 pulcris
2486 1137 2744 1207 cogno-

209 1206 1030 1287 scebatPulcberrimum,
1060 1229 1185 1276 nec
1207 1208 1370 1276 satis
1404 1220 1661 1296 poterat
1683 1207 1750 1275 in
1787 1207 2119 1276 creaturis
2157 1206 2739 1296 magnificentiam

211 1295 545 1366 Creatoris
579 1296 929 1365 admirari.
986 1299 1197 1385 Saepe
1229 1295 1451 1365 oculis
1488 1297 1557 1365 in
1608 1295 1874 1365 coelum
1916 1295 2242 1376 intentiS,
2300 1294 2617 1364 studebat
2662 1316 2742 1363 ex

207 1386 351 1455 visa
395 1383 750 1455 stellarum
802 1383 1107 1453 claritate
1154 1397 1218 1454 et
1256 1384 1426 1453 coeli
1476 1385 1723 1474 specie,
1770 1383 2072 1453 vivacius
2128 1383 2436 1453 coelestis
2485 1383 2743 1472 patriae

207 1494 443 1544 amore
482 1484 547 1541 et
579 1471 917 1542 desiderio
952 1473 1396 1542 inflammari.
1436 1479 1512 1542 Et
1556 1473 1965 1564 plerumque
1999 1494 2162 1542 sane
2200 1496 2277 1542 ex
2325 1471 2627 1541 siderum
2677 1483 2743 1540 et

208 1583 578 1665 corporum
611 1561 1003 1630 coelestium
1054 1562 1650 1652 contemplatione,
1703 1562 1918 1630 animi
1974 1562 2252 1631 obtutus
2307 1562 2374 1628 in
2421 1565 2742 1630 Summae

213 1650 586 1738 MaJestatis
628 1650 951 1719 thronum
1000 1650 1362 1739 defigebat,
1429 1651 1782 1737 divinique
1837 1649 2223 1738 splendoris
2280 1649 2509 1718 radios
2557 1653 2745 1718 tanta

209 1741 400 1809 intus
439 1739 639 1827 copia
671 1739 1113 1828 percipiebat,
1164 1750 1244 1808 ut
1280 1740 1481 1808 etiam
1518 1740 1942 1808 extrinsecus
1979 1750 2207 1828 posset
2245 1738 2737 1807 animadverti:

212 1826 559 1915 siquidem
601 1848 853 1916 corpus
894 1827 1046 1914 ejus
1080 1828 1266 1896 clara
1314 1828 1465 1897 luce
1503 1827 2004 1897 circumfusum
2041 1881 2056 1907 ,
2120 1840 2184 1896 et
2243 1839 2420 1895 terra
2473 1828 2542 1895 in
2584 1829 2745 1895 aera

213 1915 567 1986 sublatum
635 1915 1063 1996 cernebatur,
1119 1928 1194 1986 ut
1237 1914 1364 1985 fuit
1418 1916 1851 1986 observatum
1908 1937 1943 1983 a
1997 1915 2443 2003 quibusdam.
2499 1920 2595 1983 Ita
2638 1915 2743 1982 ni-

213 2005 475 2074 mirum
513 2004 627 2072 lux
677 2003 797 2072 illa
832 2005 1121 2074 exterior
1148 2016 1212 2074 et
1245 2004 1536 2075 visibilis
1571 2003 2023 2094 praesentiam
2070 2004 2243 2073 lucis
2282 2015 2617 2084 aeternae,
2672 2003 2742 2071 in

209 2094 449 2161 anima
485 2090 841 2172 radiantis,
893 2106 957 2162 et
1003 2093 1309 2183 corporis
1341 2093 1720 2163 sublevatio
1752 2092 1999 2161 mentis
2037 2093 2106 2161 in
2150 2098 2361 2162 Deum
2398 2103 2745 2182 porrectae

213 2181 659 2249 elevationem
694 2181 1107 2252 declarabat.
1164 2183 1302 2252 Sub
1350 2181 1602 2252 divinis
1635 2179 1880 2251 officiis
1930 2179 2104 2249 nulli
2152 2181 2440 2250 faciebat
2472 2181 2742 2270 copiam

211 2290 450 2338 secum
489 2267 837 2354 loquendi,
883 2269 1017 2337 nisi
1055 2269 1224 2339 forte
1271 2292 1474 2339 casus
1523 2270 1774 2357 aliquis
1830 2269 2249 2358 inopinatuS,
2303 2283 2422 2340 aut
2463 2269 2745 2338 inevita-

212 2356 378 2427 bilis
431 2358 799 2426 necessitas
856 2357 1257 2428 incidisset:
1312 2358 1708 2428 indecorum
1764 2357 1966 2448 plane
2012 2372 2075 2427 et
2112 2359 2471 2449 indignum
2515 2358 2745 2427 existi-

214 2466 417 2514 mans
456 2445 707 2515 divinis
754 2444 1045 2532 eloquiis
1085 2446 1425 2517 humanos
1459 2447 1926 2518 intermiscere
1959 2469 2334 2528 sermoneS,
2391 2447 2606 2517 nulla
2633 2469 2744 2516 ra-

216 2533 532 2603 tionabili
580 2533 683 2603 vel
738 2549 1022 2624 urgente
1061 2539 1270 2605 causa
1317 2536 1658 2605 diversum
1726 2550 2108 2625 opportune
2163 2538 2518 2626 exigente:
2581 2558 2741 2605 curn

216 2644 354 2692 non
388 2622 629 2693 debeat
660 2624 1028 2711 quisquam
1064 2624 1473 2712 permittere,
1511 2639 1588 2695 ut
1634 2645 1755 2715 per
1793 2623 2007 2696 alium
2062 2625 2424 2695 frustretur
2455 2646 2532 2694 ea
2580 2645 2745 2693 con-

211 2711 569 2792 solatione,
609 2733 817 2799 quam
872 2724 1087 2802 potest
1117 2734 1197 2782 ex
1232 2717 1362 2783 Deo
1392 2734 1657 2802 capere.

304 2804 342 2888 ξ
391 2806 553 2872 28.
606 2801 744 2870 Etsi
778 2822 933 2871 vero
966 2800 1159 2870 beata
1196 2802 1358 2871 haec
1394 2824 1465 2873 se
1498 2802 1862 2892 diligenter
1899 2801 2188 2882 celaret,
2253 2823 2337 2870 ne
2377 2813 2738 2880 secretum,

210 2888 399 2978 quod
453 2888 626 2959 inter
674 2895 884 2959 Deum
919 2903 984 2958 et
1016 2891 1241 2980 ipsam
1273 2890 1623 2981 agebatur,
1662 2890 1804 2959 ullo
1854 2903 2050 2980 pacto
2097 2890 2419 2976 cuiquam
2479 2890 2745 2958 innote-

215 2987 455 3058 sceret,
509 2991 578 3046 at
620 3000 740 3068 per
785 2979 1056 3070 rugitus
1113 2991 1334 3048 tamen
1392 2994 1458 3049 et
1516 2979 1840 3069 suspiria,
1884 3000 2059 3065 quae
2106 2980 2558 3077 comprimere
2608 2998 2741 3046 non

214 3077 501 3159 poterat,
557 3089 717 3157 prae
765 3068 1019 3137 amoris
1052 3069 1116 3136 vi
1148 3079 1214 3137 et
1259 3068 1635 3138 devotionis
1668 3067 2056 3146 dulcedine,
2101 3088 2377 3156 saepius
2410 3065 2747 3156 prodeba-

214 3169 354 3225 tur.
398 3159 474 3222 Et
501 3157 816 3242 quamvis
847 3156 930 3225 ad
968 3157 1332 3237 orandum,
1381 3158 1525 3225 loca
1566 3168 1845 3234 secreta,
1883 3168 2219 3243 quantum
2260 3154 2362 3225 fas
2394 3167 2591 3236 esset,
2630 3154 2746 3222 de·

212 3243 460 3331 ligeret
490 3258 557 3312 et
583 3256 867 3333 optaret,
906 3258 983 3314 ut
1011 3246 1438 3325 suavitatem,
1476 3265 1681 3331 quam
1724 3243 2056 3312 divinitus
2142 3243 2535 3333 ercipiebat,
2573 3242 2748 3311 citra

211 3330 794 3421 impedimentum
849 3333 1119 3404 avidius
1177 3334 1454 3403 haurire
1512 3344 1785 3421 posset:
1838 3343 1906 3400 at
1954 3331 2100 3400 nihi
2132 3353 2171 3400 o
2227 3333 2463 3402 minus
2512 3331 2748 3400 divina

209 3419 467 3499 officia,
532 3440 707 3506 quae
759 3420 1032 3510 publice
1079 3433 1546 3510 peraguntur,
1594 3419 1867 3490 nolebat
1927 3420 2241 3510 privatim
2284 3421 2471 3490 domi
2510 3432 2627 3490 aut
2673 3420 2747 3488 in

210 3507 527 3580 conclavi
560 3528 686 3579 suo
717 3508 981 3589 audire,
1010 3520 1088 3578 ut
1113 3509 1330 3578 solent
1356 3529 1855 3595 nonnunquam
1892 3509 2239 3598 principes
2268 3522 2332 3579 et
2366 3521 2742 3600 magnates:

213 3597 339 3668 sed
374 3618 644 3684 semper
682 3596 754 3665 in
784 3596 1073 3667 ecclesia
1124 3618 1357 3686 preces
1392 3609 1784 3679 nocturnas,
1824 3618 1997 3683 quas
2045 3599 2409 3668 Matutinas
2456 3608 2743 3677 vocant,

210 3688 516 3771 itemque
548 3685 1000 3774 vespertinas,
1044 3696 1109 3754 et
1141 3685 1441 3764 Missam,
1493 3697 1696 3772 atque
1743 3686 1915 3755 alias
1956 3687 2070 3755 Dei
2117 3686 2357 3756 laudes
2395 3709 2625 3756 coram
2676 3706 2748 3754 se

212 3773 485 3843 volebat
517 3794 678 3842 cum
713 3785 920 3843 cantu
949 3772 1345 3843 solemniter
1373 3773 1730 3844 celebrari.
1766 3779 2001 3861 Itaque
2034 3774 2119 3843 ad
2155 3775 2434 3864 signum
2467 3796 2747 3865 precum

215 3875 715 3933 nocturnarum
776 3882 931 3930 mox
968 3884 1124 3931 cum
1172 3863 1416 3950 juncta
1471 3862 1599 3932 sibi
1646 3862 1910 3933 familia
1957 3862 2039 3931 ad
2089 3863 2444 3932 ecclesiam
2511 3883 2753 3954 prope-

217 3952 438 4033 rabat,
480 3972 615 4021 non
670 3949 837 4031 lut0‚
898 3971 1033 4019 non
1069 3949 1370 4032 nivibus,
1410 3972 1545 4021 non
1579 3950 1853 4041 frigore,
1895 3972 2030 4021 non
2068 3951 2322 4042 pluvia,
2372 3973 2506 4022 non
2561 3972 2755 4040 aspe-

217 4039 417 4108 ritate
457 4039 621 4121 ulla,
667 4038 769 4108 vel
814 4039 992 4110 aeris
1046 4038 1469 4129 intemperie,
1509 4039 1701 4109 nulla
1743 4040 2040 4127 denique
2077 4042 2435 4110 occasione
2466 4059 2618 4108 eam
2651 4060 2756 4107 re-

220 4127 530 4197 tardante
563 4183 579 4211 ,
636 4128 766 4196 nisi
816 4127 984 4197 forte
1031 4128 1316 4197 adversa
1361 4127 1702 4198 laboraret
1747 4128 2160 4210 valetudine,
2198 4150 2337 4216 quo
2385 4129 2622 4197 minus
2667 4126 2754 4196 ad

220 4216 554 4306 templum
586 4238 658 4286 se
681 4215 1035 4298 conferret,
1074 4217 1383 4286 divinum
1422 4217 1563 4286 illic
1589 4216 1894 4287 officium
1925 4216 2270 4297 auditura,
2312 4217 2755 4306 quantumvis

219 4303 423 4372 etiam
476 4304 562 4373 ab
608 4306 757 4395 ejus
799 4305 1093 4396 hospitio
1148 4305 1384 4393 procul
1437 4305 1726 4375 abesset.
1792 4310 2133 4392 Quotquot
2190 4306 2446 4377 habere
2495 4317 2756 4394 poterat

219 4392 627 4475 sacerdoteS,
665 4394 784 4482 qui
815 4395 1053 4466 Missas
1078 4394 1403 4476 dicerent,
1425 4415 1661 4465 eorum
1690 4394 2002 4463 omnium
2030 4395 2395 4468 sacrificiis
2417 4394 2755 4486 singulari
