3347 4999
607 337 740 400 ⁴286
1230 355 1307 400 m:
1374 354 1466 400 ss.
1521 350 1812 407 n1ostio
1860 355 1935 400 ET
1984 352 2182 400 socus
2230 355 2347 400 mr.
2798 336 2969 401 OCT.
3024 340 3067 404 9

524 459 866 529 apparens
902 438 985 506 iis
1016 438 1136 525 qui
1185 438 1253 505 in
1301 459 1717 525 unaquaque
1765 439 2033 508 civitate
2085 439 2626 519 conveniebant,
2676 451 2741 507 et
2790 440 2873 507 de
2922 442 3066 530 pie-

514 542 660 598 tate
700 527 901 595 verba
961 526 1220 597 faciens
1281 527 1429 595 sine
1480 527 2012 607 intermissione,
2060 540 2133 595 et
2183 527 2523 596 inducens
2571 527 2917 599 auditores
2978 529 3065 599 ad

528 618 947 708 agnitionem
985 616 1156 706 ejuS,
1209 616 1328 702 qui
1367 617 1554 705 ipsos
1601 617 1879 685 creavit.
1934 660 1935 667 κ

615 709 649 793 ξ
697 712 789 776 6.
844 709 1008 773 Cum
1067 705 1164 773 sic
1225 726 1385 795 ergo
1448 706 1747 775 veritatis
1808 704 2090 773 verbum
2146 704 2681 794 praedicaretur,
2729 718 2793 775 et
2833 705 3067 776 divina

524 794 803 882 quidem
858 793 1028 861 fides
1070 792 1616 871 confirmaretur,
1670 807 2099 863 amoveretur
2131 807 2359 862 autem
2410 795 2636 864 omnis
2686 795 2875 864 fraus
2908 794 3067 863 dae-

526 906 837 963 monum,
882 881 1252 968 quemdam
1288 905 1367 950 ex
1410 882 1492 950 iis
1538 884 1655 968 qui
1700 904 1856 950 cum
1909 904 1987 950 eo
2039 882 2506 962 versabantur,
2564 883 2924 973 inclytum,
2961 885 3067 951 in-

522 993 757 1059 quam,
828 972 1249 1050 Lucianum,
1301 971 1416 1057 qui
1468 972 1670 1039 etiam
1732 970 2110 1059 presbyteri
2175 970 2508 1060 dignitate
2573 987 2717 1040 erat
2780 985 3065 1042 ornatus

521 1064 709 1150 (eum
757 1061 942 1128 enim
986 1060 1447 1145 sequebantur
1498 1058 1694 1128 multi
1745 1080 1824 1127 ex
1878 1060 1961 1128 iis
2008 1059 2125 1144 qui
2178 1060 2493 1128 virtutem
2546 1061 3060 1150 amplecteban-

524 1164 672 1218 tur:
712 1148 938 1217 simile
978 1148 1188 1227 enim,
1235 1159 1312 1216 ut
1359 1147 1634 1227 dicitur,
1689 1148 1901 1216 simili
1950 1147 2396 1236 delectatur),
2454 1148 2639 1216 misit
2690 1150 2772 1218 ad
2825 1149 3062 1218 civita-

525 1252 655 1308 tem
728 1235 995 1306 insulae
1051 1235 1525 1317 BelbecansiS,
1602 1236 2157 1324 praedicaturum
2226 1237 2582 1325 pietatem;
2651 1238 2797 1328 ipse
2860 1259 3056 1319 ver0,

525 1325 731 1396 simul
784 1347 942 1394 cum
980 1326 1279 1406 Rustico,
1318 1338 1383 1395 et
1431 1325 1841 1406 Eleutherio,
1897 1326 2250 1414 ingressus
2299 1325 2686 1395 interiorem
2741 1326 3060 1399 Galliam.

523 1438 678 1485 cum
719 1415 847 1484 hoc
889 1436 1296 1503 responsum
1333 1414 1686 1484 habuisset
1718 1414 1804 1483 ab
1838 1413 2111 1504 Angelo,
2160 1414 2340 1482 venit
2394 1416 2461 1482 in
2512 1413 2849 1485 civitatem
2887 1437 3063 1502 quae

523 1505 779 1572 dicitur
824 1503 1089 1583 Parisii,
1144 1517 1218 1571 ut
1251 1524 1408 1571 cum
1464 1504 1528 1570 in
1573 1524 1646 1581 ea
1686 1502 1965 1572 verbum
2020 1503 2424 1572 seminasset
2452 1504 2786 1592 ·³pietati5‚
2840 1516 2905 1573 et
2955 1526 3060 1572 re-

521 1593 807 1662 dimitus
855 1604 1030 1661 esset
1077 1595 1328 1661 corona
1378 1592 1713 1679 martyrii,
1759 1614 1915 1660 cum
1961 1591 2218 1660 fiducia
2253 1591 2605 1661 sisteretur
2643 1615 2874 1662 coram
2930 1599 3061 1662 Deo

522 1681 959 1771 Agonotheta,
998 1679 1181 1766 quod
1231 1680 1508 1767 quidem
1546 1692 1646 1748 est
1681 1696 2032 1749 summum
2069 1701 2305 1749 eorum
2343 1702 2520 1767 quae
2549 1681 3054 1767 desiderantur.

525 1776 689 1839 Cum
741 1791 816 1838 er
865 1790 904 1837 o
946 1770 1237 1837 venisset
1285 1769 1368 1837 ad
1427 1768 1604 1837 hanc
1655 1769 2072 1838 Parisiorum
2134 1769 2499 1850 civitatem,
2557 1781 2621 1838 et
2668 1791 2817 1838 eam
2874 1770 3059 1839 inve-

525 1860 740 1927 nisset
789 1881 830 1946 p
863 1879 1060 1925 enam
1101 1856 1598 1927 incredulitate.
1653 1879 1830 1943 quae
1868 1879 2105 1926 eorum
2162 1858 2439 1944 quidem
2470 1913 2484 1937 ,
2550 1880 2725 1944 quae
2786 1861 2854 1927 in
2909 1860 3061 1948 ipsa

520 1960 714 2017 erant
783 1945 1246 2036 pulcritudine
1293 1957 1357 2014 et
1411 1946 1808 2015 excellentia
1869 1946 2262 2015 civitatibus
2329 1947 2599 2036 magnis
2647 1961 2793 2017 erat
2854 1947 3055 2038 longe

521 2035 825 2112 inferior,
882 2036 1229 2123 impietate
1259 2046 1483 2104 autem
1522 2035 1691 2104 adeo
1738 2048 1879 2104 erat
1926 2035 2253 2104 omnibus
2294 2036 2632 2123 superior,
2675 2050 2748 2106 ut
2786 2058 2866 2103 ne
2902 2059 3060 2126 pos-

521 2138 672 2194 sent
709 2122 987 2210 quidem
1040 2145 1198 2192 cum
1251 2146 1327 2192 ea
1396 2123 1713 2204 conferri,
1765 2124 2073 2210 undique
2120 2124 2207 2193 ab
2249 2123 2674 2194 immanibus
2723 2138 3058 2214 occupata

523 2211 1071 2292 habitatoribus,
1125 2227 1188 2279 et
1255 2225 1601 2299 tamquam
1678 2212 1854 2281 vallo
1920 2212 2153 2299 aliquo
2202 2211 2396 2281 valde
2465 2214 2732 2282 munita
2815 2236 3057 2283 eorum

520 2300 945 2380 crudelitate,
989 2314 1052 2369 et
1084 2323 1231 2369 eam
1266 2302 1642 2391 opponens,
1690 2315 2037 2388 tamquam
2069 2301 2347 2387 aliquod
2384 2300 2571 2370 aliud
2603 2302 3054 2391 praesidium.

521 2389 705 2458 Adde
751 2389 933 2475 quod
968 2412 1124 2458 cum
1154 2391 1463 2459 omnium
1493 2390 1845 2459 fructuum
1881 2402 2055 2459 esset
2087 2389 2533 2470 fertilissima,
2577 2404 2639 2458 et
2674 2391 3061 2461 abundaret

521 2478 821 2548 maxima
855 2499 1081 2547 rerum
1124 2480 1434 2549 omnium
1472 2479 1693 2569 copia,
1730 2480 1912 2549 cives
1938 2501 2099 2548 suos
2133 2480 2354 2569 magis
2387 2479 2715 2550 incitabat
2747 2479 2831 2549 ad
2863 2480 3048 2549 vitia.

521 2572 686 2637 Cum
739 2568 807 2635 in
844 2567 1022 2636 hanc
1083 2589 1243 2658 ergo
1292 2571 1390 2637 sic
1438 2569 1748 2637 affectam
1803 2569 2093 2637 venisset
2162 2569 2544 2647 civitatem,
2602 2569 2835 2638 obibat
2898 2590 3056 2658 per-

521 2667 860 2736 scrutans,
915 2656 971 2725 si
1020 2678 1223 2743 quern
1267 2657 1493 2726 locum
1546 2671 1781 2747 aptum
1818 2658 2153 2726 inveniret
2190 2656 2276 2725 ad
2324 2658 2647 2743 quietem.
2696 2656 2885 2740 Quod
2930 2679 3059 2726 au-

521 2758 654 2815 tem
704 2746 1077 2832 quaerebat
1123 2757 1556 2826 consecutuS‚
1612 2766 1734 2834 pro
1786 2746 2046 2815 viribus
2092 2751 2321 2814 statim
2373 2745 2708 2835 templum
2759 2745 3050 2827 habuit;

517 2846 582 2904 et
614 2846 689 2903 ut
720 2834 840 2921 qui
877 2834 945 2902 in
999 2833 1273 2924 regione
1313 2833 1537 2904 aliena
1584 2847 1761 2904 essct
1810 2834 2060 2923 hospes
2091 2846 2156 2903 et
2185 2833 2470 2914 advena,
2518 2847 2583 2904 et
2639 2834 2889 2904 multos
2931 2835 3058 2903 ha-

519 2924 706 2993 beret
735 2923 1161 2999 adversarios
1195 2945 1314 3013 pro
1373 2935 1468 2992 ter
1491 2923 1951 2992 diversitatem
1989 2921 2362 3023 opinionis,
2397 2924 2642 2991 excitat
2673 2924 3052 2993 oratorium

518 3025 583 3082 et
630 3011 989 3102 templum,
1043 3012 1225 3099 quod
1280 3034 1321 3101 p
1353 3034 1481 3080 ane
1529 3023 1670 3081 erat
1710 3011 1901 3080 salus
1933 3033 2350 3081 animarum.
2407 3017 2570 3080 Nam
2625 3034 2782 3080 cum
2836 3012 3058 3081 maxi-

519 3123 703 3170 mam
759 3102 1028 3191 piorum
1076 3100 1588 3171 multitudinem
1625 3101 1691 3168 in
1723 3123 1801 3170 eo
1835 3113 2354 3191 congregasset,
2410 3113 2475 3169 ct
2522 3122 2733 3189 puros
2788 3100 3055 3171 sacrifi-

518 3203 779 3259 catores
830 3195 960 3258 Deo
992 3189 1436 3270 exhibuisset,
1476 3202 1788 3258 sanctum
1845 3211 2145 3279 gregem,
2204 3200 2278 3257 ut
2325 3189 2533 3257 semel
2577 3189 2826 3272 dicam,
2886 3201 3056 3258 tem-

518 3278 713 3367 plum
765 3278 1007 3358 effecit3
1042 3279 1240 3366 cujus
1270 3279 1413 3378 ipse
1447 3290 1590 3347 erat
1632 3291 1884 3368 pastor,
1943 3300 2075 3346 non
2115 3277 2604 3357 mercenarius,
2643 3277 3044 3364 quemlibet,

518 3366 636 3453 qui
679 3365 949 3433 errabat
981 3365 1477 3446 incredulitate,
1539 3368 1840 3437 veritatis
1890 3366 2123 3436 fistula
2177 3365 2263 3435 ad
2319 3365 2520 3434 fidem
2577 3367 2933 3447 revocans,
2986 3379 3055 3436 et

518 3476 634 3523 eos
698 3453 817 3540 qui
883 3474 1110 3522 errore
1178 3457 1662 3543 aegrotabant,
1732 3477 1986 3524 curans
2051 3453 2471 3523 salutaribus
2533 3455 3050 3525 medicamentis

520 3542 1061 3630 Scripturarum;
1104 3562 1216 3610 eos
1268 3555 1492 3611 autem
1543 3543 1656 3629 qui
1712 3545 1859 3634 jam
1908 3555 2102 3611 erant
2166 3543 2476 3624 contriti,
2536 3542 2849 3613 doctrina
2894 3542 3052 3611 alli-

518 3653 714 3720 gans‚
766 3644 831 3700 et
863 3631 945 3699 ad
1001 3652 1225 3699 veram
1277 3630 1539 3715 ducens
1566 3635 1952 3702 sanitatem.
2009 3632 2131 3700 Sed
2169 3645 2244 3701 ut
2276 3645 2457 3701 certa
2506 3633 2704 3702 nobis
2753 3633 2859 3701 via
2892 3653 3053 3721 pro-

516 3720 712 3788 cedat
759 3720 997 3801 orati0,
1057 3720 1183 3789 hoc
1246 3741 1517 3807 quoque
1565 3721 1715 3811 ejus
1767 3720 2197 3802 admirabile,
2262 3733 2338 3790 ut
2375 3742 2455 3789 ex
2505 3721 2692 3790 illius
2732 3721 3054 3812 Epistolis

517 3809 678 3879 sciri
729 3821 968 3898 potest,
1025 3809 1340 3877 narrab0.

603 3900 639 3985 ξ
685 3903 762 3969 ⁸2.
819 3899 1139 3987 Dionysio
1170 3910 1363 3967 erant
1410 3897 1689 3984 quidem
1743 3897 1861 3966 alii
1895 3919 2168 3986 quoque
2214 3898 2552 3978 ministri;
2608 3920 2791 3968 unus
2827 3910 3057 3967 autem

513 3988 709 4055 exiis
756 4000 900 4055 erat
928 3990 1130 4055 etiam
1176 3986 1643 4077 Demophilus,
1701 3989 1820 4074 qui
1856 3987 2025 4057 civis
2083 3998 2227 4057 erat
2275 3987 2728 4068 AtheniensiS,
2787 3987 3059 4056 habitu-

513 4096 647 4160 que
681 4088 745 4144 et
781 4076 918 4145 vita
968 4076 1369 4145 monachus.
1427 4076 1907 4146 Monachatum
1946 4089 2173 4146 autem
2224 4076 2287 4145 ei
2321 4077 2791 4165 imposuerant
2841 4097 3058 4165 purae

512 4176 576 4232 et
617 4163 832 4232 sacris
866 4164 1212 4233 initiantes
1262 4187 1508 4234 manus
1581 4165 1927 4252 Dionysii:
1981 4165 2164 4254 apud
2215 4187 2420 4254 quem
2486 4165 2615 4233 hoc
2663 4165 2811 4253 ipse
2860 4165 3057 4253 prius

510 4252 893 4322 ministerio
930 4251 1207 4323 functus
1245 4267 1411 4336 erat,
1465 4266 1540 4322 ut
1581 4266 1923 4344 praeesset
1957 4254 2194 4343 januis
2249 4253 2514 4344 templi.
2561 4258 2650 4332 Is,
2706 4275 2863 4322 cum
2923 4251 3056 4320 ali-

511 4342 790 4427 quando
851 4341 1133 4412 vidisset
1187 4364 1393 4411 suum
1454 4345 1931 4432 presbyterum
1967 4398 1982 4424 ,
2051 4343 2421 4437 quemdam
2490 4342 2785 4432 impium
2847 4355 3054 4427 atque

510 4444 933 4519 peccatorem
1008 4430 1092 4499 ad
1159 4431 1647 4517 poenitentiam
1713 4453 2169 4515 conversum,
2224 4430 2462 4520 illique
2529 4430 3041 4521 procidentem,
