3347 4999
660 324 783 387 tto
1428 339 1504 384 ni:
1553 338 1608 383 s.
1664 334 2006 383 rnaxeisco
2056 333 2239 383 conr.
2841 314 3015 382 OCT.
3079 318 3123 381 4

568 427 904 496 indicium
949 424 1380 493 existimabat
1407 422 1752 491 insolitam
1788 421 2142 490 visionem.
2173 421 2522 511 Disposuit
2554 422 2806 509 itaque,
2837 419 3127 488 divinae

566 515 796 585 adbuc
831 513 1302 604 dispositionis
1353 513 1661 603 ignarus,
1717 511 1785 579 in
1836 510 2150 600 Apuliam
2194 510 2277 579 ad
2329 509 2703 598 quemdam
2752 509 3120 580 liberalem

567 605 893 675 Comitem
946 624 1016 672 se
1053 600 1384 681 conferre,
1433 601 1498 669 in
1555 600 1777 689 ipsius
1826 620 2115 690 sperans
2169 599 2498 686 obsequio
2545 598 2758 667 decus
2814 598 3122 689 adipisci

566 692 876 773 militiae,
930 705 1007 761 ut
1054 703 1328 760 ostensa
1375 689 1508 758 sibi
1560 689 1728 758 visio
1827 688 2285 757 raetendebat.
2336 692 2639 776 Cumque
2692 688 2898 778 paulo
2963 701 3127 777 post

566 783 695 852 iter
727 803 1118 870 aggressuS,
1174 781 1405 849 iv‘isset
1452 799 1675 864 usque
1723 711 1819 846 ad)
1864 777 2240 867 proximam
2292 776 2660 858 civitatem,
2717 777 2980 847 audivit
3044 777 3123 844 in

567 883 763 940 nocte
818 870 1176 938 Dominum
1228 866 1549 936 familiari
1590 866 1719 936 sibi
1758 866 2174 936 allocutione
2223 865 2603 935 dicentem:
2661 867 3120 942 «Francisce‚

566 960 724 1047 quis
777 972 992 1048 potest
1041 956 1289 1026 melius
1338 956 1557 1024 facere
1629 955 1776 1035 tibi,
1832 955 2184 1034 doininuS,
2241 976 2325 1023 an
2379 958 2662 1025 servus?
2740 955 2967 1034 dives,
3025 977 3124 1023 an

565 1051 942 1138 pauperi»
994 1047 1113 1116 Cui
1162 1067 1319 1114 cum
1378 1044 1785 1113 Franciscus
1840 1044 2326 1132 respondisset,
2367 1043 2547 1132 quod
2602 1057 2738 1114 tam
2786 1044 3130 1114 dominus

564 1136 1028 1224 quam-diveS,
1083 1133 1303 1204 facere
1340 1132 1586 1203 melius
1629 1145 1887 1223 potest;
1942 1132 2176 1202 intulit
2224 1133 2504 1201 statim:
2565 1159 2589 1195 <x
2631 1138 2762 1202 Cur
2794 1155 2955 1234 ergo
3017 1155 3129 1201 re-

566 1226 828 1313 linquis
880 1246 1000 1315 pro
1059 1245 1251 1292 servo
1310 1223 1710 1300 Dominum,
1778 1236 1842 1290 et
1907 1243 2027 1312 pro
2099 1243 2400 1311 paupere
2476 1221 2758 1291 homine
2827 1223 3119 1290 divitem

568 1317 827 1384 Deum?
872 1338 907 1376 »
960 1319 1036 1382 Et
1075 1311 1528 1381 Franciscus:
1585 1333 1620 1376 «
1652 1311 1829 1393 Quid
1884 1332 1991 1379 me
2039 1310 2140 1381 vis
2169 1366 2184 1391 ,
2242 1309 2563 1392 Domine,
2619 1311 2887 1381 facere?
2919 1336 2946 1375 ι
2989 1316 3070 1379 Et
3105 1365 3122 1388 ,

567 1404 901 1474 Dominus
949 1400 1034 1470 ad
1085 1423 1284 1470 eum:
1345 1422 1381 1465 «
1412 1406 1765 1469 Revertere
1796 1401 1866 1468 in
1923 1413 2169 1469 terram
2211 1412 2428 1478 tuam;
2471 1401 2638 1487 quia
2672 1400 2863 1481 visi0,
2903 1421 3125 1487 quam

566 1493 820 1573 vidisti,
853 1490 1286 1580 spiritualem
1324 1489 1743 1579 praefigurat
1781 1489 2121 1568 effectum,
2157 1510 2289 1556 non
2347 1488 2674 1571 humana,
2714 1490 2832 1559 sed
2881 1489 3130 1558 divina

568 1584 637 1650 in
678 1596 739 1650 te
788 1579 1241 1669 dispositione
1271 1577 1793 1668 complendum.
1830 1601 1865 1643 »

655 1674 690 1756 ξ
738 1673 824 1742 4.
879 1674 1072 1736 Mane
1121 1669 1349 1754 itaque
1389 1657 1588 1746 factO,
1636 1689 1797 1736 cum
1849 1665 2282 1736 festinatione.
2319 1665 2680 1736 revertitur
2711 1668 3055 1739 Assisium
3091 1667 3129 1700 ³⁸

562 1781 825 1836 versus,
870 1780 1158 1827 securus
1206 1770 1270 1824 et
1318 1755 1662 1846 gaudens:
1718 1757 1966 1845 et.Jam
1996 1755 2345 1843 exemplar
2377 1754 2806 1825 obedientiae
2858 1756 3122 1830 sactus,

566 1848 1005 1936 exspectabat
1062 1845 1332 1915 Domini
1373 1845 1819 1914 voluntatem.
1882 1849 2144 1912 Extunc
2184 1866 2224 1912 a
2265 1842 2585 1933 publicae
2635 1846 3135 1935 negotiationis

566 1936 870 2006 tumultu
905 1958 975 2004 se
1010 1934 1448 2014 subtrahens,
1504 1954 1874 2022 supernam
1913 1932 2147 2002 devote
2251 1932 2609 2001 recabatur
2643 1933 3124 2008 clementiam.

563 2038 662 2106 ut,
697 2025 863 2112 quid
915 2023 1042 2094 sibi
1086 2023 1257 2091 foret
1303 2022 1694 2123 agendum,
1758 2020 2117 2090 ostendere
2178 1954 2606 2121 dignaretur.
2662 2027 2829 2092 Cum
2880 2036 3125 2092 autem

564 2136 645 2183 ex
693 2113 1033 2201 frequenti
1082 2112 1414 2181 orationis
1461 2134 1597 2181 usu
1638 2111 1922 2179 flamma
1956 2110 2278 2179 desiderii
2330 2110 2644 2181 coelestis
2684 2112 2753 2180 in
2783 2133 2865 2182 eo
2907 2111 3134 2180 vehe-

567 2216 833 2272 menter
882 2203 1365 2280 succresceret,
1408 2213 1475 2269 et
1514 2199 1660 2288 jam
1747 2221 1820 2268 ro
1854 2220 2084 2269 amore
2120 2220 2461 2289 supernae
2502 2201 2788 2289 patriae,
2846 2214 3134 2270 terrena

565 2292 801 2361 omnia
862 2290 1242 2380 despiceret
1296 2290 1496 2376 quasi
1546 2222 1756 2369 nihil),
1819 2289 2222 2359 thesaurum
2275 2288 2609 2359 sentiebat
2658 2312 2731 2360 se
2780 2290 3133 2379 reperisse

566 2379 1075 2459 absconditum,
1114 2401 1193 2448 ac
1245 2379 1427 2447 velut
1476 2377 1782 2467 prudens
1818 2378 2218 2467 negotiator,
2276 2379 2720 2467 margaritam
2763 2379 3130 2448 inventam

564 2468 1013 2560 excogitabat,
1054 2466 1346 2538 venditis
1381 2467 1732 2541 omnibus,
1787 2488 2210 2558 comparare.
2250 2465 2488 2537 Adhuc
2529 2480 2784 2550 tamen,
2819 2467 3134 2557 qualiter

565 2558 632 2628 id
676 2571 927 2659 ageret,
981 2557 1378 2647 ignorabat;
1413 2558 1547 2626 nisi
1580 2557 1745 2644 quia
1787 2557 2011 2647 ipsius
2045 2557 2547 2648 suggerebatur
2585 2558 2890 2647 spiritui,
2927 2557 3129 2644 quod

567 2647 953 2737 spiritualis
992 2647 1315 2717 mercatio
1363 2668 1402 2714 a
1444 2645 1692 2715 mundi
1741 2659 2141 2734 contemptu
2189 2659 2420 2715 sumat
2467 2647 2769 2727 initium,
2830 2646 3131 2716 Christi-

565 2759 698 2825 que
750 2735 997 2804 militia
1046 2735 1135 2804 sit
1181 2757 1217 2804 a
1254 2735 1594 2824 suiipsius
1629 2735 1910 2821 victoria
1959 2734 2375 2803 inchoanda.

657 2833 695 2906 ἓ
742 2831 830 2896 5.
871 2824 1179 2907 Quadam
1231 2825 1462 2912 itaque
1510 2824 1644 2903 die,
1704 2823 1871 2893 dum
1921 2824 2260 2911 equitaret
2309 2846 2429 2913 per
2483 2823 2866 2914 planitiem,
2939 2846 3129 2911 quae

566 2914 872 3003 subjacet
904 2914 1158 2983 civitati
1194 2913 1457 2993 Assisii,
1495 2912 1842 3002 leprosum
1878 2912 2247 2998 quemdam
2283 2912 2525 2982 habuit
2572 2914 2877 2995 obvium,
2912 2914 3129 3002 cujus

565 3003 964 3092 inopinatus
1002 3024 1334 3073 occursus
1373 3002 1436 3071 ei
1464 3023 1598 3071 non
1648 3022 1936 3089 parvum
1970 3002 2265 3072 incussit
2295 3002 2677 3073 horrorem.
2725 3008 3122 3073 Recurrens

568 3104 801 3161 autem
852 3091 937 3160 ad
988 3091 1427 3181 perfectionis
1489 3103 1715 3159 mente
1753 3091 1901 3180 jam
1952 3104 2318 3181 conceptae
2368 3093 2825 3181 propositum,
2888 3103 2954 3161 et
3016 3093 3126 3160 re·

565 3179 800 3249 colens
839 3180 1023 3267 quod
1075 3180 1382 3269 seipsum
1434 3191 1775 3269 oporteret
1826 3178 2127 3269 primum
2165 3179 2544 3261 devincere,
2585 3181 2642 3249 si
2693 3180 2892 3250 vellet
2937 3179 3126 3249 effici

566 3270 814 3338 Christi
860 3268 1081 3348 miles,
1135 3268 1219 3337 ad
1271 3267 1821 3337 deosculandum
1873 3289 2060 3350 eum,
2114 3290 2289 3355 equo
2325 3269 2585 3359 lapsuS,
2627 3270 2959 3340 adcurrit.
2993 3270 3126 3339 Cui

564 3379 721 3425 cum
762 3380 1074 3439 manum,
1110 3359 1310 3442 quasi
1360 3356 1619 3442 aliquid
1667 3369 2104 3445 accepturus,
2150 3357 2461 3447 leprosus
2494 3360 2952 3448 protenderet,
3008 3382 3126 3447 pe-

565 3446 845 3517 cuniam
883 3468 1044 3516 cum
1096 3445 1333 3515 osculo
1375 3445 1762 3533 reportavit.
1821 3445 2061 3514 Statim
2112 3458 2339 3516 autem
2390 3468 2645 3535 equum
2699 3447 3116 3527 ascendens,

566 3547 633 3604 et
682 3557 754 3604 se
805 3535 1351 3621 circumquaque
1418 3540 1843 3615 convertens,
1917 3555 2079 3603 cum
2144 3557 2438 3624 campus
2499 3549 2756 3627 pateret
2803 3537 3122 3623 undique

564 3624 760 3704 liber,
794 3624 1140 3711 leprosum
1186 3622 1383 3691 illum
1423 3623 1708 3692 minime
1756 3622 1948 3692 vidit.
2005 3623 2468 3693 Admiratione
2529 3626 2756 3712 itaque
2812 3625 3123 3716 repletus

563 3725 628 3783 et
674 3712 952 3803 gaudio,
1010 3711 1250 3781 laudes
1298 3711 1523 3802 coepit
1571 3713 1857 3782 Domino
1898 3712 2264 3783 decantare
2310 3712 2571 3800 devote3
2617 3736 3010 3805 proponens
3036 3736 3125 3783 ex

566 3802 696 3871 hoc
746 3822 1018 3892 semper
1049 3801 1429 3889 ad‘majora
1478 3801 1961 3872 conscendere.
2021 3802 2337 3872 Solitaria
2373 3803 2663 3892 proinde
2715 3803 2862 3874 loca
2908 3825 3126 3891 quae-

562 3890 774 3972 rebat,
820 3891 1042 3959 amica
1094 3889 1545 3970 moeroribuS,
1604 3892 1673 3959 in
1725 3891 1981 3979 quibus
2014 3890 2180 3959 dum
2218 3892 2593 3981 gemitibus
2623 3892 3124 3963 inenarrabili-

562 3980 699 4049 bus
747 3980 1171 4049 incessanter
1219 3978 1621 4060 intenderet,
1694 3993 1842 4069 post
1916 3980 2193 4069 longam
2272 4002 2552 4071 precum
2619 3983 3019 4052 instantiam
3079 4005 3124 4052 a

565 4068 853 4137 Domino
902 4068 1152 4137 meruit
1195 4068 1529 4138 exaudiri.
1588 4074 1761 4138 Dum
1793 4069 1978 4137 enim
2014 4090 2153 4138 una
2193 4069 2462 4140 dierum
2515 4071 2614 4141 sic
2641 4084 3123 4158 sequestratus

563 4170 806 4237 oraret,
860 4169 925 4225 et
966 4178 1126 4246 prae
1160 4158 1510 4227 nimietate
1557 4158 2058 4233 fervorisaotus
2104 4172 2283 4229 esset
2327 4160 2698 4251 absorptus
2750 4161 2818 4229 in
2866 4165 3115 4240 Deum,

562 4245 884 4335 apparuit
957 4245 1019 4314 ei
1096 4246 1405 4316 Christus
1474 4252 1680 4315 Jesus
1754 4246 1960 4316 veluti
2041 4248 2239 4317 Cruci
2315 4249 2652 4318 confixus.
2727 4248 2821 4317 Ad
2901 4249 3123 4337 cujus

616 4410 640 4429 ⁴*
670 4409 884 4449 Umbriae
914 4407 1078 4457 exigua
1106 4410 1235 4455 urbs.
1263 4407 1528 4459 Episcopali
1563 4410 1675 4449 sede
1711 4412 1894 4455 ornata,
1927 4412 1986 4452 ob
2026 4412 2068 4454 S.
2109 4410 2344 4453 Franctsci
2385 4423 2436 4454 ac
2464 4414 2505 4455 S.
2530 4414 2692 4455 Clarae
2718 4410 2924 4464 Virginis
2946 4414 3131 4459 ortum,

563 4463 688 4503 inter
708 4472 867 4504 omnes
890 4462 1005 4504 alias
1025 4465 1190 4504 Italiae
1212 4464 1367 4509 urbes,
1388 4464 1523 4512 louge
1543 4465 1964 4512 praestantissima.
3009 4492 3017 4498 -
