3347 4999
638 311 720 376 46
1402 330 1480 378 na
1528 331 1582 379 s.
1637 331 1896 379 aninmo
1943 331 2236 380 Ancauzr.
2816 322 2989 390 OCT.
3045 327 3072 394 l

551 407 650 477 vel
713 407 916 477 etiam
971 408 1467 499 temporalibus
1531 411 2053 481 necessitatibus
2116 433 2194 481 ac
2258 414 2821 489 tribulationibus
2878 426 3083 495 sentit

545 496 779 587 affligi,
810 497 962 584 ejus
985 497 1551 567 intercessionum
1574 498 1814 569 solatia
1847 500 2218 590 gemitibus
2250 515 2316 573 et
2340 502 2668 595 lacrymis
2706 524 3073 599 exspectat,

547 598 612 654 et
666 585 846 672 quod
916 608 1196 676 pauper,
1250 608 1495 657 caecus
1543 600 1747 674 atque
1794 588 2282 661 daemoniosus
2333 614 2452 681 per
2505 593 2700 664 illum
2752 599 3072 682 obtinuit,

547 695 619 743 se
657 673 896 743 solatio
945 675 1488 744 consolationum
1541 675 1848 746 obtinere
1895 678 2219 749 considat.
2272 686 2518 751 Verum
2570 683 2628 753 si
2678 685 2760 753 ad
2817 687 3077 777 primas

547 762 849 851 rogantis
910 761 1250 851 lacrymas
1317 763 1648 835 Dominus
1712 766 2030 855 precibus
2078 766 2290 858 hujus
2339 770 2809 843 intercessoris
2861 778 3075 846 nostri

547 850 981 940 respondere,
1019 851 1086 919 id
1136 863 1259 933 est,
1298 853 1552 922 erranti
1584 855 1976 941 sospitatem
2023 858 2271 927 mentis
2301 856 2487 939 dare,
2529 859 2631 928 vel
2666 883 2863 952 opem
2902 862 3076 935 ferre

548 940 1013 1011 necessitatem
1066 941 1348 1030 patienti
1396 940 1777 1012 distulerit:
1819 964 1942 1018 nec
1981 943 2081 1012 sic
2126 945 2404 1032 quidem
2440 970 2480 1017 a
2515 951 2827 1037 petend0‚
2865 975 3073 1040 quae-

545 1026 758 1098 rendo
789 1083 805 1110 ,
862 1028 1200 1129 pulsando
1247 1028 1718 1101 desistendum
1781 1042 1921 1113 est,
1977 1053 2196 1120 neque
2244 1034 2659 1135 impetrandi
2709 1039 3074 1112 subeunda

545 1115 976 1206 desperatio:
1027 1117 1141 1187 sed
1196 1130 1382 1187 tanta
1433 1118 1658 1208 potius
1709 1121 2279 1209 perseverandum
2334 1126 2658 1196 instantia
2694 1182 2709 1209 ,
2765 1141 2900 1197 tam
2951 1130 3074 1200 ob-

545 1205 792 1275 stinato
838 1204 1378 1293 frequentandus
1423 1217 1560 1289 est,
1612 1230 1771 1278 cum
1824 1208 2431 1283 intercessionibus
2478 1214 2690 1301 hujus
2788 1229 3073 1289 rotecto-

546 1293 643 1364 ris
679 1306 744 1363 et
781 1294 1119 1383 adjutoris
1155 1294 1367 1364 nostri
1400 1294 1722 1379 clamore,
1782 1297 2107 1380 Salvator,
2152 1298 2367 1370 donec
2403 1313 2468 1370 et
2521 1303 2667 1393 ipse
2771 1327 2807 1374 e
2865 1307 3074 1378 coelis

547 1383 832 1452 Domino
882 1404 1005 1473 pro
1053 1383 1515 1473 supplicatore
1561 1407 1688 1455 suo
1737 1385 2119 1476 supplicet:
2175 1388 2410 1475 sicque
2457 1390 2593 1471 fiet,
2639 1408 2716 1464 ut
2763 1395 2819 1463 si
2882 1417 3075 1465 men-

546 1481 679 1540 tem
729 1473 816 1541 ab
864 1472 1242 1542 intentione
1281 1493 1403 1563 pro
1456 1473 1629 1543 osita
1679 1496 1812 1544 non
1853 1476 2218 1546 mutaverit
2260 1491 2590 1567 precator,
2640 1503 3074 1570 nequaquam

545 1558 773 1629 fructu
824 1560 977 1650 piae
1025 1560 1372 1651 petitionis
1432 1561 1783 1632 raudetur.
1821 1562 1945 1632 Sed
1982 1576 2047 1633 et
2080 1565 2137 1634 si
2176 1587 2297 1654 pro
2330 1589 2454 1636 sua
2487 1567 2851 1660 fragilitate
2884 1572 3067 1658 quis,

546 1670 669 1717 seu
719 1670 840 1738 pro
887 1648 1043 1718 aliis
1091 1649 1548 1733 intervenerit,
1587 1650 1954 1722 desiderati
2010 1654 2307 1742 potietur
2352 1656 2673 1729 effectus:
2722 1660 2855 1729 nisi
2904 1660 3075 1730 sorte

546 1746 881 1826 petentem
932 1759 1050 1808 cor
1097 1737 1165 1807 in
1220 1738 1539 1828 petitione
1589 1739 2139 1840 reprehenderit,
2196 1766 2353 1814 cum
2404 1746 2715 1817 resistere
2762 1770 2833 1817 se
2883 1770 3073 1838 prae·

543 1826 760 1915 ceptis
807 1827 956 1918 ejus
1006 1826 1365 1896 meminit:
1408 1828 1571 1913 quia
1618 1827 1909 1918 dignum
1963 1830 2260 1919 profecto
2306 1847 2450 1914 est,
2504 1852 2580 1905 ut
2627 1836 2711 1906 ab
2759 1836 2912 1924 ejus
2958 1837 3074 1907 be-

546 1915 811 1984 neficiis
838 1915 924 1986 sit
957 1916 1249 2003 quisque
1278 1927 1663 1999 extraneus,
1695 1918 1904 2005 cujus
1937 1917 2266 1989 nimirum
2289 1921 2723 2008 jussionibus
2760 1947 2890 1994 non
2929 1926 3074 1997 vult

545 2025 694 2073 esse
743 2004 1120 2094 subjectus.

634 2100 672 2174 ἓ
719 2100 862 2165 15.
902 2098 1049 2175 Qua
1096 2092 1165 2161 in
1218 2113 1289 2161 re
1337 2093 1465 2162 hoc
1513 2104 1614 2163 est
1659 2092 1938 2163 salubre
1987 2094 2396 2176 remedium,
2433 2109 2511 2166 ut
2557 2118 2717 2168 cum
2765 2123 2837 2171 se
2879 2122 3073 2171 mens

543 2202 623 2250 ex
673 2181 1001 2251 memoria
1048 2180 1292 2271 culpae
1340 2181 1833 2271 reprehendit,
1890 2183 2016 2253 hoc
2068 2185 2261 2272 prius
2314 2184 2381 2251 in
2448 2185 2753 2256 oratione
2800 2188 3068 2269 defleat,

543 2269 724 2357 quod
778 2269 1066 2340 erravit:
1118 2283 1461 2356 quatenus
1498 2270 1752 2339 erroris
1803 2271 2072 2341 macula
2119 2294 2278 2341 cum
2331 2271 2606 2341 fletibus
2655 2274 2946 2364 tegitur,
3005 2278 3070 2346 in

546 2358 871 2447 petitione
901 2380 1026 2428 sua
1065 2358 1293 2428 cordis
1334 2357 1542 2429 facies
1582 2359 1667 2428 ab
1702 2371 1977 2429 auctore
2018 2360 2277 2430 munda
2312 2359 2644 2430 videatur.
2680 2363 3072 2431 Curandum

544 2458 645 2516 est
689 2446 917 2528 etiam,
972 2468 1058 2517 ne
1103 2446 1188 2518 ad
1238 2446 1367 2518 hoc
1414 2470 1658 2519 rursus
1707 2451 2010 2539 proruat,
2055 2448 2237 2537 quod
2280 2470 2353 2519 se
2392 2449 2769 2521 mundasse
2803 2450 3077 2522 fletibus

544 2535 841 2605 exultat:
898 2558 1003 2618 ne,
1056 2536 1224 2606 dum
1259 2536 1516 2627 plorata
1558 2537 1804 2607 iterum
1848 2537 2052 2639 culpa
2082 2537 2556 2620 committitur,
2593 2538 2664 2608 in
2700 2552 3077 2628 conspectu

535 2624 710 2715 justi
752 2624 1013 2714 judicis
1063 2626 1210 2727 ipsa
1258 2625 1458 2695 etiam
1511 2626 1814 2696 lamenta
1862 2626 2230 2708 levientur,
2296 2637 2363 2696 et
2407 2627 2819 2697 coriterum
2882 2649 3072 2728 prae·

547 2713 742 2784 terita
788 2714 857 2782 in
911 2715 1233 2804 petitione
1281 2714 1807 2806 reprehendant.
1878 2716 2184 2786 Graviter
2246 2737 2543 2802 namque
2593 2736 3078 2804 unusquisque

543 2802 1014 2885 confunditur,
1078 2801 1356 2890 quando
1408 2801 1730 2873 mandata
1779 2805 1893 2873 Dei
1944 2803 2044 2873 vel
2094 2804 2381 2895 legendo
2432 2803 2530 2874 vel
2581 2803 2927 2875 audiendo
2979 2827 3079 2874 re·

546 2892 794 2982 spicit,
845 2913 1023 2978 quae
1062 2890 1346 2961 vivendo
1393 2893 1841 2981 contempsit:
1893 2904 1958 2961 et
2006 2892 2167 2963 inde
2214 2892 2640 2964 dubitatione
2686 2893 3021 2963 confusus
3056 2946 3072 2973 ,

544 3002 616 3049 se
662 2979 745 3049 ad
786 2980 1125 3049 orandum
1162 2985 1374 3049 Deum
1415 2981 1768 3050 convertit.
1814 2980 2003 3051 Unde
2049 2983 2337 3051 Joannis
2379 3003 2538 3051 voce
2570 2982 2825 3051 dicitur
2852 2982 3006 3073 (Ep.
3047 2985 3077 3050 I

546 3073 648 3137 Jo.
699 3090 797 3150 111,
850 3073 959 3149 2⁴,
1011 3068 1162 3158 22):
1212 3070 1291 3139 Si
1335 3091 1446 3138 cor
1474 3078 1934 3139 nostrumnon
1962 3071 2388 3175 reprehendit
2418 3094 2556 3152 ηοε,
2588 3072 2910 3162 fiduciam
2959 3071 3077 3139 ha·

546 3157 770 3225 bemus
816 3158 1001 3248 apud
1045 3163 1276 3238 Deum,
1330 3167 1394 3227 et
1440 3158 1774 3252 quidquid
1801 3161 2196 3249 petz’erzmus
2242 3160 2325 3229 ab
2373 3181 2469 3241 e0,
2526 3162 2953 3252 accipiemus.
2991 3163 3078 3227 Ac

545 3245 604 3314 si
652 3243 940 3314 diceret:
994 3245 1063 3314 Si
1112 3245 1179 3314 id
1227 3245 1410 3332 quod
1461 3247 1689 3337 praeci
1745 3246 1816 3327 it,
1852 3245 2184 3320 facimus:
2228 3248 2293 3316 id
2336 3248 2519 3335 quod
2576 3249 2911 3340 petimu8‚
2956 3246 3079 3317 ob-

544 3333 869 3403 tinemus.
936 3332 1142 3402 Valde
1189 3355 1486 3421 namque
1532 3356 1672 3425 apu
1771 3339 1982 3407 Deum
2034 3349 2322 3424 utraque
2372 3336 2538 3407 haec
2587 3337 2719 3408 sibi
2768 3357 3080 3407 necessa-

548 3422 650 3490 rio
698 3420 1060 3512 congruit,
1114 3434 1190 3492 ut
1235 3434 1301 3492 et
1358 3423 1664 3494 oratione
1722 3425 2075 3515 operatio,
2129 3437 2194 3496 et
2240 3426 2633 3515 operatione
2680 3425 2898 3494 oratio
2947 3423 3078 3493 sul·

544 3509 788 3579 ciatur.
843 3511 1019 3581 Hinc
1057 3510 1307 3579 etenim
1331 3510 1380 3580 J
1382 3513 1673 3583 eremias
1704 3513 1840 3583 ait:
1874 3516 2264 3584 scrutemur
2290 3516 2439 3583 vias
2467 3524 2751 3595 nostras,
2781 3523 2845 3583 et
2872 3534 3081 3605 quae-

543 3621 776 3668 ramus
801 3652 821 3679 ,
875 3610 939 3668 et
997 3610 1418 3670 revertamur
1464 3602 1554 3670 ad
1612 3604 2004 3672 Dominum:
2058 3606 2350 3673 levemus
2406 3603 2608 3671 corda
2652 3612 2882 3671 nost-ra
2930 3622 3081 3669 cum

545 3688 854 3757 manibus
898 3688 989 3757 ad
1034 3693 1243 3757 Deum
1290 3689 1362 3757 in
1400 3692 1609 3759 coelos
1652 3690 1711 3755 ⁴¹.
1767 3692 1923 3761 Vias
1970 3693 2222 3762 etenim
2276 3702 2544 3761 nostras
2591 3689 2910 3770 scrutari,
2949 3700 3074 3769 est,

547 3775 1035 3866 cogitationum
1087 3776 1357 3846 interna
1406 3775 1772 3849 discutere.
1827 3784 1951 3849 Cor
1984 3801 2139 3850 vero
2170 3801 2330 3849 cum
2369 3778 2693 3850 manibus
2729 3778 2927 3859 levat,
2958 3776 3082 3864 qui

548 3865 921 3935 orationem
970 3887 1169 3934 suam
1219 3866 1546 3955 operibus
1593 3868 1891 3938 roborat.
1942 3873 2109 3938 Nam
2160 3868 2478 3956 quisquis
2525 3879 2695 3949 orat,
2750 3865 2865 3937 sed
2918 3887 3082 3956 ope-

549 3953 685 4022 rari
735 3953 1167 4023 dissimulat:
1221 3975 1339 4023 cor
1388 3953 1583 4036 levat,
1637 3956 1755 4025 sed
1809 3978 2058 4029 manus
2108 3979 2243 4026 non
2295 3957 2494 4027 levat.
2549 3955 2877 4044 Quisquis
2926 3975 3082 4024 vero

548 4053 892 4142 operatur,
923 4055 988 4112 et
1018 4064 1151 4113 non
1185 4056 1370 4113 orat:
1410 4065 1658 4114 manus
1709 4044 1903 4126 levat,
1957 4059 2021 4116 et
2069 4068 2187 4116 cor
2236 4068 2369 4116 non
2421 4045 2616 4116 levat.
2648 4045 2847 4115 Juxta
2875 4048 3083 4114 Joan-

551 4151 658 4200 ms
708 4152 963 4213 vocem,
1015 4142 1179 4202 tunc
1224 4154 1342 4202 cor
1388 4132 1716 4203 fiduciam
1769 4133 1840 4203 in
1890 4134 2197 4206 oratione
2228 4134 2503 4224 accipit,
2539 4156 2698 4205 cum
2736 4133 2872 4205 sibi
2907 4135 3082 4204 vitae

550 4218 849 4332 pravitas
898 4219 1091 4290 nulla
1139 4220 1546 4292 contradicit
1575 4221 1667 4292 μ.

602 4381 629 4408 .-

602 4382 813 4485 ”fam
826 4391 896 4479 isli't'
909 4383 1076 4479 {Pinus
1094 4432 1237 4479 simul
1256 4438 1304 4481 et
1323 4447 1404 4482 cor
1421 4438 1472 4481 in
1489 4439 1675 4483 coelum
1694 4438 2060 4488 (immolavere,
2080 4438 2255 4491 optime
2274 4429 2570 4483 aeci-ratum
2589 4440 2675 4481 eat.
