3347 4999
215 326 389 391 OCT.
444 327 481 389 7
956 343 1033 388 nn
1083 343 1171 388 ss.
1229 342 1451 388 sencio
1501 344 1574 388 m·
1622 342 1863 389 saecun
1912 345 2025 389 uu.
2540 326 2668 392 239

212 426 689 497 admirabilem
729 427 1045 513 Martyris
1075 428 1558 495 constantiam.
1601 426 2101 496 Cruciabantur
2133 427 2526 508 daemones,
2570 429 2753 515 quod

211 531 403 608 parta
464 515 549 583 de
595 515 695 583 eis
746 514 1050 592 victoria,
1108 514 1172 581 in
1219 528 1591 598 conspectu
1631 515 1943 583 omnium
1982 515 2492 601 quodammodo
2543 517 2755 587 duce-

213 620 399 676 retur
446 604 513 672 in
569 602 1025 692 triumphum.
1063 603 1358 672 Lictores
1384 602 1570 683 fessi,
1602 602 1797 671 humi
1826 604 2349 672 accumbebant.
2390 611 2751 695 Martyrem

209 710 434 765 autem
482 693 740 771 videnS,
798 691 1090 760 dixisses
1130 712 1286 760 eum
1342 691 1429 760 ita
1465 713 1613 760 esse
1645 691 1991 772 affectum,
2029 706 2105 760 ut
2156 714 2288 761 non
2334 705 2468 760 tam
2514 695 2757 784 flagris

167 804 475 861 ·caesuS,
528 803 734 868 quam
787 780 1015 848 vernis
1057 780 1345 850 floribus
1385 801 1801 869 conspersus
1855 780 2216 850 videretur.
2273 781 2572 850 Tandem
2635 806 2754 872 per

204 895 406 942 voces
455 869 780 941 coelestes
815 881 1094 938 vocatus
1141 882 1243 939 est
1290 868 1372 937 ad
1425 870 1700 939 beatum
1756 867 1983 938 locum
2034 869 2308 956 quietiS,
2363 870 2594 939 anima
2636 871 2753 940 de-

205 963 430 1052 posita
478 960 547 1027 in
602 981 852 1027 manus
900 957 1192 1046 opificis.
1253 959 1692 1048 Martyricum
1746 972 1971 1026 autem
2026 959 2215 1028 illius
2262 980 2515 1048 corpus
2554 982 2589 1027 a
2647 959 2754 1029 be·

200 1052 350 1121 stiis
406 1048 683 1135 quidem
746 1046 1216 1115 devorandum
1271 1048 1584 1135 exposuit
1632 1046 1747 1115 ille
1815 1046 2034 1115 Judex
2085 1049 2394 1133 iniquuS.
2462 1052 2751 1138 Ignora-

197 1141 313 1208 bat
363 1151 626 1216 autem,
666 1135 941 1221 qualem
976 1156 1212 1203 curam
1253 1151 1441 1223 gerat
1474 1156 1709 1226 eorum
1748 1135 1866 1221 qui
1904 1136 2130 1224 ipsum
2170 1134 2494 1223 diligunt,
2558 1136 2749 1205 illius

198 1234 409 1306 DeuS,
463 1226 584 1313 qui
633 1226 833 1302 etiam
878 1222 1178 1292 ferarum
1216 1238 1530 1292 naturam
1569 1225 1696 1294 scit
1733 1224 2085 1294 traducere
2134 1224 2215 1293 ad
2273 1224 2748 1295 mansuetudi-

107 1333 121 1351 ·
198 1339 391 1397 nem,
431 1331 495 1383 et
535 1335 651 1403 per
684 1313 836 1382 illas
875 1311 1105 1381 adhuc
1145 1312 1404 1400 majora
1443 1313 1661 1382 facere
1706 1313 2060 1382 miracula.
2105 1318 2306 1382 Ferae
2339 1314 2521 1383 enim
2565 1317 2746 1383 reve-

198 1408 371 1475 ritae
414 1403 815 1480 certamiua,
870 1422 1046 1487 quae
1076 1422 1197 1489 pro
1249 1403 1492 1490 pietate.
1524 1403 1609 1470 ab
1643 1422 1721 1470 eo
1748 1416 1941 1470 erant
1973 1418 2313 1494 suscepta,
2352 1424 2485 1471 non
2523 1402 2742 1471 solum

200 1495 478 1563 nullum
515 1515 591 1561 ex
623 1491 776 1578 ejus
815 1490 1143 1559 membris
1176 1492 1461 1559 omnino
1495 1505 1770 1579 tangere
1804 1491 2319 1560 sustinuerunt:
2358 1492 2473 1560 sed
2510 1492 2741 1571 etiam,

196 1584 369 1653 dum
422 1581 505 1648 ad
560 1580 952 1669 sepulcrum
1008 1577 1295 1648 serretur
1341 1602 1376 1648 a
1431 1580 1858 1653 Christianis,
1895 1603 2048 1647 eum
2095 1580 2559 1666 sequebantur
2594 1580 2746 1648 fun-

198 1685 442 1763 gentes
493 1690 779 1739 munere
827 1667 1225 1748 satellitum,
1278 1681 1343 1737 et
1390 1669 1500 1736 Dei
1556 1668 1782 1736 hostes
1827 1683 2056 1757 aperte
2101 1680 2466 1759 arguentes
2513 1691 2747 1737 amen-

198 1764 360 1831 tiae.
417 1759 524 1827 Sic
564 1780 727 1847 ergo
765 1756 1059 1842 inclytus
1108 1757 1414 1825 Bacchus
1466 1779 1541 1825 ea
1604 1778 1781 1843 quae
1828 1757 2172 1847 cupiebat,
2215 1770 2593 1837 assecutuS,
2658 1758 2740 1826 ad

195 1848 520 1919 coelestia
571 1847 843 1915 transiit
892 1844 1307 1914 habitacula.
1462 1843 1473 1856 '

290 1940 328 2024 ξ
377 1942 523 2008 Γδ.
586 1934 864 2023 Sergius
913 1946 1137 2001 autem
1198 1933 1426 2003 socius
1470 1934 1623 2020 eius
1667 1934 1966 2010 relictus,
2017 1947 2081 2003 et
2131 1934 2438 2004 molestia
2496 1934 2743 2002 distra-

196 2027 497 2094 hebatur
534 2037 807 2112 propter
849 2022 1370 2112 separationem,
1409 2038 1471 2091 et
1509 2045 1749 2092 rursus
1785 2022 2038 2092 laetitia
2091 2037 2364 2112 propter
2401 2037 2744 2111 exspecta—

202 2116 491 2185 tionem.
529 2111 653 2180 Sed
695 2133 825 2181 non
861 2111 1167 2199 despexit
1193 2133 1349 2180 eum
1389 2133 1589 2200 aegre
1620 2112 1944 2186 ferentem
1984 2111 2483 2201 separationem
2518 2111 2744 2180 dulcis

202 2204 362 2291 ejus
390 2200 658 2269 amicus
684 2217 747 2268 et
777 2199 1140 2268 familiaris
1171 2224 1183 2267 :
1225 2200 1342 2269 sed
1379 2200 1550 2269 laeto
1581 2200 1773 2269 vultu
1813 2200 2093 2270 divinus
2121 2201 2455 2277 Bacchus,
2486 2214 2550 2269 et
2582 2223 2741 2269 con-

196 2303 397 2360 sueto
428 2289 665 2358 habitu
710 2288 985 2357 militari
1021 2303 1227 2357 noctu
1263 2289 1323 2357 ei
1359 2294 1726 2377 apparenS,
1758 2310 1916 2357 cum
1946 2290 2247 2358 amicum
2279 2291 2732 2368 convenisset,

196 2393 263 2448 et
302 2400 461 2446 eum
514 2377 933 2467 implevisset
983 2378 1312 2454 audacia,
1369 2392 1432 2446 et
1479 2377 1633 2465 ejus
1695 2378 2023 2447 discussit
2075 2378 2447 2458 tristitiam,
2489 2379 2739 2447 animi—

196 2489 334 2555 que
383 2466 922 2556 aegritudinem,
962 2479 1027 2535 et
1068 2466 1436 2536 firmiorem
1476 2466 1962 2554 fortioremque
1997 2466 2295 2537 reddidit
2342 2466 2427 2536 ad
2471 2467 2740 2557 suppli-

196 2558 331 2626 cia.
367 2557 479 2624 Die
510 2570 733 2625 autem
770 2556 1105 2641 sequenti,
1151 2562 1314 2629 Dux.
1350 2578 1591 2624 rursus
1615 2556 1863 2625 sedens
1889 2557 1955 2624 in
1997 2555 2350 2634 tribunali,
2387 2578 2543 2625 cum
2579 2557 2737 2625 bea·

198 2660 343 2716 tum
397 2660 704 2714 curasset
755 2643 1045 2735 produci
1109 2645 1420 2733 Sergium
1453 2699 1468 2723 ,
1525 2645 1869 2713 leoninam
1928 2644 2171 2733 pellem
2222 2668 2481 2714 exuens
2534 2646 2738 2713 versi-

202 2734 428 2824 pelliS,
484 2734 710 2803 induit
753 2732 997 2823 pellem
1053 2733 1161 2802 vul
1222 2734 1300 2803 is.
1355 2738 1432 2800 Et
1479 2755 1638 2803 cum
1696 2735 1762 2801 in
1814 2755 1972 2802 eum
2017 2734 2388 2820 quamdam
2433 2733 2739 2803 finxisset

195 2822 770 2902 benevolentiam,
801 2821 885 2890 ad
923 2820 1128 2889 fidem
1189 2820 1543 2891 aciendam
1581 2821 1843 2910 aliquid
1878 2822 2471 2891 accommodatum
2509 2837 2737 2891 osten-

192 2912 390 2991 dens,
446 2911 628 2997 quod
682 2910 942 2980 scilicet
999 2909 1194 2978 illum
1249 2911 1724 3000 magistratum
1777 2932 1854 2980 ex
1903 2933 1980 2979 eo
2031 2924 2273 2980 nactus
2321 2924 2521 2991 esset,
2575 2933 2733 2980 eum

191 3000 556 3070 blanditiis
613 3000 935 3068 evocabat
985 2998 1066 3066 ad
1121 2999 1683 3078 sacrificandum,
1743 2997 2103 3089 perfectam
2156 3012 2220 3067 et
2260 2999 2643 3069 absolutam
2697 3022 2732 3067 a

194 3090 463 3158 Christo
498 3089 994 3178 separationem
1039 3088 1099 3155 ei
1137 3089 1366 3157 volens
1404 3087 1683 3157 reddere
1736 3109 1855 3176 pro
1904 3088 2262 3169 beneficiO,
2317 3087 2592 3163 stultus,
2638 3088 2734 3156 sic

192 3199 472 3264 quoque
520 3177 773 3246 sensim
845 3200 1001 3245 eum
1053 3176 1449 3263 alloquens:
1506 3200 1540 3242 «
1576 3176 1789 3246 Pudet
1840 3197 1944 3243 me
1997 3176 2237 3246 veteris
2288 3176 2474 3245 illius
2522 3175 2735 3245 felici-

194 3268 378 3347 tatis,
433 3279 498 3333 et
530 3264 1049 3345 beneficiorum,
1088 3287 1262 3352 quae
1319 3267 1384 3334 in
1452 3287 1555 3333 me
1604 3263 1984 3345 contulisti,
2037 3265 2461 3335 amicissime
2512 3266 2726 3355 Sergi,

192 3376 319 3424 nec
373 3367 434 3422 te
484 3353 759 3439 quidem
798 3354 1101 3444 amplius
1150 3354 1289 3423 fero
1338 3354 1589 3423 intueri
1639 3353 1740 3422 sic
1789 3374 1980 3421 reum
2017 3366 2304 3423 stantem
2396 3377 2468 3423 ro
2503 3371 2733 3425 nostro
2777 3396 2778 3399 =

194 3444 548 3522 tribunali,
593 3443 712 3528 qui
750 3466 901 3512 sum
940 3443 1297 3523 minimuS,
1346 3444 1402 3512 si
1434 3465 1591 3511 cum
1628 3452 1745 3511 tuo
1780 3441 2094 3512 conferat·
2118 3442 2308 3533 splen
2369 3465 2509 3521 ore,
2545 3457 2734 3514 tuae-

188 3553 326 3619 que
376 3530 721 3601 amicitiae
769 3544 832 3600 et
884 3533 1222 3620 potentiae
1270 3553 1475 3621 opera
1526 3552 1680 3599 sum
1767 3545 2138 3600 raesentem
2192 3545 2552 3601 assecutus
2585 3554 2729 3601 ma-

191 3622 588 3710 gistratum.
623 3643 658 3685 »
710 3619 831 3689 Ille
879 3621 1156 3707 quidem
1211 3621 1376 3689 haec
1410 3617 1657 3688 callide
1690 3554 1980 3700 dicebat,
2018 3621 2145 3690 hoc
2193 3620 2417 3690 solum
2472 3621 2733 3689 machi-

191 3730 391 3787 nans,
435 3721 506 3777 ut
539 3729 694 3776 eum
738 3708 1026 3777 omnino
1077 3709 1351 3778 blandis
1400 3708 1623 3777 verbis
1675 3708 1982 3790 illiceret,
2029 3722 2094 3779 et
2126 3708 2598 3779 fraudulenter
2644 3709 2727 3778 ad

190 3798 502 3866 eamdem
562 3796 929 3866 deduceret
977 3797 1404 3887 religionem.
1459 3797 1581 3865 Ille
1625 3810 1893 3867 autem:
1950 3822 1984 3865 «
2022 3798 2145 3868 Sed
2185 3797 2242 3867 si
2283 3819 2421 3877 me,
2477 3797 2725 3884 inquit,

191 3886 358 3954 velis
395 3907 893 3972 nunc.quoque
921 3886 985 3953 in
1019 3888 1337 3957 maximis
1371 3886 1570 3956 bonis
1595 3887 1907 3976 accipere
1948 3886 2476 3965 benefactorem,
2512 3907 2730 3977 prom·

192 3987 305 4061 pto
354 3988 419 4044 et
466 3974 680 4043 alacri
736 3974 971 4043 animo
1023 3975 1143 4044 tibi
1194 3997 1273 4043 ac
1324 3975 1390 4043 in
1447 3998 1513 4044 re
1565 3976 1960 4046 inserviam.
2016 3981 2182 4045 Nam
2233 3995 2393 4043 cum
2446 3988 2508 4043 te
2559 3974 2728 4044 libe-

189 4082 423 4132 ravero
472 4064 557 4132 ab
609 4064 735 4132 hac
792 4061 1131 4152 profunda
1180 4063 1602 4154 deceptione,
1641 4064 1981 4135 adducam
2020 4063 2105 4132 ad
2139 4063 2361 4132 lucem
2399 4063 2722 4143 veritatis,

189 4162 254 4218 et
302 4151 465 4239 Regi
516 4151 890 4222 immortali
926 4152 1203 4221 reddam
1244 4152 1684 4222 familiarem.
1720 4178 1753 4219 »

172 4244 176 4249 ’
274 4239 309 4324 ξ
361 4245 501 4311 ¹8.
566 4246 708 4310 Non
752 4241 1064 4310 lubenter
1111 4241 1335 4311 audiit
1382 4264 1457 4311 ea
1507 4264 1683 4329 quae
1723 4240 2171 4321 dicebantur,
2212 4241 2418 4311 homo
2465 4240 2586 4328 qui
2627 4263 2724 4310 as·

190 4326 534 4398 suefactus
568 4342 711 4399 erat
759 4330 1109 4399 interitui:
1165 4330 1282 4401 sed
1324 4331 1549 4400 statim
1605 4331 1917 4422 Sergium
1967 4331 2248 4420 gravius
2304 4342 2370 4399 et
2418 4329 2725 4399 severius

190 4413 621 4504 adspiciens:
669 4442 704 4485 «
737 4424 828 4489 Ne
884 4419 1069 4501 deos,
1124 4419 1371 4508 inquit,
1412 4419 1852 4510 blasphemes
1903 4418 2353 4491 immortales.
2406 4442 2441 4485 »
2472 4423 2726 4506 Martyr
