3347 4999
246 319 429 386 OCT.
485 319 523 384 7
774 369 785 376 .
2577 322 2696 387 23⁴

456 471 459 474 ’
1197 481 1850 567 MARTYRIUM
2443 469 2451 476 ’

537 691 1254 793 SANCTORUM
1342 691 1747 793 SERGll
1841 692 1970 792 ΕΤ
2055 693 2495 794 BACCHI

736 932 1020 982 AUCTORE
1069 932 1338 981 SIMEONE
1385 933 1700 1012 manv-HR.
1737 930 1917 988 APUD,
1942 933 2307 981 LIPOMANUM

928 1109 1068 1164 Sub
1109 1108 1224 1168 fin.
1272 1123 1405 1168 sec.
1428 1111 1535 1166 111
1574 1140 1652 1151 --
1680 1106 1909 1166 Patria.
1934 1111 2124 1168 Rom.

338 1313 375 1398 ξ
422 1316 497 1382 1.
553 1313 719 1378 Cum
770 1307 1225 1376 Maximianus
1276 1319 1611 1397 tyrannus
1660 1309 2050 1399 imperaret,
2116 1321 2180 1378 et
2234 1308 2606 1380 universus
2656 1309 2796 1378 sere

248 1400 438 1470 orbis
479 1410 695 1467 terrae
724 1398 983 1488 jaceret
1018 1396 1086 1464 in
1141 1395 1501 1483 profundis
1551 1397 1852 1467 tenebris
1886 1397 2337 1488 ignorantiae,
2393 1396 2797 1488 lapidesque

250 1503 317 1559 et
351 1488 539 1577 ligna
579 1499 988 1576 cogerentur
1035 1484 1350 1553 homines
1405 1484 1692 1554 adorare
1727 1498 2075 1572 tamquam
2134 1485 2322 1566 deOS‚
2387 1499 2452 1555 et
2503 1487 2799 1557 maxime

253 1574 634 1647 execranda
681 1575 883 1664 (proh
937 1572 1214 1662 dolori)
1246 1586 1538 1663 gustare
1584 1574 1951 1655 sacrificia,
2006 1575 2284 1665 Sergius
2330 1587 2397 1644 et
2434 1575 2743 1644 Bacchus
2777 1630 2793 1657 ,

250 1665 459 1735 ambo
497 1665 786 1733 Romani
882 1683 1106 1742 enere,
1148 1662 1215 1730 in
1269 1662 1609 1731 Christum
1662 1662 2090 1733 confessione
2121 1676 2187 1732 et
2225 1663 2385 1744 fide,
2425 1685 2558 1733 non
2596 1685 2798 1734 secus

254 1777 334 1823 ac
386 1752 655 1822 lucidae
715 1686 973 1829 stellae,
1029 1762 1191 1820 tunc
1241 1750 1671 1851 refulgebant
1719 1752 1788 1820 in
1861 1751 2068 1842 regia.
2122 1757 2263 1823 Non
2313 1764 2508 1822 erant
2567 1765 2798 1821 autem

253 1841 530 1932 plebeii,
570 1861 692 1909 nec
724 1839 1001 1909 obscuri
1036 1862 1050 1906 ε
1090 1839 1205 1908 sed
1251 1843 1529 1930 Sergius
1560 1840 1838 1926 quidem
1873 1853 2017 1910 erat
2051 1841 2489 1930 primicerius
2522 1840 2799 1910 scholae

254 1930 697 2000 Centiliorum
733 1929 790 2010 ⁴⁸,
833 1927 1350 1998 secundicerius
1397 1941 1624 1997 autem
1679 1929 1886 2017 hujus
1919 1930 2274 1999 Bacchus:
2327 1930 2447 2017 qui
2498 1927 2797 1998 multum

251 2019 536 2105 quidem
570 2030 878 2104 poterant
917 2016 1099 2105 apud
1139 2017 1620 2106 imperatorem
1654 2018 2172 2099 Maximianum,
2207 2018 2538 2106 maiorem
2564 2029 2794 2087 autem

254 2106 388 2177 sibi
425 2117 829 2196 paraverant
876 2105 1202 2174 fiduciam
1253 2105 1436 2196 apud
1490 2111 1582 2176 Re
1633 2127 1740 2174 em
1793 2118 1857 2175 et
1905 2111 2113 2176 Deum
2166 2106 2666 2186 immortalem,
2718 2119 2796 2176 ut

253 2195 373 2282 qui
425 2193 946 2264 tabernaculum
996 2193 1275 2281 quidem
1311 2207 1376 2263 ct
1431 2129 1843 2274 incofatum,
1896 2207 1961 2264 et
2008 2195 2355 2277 exsilium,
2408 2206 2472 2264 et
2520 2196 2577 2266 si
2624 2194 2793 2282 quid

254 2283 442 2353 aliud
479 2295 581 2351 est
629 2283 735 2352 his
778 2283 1002 2362 viliuS,
1061 2284 1236 2352 hanc
1285 2283 1490 2351 vitam
1540 2283 2031 2353 existimarent.
2088 2288 2251 2354 Cum
2288 2295 2517 2353 essent
2565 2296 2796 2353 autem

256 2373 420 2442 boni
465 2386 871 2442 mercatores
920 2393 1085 2441 suae
1119 2371 1363 2441 salutis
1394 2425 1409 2452 ,
1461 2383 1548 2452 et,
1593 2393 1771 2458 quae
1807 2386 1908 2442 est
1956 2373 2025 2441 in
2058 2371 2316 2452 futuro,
2364 2372 2570 2442 vitam
2607 2392 2797 2441 com-

256 2473 576 2550 pararent
625 2483 745 2551 per
792 2461 1200 2550 praesentia,
1255 2459 1462 2530 veluti
1512 2460 1886 2548 quamdam
1938 2474 2150 2532 artem
2184 2461 2270 2530 ad
2321 2459 2511 2530 illam
2562 2460 2798 2549 acqui-

258 2550 567 2629 rendam,
620 2550 891 2619 divinas
937 2549 1342 2619 exercebant
1390 2550 1823 2641 Scripturas,
1876 2562 1940 2619 et
1977 2573 2093 2622 eas
2133 2572 2406 2639 semper
2453 2550 2799 2619 habebant

255 2661 418 2728 prae
454 2639 798 2708 manibus.
834 2639 1168 2721 Quocirca
1203 2638 1369 2707 haec
1418 2660 1550 2707 non
1592 2640 1811 2729 potuit
1852 2639 2136 2710 tolerare
2183 2638 2486 2708 invidia:
2530 2650 2594 2708 et
2634 2660 2797 2707 cum

252 2728 536 2814 quidam
579 2727 722 2807 alii,
762 2739 907 2797 tum
957 2727 1130 2796 alias
1177 2748 1451 2813 quoque
1500 2727 1803 2809 virtutes,
1859 2741 2002 2797 tum
2053 2727 2237 2818 apud
2291 2728 2522 2818 ipsum
2570 2730 2800 2816 Impe-

253 2829 546 2886 ratorem
598 2817 955 2895 fiduciam,
1012 2815 1176 2885 viris
1223 2815 1596 2906 praeclaris
1643 2816 2065 2899 inviderent,
2122 2816 2306 2906 apud
2356 2815 2798 2905 illumipsum

250 2927 487 2974 eorum
525 2904 817 2974 fiduciae
843 2915 1218 2980 auctorem,
1255 2925 1499 2993 nempe
1532 2910 2048 3006 Imperatorem,
2075 2927 2189 2975 eos
2222 2915 2574 2974 accusant:
2610 2903 2796 2991 quod

253 2994 445 3063 illius
473 2992 754 3080 quidem
805 3005 1364 3079 contempserunt
1404 2994 1778 3064 amicitiam
1812 3049 1828 3075 ,
1875 2994 2298 3080 deorumque
2330 2992 2598 3062 cultum
2629 3014 2802 3079 quo-

250 3104 386 3169 que
421 3082 910 3172 neglexerunt:
953 3082 1102 3171 jam
1142 3094 1369 3150 autem
1402 3082 1487 3151 ad
1521 3081 1726 3153 aliam
1764 3082 2201 3152 declinarunt
2240 3079 2670 3171 religionem,
2724 3101 2799 3151 se

254 3171 677 3240 Christianos
709 3184 775 3240 et
810 3168 922 3239 Dei
963 3191 1191 3240 servos
1226 3183 1569 3241 vocantes.

341 3261 378 3346 ξ
431 3263 519 3328 2.
572 3259 1028 3328 Maximianus
1074 3270 1326 3339 autem,
1371 3259 1639 3329 etiamsi
1691 3258 1915 3339 sciret,
1959 3256 2143 3344 quod
2179 3280 2381 3349 saepe
2431 3256 2633 3328 multi
2681 3279 2799 3327 ca-

254 3346 563 3415 lumniae
597 3346 927 3417 invidiam
961 3369 1242 3417 causam
1293 3347 1570 3429 habent,
1624 3369 1761 3416 non
1804 3347 2175 3428 veritatem,
2232 3347 2529 3417 maxime
2565 3359 2798 3415 autem

252 3458 411 3505 cum
453 3456 588 3503 non
626 3436 993 3524 ignoraret,
1055 3448 1314 3522 quanta
1365 3448 1543 3506 esset
1590 3457 1828 3505 eorum
1881 3436 1949 3504 in
1988 3435 2216 3526 ipsum
2267 3435 2792 3506 benevolentia:

250 3524 634 3611 quinetiam
668 3524 900 3594 animo
932 3539 1229 3594 versaret
1260 3545 1457 3594 suam
1494 3524 1843 3593 saevitiam
1870 3535 1936 3593 et
1969 3524 2406 3594 acerbitatem
2455 3524 2566 3613 (ea
2610 3524 2797 3592 enim

253 3612 355 3680 vel
398 3612 690 3697 maxime
720 3612 876 3683 aliis
913 3613 1367 3683 contendebat
1395 3611 1853 3696 antecellere),
1889 3624 1954 3683 et
1986 3612 2167 3700 quod
2204 3613 2263 3683 si
2311 3613 2480 3683 forte
2511 3610 2800 3681 deorum

255 3700 827 3781 benevolentiam,
859 3713 923 3770 et
950 3702 1141 3772 illius
1179 3700 1554 3770 amicitiam
1584 3703 1984 3772 statuissent
2006 3702 2382 3792 despicere,
2411 3700 2801 3790 periculum

251 3788 532 3875 quidem
575 3803 753 3859 certe
786 3790 1221 3869 timuissent;
1273 3790 1827 3878 existimaretque
1855 3812 2005 3860 esse
2043 3812 2178 3860 non
2232 3788 2640 3880 probabilia,
2680 3786 2801 3857 sed

256 3876 452 3957 salsa,
504 3899 679 3964 quae
709 3877 1157 3948 dicebantur:
1209 3899 1289 3948 ea
1339 3890 1566 3949 tamen
1616 3879 2042 3949 admittenda
2084 3900 2219 3949 non
2253 3899 2402 3948 esse
2433 3877 2605 3946 citra
2643 3898 2804 3946 exa-

258 3966 729 4046 minationem,
762 3977 837 4035 ut
868 3978 1406 4037 consentaneum
1439 3979 1605 4049 erat,
1640 3967 2143 4037 considerabat.
2185 3966 2359 4050 Quid
2397 3987 2560 4056 ergo
2590 3964 2803 4035 facit?

257 4059 423 4123 Cum
459 4054 904 4144 splendidum
932 4068 997 4124 et
1029 4054 1479 4143 magnificum
1527 4069 1832 4146 parasset
1879 4055 2345 4126 sacrificium:
2388 4067 2453 4124 et
2485 4054 2806 4142 quicum-

257 4163 392 4228 que
431 4157 626 4213 erant
663 4144 832 4213 clari
871 4155 937 4213 et
990 4143 1294 4214 illustres
1323 4198 1339 4225 ‚
1393 4144 1463 4213 in
1525 4145 1863 4236 templum
1905 4144 2269 4215 convenire
2296 4198 2312 4225 ,
2369 4155 2435 4213 et
2481 4139 2806 4215 sacrificii

310 4285 336 4311 ¹·
365 4286 684 4328 Libra-iorum
713 4298 858 4336 error,
885 4299 971 4338 pro
998 4282 1245 4329 Genuum.
1277 4288 1488 4331 Gentiles
1510 4301 1536 4329 a
1555 4290 1777 4330 Romanis
1796 4289 2099 4334 vocabantur.
2134 4289 2230 4338 qui.
2249 4289 2308 4329 ab
2335 4288 2454 4337 ipsis
2475 4287 2592 4327 altas
2619 4282 2806 4328 barbari

255 4342 527 4388 nuncupati.
554 4352 640 4391 pro
668 4343 876 4383 Romano
902 4343 1101 4393 imperio
1129 4342 1412 4383 militabant.
1427 4344 1687 4383 Gentilium
1718 4343 1906 4383 scholae
1933 4344 2034 4383 sive
2062 4344 2246 4382 turmae
2265 4342 2429 4393 psl-tu
2448 4340 2709 4390 imperitus
2726 4348 2806 4378 cu-

256 4392 437 4431 stedine
465 4395 760 4442 potissimum
789 4395 1050 4436 destinatae
1079 4396 1226 4435 erant.
1241 4395 1527 4437 Frime’cerius
1545 4394 2275 4446 appeunbatur.qui1nteripaon
2297 4397 2451 4436 locum
2475 4395 2680 4444 primum
2700 4400 2808 4442 pon·

255 4444 462 4491 sideham
479 4449 809 4494 exaudiar-ius.
826 4450 909 4499 qni
929 4449 1203 4490 secundum.
