3347 4999
664 360 794 425 262
1439 373 1517 419 na
1565 373 1620 420 s.
1676 372 1940 419 ramam
1988 370 2234 419 rosim.
2844 351 3017 417 OCT.
3076 354 3117 417 8

578 462 721 532 visa
769 471 893 528 est.
956 456 1184 527 Flebat
1240 469 1465 526 autem
1524 479 1677 527 eam
1750 462 2056 527 Romana
2114 454 2602 535 acerbissime,
2656 452 2772 523 sed
2831 464 3120 523 sanctus

577 556 860 620 Nonnus
908 545 1391 617 consolabatur
1441 567 1618 627 eam,
1677 545 1951 615 dicens:
2005 569 2040 611 «
2084 544 2229 615 Noli
2265 545 2448 623 flere,
2491 542 2656 623 filia,
2705 541 2821 614 sed
2886 542 3120 632 potius

579 638 808 724 exulta
859 648 922 705 et
972 635 1246 705 laetare.
1302 633 1572 726 Pelagia
1621 635 1805 704 enim
1839 634 2168 725 optimam
2208 645 2468 724 partem
2500 632 2704 722 elegit
2742 631 2956 700 instar
2982 635 3122 700 Ma-

580 728 745 808 riae,
785 747 992 813 quam
1032 724 1363 794 Dominus
1413 724 1481 791 in
1533 723 1900 813 Evangelio
1936 722 2237 791 Marthae
2271 722 2646 811 anteponit.
2684 744 2717 786 »
2746 720 2923 789 Abiit
2956 741 3119 789 vero

580 815 852 906 Pelagia
911 812 1439 902 Jerosolymam,
1492 825 1557 882 et
1603 813 1672 880 in
1744 823 2040 881 montem
2093 810 2357 892 Oliveti,
2413 810 2529 880 ubi
2583 809 2915 878 Dominus
2958 829 3117 899 pre-

577 916 774 974 catus
822 914 972 985 est,
1039 901 1171 971 sibi
1234 900 1557 971 cellulam
1608 900 2011 971 construxit.
2074 904 2213 968 Non
2280 899 2405 969 diu
2452 912 2602 988 post
2649 898 3115 968 Antiocltenus

577 993 960 1083 Episcopus
999 990 1265 1059 dimisit
1305 1012 1344 1058 a
1384 1012 1456 1059 se
1504 990 1843 1060 antistites
1886 1009 2125 1058 omnes
2159 988 2278 1075 qui
2313 988 2395 1057 ad
2439 1009 2596 1057 eum
2635 997 2994 1067 venerant,
3032 995 3116 1054 ut

577 1081 837 1172 singuli
885 1079 968 1149 ad
1023 1101 1145 1149 sua
1180 1090 1701 1148 reverterentur.
1741 1078 1986 1178 Elapso
2020 1075 2181 1145 inde
2212 1076 2485 1146 triennii
2517 1087 2636 1145 aut
2668 1073 3117 1163 quadriennii

578 1170 822 1259 spatio,
859 1168 1027 1237 mihi
1061 1166 1310 1237 jacobo
1343 1168 1597 1258 cupido
1639 1167 1920 1237 incessit
1957 1165 2438 1254 proficiscendi
2476 1164 2968 1253 jerosolymam
2993 1218 3008 1244 ,
3043 1174 3116 1232 et

577 1257 910 1328 adorandi
984 1257 1125 1326 illic
1178 1256 1748 1326 resurrectionem
1802 1254 2071 1325 Domini
2131 1253 2520 1324 Salvatoris.
2574 1260 2670 1324 Ro
2722 1254 2830 1323 avi
2880 1254 3116 1339 itaque

577 1348 991 1437 Episcopum
1029 1367 1283 1425 meum,
1339 1358 1412 1414 ut
1450 1345 1619 1414 mihi
1666 1367 1826 1414 cum
1879 1345 1898 1413 i
1955 1344 2101 1413 sius
2134 1345 2313 1413 bona
2348 1342 2539 1414 venia
2575 1365 2653 1412 eo
2726 1343 2928 1412 iceret
2954 1364 3113 1431 pro·

574 1436 819 1504 ficisci.
857 1434 1160 1504 Assensit
1193 1434 1703 1523 ille‚jussitque
1740 1446 1810 1503 ut
1857 1456 1903 1502 u
1958 1434 1978 1502 i
2025 1454 2104 1502 eo
2143 1434 2630 1521 pervenissem,
2686 1431 3108 1518 inquirerem

576 1524 661 1593 de
708 1523 1004 1611 quodam
1058 1522 1264 1592 fratre
1295 1523 1565 1612 Pelagio
1601 1521 1936 1591 monacho
1982 1533 2047 1590 et
2093 1522 2434 1603 eunucho,
2465 1521 2586 1679 qui
2616 1519 2875 1609 aliquot
2908 1518 3115 1588 annis

575 1612 852 1683 vixisset
895 1610 1243 1682 solitarius
1290 1624 1355 1679 et
1403 1611 1755 1690 inclusus,
1808 1609 2245 1697 diceremque
2296 1631 2403 1681 me
2462 1609 2660 1679 ilum
2722 1608 2891 1678 velle
2939 1607 3115 1677 invi-

577 1722 748 1770 sere.
803 1701 1057 1771 Poteris
1087 1700 1297 1780 enim,
1334 1699 1581 1786 inquit,
1635 1700 1723 1770 ab
1770 1721 1848 1768 eo
1880 1699 2219 1787 adjuvari.
2263 1704 2441 1769 Haec
2483 1720 2638 1768 vero
2684 1697 3115 1768 subobscure

577 1789 694 1858 ille
742 1788 1013 1858 dicebat
1053 1787 1138 1857 de
1186 1787 1439 1857 ancilla
1483 1788 1593 1857 Dei
1631 1787 1928 1879 Pelagia.

664 1880 699 1965 ἓ
747 1883 893 1950 12.
950 1878 1230 1947 Perveni
1281 1876 1493 1967 igitur
1519 1877 2050 1962 Jerosolymam‚
2082 1888 2335 1946 etcum
2369 1877 2762 1946 adorassem
2801 1887 3115 1944 sanctam

577 1967 825 2037 Christi
876 1966 1470 2047 resurrectionem,
1515 1966 1727 2035 altera
1762 1966 1871 2036 die
1924 1964 2292 2055 perquisivi
2346 1964 2429 2033 de
2471 1971 2671 2035 Servo
2721 1964 2861 2045 Dei,
2923 1961 3117 2032 Pela-

573 2056 709 2146 gi0.
765 2055 1004 2123 Inveni
1041 2068 1267 2123 autem
1313 2053 1511 2123 illum
1567 2054 1633 2123 in
1678 2068 1927 2134 monte,
1962 2053 2081 2122 ubi
2119 2054 2452 2125 Dominus
2481 2056 2721 2134 oravit,
2758 2054 2828 2121 in
2860 2052 3113 2141 exigua

573 2166 791 2230 eaque
830 2142 1140 2229 undique
1187 2142 1514 2212 conclusa
1547 2142 1800 2213 cellula
1848 2143 2232 2232 degentem,
2273 2143 2338 2211 in
2376 2143 2578 2232 cujus
2658 2145 2866 2211 ariete
2903 2161 3111 2230 parva

572 2231 871 2301 fenestra
925 2231 1294 2300 visebatur.
1358 2233 1669 2301 Percussi
1735 2232 1962 2320 itaque
2024 2232 2275 2301 ostium
2326 2230 2603 2301 fenestel
2639 2253 2763 2310 ae;
2811 2249 3106 2315 moxque

573 2319 692 2389 illa
742 2320 1033 2409 aperuit,
1087 2319 1465 2406 vidensque
1515 2343 1621 2390 me
1668 2319 1867 2391 facile
1906 2320 2205 2411 agnovit,
2243 2341 2401 2389 cum
2438 2342 2563 2411 ego
2601 2319 2789 2388 illam
2824 2339 3111 2406 prorsus

577 2429 713 2476 non
764 2430 1230 2499 agnoscerem.
1288 2413 1433 2491 Quo
1497 2410 1683 2478 enim
1747 2422 1942 2501 pacto
1990 2430 2070 2477 co
2124 2408 2313 2478 nosci
2421 2421 2647 2486 osset,
2701 2428 2879 2495 quae
2937 2404 3111 2473 mihi

574 2510 773 2567 antea
815 2498 954 2597 visa
987 2509 1129 2567 erat
1164 2518 1438 2567 summa
1471 2495 1731 2567 formae
1778 2498 2070 2589 eleganti
2166 2511 2228 2567 et
2282 2521 2371 2588 pu
2405 2497 2770 2579 critudine,
2821 2510 2890 2566 at
2920 2517 3109 2563 nunc

574 2606 737 2678 prae
773 2586 984 2656 nimia
1034 2586 1450 2657 abstinentia
1500 2586 1730 2656 vultus
1764 2589 1979 2657 macie
2012 2586 2429 2667 extabuerat,
2470 2587 2652 2658 oculi
2690 2587 2867 2656 intro
2895 2605 3113 2653 reces-

573 2687 826 2755 serant,
863 2688 938 2745 ut
984 2675 1322 2776 quaedam
1366 2697 1702 2745 concavae
1752 2676 1973 2747 fossae
2022 2676 2467 2745 viderentur?
2506 2677 2609 2745 Ait
2639 2697 2792 2745 vero
2825 2673 2913 2743 ad
2955 2693 3105 2742 me:

576 2787 611 2831 «
644 2764 834 2833 Unde
868 2786 1080 2845 venis,
1128 2762 1425 2832 frater?»
1469 2765 1817 2854 Respondi
1869 2786 1976 2834 me
2025 2765 2314 2834 missum
2366 2764 2450 2833 ad
2505 2766 2725 2854 ipsam
2779 2786 2817 2832 a
2872 2767 3113 2832 Nonno

571 2852 916 2942 episcopo.
975 2857 1051 2921 Et
1094 2851 1259 2921 illa:
1296 2875 1332 2917 «
1362 2856 1539 2934 Oret,
1586 2853 1833 2939 inquit,
1876 2875 1998 2944 pro
2034 2874 2162 2932 me,
2215 2853 2379 2940 quia
2421 2875 2651 2922 revera
2693 2863 2974 2925 sanctus
3013 2850 3116 2918 vir

573 2954 754 3011 est.»
797 2946 1078 3037 Moxque
1105 2939 1394 3011 occlusit
1428 2941 1876 3023 fenestellam,
1915 2941 2273 3030 coepitque
2310 2941 2599 3031 psallere
2631 2963 2867 3031 preces
2899 2939 3111 3009 horae

573 3030 855 3100 Tertiae.
904 3035 951 3099 E
1003 3053 1042 3098 o
1094 3043 1453 3120 postquam
1505 3031 1693 3100 oravi
1742 3030 1830 3099 ad
1883 3030 2203 3120 parietem
2264 3029 2553 3100 cellulae
2600 3030 2776 3119 ejus,
2830 3028 3105 3109 recessi,

573 3119 873 3188 multum
908 3141 944 3187 a
988 3119 1187 3208 jutus
1235 3117 1548 3209 angelico
1596 3119 1750 3207 ejus
1799 3132 2196 3208 conspectu.
2252 3124 2589 3190 Reversus
2640 3120 2801 3188 inde
2837 3123 3115 3187 Jeroso-

572 3205 834 3295 lymam
886 3209 1293 3277 monasteria
1349 3207 1801 3298 perlustravi,
1858 3208 2199 3295 invisique
2258 3208 2523 3278 fratres.
2586 3215 3109 3299 Magnaautem

572 3294 832 3384 Pelagii
880 3293 1061 3364 fama
1112 3296 1181 3364 in
1242 3296 1326 3365 iis
1384 3296 1890 3386 percrebuerat.
1961 3297 2416 3379 Quamobrem
2487 3298 2812 3368 constitui
2864 3314 3109 3364 rursus

573 3382 859 3482 adOeam
914 3384 1177 3465 reverti,
1224 3396 1298 3453 ut
1360 3407 1627 3475 possem
1688 3386 1846 3477 ejus
1895 3385 2179 3455 salutari
2230 3385 2542 3456 doctrina
2604 3384 2917 3457 recreari.
2973 3381 3107 3450 Sed

571 3470 694 3540 ubi
728 3469 814 3539 ad
849 3470 1171 3571 cellulam
1219 3473 1369 3562 ejus
1413 3473 1704 3563 pulsavi,
1742 3496 2032 3562 eamque
2083 3474 2490 3544 nominatim
2527 3474 2893 3564 appellavi,
2930 3469 3107 3539 nihil

571 3559 950 3649 respondit.
1020 3565 1324 3648 Cumque
1397 3561 1575 3631 idem
1641 3561 1954 3632 fecissem
2005 3563 2220 3633 altero
2266 3576 2330 3632 et
2378 3564 2575 3633 tertio
2614 3563 2727 3633 die
2760 3617 2780 3644 ,
2838 3559 3105 3631 nullam

571 3648 726 3736 ejus
769 3669 998 3719 vocem
1045 3651 1374 3738 persensi.
1429 3650 1578 3719 Dixi
1612 3651 1842 3739 itaque
1890 3651 2075 3742 apud
2127 3673 2274 3721 me:
2331 3675 2367 3719 «
2396 3656 2522 3722 Aut
2571 3653 2806 3724 nullus
2837 3649 2952 3720 hic
2977 3661 3102 3729 est,

572 3750 691 3807 aut
732 3736 846 3807 ille
898 3739 1318 3818 monachus,
1373 3740 1493 3825 qui
1543 3739 1655 3809 hic
1710 3740 1877 3809 mihi
1927 3740 2116 3811 visus
2163 3752 2287 3823 est,
2324 3741 2468 3829 jam
2519 3741 2656 3811 alio
2689 3738 3107 3829 commigra-

572 3827 763 3896 vit.»
802 3827 1078 3896 Interim
1130 3825 1365 3896 divino
1416 3828 1717 3915 quodam
1773 3841 2123 3930 permotus
2172 3830 2503 3899 instinctu
2537 3884 2553 3911 ‚
2607 3829 2783 3912 Quid
2835 3829 2944 3908 si,
3001 3825 3111 3895 in-

572 3938 780 4003 quam
811 3969 826 3996 ‚
885 3937 1002 4005 per
1050 3914 1472 3987 fenestellam
1533 3917 1712 3986 intro
1776 3917 2193 4008 inspiciam?
2236 3918 2513 4008 Inspexi
2562 3941 2636 3987 er
2686 3941 2725 3988 o
2755 3974 2770 3999 ‚
2833 3929 2899 3987 et
2968 3913 3112 3983 vidi

571 4026 723 4073 eam
772 4005 1184 4074 exanimem.
1248 4011 1440 4086 Mox,
1493 4005 1773 4077 occlusa
1822 4005 2173 4076 fenestella
2205 4061 2227 4088 ,
2282 4020 2346 4077 et
2388 4007 2533 4077 luto
2570 4007 2638 4076 di
2678 4008 2940 4098 igenter
2988 4004 3111 4074 ob-

572 4105 855 4174 structa,
893 4115 1105 4164 cursu
1150 4094 1321 4164 abeo
1352 4095 1878 4183 Jerosolymam‚
1928 4095 2279 4184 referoque
2326 4096 2409 4166 ad
2455 4095 2721 4177 fratres,
2752 4094 3112 4186 Pelagium

574 4180 1001 4282 mirabilium
1051 4205 1337 4273 operum
1390 4184 1425 4218 ²*
1466 4196 1901 4274 patratorem,
1943 4185 2012 4252 in
2066 4185 2351 4255 Domino
2399 4185 2766 4273 quievisse.
2813 4183 3114 4253 Veniunt

539 4343 540 4346 ,
573 4282 804 4356 ltaque
833 4271 1046 4340 sancti
1084 4284 1307 4361 patres
1345 4295 1506 4342 cum
1545 4273 1781 4343 multis
1814 4272 2240 4343 diversorum
2275 4274 2849 4343 monasteriorum
2881 4270 3114 4340 fratri-

571 4356 728 4439 buS,
756 4358 1175 4450 patefaciunt
1211 4360 1498 4431 cellulae
1527 4361 1876 4443 ostiolum,
1915 4374 2227 4432 sanctum
2258 4361 2566 4453 Pelagiae
2607 4359 3114 4453 corpusculum

564 4486 588 4507 ⁴⁵
638 4486 780 4530 [dest.
813 4482 1046 4525 mirabili·
1067 4496 1098 4535 p
1111 4487 1399 4528 cenitenttae
1421 4497 1472 4528 ac
1492 4485 1688 4528 vlt-tutia
1706 4498 1862 4538 opera,
1881 4498 1975 4529 non
1996 4493 2155 4530 antem
2173 4488 2404 4533 miracula
2421 4490 2630 4539 patrm.
