3347 4999
734 301 851 364 154
1505 316 1581 361 ns
1629 315 1686 363 s.
1739 313 2081 362 rmctseo
2130 313 2312 361 coxr.
2911 295 3106 361 OCT.
3167 297 3205 360 4

636 414 713 471 ut
761 400 927 470 illuc
969 399 1295 470 tenderet.
1350 397 1889 479 conscendisset,
1921 398 2139 467 ventis
2178 397 2546 467 contrariis
2598 396 2955 478 flantibus,
3004 418 3210 467 com·

641 490 886 579 pulsus
916 502 1018 559 est
1064 489 1132 556 in
1188 488 1585 558 Sclavoniae
1634 488 1950 587 partibus
1998 486 2374 577 applicare.
2435 491 2600 556 Cum
2658 487 2867 577 igitur
2919 507 3207 556 moram

635 577 1043 666 aliquandiu
1082 578 1529 647 contraxisset
1563 576 1846 656 ibidem,
1905 598 2027 645 nec
2081 575 2390 645 invenire
2437 588 2664 665 posset
2723 596 2970 645 navem
3025 588 3206 645 tunc

639 667 964 757 temporis
1012 664 1589 745 transfretantem,
1644 663 2044 735 fraudatum
2085 686 2125 732 a
2174 686 2299 735 suo
2333 663 2674 733 desiderio
2722 686 2796 734 se
2842 664 3195 742 sentiens,

635 769 883 826 nautas
940 753 1277 842 quosdam
1327 759 1675 823 Anconam
1729 753 2108 833 tendentes,
2162 766 2241 822 ut
2291 775 2525 822 amore
2560 752 2674 823 Dei
2722 775 2881 823 eum
2935 773 3196 822 secum

633 844 986 920 ducerent,
1047 843 1367 912 exoravit.
1423 847 1670 912 Verum
1745 841 1886 913 illis
1958 847 2232 932 propter
2305 864 2760 932 expensarum
2833 840 3204 911 defectum

637 932 1079 1023 pertinaciter
1107 931 1610 1010 recusantibus,
1665 932 1780 999 Vir
1813 930 1928 1000 Dei
1982 930 2361 1021 plurimum
2415 931 2500 1000 de
2552 930 2818 1001 Domini
2877 929 3204 1000 bonitate

632 1021 962 1100 confisuS,
1018 1042 1259 1089 navem
1309 1042 1466 1089 cum
1521 1018 1705 1090 socio
1753 1019 2040 1090 latenter
2085 1020 2510 1091 conscendit.
2565 1020 2769 1090 Affuit
2813 1019 3118 1106 quidam
3161 1041 3205 1087 a

636 1116 791 1190 Deo,
845 1123 921 1180 ut
958 1109 1284 1188 creditur,
1331 1130 1453 1198 pro
1503 1114 1809 1198 Paupere
1855 1131 1981 1178 suo
2019 1109 2301 1189 missus,
2336 1110 2455 1196 qui
2507 1130 2742 1179 secum
2795 1108 3034 1180 serens
3072 1130 3202 1176 ne-

632 1199 932 1269 cessaria
964 1199 1207 1278 victuS‚
1245 1197 1615 1285 quemdam
1649 1197 2002 1267 timentem
2041 1202 2278 1280 Deum,
2317 1197 2404 1267 de
2430 1198 2587 1267 navi
2613 1196 2696 1266 ad
2735 1219 2806 1267 se
2830 1210 3197 1274 vocatum,

635 1289 734 1357 sic
775 1287 1117 1358 allocutus
1153 1300 1291 1356 est:
1351 1309 1387 1354 «
1421 1290 1600 1355 Haec
1642 1307 1766 1376 pro
1814 1285 2240 1376 pauperibus
2305 1285 2636 1357 fratribus
2684 1287 2755 1354 in
2808 1287 2968 1355 navi
3040 1285 3204 1355 lati-

636 1377 946 1447 tantibus
992 1397 1318 1447 conserva
1365 1374 1699 1455 fideliter,
1753 1396 1832 1445 ac
1895 1374 2321 1444 necessitatis
2367 1388 2674 1466 tempore
2720 1374 3202 1444 amicabiliter

634 1465 1153 1535 subministra.»
1203 1465 1448 1550 Sicque
1478 1463 1734 1533 sactum
1768 1475 1892 1543 est,
1936 1477 2015 1534 ut
2049 1464 2279 1534 nautis
2314 1475 2594 1554 propter
2639 1464 2776 1533 vim
2817 1476 3198 1533 ventorum

638 1576 757 1643 per
794 1553 941 1623 dies
993 1553 1333 1643 plurimos
1373 1573 1716 1639 nusquam
1767 1551 2120 1642 applicare
2170 1553 2596 1634 valentibuS‚
2646 1553 2882 1623 omnia
2931 1573 3201 1622 consu-

636 1656 986 1712 merentur
1033 1643 1344 1733 ipsorum
1394 1641 1680 1721 cibaria,
1732 1653 1799 1710 et
1846 1639 1993 1711 sola
2034 1642 2322 1733 pauperi
2358 1642 2721 1711 Francisco
2767 1641 3031 1711 collata
3072 1639 3201 1710 de-

636 1752 846 1820 super
891 1731 1327 1819 eleemosyna
1380 1743 1794 1818 superesset.
1846 1733 2034 1811 Quae
2068 1752 2228 1800 cum
2281 1744 2460 1799 esset
2534 1730 2849 1811 modica,
2905 1742 3198 1799 tantum

635 1818 864 1888 divina
918 1820 1165 1889 virtute
1224 1819 1528 1907 suscepit
1572 1832 2052 1910 augmentum,
2091 1830 2167 1888 ut
2213 1818 2461 1889 diebus
2511 1819 2829 1909 pluribus
2882 1819 2957 1888 in
3008 1818 3200 1888 mari

638 1922 913 1999 propter
961 1919 1430 1997 tempestatem
1471 1908 1873 1977 continuam
1907 1907 2473 1978 contrahentibus
2496 1929 2785 1988 moram,
2840 1929 3080 1994 usque
3108 1906 3200 1976 ad

639 2011 911 2086 portum
940 2001 1256 2066 Anconae
1301 1996 1614 2065 omnium
1664 1995 2191 2067 necessitatibus
2240 1996 2547 2086 plenarie
2593 1997 3020 2066 subveniret.
3085 1997 3201 2064 Vi-

634 2084 871 2155 dentes
929 2086 1155 2172 itaque
1222 2098 1469 2154 nautae
1532 2106 1652 2175 per
1704 2090 1987 2154 Servum
2040 2086 2154 2153 Dei
2206 2084 2420 2155 multa
2471 2107 2543 2154 se
2593 2085 2832 2155 mortis
2876 2085 3202 2156 evasisse

635 2174 1067 2255 discrimina,
1122 2187 1470 2260 tamquam
1512 2173 1636 2260 qui
1686 2173 1896 2242 maris
1931 2173 2276 2244 horrenda
2324 2173 2631 2264 pericula
2680 2187 3080 2253 senserant,
3135 2187 3202 2243 et

640 2263 958 2332 miranda
1022 2284 1229 2363 opera
1276 2262 1545 2331 Domini
1610 2261 1920 2332 viderant
1980 2262 2048 2331 in
2104 2262 2490 2352 profundo,
2560 2263 2817 2354 gratias
2889 2275 3203 2352 egerunt

635 2353 1089 2441 omnipotenti
1129 2356 1284 2432 De0,
1317 2350 1442 2438 qui
1500 2372 1772 2441 semper
1820 2351 1889 2420 in
1939 2353 2087 2422 suis
2134 2352 2381 2423 amicis
2418 2364 2484 2421 et
2527 2353 2739 2423 servis
2786 2350 3200 2421 mirabilem
3291 2427 3292 2438 ἶ

635 2452 699 2508 et
734 2440 1100 2511 amabilem
1153 2462 1226 2510 se
1257 2439 1574 2510 ostendit.
3291 2443 3292 2458 ¹

723 2531 760 2615 ξ
808 2535 972 2602 88.
1011 2535 1174 2599 Cum
1218 2542 1472 2609 autem,
1533 2528 1766 2598 relicto
1820 2531 2016 2611 mari,
2074 2543 2322 2621 terram
2378 2529 2855 2618 perambulare
2918 2529 3202 2619 coepis-

635 2632 756 2696 set,
803 2619 1056 2707 jactato
1093 2619 1161 2686 in
1211 2639 1361 2687 eam
1400 2618 1644 2687 salutis
1675 2618 1959 2699 semine,
2009 2619 2398 2708 reportabat
2432 2618 2836 2708 manipulos
2876 2615 3200 2689 fructuo-

634 2729 769 2776 sos,
827 2713 1067 2777 Verum
1121 2707 1283 2794 quia
1316 2706 1626 2795 martyrii
1657 2705 1926 2776 fructus
1973 2707 2143 2778 adeo
2172 2731 2292 2777 cor
2336 2708 2486 2795 ejus
2533 2707 2880 2787 allexerat,
2923 2719 3004 2776 ut
3037 2727 3199 2796 pre-
3291 2756 3292 2767 κ

635 2795 875 2865 tiosam
933 2818 1051 2886 pro
1087 2796 1352 2865 Christo
1408 2808 1692 2869 mortem
1754 2817 1965 2882 super
2010 2797 2243 2866 omnia
2301 2798 2631 2866 virtutum
2701 2797 2942 2865 merita
2998 2817 3202 2919 Qffm‘
3291 2800 3292 2803 ’

640 2899 878 2974 ptaret,
947 2907 1181 2955 versus
1232 2884 1692 2953 Marrochium
1731 2884 1764 2917 ¹*
1814 2884 1941 2954 iter
1988 2886 2316 2977 arripuit,
2382 2898 2460 2954 ut
2520 2884 2958 2954 Miramolino
3133 2896 3199 2953 et

634 2973 820 3062 genti
869 2974 1041 3060 eJ'uS‚
1098 2973 1344 3045 Christi
1394 2972 1840 3062 Evangelium
1873 2974 2316 3063 praedicaret,
2372 2974 2430 3043 si
2465 2994 2605 3060 quo
2653 2973 2854 3043 modo
2902 2972 2992 3041 ad
3025 2995 3196 3043 con-

633 3066 939 3151 cupitam
995 3061 1293 3152 palmam
1339 3060 1591 3130 valeret
1635 3061 1994 3163 attingere.
2031 3068 2243 3134 Tanto
2281 3083 2579 3149 namque
2616 3061 2965 3132 desiderio
3009 3061 3198 3131 fere-

634 3150 860 3230 batur,
917 3164 991 3220 ut
1036 3152 1352 3238 quamvis
1397 3163 1574 3221 esset
1606 3149 1975 3221 imbecillis
2024 3174 2143 3222 cor
2193 3173 2331 3234 ore,
2390 3150 2968 3241 peregrinationis
3016 3171 3196 3221 suae

638 3254 1106 3326 praecurreret
1151 3240 1496 3318 comitem,
1535 3251 1600 3307 et
1647 3238 1731 3308 ad
1787 3261 2124 3327 exsequen
2182 3264 2300 3310 um
2355 3240 2780 3330 propositum
2832 3238 3186 3317 festinus,

633 3340 699 3396 et
746 3339 1096 3414 tamquam
1148 3327 1397 3416 spiritu
1444 3327 1681 3396 ebrius
1711 3326 2079 3397 advolaret.
2136 3328 2259 3399 Sed
2305 3351 2464 3398 cum
2499 3330 2646 3427 jam
2683 3349 2901 3416 usque
2941 3329 3027 3401 in
3063 3329 3195 3397 Hi-

634 3415 948 3505 spaniam
1006 3416 1429 3506 perrexisset,
1484 3415 1720 3485 divina
1768 3415 2239 3503 dispositione,
2274 3439 2452 3505 quae
2501 3438 2730 3506 ipsum
2784 3417 3191 3486 reservabat

634 3504 719 3573 ad
782 3503 941 3585 alia,
1009 3505 1417 3595 gravissima
1465 3502 1528 3571 ei
1584 3506 1980 3594 supervenit
2028 3506 2439 3586 infirmitaS,
2492 3526 2630 3592 qua
2687 3506 3188 3596 praepeditus,

633 3592 814 3680 quod
866 3593 1210 3694 cupiebat,
1249 3591 1629 3681 adimplere
1682 3595 2008 3681 nequivit.
2050 3595 2363 3665 Sentiens
2411 3594 2623 3683 igitur
2671 3594 2784 3663 Vir
2817 3594 2959 3675 Dei,
2993 3593 3190 3681 quod

635 3703 1019 3751 necessaria
1050 3694 1193 3751 erat
1239 3679 1469 3750 adhuc
1520 3680 1720 3769 proli,
1756 3704 1965 3770 quam
2002 3696 2355 3772 genuerat,
2389 3683 2613 3771 ipsius
2643 3682 2778 3752 vita
2827 3682 2906 3751 in.
2941 3705 3190 3763 carne,

633 3771 952 3857 quamvis
1004 3783 1286 3840 mortem
1332 3769 1473 3838 sibi·
1518 3772 1787 3841 lucrum
1826 3782 2095 3862 putaret
2142 3794 2314 3856 esse,
2363 3771 2563 3840 rediit
2610 3770 2694 3840 ad
2748 3772 3196 3861 pascendum

633 3880 790 3929 oves
825 3914 840 3939 ,
895 3881 1061 3929 suae
1109 3858 1561 3928 sollicitudini
1609 3860 2152 3930 commendatas.
2225 3866 2468 3930 Verum
2519 3859 2876 3929 charitatis
2933 3860 3197 3930 ardore

635 3949 955 4037 spirit-um
1006 3948 1229 4038 ipsius
1266 3946 1352 4015 ad
1405 3947 1811 4038 martyrium
1853 3961 2287 4039 perurgente,
2334 3950 2530 4018 tertia
2576 3948 2806 4018 adhuc
2857 3949 3009 4018 vice
3064 3972 3197 4039 pro

632 4036 768 4105 fide
814 4037 1186 4114 Trinitatis,
1222 4036 1560 4105 effusione
1593 4037 1704 4107 sui
1746 4038 2132 4127 sanguinis,
2177 4037 2557 4117 dilatanda,
2589 4058 2829 4105 versus
2860 4036 3198 4108 infideles

633 4125 980 4215 proficisci
1027 4126 1333 4196 tentavit.
1388 4124 1880 4194 Tertiodecimo
1916 4148 2213 4214 namque
2259 4125 2729 4196 conversionis
2778 4147 2948 4196 suae
2999 4148 3198 4196 anno

687 4269 711 4291 ¹⁸¹
741 4268 794 4306 In
822 4268 980 4307 Africa.
1007 4265 1379 4317 septentrionali.

687 4322 739 4347 ¹⁸²*
772 4321 868 4360 Vox
898 4323 954 4361 ab
984 4319 1201 4372 Hispanis
1223 4322 1445 4370 corrupta
1467 4330 1522 4361 ex
1544 4320 1731 4360 arabica
1749 4320 2202 4365 Enniam-Montanos.
2220 4330 2339 4371 quae
2359 4320 2791 4362 Mussulmnnorum
2811 4321 2890 4362 vel
2910 4323 3198 4363 credentium

631 4374 892 4424 principem
922 4375 1169 4424 significat.
1201 4375 1388 4415 Titulus
1418 4376 1492 4414 est
1518 4371 1858 4414 nobilissimus.
1875 4384 1969 4423 quo
1989 4374 2272 4423 generaliter
2290 4376 2607 4415 Mussulmani
2628 4376 2844 4419 utuntur,
2864 4378 2972 4416 tum
2992 4378 3081 4426 qui
3106 4382 3204 4419 ret-

630 4428 846 4476 publicae
876 4433 975 4468 tum
1004 4429 1085 4476 qui
1112 4429 1252 4468 rebus
1273 4430 1420 4468 sacris
1445 4432 1682 4479 praesunt.
1706 4426 1817 4468 Vide
1838 4426 2060 4474 Mariana,
2077 4431 2142 4468 De
2163 4430 2291 4469 rebus
2311 4430 2564 4479 Hispaniae,
2587 4425 2667 4469 lib.
2691 4437 2751 4467 vx.
