3347 4999
328 333 502 399 OCT.
560 335 642 398 ⁴9
1117 352 1195 397 na
1245 352 1336 398 ss.
1393 351 1556 398 vAno
1604 351 1678 397 ET
1727 349 1927 399 socus
1977 352 2088 396 mi.
2661 334 2787 397 557

325 436 690 505 haeredem
745 437 1064 507 instituit.
1118 436 1185 504 Si
1236 435 1399 522 quid
1454 458 1617 525 ergo
1664 436 1751 504 ab
1801 435 1920 503 illo
1988 434 2390 516 debebatur,
2445 435 2691 504 adsum
2736 436 2885 525 ipse

327 525 752 595 redditurus.
801 550 836 591 »
1256 600 1265 609 ι

413 616 568 700 ἓιι.
624 614 896 683 Audivit
946 618 1246 687 Praeses,
1302 626 1366 681 et
1416 626 1598 682 totus
1646 612 1730 679 ad
1787 613 1957 681 iram
2010 624 2110 680 est
2150 633 2567 681 conversus:
2632 640 2650 671 ο
2716 614 2882 695 Quis

324 702 437 771 hic
488 704 597 783 sit,
653 704 903 790 inquit,
960 702 1164 779 dicat,
1205 715 1270 770 et
1315 723 1353 771 e
1382 724 1684 788 quanam
1722 702 1810 770 sit
1859 701 2152 789 legione.
2194 724 2229 765 »
2263 701 2385 769 Ille
2422 714 2679 770 autem:
2716 726 2751 768 «
2787 707 2878 770 Ex

323 790 591 882 legione
624 792 905 879 quidem
935 792 1274 880 'tyanensi
1307 792 1361 871 ¹⁶,
1403 790 1603 860 miles
1638 812 1795 859 vero
1845 790 2101 869 clarus;
2149 812 2183 855 »
2223 790 2877 878 responditPraeses

323 895 551 949 autem
605 904 683 951 ea
732 882 816 950 de
863 903 1071 949 causa
1107 879 1662 969 obstupefactus:
1706 902 1741 945 «
1775 879 1942 962 Quis
1978 879 2204 949 malus
2252 879 2573 958 daemon,
2621 880 2870 964 inquit,

322 969 567 1050 effecit,
623 983 700 1039 ut
749 984 811 1038 te
858 971 928 1038 in
982 969 1424 1038 manifestum
1476 967 1867 1057 impelleres
1909 968 2324 1125 gericulum
2381 982 2455 1037 ut
2503 980 2568 1036 et
2617 968 2876 1056 glorio-

326 1081 474 1127 sam
520 1071 705 1128 tuam
759 1058 1077 1127 militiam
1112 1114 1126 1137 ‚
1181 1072 1245 1127 ot
1301 1080 1508 1144 quam
1559 1079 1641 1126 ex
1689 1078 1768 1126 ea
1820 1058 1902 1125 ha
1958 1078 2029 1127 es
2094 1071 2423 1126 tesseram
2494 1057 2877 1127 frumenta-

326 1148 499 1216 riam
536 1203 550 1227 ,
607 1147 1064 1224 nihilifacias,
1120 1160 1185 1215 et
1249 1160 1433 1215 tuam
1488 1147 1794 1216 animam
1848 1148 1915 1213 in
1970 1156 2154 1214 tanta
2222 1145 2403 1214 mala
2469 1146 2798 1235 injicias?
2842 1169 2878 1213 »

323 1241 569 1307 Beatus
618 1251 844 1306 autem
900 1241 1160 1305 Varus:
1215 1258 1251 1302 «
1304 1241 1578 1315 Panem,
1621 1236 1883 1323 inquit,
1928 1235 2049 1321 qui
2098 1235 2182 1303 de
2231 1235 2421 1304 coelo
2482 1234 2868 1316 descendit,

326 1338 393 1394 et
425 1325 736 1395 divinum
775 1325 1057 1394 calicem
1115 1325 1391 1415 pretiosi
1443 1325 1807 1415 sanguinis
1859 1324 2101 1392 Christi
2160 1323 2428 1392 Domini
2481 1325 2613 1392 mei
2679 1346 2877 1413 prae-

331 1415 458 1483 tuli
509 1416 645 1484 tuis
696 1415 1075 1484 honoribus
1140 1427 1205 1483 et
1253 1414 1654 1502 stipendiis:
1711 1412 2002 1502 gloriam
2053 1435 2229 1499 quae
2291 1434 2563 1501 semper
2614 1426 2869 1495 manet,

326 1504 390 1571 ei
440 1525 616 1590 quae
663 1504 851 1574 fluit:
905 1518 969 1572 et
1004 1504 1236 1583 vitam,
1281 1525 1459 1590 quae
1501 1525 1859 1589 nunquam
1906 1502 2181 1581 desinit,
2219 1502 2279 1569 ei
2323 1502 2391 1569 in
2444 1523 2651 1588 quam
2690 1502 2878 1572 cadit

327 1593 671 1673 interituS,
715 1607 779 1661 et
826 1606 927 1661 est
961 1592 1041 1660 ad
1081 1592 1284 1660 breve
1318 1606 1616 1682 tempus.
1660 1614 1697 1657 »
1733 1597 1923 1660 Tunc
1954 1590 2178 1659 ludex
2225 1606 2455 1679 aperte
2503 1590 2875 1661 ostendens

330 1704 402 1751 se
447 1704 595 1751 esse
642 1682 877 1751 animo
928 1683 1441 1771 perturbatum,
1498 1681 1894 1769 adspiciens
1943 1681 2023 1748 ad
2081 1684 2385 1759 SanctoS‚
2442 1680 2777 1748 concitate
2814 1692 2880 1749 et

328 1772 573 1840 acerbe
619 1770 825 1840 dixit:
877 1794 912 1836 <‹
965 1771 1179 1839 Testis
1220 1771 1307 1838 sit
1359 1770 1530 1838 mihi
1570 1770 1786 1838 virtus
1829 1770 2289 1838 maximorum
2328 1768 2640 1848 deorum,
2685 1769 2875 1838 vobis

330 1860 527 1949 prius
589 1859 889 1928 adimam
943 1860 1012 1927 in
1067 1858 1270 1928 malis
1345 1858 1575 1940 vitam,
1652 1859 1774 1945 qui
1826 1880 1934 1926 me
1988 1858 2101 1926 tali
2156 1857 2373 1926 milite
2418 1857 2869 1947 privaveritis.

331 1952 474 2017 Hoc
538 1950 722 2016 enim
774 1947 979 2016 fuerit
1027 1962 1380 2029 vestrum,
1442 1959 1507 2016 et
1570 1970 1707 2016 non
1786 1946 2094 2015 alterius.
2155 1969 2191 2013 >›
2244 1952 2572 2035 Martyres
2644 1962 2873 2015 autem

328 2037 536 2106 verba
605 2038 757 2126 ejus
823 2036 1400 2106 nihilifacientes:
1473 2058 1508 2101 «
1561 2041 1886 2126 Exspecta
1967 2057 2387 2136 parumper,
2441 2035 2784 2114 dixerunt,
2839 2058 2878 2105 o

329 2124 590 2194 Judex:
646 2139 708 2194 et
757 2125 1022 2195 vi'debis
1070 2126 1304 2213 qualia
1352 2126 1490 2194 sint
1538 2148 1734 2194 arma
1774 2125 1987 2214 hujus
2040 2124 2348 2193 militiae.
2402 2125 2492 2194 Ad
2560 2124 2873 2193 ordinem

330 2214 514 2282 enim
554 2214 964 2304 Angelorum
1019 2216 1368 2284 hominem
1420 2214 1866 2283 adduximus.
1909 2236 1945 2280 »
1991 2219 2133 2283 Hoc
2167 2214 2373 2288 dicto.
2429 2213 2544 2282 ille
2592 2214 2873 2301 quidem

297 2310 302 2313 ’
333 2304 1162 2393 conabaturpersuadere
1198 2304 1487 2385 SanctiS‚
1524 2317 1600 2373 ut
1631 2303 2135 2373 assentirentur
2180 2303 2542 2393 impietati,
2580 2313 2645 2371 et
2672 2306 2877 2373 rebus

334 2391 530 2460 vanis
579 2394 900 2462 offerrent
949 2393 1395 2471 sacrificium,
1449 2393 1600 2482 ipse
1636 2391 1840 2482 plane
1879 2414 2099 2461 vanus
2146 2405 2212 2461 et
2259 2393 2577 2462 stolidus.
2612 2392 2719 2461 Illi
2749 2414 2873 2459 au-

339 2492 472 2550 tem
520 2504 602 2550 ne
649 2504 886 2552 aurem
937 2482 1217 2569 quidem
1254 2481 1405 2569 ejus
1441 2482 1665 2551 verbis
1702 2481 2126 2572 praebentes,
2181 2495 2417 2551 contra
2470 2481 2871 2551 referebant:

338 2590 373 2636 «
430 2571 554 2652 Dii,
615 2572 732 2657 qui
796 2571 1063 2640 coelum
1115 2585 1180 2640 et
1212 2584 1459 2640 terram
1528 2593 1663 2640 non
1715 2571 2048 2652 fecerunt,
2108 2585 2410 2661 pereant.
2451 2595 2487 2638 »
2527 2577 2677 2640 Post
2707 2592 2880 2656 quos

333 2659 576 2729 beatus
625 2665 844 2729 Varus
892 2661 1065 2728 iram
1120 2661 1341 2750 magis
1388 2661 1775 2730 accendens
1820 2661 2090 2729 ludici:
2146 2684 2181 2726 «
2221 2660 2423 2742 Quid,
2478 2660 2669 2738 dixit,
2714 2664 2880 2728 San·

330 2750 458 2819 ctis
508 2749 788 2819 exhibes
839 2750 1247 2823 molestiam.
1304 2750 1512 2819 stulta
1561 2749 1824 2828 dicenS‚
1879 2763 1942 2818 et
1991 2750 2073 2817 ad
2116 2749 2288 2817 nihil
2339 2748 2580 2818 utilia?
2616 2747 2879 2816 Stultus

327 2850 554 2906 autem
593 2838 800 2908 stulta
849 2839 1169 2926 loquetur
1199 2840 1522 2929 (Magnus
1572 2839 1789 2909 Isaias
1839 2839 1967 2907 hoc
2012 2839 2132 2907 tibi
2168 2838 2356 2918 dicit,
2410 2850 2475 2906 et
2522 2859 2656 2905 non
2695 2836 2873 2925 ego):

326 2925 535 3013 idque
581 2950 740 2997 cum
794 2950 917 2997 nec
966 2950 1081 2998 eos
1128 2928 1408 3015 quidem
1461 2940 1701 3000 contra
1749 2927 2030 3007 intueri,
2073 2948 2197 2995 neo
2238 2948 2395 2994 cum
2440 2926 2540 2995 eis
2588 2927 2874 2995 omnino

326 3014 636 3085 conferre
676 3038 1063 3086 sermonem
1099 3017 1287 3098 veliS,
1328 3016 1426 3085 vel
1483 3017 1712 3106 potius
1747 3037 1883 3084 non
1936 3018 2184 3104 possis.
2244 3038 2280 3080 »

404 3106 452 3259 Ξ
497 3111 583 3176 5.
640 3111 819 3175 Haec
868 3129 1026 3175 cum
1082 3107 1198 3175 ille
1259 3105 1628 3184 audiisset,
1688 3126 1819 3172 non
1877 3116 2138 3192 poterat
2186 3102 2489 3193 amplius
2537 3103 2869 3183 cohiberi,

326 3214 399 3261 se
482 3195 738 3283 maiore
786 3196 890 3262 ira
941 3196 1210 3284 plenuS,
1261 3194 1469 3280 jussit
1516 3194 1795 3282 quidem
1849 3199 2100 3261 Varum
2140 3192 2208 3260 in
2264 3192 2451 3282 ligno
2500 3192 2870 3261 sublimem

324 3281 581 3353 extolli.
638 3283 906 3352 Sanctis
945 3296 1171 3353 autem
1225 3283 1436 3352 dixit:
1492 3306 1527 3348 «
1582 3283 1648 3352 Si
1691 3281 1882 3350 suero
1939 3304 1978 3350 a
2027 3293 2249 3350 vestra
2297 3295 2661 3370 superatus
2710 3303 2875 3350 con-

325 3372 600 3448 stantia,
654 3371 919 3441 cultum
993 3393 1268 3459 quoque
1316 3372 1600 3439 deorum
1669 3370 1956 3440 omnino
2010 3370 2393 3460 abnegabo.
2455 3396 2480 3434 n
2537 3370 2714 3439 Adeo
2765 3393 2872 3439 res

324 3459 550 3527 valida
572 3471 637 3527 et
665 3462 843 3528 acris
869 3473 970 3529 est
1010 3461 1279 3540 veritas,
1336 3474 1400 3529 et
1432 3481 1608 3546 quae
1657 3480 1861 3548 saepe
1908 3460 2139 3550 arguit
2171 3461 2389 3528 animi
2439 3459 2874 3530 imbecillita—

325 3560 486 3629 tem,
527 3548 647 3634 qui
700 3570 834 3617 non
903 3562 1120 3649 potest
1172 3550 1322 3638 ejus
1387 3548 1562 3617 ferre
1624 3548 2034 3618 libertatem.
2104 3549 2349 3619 Christi
2400 3562 2625 3618 autem
2700 3554 2875 3616 Mar—

327 3648 551 3724 tyres:
607 3660 643 3702 «
679 3642 1021 3727 Experire,
1077 3638 1419 3717 dixerunt,
1478 3639 1546 3705 in
1601 3638 1729 3708 hoc
1777 3652 2013 3707 nostro
2046 3638 2253 3707 fratre
2297 3638 2466 3724 quid
2514 3637 2768 3726 possis:
2813 3650 2877 3705 et

324 3727 385 3794 si
434 3748 512 3794 eo
561 3725 774 3796 fueris
836 3727 1173 3814 superior,
1239 3726 1570 3807 fortassis,
1620 3741 1698 3796 ut
1762 3749 2021 3818 speras,
2077 3727 2144 3795 in
2192 3727 2390 3796 nobis
2442 3748 2548 3795 res
2598 3748 2873 3813 quoque

324 3829 504 3884 recte
544 3814 886 3884 succedet.
947 3838 981 3881 »
1017 3816 1109 3884 Ad
1163 3816 1329 3885 haec
1376 3816 1589 3885 Judex
1638 3838 1796 3885 cum
1851 3817 2118 3887 Sanctis
2165 3816 2444 3904 quidem
2518 3828 2695 3885 esset
2747 3815 2876 3883 mi-

326 3916 530 3973 natus
579 3904 1010 3995 gravissima,
1054 3906 1255 3994 jubet
1304 3906 1371 3973 in
1423 3927 1727 3996 cyppum
1782 3906 1943 3975 duci
2009 3911 2419 3995 Martyrem;
2473 3917 2537 3973 et
2590 3904 2874 3992 perinde

326 4013 406 4061 ac
458 3993 514 4061 si
547 3994 968 4063 existimaret
1001 4016 1136 4063 non
1192 3993 1506 4065 sufficere
1547 3995 1677 4064 hoc
1727 3995 2152 4085 supplicium
2190 3994 2523 4064 adversus
2575 4006 2711 4062 tam
2764 4016 2877 4083 ge-

327 4102 676 4163 nerosum,
730 4095 795 4151 et
857 4095 994 4152 tam
1038 4083 1208 4152 bene
1281 4085 1695 4154 instructum
1760 4085 2101 4164 animum,
2146 4083 2382 4173 jussit,
2422 4095 2498 4152 ut
2554 4097 2876 4153 extensus

327 4167 491 4238 loris
540 4173 607 4239 in
664 4186 840 4241 terra
904 4173 1304 4242 caederetur
1364 4172 1771 4242 crudeliter:
1828 4172 2077 4242 deinde
2143 4195 2263 4261 per
2327 4185 2625 4259 quatuor
2693 4174 2877 4241 viros

326 4269 646 4342 tractum,
688 4261 935 4333 validis
981 4261 1193 4331 clavis
1227 4262 1482 4332 conteri
1518 4276 1583 4352 et
1616 4261 1982 4352 confringi.
2021 4262 2198 4331 Forti
2230 4283 2393 4352 ergo
2440 4274 2505 4331 et
2543 4284 2874 4353 generoso

376 4419 401 4446 ¹*
434 4421 516 4460 Vel
545 4433 663 4471 qnae
694 4435 748 4483 ex
781 4427 954 4474 'Psonis
985 4427 1073 4467 est.
1106 4427 1330 4469 cohortes
1355 4428 1477 4469 enim
1500 4437 1526 4468 a
1546 4427 1750 4474 civitate,
1773 4424 1822 4467 in
1842 4436 1931 4477 qua
1953 4423 2386 4474 conscribebantur,
2405 4427 2678 4476 frequenter
2698 4435 2877 4465 nuncu·

320 4477 455 4522 pata}
477 4479 601 4520 sunt.
621 4478 828 4528 legiones
850 4490 943 4520 nou
965 4480 1092 4522 item.
