3347 4999
223 254 393 321 OCT.
449 255 489 318 8
1116 272 1193 317 nn
1242 272 1295 318 s.
1351 270 1641 317 Biaciru
1693 271 1887 318 vmuA
2548 255 2663 318 274

224 355 509 448 perinde
565 376 644 423 ac
693 354 752 423 si
794 375 1153 442 nunquam
1206 377 1321 423 eas
1359 354 1796 444 possedisset.
1854 354 2124 425 Solebat
2170 369 2399 426 autem
2462 357 2531 426 in
2581 358 2766 447 ejus-

224 445 411 515 modi
474 443 785 535 petendis
852 444 1058 513 rebus
1107 443 1447 524 aliorum,
1503 443 1620 529 qui
1669 464 1829 512 cum
1885 444 2033 534 ipsa
2098 458 2343 526 erant,
2401 445 2762 515 utilitatem

220 556 385 604 suae
435 532 802 612 anteferre3
875 546 939 601 et
1002 534 1352 623 propriam
1410 530 1643 601 celans
1700 532 2148 623 indigentiam
2183 589 2198 614 ‚
2252 555 2445 603 orare
2491 547 2568 604 ut
2627 533 2764 604 illis

222 623 715 713 praeberentur
763 622 1172 702 necessaria,
1240 620 1397 691 licet
1443 620 1595 711 ipsa
1645 620 1805 710 plus
1851 621 2137 691 caeteris
2187 622 2274 693 iis
2320 637 2610 693 careret:
2666 623 2765 693 uti

219 712 320 782 sic
373 712 765 801 proximum
811 732 982 799 pure
1030 710 1349 801 diligeret
1397 721 1676 799 propter
1727 714 1963 779 Deum.
2019 716 2173 780 Post
2234 733 2453 780 annos
2506 710 2766 798 aliquot

207 801 410 891 jussa
456 813 557 869 est
608 800 704 868 ire
754 799 1104 890 Neapolim
1141 811 1204 868 et
1253 799 1321 866 in
1375 798 1707 868 Siciliam.
1764 799 1945 869 Fecit
1992 798 2136 880 illa,
2177 812 2243 869 et
2281 823 2321 868 a
2370 799 2629 889 Regina
2666 800 2767 869 Si-

217 887 417 958 ciliae
467 887 844 974 multisque
880 887 1254 967 nobilibus,
1311 899 1588 979 propter
1628 888 1803 957 vitae
1850 888 2001 979 ejus
2043 889 2471 958 sanctitatem
2523 900 2588 957 et
2627 889 2766 956 sin-

218 978 567 1048 ceritatem
620 977 863 1046 multis
909 989 1011 1047 est
1057 989 1260 1047 aucta
1307 989 1371 1047 et
1417 977 1749 1046 honorata
1799 977 2207 1048 muneribus
2253 992 2319 1047 et
2363 977 2605 1046 xeniis,
2659 976 2767 1044 vi-

222 1067 442 1136 sitatis
492 1078 721 1135 autem
774 1065 844 1133 in
898 1064 1129 1136 Sicilia
1174 1067 1208 1098 ⁴*
1258 1070 1663 1135 Sanctorum
1710 1065 1901 1147 lociS,
1946 1065 2294 1156 Neapolim
2355 1067 2570 1135 venit:
2643 1065 2764 1134 ubi

221 1176 486 1225 moram
537 1155 720 1233 fecit,
772 1165 836 1223 et
879 1154 1092 1225 instar
1125 1154 1481 1245 purissimi
1517 1154 1803 1243 speculi,
1863 1155 2187 1224 virtutum
2231 1154 2314 1223 de
2349 1177 2420 1224 se
2453 1153 2765 1244 exempla

217 1245 544 1315 omnibus
590 1243 926 1323 exhibuit,
969 1244 1445 1334 intrepideque
1477 1242 1713 1312 doctos
1749 1244 2001 1332 pariter
2032 1257 2235 1331 atque
2269 1244 2580 1315 indoctos
2616 1266 2764 1312 ver—

217 1333 325 1403 bis
374 1346 438 1403 et
477 1330 811 1422 exemplis
861 1331 945 1400 ad
998 1333 1177 1402 viam
1211 1332 1512 1402 veritatis
1554 1333 1913 1403 revocavit.
1950 1333 2452 1403 Revelationem
2486 1354 2763 1420 quoque

215 1423 351 1511 ipsi
384 1422 634 1492 factam
684 1420 768 1489 de
822 1421 1074 1510 populo
1114 1421 1409 1491 civitatis
1460 1420 1671 1498 illius,
1727 1422 1860 1511 ipsi
1909 1423 2487 1512 Archiepiscopo,
2544 1421 2763 1491 doctis

217 1511 605 1602 TheologiS,
645 1509 940 1596 aliisque
977 1523 1042 1579 et
1076 1509 1346 1580 clericis
1393 1523 1458 1579 et
1507 1507 1704 1579 laicis
1735 1511 2167 1600 sapientibus
2197 1532 2568 1602 exponens,
2606 1509 2764 1579 abs-

214 1620 350 1687 que
391 1615 579 1671 metu
626 1599 1005 1686 quemlibet
1053 1599 1515 1688 reprehendit.

304 1691 340 1776 ξ
389 1694 528 1761 u.
586 1695 741 1758 Post
789 1709 1009 1756 annos
1060 1686 1337 1767 multos,
1392 1708 1550 1756 cum
1618 1691 1873 1757 Romae
1930 1688 2127 1758 solito
2174 1688 2549 1758 ferventius
2598 1693 2763 1758 San-

216 1789 487 1848 ctorum
540 1776 784 1846 limina
837 1777 1194 1856 visitasset,
1253 1777 1659 1866 Unigenitus
1702 1778 1817 1845 Dei
1870 1776 2081 1848 Filius
2169 1779 2486 1867 raecepit‚
2529 1790 2602 1847 ut
2636 1778 2763 1846 iret

212 1865 744 1956 Jerosolymam.
807 1870 1240 1935 Praetexente
1291 1865 1408 1934 illa
1457 1864 1969 1936 incommodam
2023 1889 2104 1936 va
2133 1866 2485 1937 etudinem
2544 1879 2607 1936 et
2655 1888 2764 1934 ae-

217 1968 421 2024 tatem
458 2008 479 2035 ,
539 1956 872 2024 Dominus
936 1954 1324 2044 respondit:
1382 1977 1417 2021 «
1451 1957 1704 2041 Ecquis
1751 1967 1853 2024 est
1895 1967 2178 2024 naturae
2225 1956 2578 2025 conditor?
2626 1959 2763 2045 Ego

214 2043 463 2113 addam
518 2043 637 2113 tibi
677 2046 878 2134 vires:
919 2064 1045 2132 ego
1098 2043 1512 2132 prospiciam
1551 2044 1635 2112 de
1685 2045 1959 2123 itinere;
2012 2066 2137 2135 ego
2172 2058 2234 2114 te
2280 2044 2529 2114 ducam
2566 2057 2630 2112 et
2665 2066 2760 2112 re·

217 2133 467 2202 ducam
526 2133 591 2200 in
647 2131 872 2202 locum
911 2132 1099 2201 hunc
1133 2155 1147 2213 ;
1184 2132 1483 2219 denique
1515 2154 1640 2221 ego
1670 2153 1785 2203 ero
1825 2148 2055 2203 custos
2097 2146 2283 2213 tuus,
2318 2153 2761 2220 quocumque

216 2222 636 2311 perrexeris:
669 2243 792 2291 nec
832 2220 1174 2290 dimittam
1229 2221 1447 2291 donec
1486 2223 1917 2312 complevero
1965 2223 2285 2292 universa
2315 2244 2490 2309 quae
2536 2221 2760 2290 dixi.»

215 2310 511 2380 Veniens
567 2309 1109 2398 Jerosolyrnam,
1169 2310 1341 2379 mira
1401 2309 1665 2379 audivit
1727 2332 1766 2379 a
1817 2311 2103 2379 Domino
2153 2314 2238 2380 de
2287 2325 2467 2381 statu
2518 2333 2763 2401 regno—

214 2420 370 2468 rum
402 2452 421 2478 ,
479 2398 563 2468 de
613 2399 961 2467 nativitate
1025 2412 1090 2467 et
1159 2400 1476 2487 passione
1527 2399 1724 2488 ejus,
1778 2412 1842 2467 et
1891 2399 1974 2468 de
2025 2400 2378 2470 vocatione
2417 2402 2753 2490 gentium.

215 2485 495 2557 Dicebat
523 2487 584 2556 ei
620 2487 993 2560 Dominus:
1054 2514 1077 2551 ιι
1109 2487 1324 2556 Verba
1376 2510 1525 2558 mea
1574 2487 1699 2558 diu
1747 2499 1902 2557 ante
1951 2489 2362 2559 annunciari
2426 2504 2491 2559 et
2530 2488 2758 2558 audiri

214 2575 490 2657 debent,
521 2576 637 2646 sed
673 2590 903 2666 postea
932 2589 1305 2662 sequentur
1330 2599 1538 2666 opera
1561 2592 1623 2648 et
1647 2578 1869 2668 signa.
1908 2581 2186 2649 Noveris
2218 2581 2469 2666 itaque,
2507 2577 2758 2647 multos

215 2664 512 2735 necdum
543 2665 763 2735 editos
801 2666 865 2733 in
902 2665 1081 2734 hanc
1118 2665 1368 2746 lucem,
1407 2664 1573 2735 haec
1610 2690 1760 2737 mea
1793 2667 1993 2736 verba
2034 2683 2449 2758 recepturos:
2488 2679 2551 2735 et
2582 2666 2761 2735 beati

209 2753 336 2841 qui
384 2754 667 2824 audient
714 2754 919 2823 verba
971 2775 1142 2835 mea,
1196 2767 1261 2823 et
1300 2777 1375 2824 ea
1413 2776 1616 2845 opere
1668 2756 2045 2845 perficient.
2083 2762 2239 2827 Post
2267 2757 2529 2827 obitum
2562 2769 2760 2826 tuum

211 2842 609 2933 complures
658 2843 857 2913 verba
911 2864 1063 2912 mea
1097 2865 1273 2931 quae
1323 2855 1397 2913 tu
1447 2845 1815 2933 scripsisti,
1869 2845 2435 2935 complectentur,
2501 2857 2564 2914 et
2600 2866 2762 2913 sua-

213 2931 387 3002 viter
432 2954 508 3001 ea
560 2946 956 3021 sequentur.
1019 2955 1054 2998 »
1096 2937 1303 3002 Porro
1345 2932 1494 3002 loca
1550 2935 1808 3014 omnia,
1867 2935 1934 3004 in
1983 2934 2239 3020 quibus
2290 2955 2412 3024 pro
2464 2945 2761 3022 peccato-

213 3020 412 3090 ribus
474 3023 615 3111 pati
683 3021 896 3091 voluit
947 3021 1281 3093 Dominus
1326 3022 1565 3103 lesus,
1623 3022 1775 3123 ipsa
1825 3022 2262 3093 devotissime
2318 3021 2636 3103 visitavit,
2695 3033 2759 3091 et

209 3110 408 3195 quasi
453 3110 777 3180 columba
811 3109 1178 3180 nidificans
1224 3111 1293 3179 in
1345 3110 1806 3181 foraminibus
1859 3123 2109 3200 petrae,
2156 3111 2562 3180 suavitatem
2608 3108 2759 3179 vul-

192 3215 460 3267 ·nerum
501 3201 652 3288 ejus
702 3200 952 3268 meruit
981 3199 1385 3288 degustare,
1419 3212 1485 3270 et
1516 3199 1771 3269 divinis
1807 3200 2222 3269 intrinsecus
2251 3199 2761 3270 visitationibus

214 3286 529 3357 crebrius
601 3285 958 3356 illustrari.
1036 3292 1201 3358 Ante
1265 3300 1539 3368 autem,
1605 3311 1812 3375 quam
1866 3311 1905 3357 a
1968 3286 2396 3379 ,ierosolyma
2461 3288 2754 3368 rediret,

211 3373 386 3444 febri
452 3387 517 3445 et
565 3376 899 3446 stomachi
961 3375 1362 3447 infirmitate
1430 3376 1740 3446 laborare
1790 3377 2052 3468 coepit:
2118 3398 2409 3466 eamque
2464 3380 2640 3447 terra
2696 3389 2761 3447 et

208 3465 390 3621 mala-ri
429 3464 607 3534 inter
655 3462 922 3536 labores
961 3477 1027 3534 et
1058 3464 1328 3535 dolores
1377 3487 1541 3535 suos
1576 3466 1919 3557 integrum
1961 3488 2223 3535 annum
2265 3465 2760 3558 patientissime

211 3563 288 3622 tu
324 3566 394 3623 ιι.
1467 3586 1473 3593 -

295 3643 333 3728 ξ
381 3645 523 3714 15.
578 3641 704 3710 Ubi
756 3646 1041 3710 Romam
1080 3640 1315 3722 rediit,
1360 3640 1644 3710 morbus
1676 3641 1987 3723 increvit,
2027 3654 2091 3712 et
2141 3642 2416 3713 tandem
2470 3641 2659 3711 illius
2692 3642 2757 3710 vi

200 3731 500 3800 extincta
547 3742 670 3800 est.
711 3734 1018 3817 Cumque
1065 3729 1460 3799 immineret
1507 3729 1655 3800 dies
1689 3730 1917 3802 obitus
1951 3731 2125 3822 ejus,
2164 3732 2474 3818 quinque
2509 3730 2758 3801 diebus

203 3832 366 3889 ante
415 3841 660 3890 rursus
706 3819 1030 3908 apparuit
1077 3819 1139 3887 ei
1189 3817 1522 3889 Dominus
1570 3832 1728 3889 ante
1775 3820 2012 3902 altare,
2065 3819 2250 3907 quod
2292 3833 2437 3889 erat
2470 3819 2539 3887 in
2591 3840 2757 3889 con-

195 3905 378 3976 clavi
429 3909 619 3998 ejus,
666 3906 987 3998 jucunda
1059 3906 1230 3976 facie
1276 3920 1342 3975 et
1399 3909 1750 4008 corporeis
1800 3910 1951 3999 ejus
2008 3907 2232 3978 oculis
2281 3908 2624 3978 visibilem
2679 3930 2751 3978 se

202 3998 568 4085 praebens,
602 3997 800 4085 eique
827 3996 1102 4065 dicens:
1137 4019 1172 4062 ‹<
1197 4002 1336 4087 Ego
1363 3996 1461 4065 sic
1493 3998 1613 4066 tibi
1645 3997 1799 4079 feci,
1832 3996 2416 4085 quemadmodum
2456 4018 2757 4087 sponsus

201 4085 399 4165 solet,
455 4086 854 4156 subducens
902 4107 974 4153 se
1013 4084 1096 4153 ad
1149 4097 1421 4173 tempus
1470 4107 1510 4154 a
1560 4107 1836 4174 sponsa,
1892 4097 1967 4158 ut
2006 4085 2361 4154 ardentius
2410 4085 2755 4155 desidere-

204 4184 346 4243 tur.
384 4179 524 4245 Non
561 4174 826 4245 visitavi
860 4188 919 4244 te
951 4173 1205 4244 divinis
1238 4173 1852 4256 consolationibuS‚
1888 4174 2449 4262 quandoquidem
2485 4187 2756 4263 tempus

265 4335 292 4357 ¹·
319 4336 375 4374 In
403 4333 605 4377 insulam
634 4334 820 4377 Siciliae
851 4338 894 4377 S.
926 4337 1175 4386 Btrgtttsm
1195 4335 1340 4375 ivisse
1359 4336 1577 4376 dubitant
1612 4337 1951 4385 Bollandtstae,
1969 4337 2065 4386 qui.
2087 4337 2279 4378 siciliae
2313 4338 2501 4380 nomine
2538 4337 2626 4377 hoc
2654 4333 2758 4377 loco

206 4388 573 4440 intelligendum
596 4400 700 4432 esse
722 4388 962 4432 declarant
983 4387 1344 4440 Neapolitanum
1363 4399 1572 4440 regnum.
1677 4434 1685 4442 ,
