3347 4999
256 271 434 338 OCT.
486 273 559 336 24
1020 289 1097 335 nr:
1147 290 1202 338 s.
1242 286 1491 336 nunno
1537 288 1689 337 non.
1744 289 1821 335 nr
1867 286 2050 336 conr.
2588 272 2717 337 625

258 378 466 443 Erant
515 374 585 443 in
636 373 965 443 comitatu
1009 372 1044 407 ⁴*
1097 394 1248 444 meo
1305 372 1455 453 viri,
1500 371 1818 451 feminae,
1856 394 2078 454 senes,
2134 373 2451 463 juveneS,
2502 375 2801 463 parvuli,

259 485 552 532 numero
600 463 872 532 circiter
910 461 1366 551 septuaginta.
1404 467 1478 530 Et
1523 483 1681 531 ecce
1712 462 1939 531 subito
1968 483 2304 549 equorum
2340 461 2801 533 camelorum-

258 574 397 640 que
444 573 744 621 sessores
813 549 1197 620 Ismaelitae
1269 551 1569 631 irruunt,
1635 550 1906 620 crinitis
1965 551 2354 636 vittatisque
2419 552 2800 642 capitibuS,

260 664 342 710 ac
384 640 749 710 seminudo
787 661 1097 730 corpore,
1141 639 1345 729 pallia
1380 639 1449 675 *¹*
1494 651 1558 707 et
1609 639 1780 710 latas
1817 638 2078 729 caligas
2112 640 2493 709 trahentes:
2553 641 2805 730 pende-

265 730 433 799 bant
470 752 548 798 ex
599 729 889 798 humero
940 728 1335 818 pharetrae:
1382 727 1572 797 laxos
1601 750 1805 799 arcus
1856 728 2223 809 vibranteS,
2283 727 2556 798 hastilia
2603 728 2807 821 longa

266 818 653 908 portabant.
709 823 848 889 Non
900 819 1082 886 enirn
1136 817 1223 886 ad
1275 840 1365 908 pu
1426 817 1760 897 nandum,
1817 817 1932 887 sed
1969 817 2051 886 ad
2091 815 2414 906 praedam
2455 832 2800 889 venerant.

264 908 626 996 Rapimur,
673 907 1165 997 dispergimur,
1222 907 1289 974 in
1355 840 1625 974 (fiversa
1677 905 2041 976 trahimur.
2096 911 2236 1007 Ego
2283 906 2557 975 interim
2603 907 2803 997 longo

265 996 694 1086 postliminio
748 995 1251 1064 haereditarius
1300 1016 1676 1084 possessor,
1729 1007 1794 1064 et
1842 1016 1993 1064 sero
2049 1017 2180 1064 met
2245 995 2518 1065 consilii
2568 998 2805 1085 poeni-

267 1098 442 1165 tenS,
496 1107 654 1154 cum
726 1083 939 1153 altera
998 1083 1410 1154 muliercula
1478 1084 1543 1151 in
1607 1084 1823 1154 unius
1873 1083 2018 1152 heri
2065 1083 2459 1153 servitutem
2526 1086 2807 1155 sortitus

264 1174 487 1243 venio.
543 1173 912 1255 Ducimur,
985 1173 1201 1242 immo
1252 1184 1609 1263 portamur
1672 1172 2011 1242 sublimes
2073 1173 2142 1241 in
2209 1173 2516 1255 camelis,
2570 1186 2806 1274 erper

261 1276 523 1331 vastam
591 1263 900 1330 eremum
971 1283 1243 1351 semper
1315 1261 1588 1331 ruinam
1664 1262 2020 1342 timentes,
2096 1261 2481 1351 pendemus
2531 1276 2799 1350 potiuS,
2905 1268 2918 1283 '

263 1373 473 1439 quam
545 1351 892 1420 sedemus.
947 1354 1196 1421 Carnes
1258 1349 1713 1433 semicrudae,
1768 1350 2005 1419 cibus:
2058 1361 2125 1419 et
2186 1350 2291 1420 lac
2352 1350 2802 1433 camelorum,

266 1453 469 1541 potus
516 1452 682 1508 erat.
747 1439 1045 1508 Tandem
1077 1494 1093 1520 ,
1163 1439 1407 1530 grandi
1473 1461 1677 1507 amne
1728 1438 2163 1520 transmisso,
2219 1438 2684 1529 pervenimus·
2721 1439 2807 1509 ad

265 1528 660 1598 interiorem
713 1526 1182 1609 solitudinem,
1224 1528 1341 1598 ubi
1391 1526 1746 1597 dominam
1798 1526 2185 1614 liberosque
2222 1551 2302 1597 ex
2338 1549 2527 1597 more
2582 1529 2808 1618 gentis

263 1617 553 1687 adorare
589 1616 796 1705 jussi,
863 1616 1161 1686 cervices
1223 1616 1588 1687 flectimus.
1662 1618 1820 1697 Hic,
1891 1618 2089 1702 quasi
2156 1617 2439 1687 clausus
2501 1638 2798 1698 carcere,

270 1720 531 1775 mutato
578 1705 842 1786 habitu,
897 1705 965 1774 id
1002 1717 1125 1787 est,
1182 1704 1415 1776 nudus
1454 1704 1813 1774 ambulare
1840 1705 2055 1775 disco.
2108 1710 2273 1775 Nam
2316 1705 2496 1774 aeris
2535 1727 2809 1794 quoque

267 1795 733 1884 intemperies,
790 1793 962 1862 nibil
1013 1794 1201 1864 aliud
1258 1805 1522 1884 praeter
1570 1792 1898 1884 pudenda
1937 1793 2145 1863 velari
2198 1794 2604 1884 patiebatur.
2643 1801 2806 1864 Tra-

265 1882 531 1953 duntur
580 1882 752 1951 mihi
803 1883 1185 1972 pascendae
1243 1905 1423 1963 oves,
1476 1896 1541 1951 et
1590 1884 1656 1951 in
1712 1882 2051 1952 malorum
2112 1883 2628 1972 comparatione
2676 1884 2806 1954 hoc

267 1971 461 2041 fruor
508 1971 773 2051 solatio,
817 1971 998 2059 quod
1053 1971 1372 2043 dominos
1407 1992 1595 2040 meos
1642 1984 1708 2040 et
1753 1993 2117 2042 conservos
2165 1974 2390 2041 rarius
2427 1971 2641 2042 video.
2696 1973 2809 2041 Vi-

268 2059 481 2129 debar
530 2060 700 2129 mihi
740 2059 1006 2148 aliquid
1049 2060 1302 2130 habere
1348 2060 1567 2129 sancti
1615 2060 1852 2129 Jacob.
1899 2060 2334 2131 Recordabar
2381 2062 2619 2149 Moysi,
2682 2060 2805 2148 qui

267 2161 333 2217 et
369 2149 495 2239 ipsi
547 2150 615 2217 in
649 2150 879 2218 eremo
910 2149 1261 2237 quondam
1322 2147 1513 2218 fuere
1561 2161 1890 2239 pastores.
1944 2150 2276 2219 Vescebar
2315 2149 2567 2218 recenti
2609 2172 2809 2221 caseo

266 2251 331 2306 et
383 2237 575 2306 lacte.
629 2240 921 2308 Orabam
967 2238 1248 2328 jugiter,
1302 2238 1631 2307 canebam
1672 2238 1999 2328 psalmos,
2090 2259 2214 2308 uos
2264 2237 2331 2306 in
2396 2239 2808 2308 monasterio

270 2325 674 2395 didiceram.
731 2326 1115 2396 Delectabat
1166 2348 1275 2396 me
1304 2327 1662 2416 captivitas
1710 2348 1885 2396 mea.
1922 2330 2057 2417 Age
2109 2348 2359 2415 amque
2399 2327 2511 2395 Dei
2538 2326 2807 2416 judicio

266 2416 545 2504 gratia&
601 2415 782 2502 quod
838 2417 1279 2497 monachum,
1319 2437 1523 2504 quem
1576 2415 1644 2484 in
1699 2417 1919 2506 patria
1952 2414 2213 2485 fueram
2268 2416 2694 2507 perditurus,
2736 2417 2806 2485 in

265 2506 495 2574 eremo
528 2505 948 2575 inveneram.

353 2596 390 2681 ξ
437 2598 530 2664 fl.
578 2616 614 2659 «
644 2599 695 2664 Ο
729 2594 899 2662 nihil
934 2615 1241 2680 unquam
1284 2606 1505 2663 tutum
1543 2594 1727 2684 apud
1765 2593 2154 2664 diaboluml
2210 2597 2260 2664 Ο
2296 2594 2716 2685 multiplices
2743 2609 2809 2665 et

266 2682 650 2752 ineffabiles
720 2684 869 2773 ejus
940 2682 1270 2751 insidiae!
1340 2683 1449 2751 Sic
1512 2704 1785 2770 quoque
1862 2682 2178 2752 latentem
2230 2705 2340 2751 me
2389 2683 2649 2752 invenit
2697 2683 2804 2751 in-

265 2771 473 2840 vidia.
529 2772 861 2841 Dominus
912 2771 1149 2842 videns
1207 2792 1481 2861 gregem
1550 2793 1757 2841 suum
1809 2793 2158 2852 crescere,
2215 2770 2524 2858 nihilque
2575 2772 2644 2839 in
2698 2792 2804 2841 me

264 2859 790 2950 deprehendens
843 2859 1352 2930 fraudulentiae
1410 2859 1744 2948 (sciebam
1811 2860 1994 2928 enim
2056 2858 2450 2950 Apostolum
2532 2881 2804 2948 praece-

266 2949 474 3039 pisse,
531 2950 834 3019 dominis
873 2950 973 3019 sic
1012 2950 1211 3036 quasi
1256 2954 1385 3018 Deo
1421 2948 1713 3018 fideliter
1760 2947 2253 3035 serviendum),
2300 2961 2364 3016 et
2414 2948 2649 3017 volens
2699 2971 2808 3017 me

213 3059 730 3120 ·remunerare,
785 3061 924 3126 quo
962 3039 1179 3107 fidum
1242 3038 1374 3106 sibi
1440 3038 1660 3127 magis
1720 3036 1991 3118 faceret,
2048 3036 2328 3105 tradidit
2386 3037 2556 3105 mihi
2608 3036 2798 3106 illam

262 3148 661 3196 conservam
725 3149 972 3208 meam,
1026 3126 1403 3213 aliquando
1449 3128 1815 3215 captivam.
1872 3130 1949 3194 Et
2003 3148 2160 3194 cum
2213 3147 2339 3213 ego
2397 3125 2792 3206 refutarem,

264 3214 705 3302 diceremque
762 3238 870 3287 me
942 3214 1440 3294 Christianum,
1515 3236 1637 3283 nec
1689 3213 1893 3282 licere
1942 3213 2114 3282 mihi
2176 3236 2456 3283 uxorem
2518 3214 2805 3285 viventis

264 3304 491 3371 mariti
556 3304 870 3393 accipere
924 3300 1298 3392 (siquidem
1366 3315 1611 3391 captus
1677 3303 2034 3371 nobiscum
2104 3302 2206 3370 vir
2267 3303 2463 3391 ejus,
2522 3303 2608 3372 ab
2667 3302 2804 3372 alio

262 3390 549 3461 domino
596 3391 817 3462 fuerat
849 3392 1244 3475 abductus),
1292 3412 1535 3459 rursus
1585 3389 1772 3461 ferus
1807 3390 1921 3460 ille
1967 3404 2031 3460 et
2066 3390 2529 3480 implacabilis
2577 3393 2645 3461 in
2697 3392 2805 3461 fu-

264 3503 486 3549 rorem
540 3502 801 3562 versuS,
853 3482 1212 3570 evaginato
1249 3502 1354 3548 me
1400 3481 1623 3569 coepit
1672 3492 1897 3570 petere
1958 3479 2211 3567 gladio.
2270 3485 2344 3549 Et
2390 3481 2520 3550 nisi
2571 3480 2803 3551 confe-

263 3570 422 3638 stim
476 3568 760 3670 brachia
810 3569 1119 3650 tendenS,
1175 3567 1535 3638 mulierem
1591 3589 2229 3658 praeoccupassem,
2276 3569 2462 3638 illico
2515 3569 2807 3640 fudisset

263 3680 707 3749 sanguinem.
1559 3695 1566 3700 ·

352 3751 387 3832 ἓ
435 3751 512 3818 2.
560 3753 772 3817 «lam
826 3746 1038 3836 igitur
1087 3757 1357 3815 venerat
1408 3745 1826 3816 tenebrosior
1882 3745 2105 3826 solim,
2158 3756 2221 3813 et
2275 3746 2445 3813 mihi
2504 3746 2800 3815 nimium

266 3850 538 3905 matura
588 3858 743 3905 nox.
803 3840 983 3904 Duco
1033 3836 1099 3903 in
1153 3834 1554 3923 speluncam
1614 3834 2042 3914 semirutam,
2100 3856 2339 3902 novam
2393 3835 2800 3926 conjugem:

264 3938 329 3993 et
380 3926 813 4016 pronubante
864 3924 1060 3993 nobis
1097 3924 1456 4004 moestitiA,
1511 3935 1800 4010 uterque
1847 3923 2270 3992 detestamur
2323 3922 2641 4004 alterum,
2682 3944 2805 3992 nec

266 4011 583 4084 fatemur.
622 4021 809 4084 Tunc
845 4035 999 4082 vere
1033 4013 1216 4082 sensi
1251 4012 1711 4102 captivitatem
1748 4034 1994 4092 meam,
2031 4024 2548 4101 prostratusque
2579 4012 2801 4094 humi,

269 4104 684 4173 monachum
759 4103 954 4192 coepi
1019 4102 1177 4192 plan
1231 4123 1380 4182 ere,
1446 4122 1652 4188 quem
1708 4100 2117 4189 perdebam,
2171 4101 2452 4170 dicens:
2498 4100 2806 4171 Huccine

267 4190 474 4260 miser
521 4205 832 4262 servatus
879 4192 1081 4261 sum?
1127 4125 1230 4259 A&
1272 4191 1398 4260 hoc
1453 4212 1559 4258 me
1618 4211 1769 4258 mea
1816 4189 2076 4259 scelera
2131 4189 2636 4281 perduxerunt,
2692 4203 2803 4274 ut,

319 4353 344 4375 ⁵
373 4355 499 4402 Quae
517 4356 674 4396 italice
691 4367 912 4397 cnrooana
931 4352 1117 4395 dicitur.

323 4406 375 4433 *⁶
400 4410 608 4455 Arublce,
636 4410 846 4450 burnan-9.

420 4491 658 4547 surius
686 4518 711 4535 -
749 4488 919 4550 Vitae
944 4486 1028 4551 SS
1079 4520 1105 4535 ·
1139 4485 1271 4550 Vol.
1300 4485 1375 4551 X.
2571 4484 2648 4548 40
