3347 4999
173 335 352 402 OCT.
403 336 442 400 4
1039 351 1119 397 ΒΕ
1166 351 1221 398 s.
1275 349 1619 398 FRANCISCO
1669 350 1852 398 conr.
2505 332 2634 397 469

173 438 392 530 igitur
429 439 626 529 juxta
667 435 944 506 solitum
986 457 1270 516 morem,
1309 435 1922 525 Quadragesimam
1961 436 2214 506 ibidem
2252 435 2336 503 ad
2391 434 2720 504 honorem

176 528 400 598 sancti
448 526 855 615 Archangeli
910 524 1261 594 Michaelis
1323 525 1635 615 jejunare
1683 524 1717 558 ²*
1762 526 2120 613 coepisset,
2176 545 2517 613 supernae
2567 547 2729 594 con-

175 616 645 706 templationis
691 614 1063 684 dulcedine
1123 613 1599 683 abundantius
1648 611 1850 682 solito
1890 613 2324 702 superfusuS,
2375 634 2454 681 ac
2501 612 2725 683 coele-

177 706 391 776 stium
444 704 945 775 desideriorum
1013 701 1385 771 ardentiori
1436 704 1720 771 flamma
1768 724 2193 781 succensae,
2263 723 2725 791 supernarum

173 796 401 885 coepit
446 794 960 863 immissionum
1004 792 1429 862 cumulatius
1480 792 1660 860 dona
1702 793 1977 860 sentire.
2026 791 2396 860 Ferebatur
2441 792 2722 876 quidem

142 885 246 962 ‚in
284 883 524 963 altum,
564 904 700 951 non
753 894 828 951 ut
874 880 1195 950 curiosus
1226 881 1592 969 Majestatis
1635 894 2098 968 perscrutator
2131 879 2639 969 opprimendus
2689 902 2727 949 a

174 973 436 1063 gloria;
472 971 587 1041 sed
642 984 994 1057 tamquam
1048 991 1285 1039 servus
1334 969 1560 1039 fidelis
1597 979 1662 1036 et
1700 970 2029 1058 prudenS‚
2070 971 2493 1057 investigans
2533 968 2726 1036 bene·

173 1062 510 1151 placitum
565 1060 702 1141 Dei,
758 1059 870 1129 cui
936 1081 1007 1127 se
1058 1059 1491 1129 conformare
1554 1059 1956 1128 omnimode
1995 1080 2271 1128 summo
2326 1057 2764 1147 peroptabat

173 1151 444 1220 ardore.

265 1243 302 1327 ξ
349 1243 490 1311 Sl.
545 1237 945 1306 Immissum
999 1249 1100 1305 est
1135 1237 1348 1326 igitur
1383 1237 1593 1305 menti
1627 1237 1782 1325 ejus
1812 1258 1933 1326 per
1968 1235 2284 1305 divinum
2328 1233 2715 1316 oraculum,

173 1328 362 1416 quod
407 1330 474 1396 in
513 1327 865 1416 apertione
899 1325 1055 1394 libri
1115 1324 1508 1414 Evangelici
1560 1326 1976 1395 revelaretur
2021 1326 2081 1394 ei
2116 1347 2154 1393 a
2190 1324 2479 1405 Christ0‚
2535 1325 2719 1409 quod

176 1424 313 1487 Deo
364 1418 431 1486 in
484 1417 657 1504 ipsu,
716 1428 780 1484 et
842 1414 927 1484 de
984 1415 1135 1504 ipso
1184 1415 1479 1483 maxime
1512 1414 1681 1485 foret
1714 1425 2097 1503 acceptum.
2136 1414 2455 1483 Oratione
2497 1412 2725 1499 itaque

175 1528 339 1576 cum
397 1507 613 1575 multa
664 1503 1020 1572 devotione
1084 1503 1485 1592 praemissa,
1553 1525 1829 1573 sacrum
1883 1502 2407 1593 Evangeliorum
2464 1501 2719 1571 librum

173 1596 263 1664 de
311 1594 509 1664 altari
561 1605 947 1682 sumptum,
987 1593 1055 1661 in
1092 1605 1368 1661 sanotae
1402 1593 1751 1662 Trinitatis
1795 1594 2072 1661 nomine
2121 1592 2373 1682 aperiri
2408 1590 2565 1660 fecit
2607 1613 2725 1680 per

176 1684 476 1765 socium,
534 1684 754 1751 virum
816 1682 1055 1768 utique
1104 1687 1235 1750 Deo
1292 1681 1607 1751 devotum
1666 1695 1732 1751 et
1793 1694 2135 1750 sanctum.
2198 1686 2372 1750 Sane
2423 1702 2582 1748 cum
2651 1681 2718 1748 in

176 1774 357 1843 trina
396 1772 555 1841 libri
596 1770 945 1860 apertione
994 1792 1267 1860 semper
1320 1771 1583 1839 Domini
1639 1771 1868 1862 passio
1914 1783 2345 1850 occurreret,
2393 1768 2722 1840 intellexit

174 1862 297 1930 Vir
347 1866 493 1930 Deo¹
530 1860 803 1948 plenuS,
841 1858 1048 1945 quod,
1090 1859 1267 1929 sicut
1307 1859 1647 1928 Christum
1687 1859 1908 1928 fuerat
1954 1860 2262 1928 imitatus
2320 1859 2387 1926 in
2452 1859 2723 1928 actibus

176 1951 382 2029 vitae,
421 1950 518 2019 sic
553 1947 927 2018 conformis
970 1949 1030 2018 ei
1078 1970 1227 2017 esse
1275 1947 1550 2017 deberet
1589 1949 1657 2016 in
1704 1947 2194 2018 afflictionibus
2250 1960 2315 2016 et
2361 1946 2720 2018 doloribus

175 2038 579 2128 passioni&
633 2049 1000 2123 antequam
1061 2060 1142 2107 ex
1203 2037 1330 2106 hoc
1381 2037 1642 2106 mundo
1695 2038 2036 2106 transiret.
2096 2042 2173 2105 Et
2222 2037 2378 2105 licet
2445 2049 2721 2125 propter

179 2126 474 2196 multam
527 2127 987 2195 austeritatem
1041 2126 1218 2195 vitae
1268 2127 1691 2216 praeteritae,
1748 2126 2118 2212 Crucisque
2160 2125 2552 2194 Do'minicae
2601 2126 2721 2194 ba·

167 2215 584 2306 julationem
622 2216 1049 2296 continuam,
1089 2214 1458 2284 imbecillis
1484 2215 1627 2302 jam
1681 2229 1857 2286 esset
1904 2236 2223 2304 corpore,
2284 2236 2717 2301 nequaquam

176 2317 282 2374 est
333 2296 663 2385 territus?
702 2303 820 2373 sed
871 2303 953 2373 ad
1007 2304 1321 2393 martyrii
1372 2304 1852 2375 sustinentiam
1909 2304 2291 2404 vigorosius
2340 2303 2710 2373 animatus.

177 2398 580 2462 Excreverat
640 2392 917 2480 quidem
989 2394 1056 2461 in
1124 2414 1202 2461 eo
1261 2392 1733 2479 insuperabile
1791 2415 2048 2462 amoris
2101 2392 2499 2461 incendium
2560 2393 2717 2462 boni

177 2483 356 2553 Jesu
396 2482 464 2551 in
518 2481 874 2572 lampades
914 2481 1098 2572 ignis
1141 2495 1346 2570 atque
1393 2483 1860 2564 flammarum,
1901 2495 1976 2552 ut
2010 2504 2228 2570 aquae
2260 2481 2517 2551 multae
2556 2482 2723 2551 cha-

174 2573 448 2641 ritatem
500 2571 652 2659 ejus
712 2584 845 2639 tam
915 2571 1207 2640 validam
1265 2573 1665 2662 extinguere
1715 2594 1847 2640 non
1901 2571 2224 2641 valerent.
2281 2577 2444 2641 Cum
2510 2572 2725 2661 igitur

176 2661 571 2750 Seraphicis
610 2659 1111 2729 desideriorum
1146 2660 1512 2731 ardoribus
1562 2682 1841 2730 sursum
1894 2675 2214 2751 ageretur
2254 2661 2322 2728 in
2365 2665 2603 2733 Deum,
2659 2672 2725 2729 et

172 2750 606 2836 compassiva
657 2748 1028 2818 dulcedine
1076 2749 1145 2817 in
1197 2771 1353 2819 eum
1408 2749 2038 2830 transformaretur,
2091 2750 2211 2836 qui
2261 2769 2341 2817 ex
2390 2748 2723 2818 charitate

176 2838 395 2907 nimia
446 2837 657 2907 voluit
706 2838 1046 2927 crucifigi,
1113 2838 1412 2924 quodam
1480 2860 1683 2908 mane
1739 2840 1923 2908 circa
1980 2838 2227 2907 festum
2278 2836 2724 2906 Exaltationis

176 2939 455 2997 sanctae
504 2926 761 3006 CruciS,
802 2926 967 2995 dum
1003 2941 1227 2997 oraret
1275 2927 1344 2996 in
1398 2927 1604 2997 latere
1638 2928 1914 3006 montis,
1956 2926 2127 2995 vidit
2162 2925 2419 3013 Seraph
2469 2946 2715 3007 unum,

177 3037 291 3085 sex
342 3016 487 3085 alas
528 3016 889 3086 habentem
936 3028 1073 3084 tam
1125 3016 1402 3104 ignitaS,
1456 3039 1664 3104 quam
1728 3015 2172 3106 splendidas,
2227 3014 2311 3082 de
2368 3013 2716 3084 coelorum

178 3105 604 3174 sublimitate
651 3103 1089 3174 descendere.
1145 3111 1452 3193 Cumque
1499 3105 1727 3175 volatu
1775 3104 2133 3173 celerrimo
2183 3103 2602 3192 pervenisset
2635 3103 2719 3171 ad

177 3194 357 3262 aeris
408 3193 659 3274 locum,
702 3194 857 3262 Viro
909 3194 1022 3262 Dei
1075 3195 1542 3284 propinquum
1574 3249 1589 3275 ,
1651 3193 1977 3283 apparuit
2034 3193 2212 3261 inter
2258 3191 2405 3261 alas
2461 3190 2566 3260 effi
2626 3190 2722 3261 ies

181 3282 487 3352 hominis
531 3281 873 3362 Crucifixi,
916 3282 984 3350 in
1024 3283 1307 3352 modum
1356 3283 1584 3352 crucis
1630 3304 1877 3350 manus
1916 3296 1980 3351 et
2015 3281 2221 3371 pedes
2250 3294 2562 3350 extensos
2648 3304 2721 3350 a—

178 3370 428 3449 bentis,
483 3381 548 3439 et
595 3371 793 3439 Cruci
832 3369 1095 3440 affixos.
1140 3377 1323 3441 Duae
1370 3371 1517 3440 alae
1561 3392 1772 3459 super
1818 3384 2028 3461 caput
2077 3370 2297 3461 ipsius
2354 3369 2721 3439 elevaban-

181 3471 316 3541 tur,
353 3458 530 3527 duae
568 3458 651 3527 ad
703 3459 1076 3529 volandum
1129 3459 1694 3539 extendebantur,
1734 3458 1911 3528 duae
1946 3481 2101 3528 vero
2150 3472 2367 3530 totum
2405 3458 2721 3529 velabant

181 3569 458 3637 corpus.
512 3552 654 3616 Hoc
694 3547 931 3618 videns
981 3550 1415 3618 vehementer
1475 3548 1856 3639 obstupuit,
1919 3549 2348 3635 mixtumque
2414 3570 2722 3617 moerore

179 3637 511 3727 gaudium
563 3657 681 3705 cor
725 3637 879 3723 ejus
929 3638 1241 3709 incurrit.
1283 3637 1686 3706 Laetabatur
1723 3638 2001 3724 quidem
2038 3639 2106 3706 in
2144 3637 2442 3729 gratioso
2476 3637 2721 3726 adspe-

177 3742 314 3806 ctu,
368 3746 506 3812 quo
555 3746 594 3794 a
643 3725 905 3794 Christo
953 3728 1087 3795 sub
1146 3730 1373 3815 specie
1407 3726 1665 3816 Seraph
1710 3728 2030 3796 cernebat
2079 3749 2152 3795 se
2190 3725 2542 3815 conspici:
2597 3725 2715 3795 sed

179 3815 413 3885 Crucis
461 3813 712 3894 affixiO,
751 3814 1163 3905 compassivi
1200 3814 1458 3884 doloris
1491 3814 1723 3906 gladio
1772 3816 1994 3907 ipsius
2028 3816 2333 3884 animam
2373 3828 2720 3904 pertrans-

180 3903 338 3972 ibat.
392 3901 879 3972 Admirabatur
936 3902 1536 3992 quamplurimum
1590 3905 1658 3973 in
1714 3918 1850 3974 tam
1911 3902 2386 3974 inscrutabilis
2439 3904 2721 3973 visionis

180 3991 529 4082 adspectu,
567 3991 793 4061 sciens
831 3991 1010 4078 quod
1054 3992 1393 4080 passionis
1428 3992 1797 4062 infirmitas
1827 4015 1984 4063 cum
2032 3990 2546 4063 immortalitate
2582 3992 2722 4082 spi-

181 4082 351 4150 ritus
408 4080 762 4171 Seraphici
812 4079 1212 4149 nullatenus
1259 4083 1673 4151 conveniret.
1729 4081 2067 4151 Intellexit
2116 4080 2388 4150 tandem
2432 4103 2512 4150 ex
2563 4081 2715 4159 hoc,

183 4170 465 4238 Domino
515 4168 876 4249 revelante,
941 4170 1123 4256 quod
1169 4168 1321 4239 ideo
1382 4170 1784 4261 hujusmodi
1850 4170 2021 4240 visio
2070 4170 2171 4238 sic
2211 4169 2442 4239 divina
2497 4169 2722 4259 provi-

180 4257 405 4327 dentia
468 4259 613 4328 suis
673 4257 895 4327 suerat
945 4271 1375 4348 praesentata
1421 4260 1956 4350 conspectibus,
2013 4271 2089 4328 ut
2136 4260 2415 4330 Amicus
2469 4255 2715 4328 Christi

229 4419 254 4446 ¹·
281 4420 539 4470 lnctptebat
568 4422 657 4462 hoc
685 4422 922 4470 jejunium
954 4432 980 4461 a
1000 4423 1122 4462 reato
1138 4423 1487 4473 assumptionis
1506 4426 1554 4464 B.
1575 4420 1781 4473 virginis
1800 4417 1991 4467 Mariae,
2007 4418 2373 4471 protrahebatur
2393 4423 2552 4463 tutem
2570 4428 2722 4470 usque

179 4471 234 4512 ad
254 4472 423 4514 testum
445 4473 760 4515 Dedit-..attonis
782 4476 828 4515 S.
843 4475 1087 4515 Michaelis
1106 4473 1397 4527 Archangeli.
