3347 4999
665 338 750 403 36
1426 353 1505 399 nr.
1553 352 1608 399 s,
1663 350 1922 398 nummo
1959 349 2254 398 Arteman.
2850 331 3022 397 OCT.
3079 332 3106 396 l

569 435 811 510 Quoties
853 433 1201 496 universale
1245 435 1430 510 poscit
1471 432 1788 509 religionis
1817 448 1987 494 causa
2021 431 2374 505 concilium,
2409 436 2469 493 te
2498 430 2700 492 cuncti
2734 430 2950 492 fratres
2977 446 3124 492 evo-

568 522 744 577 cante
786 515 1184 576 conveniant:
1225 520 1290 575 et
1317 513 1365 575 si
1398 529 1546 592 quos
1573 529 1787 574 eorum
1820 511 2093 590 specialis
2124 512 2349 587 negotii
2384 510 2581 587 pulsat
2614 511 2895 582 intenti0‚
2918 511 3124 588 jurgia

570 596 735 657 inter
775 610 875 656 eos
916 594 1121 656 oborta
1167 609 1502 671 compesce,
1547 593 1809 654 discussa
1855 609 2018 653 sacra
2061 590 2201 666 lege
2244 590 2711 652 determinando
2753 591 3122 653 certamina.

565 673 861 751 Quicquid
902 681 1105 734 autem
1154 672 1276 734 illic
1318 688 1424 751 pro
1469 674 1585 734 fide
1630 679 1691 734 et
1723 672 1985 733 veritate
2016 669 2563 742 constitutum‚vel
2596 669 2846 748 provida
2879 670 3126 745 dispen-

567 756 799 816 satione
841 760 1253 832 praeceptum‚
1299 751 1395 814 vel
1442 767 1733 829 personae
1775 758 2018 813 nostrae
2057 752 2416 812 auctoritate
2447 750 2633 811 fuerit
2661 749 3124 823 confirmatum,

570 840 770 894 totum
825 831 897 893 ad
952 833 1274 894 scientiam
1324 844 1593 895 nostram
1650 833 1948 892 instructa
1991 829 2304 891 relationis
2343 831 2732 892 attestatione
2778 832 3123 907 perveniat.

569 912 651 974 Eo
681 912 770 984 fit,
807 918 872 973 ut
901 918 964 973 et
995 921 1200 973 noster
1244 913 1486 974 animus
1514 911 1698 973 officii
1731 910 2021 972 charitate
2049 910 2196 983 dati,
2222 917 2280 970 et
2311 917 2450 971 tuus
2479 910 2806 971 securitate
2837 910 3125 988 perfrua-

571 998 673 1053 tur
699 992 954 1070 accepti.
988 990 1146 1053 Deus
1175 998 1233 1052 te
1263 990 1637 1053 incolumem
1668 989 1989 1063 custodiat,
2022 990 2209 1050 frater
2239 992 2566 1050 carissime.

660 1143 696 1229 ξ
744 1143 890 1213 48.
948 1142 1176 1211 Sancti
1237 1139 1634 1230 Symmachi
1692 1139 2135 1229 pontificatus
2188 1152 2514 1230 tempore,
2556 1139 2942 1209 Ludovicus
3008 1160 3132 1208 rex

574 1230 917 1322 gloriosus
946 1251 1270 1324 coronam
1322 1251 1600 1299 auream
1643 1252 1802 1298 cum
1845 1230 2159 1319 gemmis,
2214 1250 2391 1315 quae
2441 1250 2727 1319 regnum
2781 1227 3127 1318 appellari

574 1319 795 1399 solet,
837 1318 1034 1387 beato
1082 1323 1317 1400 Petr0‚
1372 1331 1608 1387 sancto
1656 1318 1971 1407 Remigio
2029 1331 2436 1408 suggerente
2467 1371 2482 1398 ‚
2546 1316 2814 1386 direxit.
2877 1321 3133 1387 Beatus

572 1406 940 1478 Hormisda
964 1429 1140 1496 papa
1162 1408 1439 1475 miserat
1456 1406 2113 1496 Constantinopolim
2148 1407 2230 1475 ad
2260 1406 2288 1473 J
2301 1406 2607 1475 ustiuum
2634 1407 3128 1495 imperatorem

576 1498 646 1567 in
702 1495 1041 1585 legatione
1098 1500 1512 1565 Germanum
1567 1502 1969 1586 Capuanum
2024 1496 2428 1584 episcopum
2463 1549 2479 1575 ‚
2539 1495 2744 1584 cujus
2808 1495 3127 1563 animam

573 1585 744 1654 vidit
799 1584 885 1653 ab
940 1606 1024 1653 an
1079 1583 1204 1655 elis
1262 1584 1328 1652 in
1381 1584 1648 1655 coelum
1715 1584 1963 1653 deferri
2014 1587 2079 1652 S.
2147 1584 2554 1653 Benedictus
2587 1638 2602 1663 ‚
2656 1583 2775 1670 qui
2826 1605 2950 1672 pro
2996 1606 3133 1652 cu-

574 1673 1032 1831 rationedpuel
1060 1695 1139 1742 ae
1190 1672 1700 1753 daemoniacae,
1757 1673 1844 1742 ad
1891 1673 2165 1742 beatum
2205 1673 2597 1762 Remigium
2640 1671 2900 1742 litteras
2947 1693 3125 1741 suas

577 1776 772 1833 irrito
872 1776 1090 1832 irexit.

663 1854 700 1939 ἓ
748 1855 904 1923 49.
960 1857 1114 1921 Post
1161 1850 1328 1920 haec
1374 1850 1607 1918 omnia
1659 1861 1972 1920 mortuus
2019 1861 2120 1917 est
2169 1846 2555 1919 Ludovicus
2607 1870 2721 1917 rex
2787 1847 2855 1915 in
2920 1870 3121 1936 pace,

574 1955 638 2010 et
686 1939 1000 2031 sepultus
1047 1950 1147 2009 est
1194 1940 1264 2008 in
1300 1938 1585 2008 basilica
1617 1942 1683 2007 S.
1738 1938 1914 2007 Petri
1963 1936 2279 2026 apostoli,
2332 1958 2541 2023 quam
2579 1937 2724 2026 ipse
2757 1949 2822 2006 et
2856 1936 3131 2025 Regina

576 2052 703 2098 sua
750 2028 1307 2098 aedificaverunt.
1364 2033 1670 2097 Mortuus
1722 2039 1822 2096 est
1876 2039 2104 2095 autem
2146 2047 2329 2094 anno
2388 2026 2631 2112 quinto
2669 2026 2703 2060 *
2755 2039 3127 2115 postquam

576 2140 736 2188 cum
799 2117 1063 2187 Alarico
1129 2138 1285 2207 rege
1338 2116 1737 2186 Gottborum
1793 2115 2149 2205 pugnavit.
2202 2114 2533 2204 Regnavit
2587 2136 2861 2202 quoque
2911 2113 3128 2183 simul

576 2207 778 2276 annis
826 2206 1131 2296 triginta.
1186 2210 1263 2274 Et
1308 2204 1546 2273 eodem
1606 2218 1975 2285 moment0,
2028 2225 2165 2291 quo
2216 2217 2530 2272 mortuus
2582 2216 2684 2271 est
2736 2203 3130 2272 Ludovicus

579 2295 897 2376 Parisiis,
955 2294 1291 2363 revelante
1342 2294 1602 2381 Spiritu
1661 2299 1908 2362 Sancto
1973 2292 2213 2363 beatus
2275 2292 2668 2382 Remigius,
2737 2314 2896 2361 cum
2947 2305 3133 2360 esset

578 2384 884 2464 Rhamis,
920 2382 1321 2452 defunctum
1359 2381 1572 2452 fuisse
1613 2382 1954 2472 cognovit,
1998 2394 2064 2449 et
2092 2381 2224 2449 sibi
2248 2380 2732 2451 assistentibus
2763 2380 3123 2449 indicavit.

578 2472 701 2543 His
749 2472 839 2541 ita
889 2471 1121 2562 gestiS,
1167 2471 1355 2541 filius
1390 2470 1781 2551 Clodomiri,
1840 2470 1962 2540 filii
2023 2469 2345 2539 Ludovici
2400 2470 2604 2561 regis,
2659 2470 2939 2540 nomine
2975 2467 3130 2539 Clo-

577 2561 896 2641 doalduS,
965 2560 1338 2630 interfectis
1384 2583 1424 2629 a
1473 2560 1763 2629 Clotario
1813 2559 2139 2629 fratribus
2181 2559 2358 2640 suis,
2411 2581 2585 2645 quos
2644 2581 2780 2627 una
2832 2581 2990 2628 cum
3043 2578 3128 2627 eo

583 2663 735 2741 post
786 2649 997 2739 patris
1036 2650 1298 2719 obitum
1354 2649 1669 2719 Crotildis
1719 2649 1959 2740 regina
2007 2648 2372 2729 nutriebat,
2413 2648 2483 2717 in
2534 2646 2866 2718 clericum
2903 2669 2975 2717 se
3024 2659 3130 2716 to-

580 2739 825 2821 tondit,
861 2751 925 2807 et
959 2760 1287 2828 processu
1328 2739 1679 2828 temporiS‚
1724 2739 1899 2807 vitae
1948 2759 2026 2806 ac
2077 2736 2429 2826 roligionis
2463 2759 2629 2805 suae
2663 2736 2929 2816 merit0,
2971 2758 3129 2826 par·

580 2840 713 2898 tem
771 2827 1208 2897 haereditatis
1276 2849 1316 2896 a
1366 2828 1631 2917 patruis
1689 2827 1967 2917 regibus
2025 2825 2354 2894 obtinuit:
2424 2825 2509 2893 de
2555 2848 2690 2913 qua
2753 2826 3124 2895 Duziacum

578 2916 811 2986 villam
847 2917 917 2984 in
972 2939 1147 3007 pago
1190 2922 1371 2985 Moso
1422 2916 1712 2996 amensi‚
1749 2938 1910 2985 cum
1946 2914 2379 3004 appendiciis
2414 2913 2585 2991 suis,
2630 2929 2864 2984 sancto
2899 2914 3129 2983 Remi-

579 3005 691 3094 gio
738 3018 804 3073 et
838 3005 1206 3076 Rhemensi
1256 3010 1383 3074 Ecc
1416 3005 1596 3073 esiae
1630 3003 1933 3082 tradidit,
1975 3017 2039 3072 et
2087 3002 2320 3072 villam
2373 3003 2784 3073 Riviliacum
2835 3003 2905 3071 in
2951 3024 3126 3093 pago

580 3093 901 3175 Biturico,
944 3097 1008 3162 S.
1046 3094 1362 3182 Dionysio
1387 3093 1748 3184 delegavit.
1786 3091 2031 3161 Villam
2062 3113 2335 3179 quoque
2383 3093 2786 3162 Novientum
2827 3093 2894 3160 in
2948 3110 3127 3181 pago

581 3181 923 3251 Parisiaco
961 3237 976 3264 ,
1038 3204 1197 3252 cum
1262 3183 1590 3252 omnibus
1646 3182 1733 3251 ad
1786 3204 1857 3251 se
1905 3180 2458 3270 pertinentibuS,
2523 3181 2722 3250 matri
2784 3179 3128 3250 Ecclesiae

580 3270 987 3341 Parisiensis
1024 3271 1341 3348 civitatis,
1399 3271 1523 3340 ubi
1587 3270 1943 3361 presbyter
1989 3269 2206 3339 extitit
2252 3269 2642 3351 ordinatus,
2688 3269 2991 3338 donavit.
3047 3273 3125 3336 In

580 3381 714 3446 qua
766 3358 950 3439 villa,
992 3357 1238 3448 plenus
1274 3360 1663 3439 virtutibus,
1723 3361 2029 3448 migrans
2077 3358 2164 3426 ad
2218 3359 2612 3436 Dominum,
2676 3357 2744 3426 in
2797 3356 3122 3432 Ecclesia.

580 3468 788 3535 quam
833 3448 979 3536 ipse
1025 3447 1525 3528 aedificaverat,
1579 3468 1865 3537 corpore
1903 3446 2033 3516 fuit
2072 3450 2139 3515 in
2186 3469 2353 3536 pace
2401 3446 2716 3536 sepultus
2762 3446 2855 3512 ⁸.

671 3538 708 3623 ἓ
739 3540 908 3608 5⁰.
962 3541 1126 3605 Cum
1165 3537 1478 3626 Episcopi
1513 3536 1793 3606 demum
1830 3536 2088 3606 Galliae
2120 3558 2199 3604 ac
2235 3534 2542 3625 Belgicae
2583 3534 3123 3624 provinciarum,

581 3628 793 3695 causa
842 3624 1004 3694 fidei
1050 3625 1133 3694 ad
1195 3626 1539 3715 synodum
1592 3638 2082 3705 convenerunt,
2138 3626 2410 3693 beatum
2465 3624 2854 3724 Remigium
2907 3623 3129 3692 unde-

577 3735 881 3800 cumque
935 3713 1442 3794 doctissimum‚
1481 3727 1546 3784 et
1594 3715 1660 3783 in
1716 3714 2079 3804 scripturis
2126 3713 2383 3782 sanctis
2432 3712 3008 3794 eruditissimum,
3047 3733 3129 3781 ac

582 3804 652 3871 in
703 3801 1186 3873 ecclesiasticis
1235 3802 1679 3893 dogmatibus
1726 3803 2196 3883 exercitatum,
2250 3801 2334 3870 ad
2388 3801 2567 3870 idem
2612 3802 2985 3872 concilium
3021 3800 3131 3891 (a)

581 3891 815 3961 venire
917 3893 1236 3961 etierunt.
1291 3891 1409 3961 Cui
1459 3892 1724 3983 synodo
1770 3891 2100 3962 Arrianus
2138 3890 2419 3978 quidam
2465 3891 2887 3972 haereticus,
2937 3912 3130 3959 acer-

582 3980 805 4049 rimus
843 3914 1251 4071 AEsputator,
1294 3994 1359 4051 et
1405 3981 1786 4051 dialecticis
1823 3979 2409 4070 propositionibus
2434 4001 2514 4048 ac
2557 3979 3128 4056 conclusionibus

580 4068 937 4150 confisuS‚
1005 4081 1071 4139 et
1154 4069 1314 4139 inde
1379 4070 1590 4140 nimis
1650 4068 1918 4150 elatus,
1987 4069 2330 4139 intererat.
2405 4068 2839 4159 Ingrediente
2896 4081 3128 4138 autem

583 4171 819 4229 sancto
867 4157 1180 4248 Remigio
1228 4158 1725 4249 Episcoporum
1771 4157 2171 4238 concilium,
2235 4181 2271 4227 a
2338 4158 2785 4228 multitudine
2834 4157 3126 4227 fratrum

636 4301 662 4327 *
691 4303 821 4342 Anno
842 4301 1079 4341 communi
1099 4300 1332 4342 sententia
1352 4312 1431 4342 mx
1451 4303 1527 4343 vel
1548 4312 1645 4343 mu.

637 4355 692 4381 ¹¹¹*
721 4356 787 4394 De
808 4357 850 4395 S.
872 4352 1121 4395 clodoaldo
1139 4356 1242 4404 lege
1260 4357 1311 4395 in
1328 4357 1609 4397 Mam-ruoz..
1630 4356 1847 4395 Intnsa-n.
1869 4364 1914 4404 p.
1934 4355 2024 4395 808.

637 4408 701 4458 (a)
731 4406 1063 4448 Aurelianense
1096 4410 1207 4448 anni
1238 4419 1329 4452 oxi,
1358 4411 1549 4451 illustre
1583 4410 1641 4451 ob
1669 4409 1940 4459 Episcopor.
1974 4418 2222 4451 numerum
2262 4409 2310 4451 et
2336 4418 2486 4450 unum
2516 4417 2664 4458 supro
2690 4406 2890 4459 trigints
2921 4406 3131 4450 statutos

576 4469 785 4503 canones
805 4460 1149 4506 ecclesiasticae
1170 4462 1460 4513 disciptinae.
