3347 4999
210 319 379 386 OCT.
434 320 514 383 ⁴7
1090 337 1169 383 ns
1217 337 1272 383 s.
1326 336 1619 383 nssnwma
1666 336 1860 384 vinna
2518 319 2645 383 505

207 435 429 492 autem
481 421 600 489 illa
650 421 1085 510 presbyteros
1132 421 1271 490 sive
1312 420 1698 491 sacerdotes
1740 433 1965 489 tantae
2012 441 2159 489 esse
2207 419 2604 510 dignitatiS,
2659 433 2736 489 ut

206 510 569 579 Dominum
605 509 774 578 coeli
815 523 879 579 et
928 524 1143 578 terrae
1182 521 1471 580 tractent
1519 510 1586 576 in
1631 520 2059 579 sacramento
2094 508 2353 588 altaris,
2406 523 2611 594 atque
2656 530 2734 578 ea

204 598 553 668 conferant
591 598 894 685 quotidie
940 611 1390 679 sacramenta,
1442 597 1721 685 quibuS,
1775 597 2010 666 divina
2057 597 2414 667 assistente
2464 599 2731 679 virtute,

207 686 434 757 fidelis
476 686 943 756 sanctificatur
989 698 1053 755 et
1098 687 1411 776 expiatur
1443 688 1716 767 anima;
1772 685 2155 757 sacerdotes
2208 697 2273 755 et
2328 707 2568 755 omnes
2615 687 2738 772 qui

200 776 271 845 in
322 776 511 845 Clero
560 788 744 855 sunt,
799 789 943 844 tum
993 774 1385 855 seculares,
1465 787 1613 844 tum
1675 774 2030 864 religiosos
2081 774 2300 844 multa
2365 775 2737 845 reverentia

205 864 763 954 prosequebatur,
830 884 950 933 nec
1011 885 1215 952 parvo
1253 864 1511 933 honore
1556 861 1918 944 afficiebat,
1960 862 2166 950 idque
2199 862 2365 933 adeo
2392 916 2412 942 ,
2455 874 2532 933 ut
2579 863 2737 933 illos

202 954 429 1033 etiam,
495 953 617 1040 qui
678 951 1124 1021 emolumenti
1184 951 1481 1041 alicujus
1534 954 1746 1022 causa
1803 973 1875 1021 se
1915 950 2297 1022 sacerdotes
2367 949 2729 1041 fingerent,

198 1054 549 1128 tamquam
600 1062 791 1110 veros
840 1039 1271 1129 presbyteros
1323 1041 1706 1110 honoraret.
1763 1046 1998 1127 Itaque
2051 1040 2135 1109 ad
2193 1062 2501 1110 mensam
2563 1040 2736 1110 assi-

199 1130 357 1200 dere
418 1128 718 1209 nolebat,
788 1129 920 1198 nisi
991 1129 1182 1218 prius
1228 1129 1567 1209 sacerdos,
1644 1130 1765 1216 qui
1828 1129 2243 1198 sacrificium
2296 1129 2565 1210 fecerat,
2633 1128 2737 1197 di-

200 1219 613 1288 scumberet.

285 1310 321 1395 §
384 1310 532 1383 28..
597 1307 1109 1376 Coruscationes
1154 1321 1219 1376 et
1267 1307 1566 1376 tonitrua
1601 1306 1894 1375 multum
1932 1306 2367 1387 formidabat,
2406 1306 2585 1394 quod
2628 1306 2736 1375 his

198 1396 692 1468 elementorum
744 1395 1324 1465 commotionibus
1370 1395 1654 1464 extremi
1701 1394 1839 1464 diei
1876 1395 2222 1484 judicium
2257 1451 2272 1476 ‚
2333 1410 2398 1464 et
2459 1394 2736 1464 divinae

200 1484 485 1555 ultionis
524 1483 831 1573 gladium
880 1483 965 1552 ad
1018 1484 1420 1554 memoriam
1472 1497 1835 1564 revocaret,
1892 1505 2106 1571 eaque
2151 1504 2729 1562 commemorans,
2827 1554 2828 1557 ,

199 1586 336 1644 tota
382 1572 957 1655 contremisceret,
1027 1586 1090 1642 et
1136 1594 1293 1642 cum
1356 1571 1548 1641 beato
1593 1572 1718 1642 Job
1770 1573 1970 1659 quasi
2021 1585 2359 1642 tumentes
2407 1594 2617 1662 super
2666 1594 2737 1643 se

197 1663 452 1732 fluctus
502 1682 771 1752 semper
812 1661 1178 1730 Dominum
1232 1661 1517 1730 timeret.
1571 1666 1700 1730 Nec
1750 1661 2038 1730 cessavit
2090 1662 2145 1729 is
2196 1675 2471 1740 tremor,
2513 1661 2731 1730 donec

198 1756 458 1821 accitus
507 1750 759 1837 aliquis
808 1749 1163 1830 sacerdos;
1210 1762 1509 1818 sacratas
1545 1770 1793 1819 manus
1830 1772 1950 1839 pro
1993 1748 2264 1819 divinae
2294 1750 2736 1837 protectionis

199 1852 393 1909 scuto
440 1840 591 1928 ejus
638 1837 847 1928 capiti
907 1840 1332 1926 imponeret,
1389 1840 1518 1908 sub
1566 1859 1860 1924 quarum
1911 1838 2318 1908 umbraculo
2382 1852 2733 1925 tamquam

189 1930 334 2018 Jam
386 1928 471 1996 de
521 1928 827 2018 periculo
888 1927 1235 1996 evadendo
1270 1981 1285 2008 ,
1347 1926 1945 2016 genuflexionibus
2007 1941 2072 1997 et
2117 1927 2543 1997 orationibus
2595 1927 2728 1995 du-

200 2029 396 2086 rante
445 2028 842 2106 tempestate
892 2016 1270 2087 insistebat.
1306 2014 1822 2101 Tranquillitate
1875 2028 2023 2103 post
2068 2015 2544 2106 'intemperiem
2585 2015 2735 2084 red-

200 2104 368 2185 dita,
423 2125 546 2194 pro
601 2106 977 2193 gratiarum
1042 2105 1342 2175 actiones
1389 2104 1544 2174 illas
1602 2125 1851 2173 manus
1884 2104 2364 2174 osculabatur:
2405 2126 2580 2191 quas
2632 2104 2733 2173 id·

198 2193 383 2261 circo
415 2192 696 2282 putabat
724 2214 920 2282 posse
953 2194 1265 2262 resistere
1299 2193 1535 2262 noxiae
1570 2193 1904 2282 potestati,
1938 2207 2013 2262 ut
2047 2194 2218 2262 iram
2260 2194 2370 2261 Dei
2402 2205 2729 2273 avertant,

199 2279 299 2348 vel
354 2286 560 2350 Deum
613 2280 863 2350 iratum
921 2281 1316 2359 concilient,
1355 2281 1537 2368 quod
1591 2294 1897 2350 sacratae
1957 2282 2117 2351 sint.
2186 2282 2523 2351 Peculiari
2581 2303 2736 2350 vero

198 2366 625 2437 afficiebatur
673 2390 904 2438 amore
950 2391 1112 2458 erga
1162 2369 1339 2450 illos,
1393 2392 1567 2457 quos
1617 2369 1819 2440 sciret
1865 2370 2170 2440 studiose
2215 2371 2539 2440 interesse
2577 2370 2737 2440 Mis-

200 2477 434 2528 sarum
490 2456 891 2527 sacrificiis:
934 2479 1055 2527 nec
1095 2457 1389 2529 dubium
1435 2459 1600 2546 quin
1647 2458 1803 2548 plus
1835 2460 2039 2528 etiam
2087 2459 2399 2530 dilexerit
2449 2480 2565 2530 eos
2615 2459 2736 2547 qui

198 2547 419 2636 parati
453 2559 680 2616 essent
712 2546 796 2615 ad
834 2546 1074 2617 Missas
1107 2547 1347 2617 crebro
1380 2547 1615 2618 devote
1649 2548 2121 2618 celebrandas
2176 2549 2268 2618 Ad
2337 2570 2733 2619 sacramen-

199 2649 344 2705 tum
401 2635 731 2704 Dominici
782 2635 1096 2725 Corporis
1147 2636 1667 2726 percipiendum
1705 2659 2090 2716 accessura,
2147 2650 2335 2707 tanto
2392 2637 2736 2725 lacryma-

196 2745 352 2794 rum
418 2724 635 2794 imbre
683 2723 925 2793 faciem
980 2723 1430 2813 perfundebat
1480 2747 1704 2807 suam,
1746 2737 1930 2795 tanto
1966 2726 2317 2815 precandi,
2352 2746 2577 2814 genua
2611 2725 2736 2794 sse-

194 2812 447 2894 mendi,
486 2834 741 2901 corpus
798 2813 1272 2902 prosternendi
1314 2814 1542 2884 studio
1581 2827 1728 2884 tum
1788 2814 2176 2904 specialiter
2229 2812 2724 2902 occupabatur,

194 2915 272 2971 ut
312 2900 531 2971 fervor
578 2901 957 2972 devotionis
1002 2901 1155 2990 ejus
1211 2924 1341 2971 non
1401 2903 1736 2972 immerito
1788 2903 2131 2972 intuentes
2177 2902 2263 2970 ad
2309 2900 2735 2971 devotionem

193 2989 562 3060 efficaciter
609 3005 1054 3080 permoveret.
1115 2991 1497 3063 Permultas
1530 2992 1827 3062 habebat
1857 2996 2258 3060 Sanctorum
2297 2990 2637 3079 imagines
2669 3003 2737 3060 et

192 3078 547 3164 reliquias,
587 3080 845 3165 quibus
891 3101 1266 3169 congruam
1323 3080 1710 3170 praestabat
1757 3079 2226 3158 reverentiam,
2288 3098 2540 3162 easque
2598 3078 2733 3149 sibi

194 3166 283 3237 ad
333 3167 690 3238 ecclesiam
734 3168 926 3238 eunti
969 3169 1179 3238 voluit
1228 3168 1574 3258 praeferri,
1620 3182 1684 3238 et
1733 3168 1801 3236 in
1861 3167 2006 3236 loco
2053 3167 2382 3235 orationis
2431 3187 2594 3235 suae
2628 3189 2733 3236 re—

192 3255 397 3346 poni:
438 3269 512 3324 ut
559 3278 797 3327 earum
847 3257 1424 3347 contemplatione
1467 3256 1714 3325 rediret
1746 3257 1814 3324 in
1857 3254 2261 3324 vivaciorem
2324 3255 2729 3324 memoriam

190 3343 595 3413 meritorum
643 3366 877 3414 eorum
935 3366 1109 3432 quos
1155 3346 1465 3425 amabat,
1504 3355 1569 3414 et
1617 3365 1737 3434 per
1770 3343 2045 3413 illorum
2098 3343 2448 3433 suffragia,
2489 3342 2573 3412 ad
2614 3342 2731 3412 de-

186 3432 485 3503 votionis
555 3430 885 3502 fervorem
952 3435 1171 3523 magis
1232 3455 1378 3503 sese
1430 3445 1886 3521 praepararet.
1957 3438 2160 3502 Porro
2209 3432 2725 3502 sanctissimam

191 3522 442 3592 Christi
485 3526 761 3589 Matrem
799 3522 972 3589 inter
1003 3521 1176 3591 alios
1212 3526 1513 3599 Sanctos,
1546 3523 1637 3590 ita
1679 3534 1752 3591 ut
1788 3543 1908 3611 par
1936 3536 2102 3602 erat,
2146 3521 2504 3604 ardentius
2537 3543 2730 3590 ama-

185 3610 330 3686 bat,
377 3622 577 3696 atque
609 3611 689 3677 ea
721 3611 930 3678 causa
979 3609 1168 3679 illius
1207 3609 1391 3699 apud
1445 3631 1517 3680 se
1559 3631 1837 3698 parvam
1873 3631 2145 3698 semper
2185 3608 2440 3680 ferebat
2480 3609 2729 3698 imagi-

189 3720 378 3777 nem,
433 3718 723 3785 eamque
770 3697 1050 3797 saepius
1088 3698 1397 3799 gestabat
1438 3699 1782 3779 manibus,
1817 3710 1891 3767 ut
1920 3721 2000 3768 ex
2039 3720 2270 3769 amore
2310 3698 2550 3767 crebro
2575 3719 2729 3767 eam

189 3799 422 3878 posset
471 3785 745 3867 intueri,
783 3798 848 3855 et
881 3786 1312 3875 inspiciendo
1361 3785 1444 3855 ad
1497 3787 1646 3875 ejus
1681 3808 1986 3856 amorem
2036 3808 2108 3856 se
2148 3798 2374 3875 posset
2424 3785 2730 3885 amplius

190 3875 507 3945 excitare.
567 3877 660 3944 Ea
707 3873 1008 3964 imagine
1055 3897 1219 3945 cum
1260 3874 1605 3946 interdum
1659 3875 2090 3945 benediceret
2129 3874 2505 3976 languidiS,
2538 3873 2728 3945 illico

192 3963 641 4045 curabantur,
677 3963 777 4042 uti
820 3962 1025 4032 etiam
1087 3963 1582 4034 miraculorum
1638 3965 1884 4034 virtute
1928 3964 2199 4034 cunctis
2247 3975 2725 4042 1nnotesceret‚

193 4051 279 4120 ad
328 4064 658 4139 quantam
710 4051 1109 4121 meritorum
1160 4052 1638 4124 celsitudinem
1693 4051 1812 4122 illa
1852 4052 1999 4140 jam
2055 4053 2493 4142 pervenisset,
2553 4072 2732 4137 quae

192 4139 476 4210 ferventi
504 4162 738 4210 amore
769 4140 1070 4219 incitata,
1110 4140 1290 4211 hanc
1325 4142 1556 4213 Matris
1588 4142 1706 4211 Dei
1741 4141 2115 4231 imaginem
2149 4140 2389 4210 sedulo
2423 4139 2730 4210 circum-

195 4225 422 4298 ferret.
471 4230 863 4299 Passionem
906 4250 1181 4316 quoque
1239 4230 1507 4301 Domini
1559 4229 1926 4301 Salvatoris
1972 4231 2231 4317 quanta
2281 4228 2497 4299 animi
2528 4226 2732 4299 devo-

196 4315 377 4385 tione
428 4318 492 4386 in
536 4340 659 4388 suo
712 4332 977 4407 pectore
1025 4318 1329 4400 versarit,
1387 4319 1487 4388 vel
1539 4318 1699 4387 inde
1747 4334 2125 4406 utcumque
2172 4317 2406 4408 colligi
2504 4329 2724 4400 otest,

196 4405 376 4490 quod
418 4406 620 4476 etiam
656 4429 760 4477 res
794 4407 1140 4489 minimaS‚
1179 4429 1356 4496 quae
1384 4409 1785 4497 mysterium
1832 4408 2221 4478 Dominicae
2260 4405 2448 4478 cruci
2507 4405 2730 4476 xionis
