3347 4999
221 340 394 406 OCT.
453 339 535 404 ⁴6
2550 338 2679 402 449

1373 510 1621 587 VITA

545 736 625 833 S.
696 734 992 837 GALLt
1067 733 1509 834 ABBATIS
1583 733 1700 834 ET
1772 731 2442 834 (zoNFESSORtS

221 975 407 1022 EDITA
454 976 494 1020 A
542 972 917 1021 WALAFRIDO
966 973 1202 1020 STRABO
1250 975 1394 1021 ABB.
1432 974 1733 1023 AuGuthl
1764 953 1822 1033 *‚
1859 972 1987 1021 NON
2027 974 2237 1020 AUTtm
2284 973 2427 1020 ABR.
2466 973 2521 1020 S·
2561 971 2766 1037 GALLI,

973 1080 1053 1127 m·
1100 1080 1342 1137 QUIDAM
1387 1081 1516 1129 NON
1564 1080 1759 1129 RBCTE
1806 1080 2027 1129 AJUNT.

330 1261 646 1317 Mortuus
674 1264 798 1327 est,
828 1263 908 1317 ut
934 1259 1343 1316 mabillonio
1380 1259 1668 1328 videtur,
1700 1273 1808 1317 an.
1844 1261 1973 1314 646
2005 1287 2081 1297 —-
2108 1259 2265 1314 Nat.
2294 1257 2661 1313 HibernuS.

1045 1443 1493 1510 PRAEFATIO
1541 1444 1941 1510 AUCTORIS

315 1596 455 1665 Nisi
495 1617 600 1664 me
643 1600 1046 1664 Sanctarum
1097 1595 1467 1665 auctoritas
1527 1594 2080 1685 Scripturarum‚
2120 1607 2186 1663 et
2234 1593 2603 1684 praecipue
2653 1593 2774 1662 illa

225 1684 510 1753 veridici
546 1683 916 1774 prophetae
973 1685 1333 1764 sententia,
1373 1706 1512 1770 qua
1546 1683 1886 1753 sacrificio
1935 1683 2323 1753 obedientia
2364 1682 2770 1773 praefertur,

223 1773 309 1843 ad
349 1773 816 1842 necessitatem
853 1772 1216 1841 obediendi
1256 1772 1779 1863 constringeret,
1821 1772 2202 1862 praeceptis
2237 1772 2502 1851 vestris,
2536 1793 2574 1840 o
2616 1794 2775 1842 san-

224 1862 516 1932 ctissimi
570 1875 816 1950 patres,
862 1859 1217 1951 apologiae
1265 1860 1670 1950 hujusmodi
1722 1882 1942 1952 genus
1981 1881 2437 1950 opponerem:
2495 1860 2563 1929 Si
2614 1881 2772 1949 pro-

226 1950 455 2040 pheta,
512 1950 629 2036 qui
681 1962 876 2029 ante,
929 1971 1135 2036 quam
1209 1949 1621 2020 formaretur
1671 1950 1737 2018 in
1790 1961 2022 2031 utero,
2077 1972 2118 2019 a
2166 1950 2453 2019 Domino
2511 1948 2772 2019 electus

226 2051 352 2119 est,
407 2051 471 2107 et
519 2038 926 2128 priusquam
963 2039 1176 2107 exiret
1221 2038 1304 2107 de
1353 2051 1611 2119 ventre,
1676 2038 2147 2107 sanctificatus
2195 2050 2335 2121 θεὶς
2388 2037 2555 2105 dum
2613 2057 2774 2105 eum

227 2127 561 2197 Dominus
594 2127 844 2216 spiritu
867 2149 994 2195 suo
1030 2125 1408 2207 illustrans,
1451 2127 1639 2197 verbi
1673 2126 1898 2197 officio
1936 2127 2382 2216 manciparet,
2422 2125 2508 2194 de
2541 2124 2778 2194 aetatis

229 2215 630 2285 infirmitate
678 2228 742 2285 et
811 2216 1198 2305 ignorantia
1267 2229 1690 2303 conquestus
1736 2228 1877 2286 est:
1941 2215 2104 2302 quid
2168 2238 2336 2304 ego,
2413 2226 2773 2305 peccator,

227 2315 521 2375 acturus
560 2324 743 2384 sum,
795 2304 917 2390 qui
963 2304 1033 2371 in
1068 2303 1431 2390 iniquitate
1477 2317 1876 2394 conceptus,
1920 2317 1985 2374 et
2024 2305 2091 2373 in
2120 2303 2368 2373 delicto
2419 2302 2771 2392 proquUS,

230 2405 514 2485 propter
561 2392 801 2463 sordes
849 2392 1046 2474 vitae,
1088 2392 1621 2463 incircumcisus
1670 2415 1826 2462 sum
1876 2393 2081 2462 corde
2128 2405 2192 2462 et
2238 2392 2567 2462 auribus:
2616 2391 2782 2479 quia

231 2482 549 2552 videlicet
582 2504 706 2552 nec
740 2481 1098 2552 scientiam
1131 2481 1338 2574 digne
1367 2482 1697 2573 percipio,
1737 2504 1861 2551 nec
1889 2481 2122 2551 audita
2153 2482 2389 2552 devote
2421 2484 2781 2551 conservo?

232 2572 588 2654 Quomodo
642 2571 947 2661 justitias
996 2572 1267 2641 Domini
1328 2572 1701 2652 enarrabO,
1757 2583 1823 2640 et
1890 2593 2240 2641 assumam
2293 2583 2778 2640 testamentum

228 2661 384 2751 ejus
435 2682 555 2751 per
601 2682 677 2729 os
725 2681 983 2740 meum,
1036 2659 1243 2746 cujus
1289 2671 1577 2729 aetatem
1638 2682 1760 2728 nec
1812 2673 2083 2749 tempus
2131 2659 2360 2729 adhuc
2422 2658 2773 2748 implevit,

233 2771 358 2819 nec
411 2748 697 2819 scientia
745 2748 1304 2818 commendavit?
1348 2749 1557 2838 Cujus
1591 2749 1773 2818 dicta
1823 2770 1946 2818 nec
1995 2748 2307 2817 doctrina
2354 2749 2775 2827 corroborat,

231 2860 357 2907 nec
396 2839 530 2908 vita
565 2837 974 2906 confirmat?
1021 2838 1424 2906 Praesertim
1466 2860 1625 2906 cum
1671 2860 1750 2906 ea
1801 2837 2098 2907 scribere
2139 2836 2441 2925 jubeatis
2489 2849 2552 2905 et
2592 2835 2781 2906 ordi-

232 2949 422 3008 nare,
476 2948 771 3014 quorum
824 2926 1226 3016 dignitatem
1289 2926 1399 2995 vix
1446 2927 1681 2995 animo
1745 2939 2051 3016 torpente
2099 2926 2417 3013 conjicio,
2473 2930 2634 2993 Tres
2684 2937 2780 2993 ta-

234 3038 391 3085 men
443 3016 530 3086 ob
578 3036 826 3084 causas
873 3015 1174 3084 audendi
1224 3015 1386 3084 talia
1441 3015 1620 3083 viam
1669 3015 1967 3096 inveni0‚
2024 3015 2285 3085 scilicet
2337 3014 2518 3101 quod
2578 3013 2782 3083 credo

234 3126 346 3175 me
393 3127 430 3173 a
483 3104 765 3172 Domino
813 3103 1341 3185 sublevandum,
1379 3103 1466 3173 ob
1514 3104 1717 3192 cujus
1742 3104 1944 3193 jussa
1979 3104 2231 3193 pariter
2278 3125 2356 3172 ac
2408 3103 2773 3192 promissa,

231 3192 417 3281 quod
463 3192 715 3260 virium
771 3192 1318 3262 consideratione
1382 3192 1751 3272 exhorrui,
1805 3191 2165 3261 obediendi
2238 3191 2614 3281 cupiditate
2664 3213 2783 3259 su-

236 3282 447 3371 scepi.
496 3279 748 3347 Deinde
796 3280 978 3366 quod
1031 3302 1139 3350 me
1187 3280 1459 3350 confido
1508 3281 1690 3351 beati
1740 3280 1913 3349 Galli
1957 3281 2468 3361 intercessione,
2506 3280 2785 3349 vestris-

233 3393 368 3458 que
420 3367 738 3459 precibus
768 3368 1104 3457 adjuvari,
1198 3391 1268 3437 ro
1316 3390 1613 3455 quorum
1650 3371 2083 3438 veneratione
2116 3392 2195 3439 ac
2243 3391 2474 3438 amore
2503 3368 2785 3469 grande

232 3481 415 3529 onus
464 3455 776 3525 humeris
846 3457 1071 3546 aptavi
1168 3457 1489 3527 ebilibus.
1546 3462 1943 3538 PostremO,
1997 3458 2180 3546 quod
2248 3457 2494 3527 alienis
2543 3458 2785 3527 insisto

232 3546 563 3636 vestigiis,
618 3544 1057 3632 veritatisque
1106 3545 1440 3614 tenendae
1490 3546 1742 3615 lineam
1805 3547 1998 3617 novis
2055 3545 2535 3616 tantummodo
2576 3568 2784 3615 cosror

237 3636 563 3727 passibus
597 3632 934 3702 demetiri.
975 3635 1192 3704 Vitam
1256 3634 1466 3724 igitur
1529 3636 1749 3704 sancti
1798 3635 2216 3704 Confessoris
2277 3635 2524 3704 Christi
2574 3603 2781 3716 (iasii,

288 3724 512 3794 atroni
550 3721 788 3801 nostri,
843 3722 1048 3809 cujus
1095 3724 1404 3812 corporis
1443 3723 1846 3794 thesaurum
1899 3723 2222 3794 fidelibus
2270 3728 2550 3792 servatis
2584 3744 2790 3792 excu-

291 3814 398 3894 iis,
457 3832 668 3883 sensu
706 3809 1030 3891 nobilem,
1087 3811 1343 3902 scripto
1392 3811 1824 3901 degenerem,
1880 3812 2087 3882 vultis
2135 3834 2170 3879 a
2220 3833 2329 3881 me
2377 3811 2641 3879 lumine
2684 3834 2788 3881 re-

240 3916 392 4058 ctae·
418 3899 787 4058 lzcutionis
834 3900 1090 3981 ornari,
1134 3913 1198 3969 et
1246 3900 1488 3969 seriem
1533 3900 1892 3971 confusam
1940 3899 2400 3991 capitulorum
2454 3898 2789 3991 distingui

274 4002 446 4059 tmttt
503 4012 612 4059 us.
2366 4023 2372 4030 ·

332 4079 625 4147 Obsecro
658 4077 883 4164 itaque
926 4089 1009 4157 te,
1056 4077 1378 4147 Gosberte
1435 4076 1816 4158 carissime,
1852 4077 2037 4146 Abba
2072 4075 2465 4146 monasterii
2491 4081 2555 4146 S.
2585 4076 2785 4158 Galli,

243 4178 663 4253 cunctosque
694 4166 959 4246 fratreS,
1013 4165 1133 4251 qui
1173 4167 1303 4236 sub
1348 4179 1409 4235 te
1451 4165 1738 4234 militiae
1776 4165 2172 4236 deserviunt
2205 4165 2524 4256 spiritali,
2561 4179 2638 4235 ut
2682 4187 2791 4234 me

243 4255 671 4324 orationibus
749 4254 1089 4342 adjuvetis
1119 4308 1134 4334 ‚
1188 4267 1532 4340 quatenus
1579 4266 1645 4324 et
1694 4254 1824 4324 hoc
1873 4276 2047 4344 opus
2083 4310 2098 4336 ,
2152 4268 2217 4324 et
2264 4253 2401 4323 alia
2466 4255 2791 4344 deinceps

235 4341 456 4431 digne
520 4347 650 4412 Deo
715 4366 981 4414 merear
1046 4342 1409 4433 explicare.
1483 4348 1649 4414 Nam
1725 4344 1783 4413 si
1863 4356 2210 4433 gratanter
2270 4356 2449 4415 recte
2505 4368 2538 4414 a
2595 4343 2792 4413 nobis

298 4468 325 4495 ¹·
352 4467 399 4509 Is
417 4468 578 4508 floruit
596 4479 719 4510 nono
741 4471 917 4512 seculo.

405 4551 645 4609 surius
675 4582 700 4595 ·
739 4551 904 4613 Vitae
936 4553 1048 4614 SS.
1081 4582 1105 4599 ·
1134 4550 1264 4614 Vol.
1295 4550 1370 4614 X.
2560 4547 2638 4610 29
