3347 4999
236 305 430 372 OCT.
486 307 526 370 9
937 324 1015 369 nr:
1064 324 1118 369 S.
1173 322 1481 370 LUDOVICO
1531 321 1898 370 marmano
1947 323 2128 372 conr.
2585 307 2714 388 297

236 407 568 498 Vigilias,
614 407 825 487 sitim,
865 406 1142 487 famem,
1185 421 1447 476 aestum
1486 419 1548 476 et
1581 406 1835 496 frigora
1884 409 1951 477 in
2006 408 2133 477 hoc
2173 409 2548 497 apostolico
2597 409 2805 478 mini-

237 497 464 567 sterio
513 496 738 565 serens
768 550 782 576 ,
839 517 1109 581 semper
1159 496 1364 584 pedes
1429 496 1798 576 incedenS,
1854 509 1917 565 et
1966 518 2168 583 saepe
2216 519 2465 587 aeger,
2519 520 2799 567 cursum

239 607 463 655 suurn
516 608 674 655 cum
742 584 1057 674 Apostolo
1118 606 1604 653 consummare
1653 584 2005 674 gestiebat.
2063 586 2333 654 Socium
2385 587 2803 673 quandoque

237 673 505 744 habuit
539 673 779 743 rudem
836 674 1168 754 moribuS,
1224 673 1338 742 cui
1387 695 1519 742 non
1565 674 1714 741 sine
1750 672 2082 742 miraculo
2126 674 2406 743 mortale
2448 675 2699 743 vulnus
2733 677 2829 742 in.

232 764 476 852 capite
522 775 918 846 cu1·averat;
971 763 1137 849 quin
1190 763 1391 830 etiam
1449 774 1713 851 praeter
1758 762 2328 851 exspectationem
2364 818 2378 840 ,
2425 776 2501 831 ut
2532 764 2594 830 ei
2631 765 2799 831 sub-

235 852 537 931 veniret,
576 852 895 941 apparuit
941 852 1145 920 arbor
1197 850 1548 940 pomifera,
1605 850 1893 938 fonsque
1927 851 2009 920 ad
2064 851 2358 920 radicem
2413 851 2792 931 scaturivit,

233 953 318 1011 ut
371 938 576 1009 illum
629 951 962 1009 recrearet
991 953 1057 1008 et
1088 940 1511 1020 convivaret;
1564 941 1682 1026 qui
1729 953 1960 1029 postea
2008 962 2163 1007 eum
2222 941 2562 1010 inurbane
2610 939 2797 1009 dese-

234 1051 434 1108 rens,
487 1028 756 1109 misere,
796 1029 976 1097 sicut
1013 1029 1075 1097 ei
1131 1029 1230 1098 vir
1279 1030 1390 1098 Dei
1431 1029 1881 1118 praedixerat,
1925 1027 2262 1115 reliquum
2303 1031 2475 1097 vitae
2525 1041 2799 1117 tempus

234 1133 304 1189 et
341 1118 560 1186 finem
597 1117 1049 1207 consumpsit.
1107 1118 1305 1186 Visus
1350 1131 1450 1187 est
1497 1119 1702 1186 etiam
1757 1139 1956 1207 saepe
2000 1118 2065 1184 in
2120 1118 2407 1197 itinere,
2465 1141 2503 1187 a
2540 1119 2646 1185 via
2697 1139 2800 1186 se-

232 1206 530 1285 cedens,
585 1206 878 1295 flagellis
918 1229 989 1275 se
1019 1208 1324 1276 caedere.
1379 1207 1641 1275 Pluries
1691 1207 1926 1276 obvias
1964 1206 2204 1275 habuit
2238 1207 2447 1296 tigres
2479 1219 2598 1275 aut
2630 1206 2801 1274 alias

233 1295 457 1376 feraS‚
500 1316 678 1380 quae
712 1296 912 1384 signo
945 1295 1173 1364 crucis
1204 1293 1291 1364 ab
1324 1317 1401 1363 eo
1437 1296 1634 1365 mites
1670 1295 1995 1374 redditae,
2030 1295 2512 1364 itinerantibus
2546 1295 2802 1363 illaesis

236 1384 536 1463 relictiS,
576 1383 712 1452 alio
746 1384 871 1453 iter
904 1383 1347 1472 arripiebant.

329 1476 369 1560 ξ
413 1477 576 1545 10.
618 1473 1079 1562 Carthagenae
1129 1473 1568 1542 concionator
1619 1472 1991 1562 deputatus
2025 1473 2091 1541 in
2126 1471 2692 1562 Quadragesima,
2728 1488 2804 1543 ut

233 1562 299 1631 ei
358 1582 518 1629 mos
550 1574 715 1642 erat,
775 1562 963 1631 visus
1011 1560 1140 1630 fuit
1188 1561 1470 1630 duriora
1510 1562 1717 1631 corda
1766 1561 2075 1630 emollire
2122 1575 2185 1630 et
2234 1561 2581 1631 auditores
2633 1583 2799 1630 non-

233 1650 384 1719 nisi
423 1663 881 1739 compunctos
932 1662 996 1719 et
1035 1672 1265 1719 amare
1305 1652 1545 1720 flentes
1577 1650 1944 1719 dimittere.
1986 1651 2316 1738 Rapiebat
2365 1650 2795 1719 audientium

237 1750 543 1818 menteS,
600 1760 820 1825 neque
852 1738 1036 1807 enim
1072 1738 1374 1807 hominis
1408 1740 1521 1808 sed
1556 1740 1785 1829 angeli
1836 1739 2152 1827 spiritum
2189 1739 2389 1808 verba
2425 1741 2573 1828 ejus
2611 1739 2802 1808 redo-

238 1828 512 1897 lebant.
568 1827 1015 1896 contumetiis
1069 1841 1342 1928 propter
1389 1828 1555 1897 haec
1612 1851 1650 1897 a
1698 1828 2096 1897 carnalibus
2145 1850 2224 1895 ac
2271 1830 2473 1896 etiam
2529 1828 2801 1917 probris

234 1930 304 1987 et
357 1915 808 1985 irrisionibus
857 1929 1242 2005 appetituS,
1301 1918 1646 2008 gaudebat
1694 1917 1874 2004 quod
1932 1938 2052 2006 pro
2109 1917 2387 1985 nomine
2430 1916 2589 1985 Jesu
2641 1917 2801 1985 talia

233 2006 386 2096 pati
427 2004 688 2093 dignus
722 2004 1108 2074 haberetur.

336 2096 376 2181 ξ
432 2099 562 2165 11.
615 2093 952 2163 Tubaram
1006 2116 1044 2162 a
1093 2093 1446 2183 superiore
1498 2093 1777 2175 missus,
1824 2109 1900 2164 ut
1933 2107 2168 2185 gentes
2211 2093 2364 2162 illas
2406 2093 2520 2161 Dei
2567 2094 2801 2183 cogni-

238 2183 440 2252 tione
481 2181 816 2251 imbueret
848 2195 912 2251 et
952 2196 1226 2252 sanctae
1261 2182 1598 2251 Ecclesiae
1634 2184 2084 2252 sacramentis
2120 2183 2438 2260 initiaret,
2474 2184 2800 2251 omnibus

239 2270 445 2339 illius
493 2269 624 2339 loci
675 2270 1120 2352 infidelibus,
1174 2271 1603 2341 orationibus
1634 2326 1648 2351 ‚
1696 2272 1981 2361 jejuniis
2017 2327 2031 2353 ‚
2108 2272 2689 2362 flagellationibus
2737 2282 2803 2339 et

239 2359 414 2428 aliis
452 2360 711 2447 poenis,
743 2360 804 2427 'a
855 2360 1140 2428 Domino
1188 2360 1656 2429 conversionis
1707 2362 1995 2449 gratiam
2048 2360 2369 2440 obtinuit,
2426 2382 2632 2447 quam
2684 2382 2800 2449 per

243 2447 626 2517 conciones
677 2449 896 2538 ipsius
947 2449 1279 2520 Dominus
1320 2461 1548 2519 noster
1585 2449 1826 2536 exequi
1861 2450 2189 2540 dignatus
2219 2462 2342 2519 est.
2385 2454 2797 2520 Daemonem

245 2536 349 2605 ibi
405 2536 688 2605 mentito
737 2537 978 2607 habitu
1026 2539 1112 2606 ab
1147 2540 1256 2607 his
1309 2538 1661 2608 laboribus
1709 2539 2179 2608 dehortantem
2240 2539 2488 2608 detexit
2527 2553 2592 2607 et
2641 2539 2801 2608 ulu-

241 2624 508 2693 lantem
562 2624 749 2694 abire
799 2628 1040 2716 coegit.
1083 2627 1416 2696 Infantem
1467 2627 1616 2716 (qui
1668 2627 1797 2697 suit
1832 2630 2100 2718 primus
2134 2649 2337 2714 quem
2391 2626 2799 2696 sacrofonte

242 2711 526 2802 abluit),
559 2714 646 2783 ab
677 2714 847 2785 Indo
880 2717 1198 2801 quamvis
1225 2714 1579 2786 idololatra
1614 2716 1944 2794 delatum,
1975 2715 2367 2785 Michaelem
2400 2714 2792 2805 appellavit,

240 2803 546 2891 ipsomet
597 2803 767 2872 Indo
833 2804 1056 2893 palam
1120 2818 1402 2874 testante
1463 2828 1534 2874 se
1592 2806 1678 2873 ab
1739 2806 1984 2895 angelo
2035 2805 2304 2873 Domini
2361 2804 2794 2872 admonitum

241 2905 789 2961 consecuturum
840 2915 995 2960 eum
1049 2915 1206 2962 cum
1260 2894 1601 2983 baptismo
1651 2895 1940 2963 salutem
1994 2907 2365 2972 aeternam,
2420 2905 2485 2960 et
2533 2891 2619 2959 ad
2672 2893 2798 2960 hoc

241 2979 483 3069 ipsum
529 2980 804 3050 beatum
843 2981 1259 3051 Ludovicum
1312 3006 1348 3051 a
1402 2988 1532 3052 Deo
1582 2982 1747 3052 illuc
1782 2984 2113 3050 directum
2152 2981 2387 3049 fuisse.
2443 2979 2794 3049 Idolorum

239 3069 451 3137 etiam
489 3071 764 3159 tuguria
791 3071 1119 3139 succendi
1149 3072 1434 3152 curavit,
1474 3085 1537 3141 et
1572 3084 1759 3141 tanta
1800 3069 2182 3140 sanctitatis
2214 3069 2365 3155 ejus
2397 3068 2578 3137 fama
2607 3069 2793 3157 apud

240 3156 583 3227 barbaras
643 3158 800 3227 illas
858 3170 1092 3249 gentes
1142 3160 1477 3241 invaluit,
1531 3175 1609 3230 ut
1664 3160 2001 3249 plurimos
2055 3179 2133 3226 ex
2182 3157 2322 3225 illis
2371 3156 2673 3226 furentes
2723 3157 2794 3226 in

244 3245 622 3332 quemdam
676 3248 1313 3338 ministrum'(sola
1365 3249 1745 3338 praesentia
1799 3246 2172 3317 tumultum
2226 3244 2576 3335 sedando)
2622 3246 2796 3314 deti-

244 3334 501 3404 nuerit.
555 3335 915 3404 Publicurn
967 3338 1170 3406 etiam
1216 3338 1310 3406 ibi
1348 3337 1737 3407 adulterum
1794 3335 2111 3423 quamvis
2162 3348 2497 3425 potentem
2550 3335 2799 3404 acriter

244 3422 689 3511 reprehendit
721 3447 735 3503 ;
790 3446 828 3492 a
868 3446 1004 3510 quo
1043 3439 1273 3515 postea
1320 3428 1533 3496 armis
1569 3426 1791 3494 valide
1828 3427 2128 3502 invasuS,
2173 3424 2588 3494 mirantibus
2621 3447 2796 3493 cun-

243 3512 402 3592 ctiS,
453 3510 582 3581 telo
638 3511 706 3579 in
762 3527 1009 3582 terram
1064 3514 1388 3594 cadente,
1438 3515 1807 3585 incolumis
1853 3527 1916 3582 et
1966 3513 2352 3602 intrepidus
2382 3518 2618 3581 evasit.
2665 3519 2798 3582 Nec

244 3601 334 3670 ab
372 3600 775 3669 hominibus
809 3601 1059 3683 solum,
1099 3604 1221 3672 sed
1258 3605 1458 3673 etiarn
1498 3628 1535 3673 a
1568 3603 2024 3672 daemonibus
2059 3602 2125 3670 in
2172 3601 2446 3671 illarum
2531 3602 2793 3670 entium

244 3688 815 3759 conversionibus
867 3691 1166 3780 plurima
1215 3693 1516 3783 pertulit,
1574 3692 1971 3781 praesertim
2025 3691 2205 3779 apud
2264 3712 2467 3778 quem
2527 3712 2635 3759 am
2682 3711 2794 3757 ve-

244 3787 563 3846 teranum
599 3776 942 3848 idolorum
972 3781 1387 3850 sacerdotem
1419 3782 1619 3850 morti
1650 3781 2066 3869 proximum,
2100 3801 2303 3865 quem
2341 3801 2535 3848 sacro
2568 3779 2795 3867 bapti-

245 3878 465 3935 smate
492 3865 889 3948 initiavit‚et
916 3868 999 3937 ad
1031 3869 1336 3957 ipsorum
1369 3869 1893 3938 immundorum
1923 3868 2293 3958 spirituum
2335 3867 2791 3965 infestatione,

245 3952 382 4022 fixo
422 3953 605 4042 apud
657 3954 858 4025 illum
895 3969 1169 4025 sanctae
1202 3957 1429 4026 crucis
1467 3958 1690 4046 signo,
1739 3957 2072 4026 liberavit.
2109 3957 2439 4026 jacobum
2485 3956 2787 4046 Raphae·

247 4038 380 4110 lem
433 4048 725 4113 Frances
757 4066 835 4113 ex
876 4065 955 4112 eo
989 4044 1134 4113 loco
1179 4045 1510 4134 praevidit
1547 4045 1959 4135 naufragum
2012 4044 2347 4125 futurum,
2392 4065 2594 4130 quem
2642 4067 2796 4135 pro·

247 4140 477 4214 pterea
514 4153 634 4222 per
666 4134 847 4202 diem
901 4145 965 4201 et
1021 4133 1220 4202 binas
1256 4147 1489 4203 noctes
1531 4146 1874 4203 natantem
1918 4147 1985 4203 et
2020 4134 2456 4203 beatissimae
2498 4134 2796 4223 Virginis

251 4218 351 4284 Ss.
400 4222 661 4290 Rosarii
703 4221 1159 4312 patrocinium
1203 4222 1482 4292 assidue
1518 4221 2025 4312 implorantem,
2064 4222 2330 4292 salvum
2368 4222 2449 4290 ad
2485 4221 2647 4292 litus
2697 4245 2797 4289 re.-

247 4305 462 4392 cepit;
502 4311 622 4380 ubi
657 4331 812 4379 eum
854 4322 1211 4400 propterea
1257 4333 1415 4380 cum
1470 4310 1805 4381 subsidiis
1845 4313 2065 4382 victus
2113 4325 2174 4380 et
2225 4312 2507 4380 vestitus
2555 4331 2794 4399 exspe-

251 4402 568 4480 ctaverat,
606 4410 669 4466 et
710 4422 746 4467 a
792 4401 1029 4469 mortis
1068 4399 1386 4470 instantis
1418 4399 1737 4469 faucibus
1772 4400 2048 4490 eripuit.
