3347 4999
662 330 803 395 664·
1255 346 1333 393 mi
1380 345 1437 393 s.
1490 343 1797 394 summo
1842 344 2171 394 commta.
2223 344 2421 394 saise.
2801 327 2974 395 OCT.
3028 331 3127 397 23

563 432 929 510 Martium,
970 430 1292 521 migravit
1338 454 1375 499 a
1425 429 1683 509 seculo,
1736 444 1799 500 et
1842 452 2026 498 nunc
2056 452 2213 499 eum
2261 429 2639 520 hymnidici
2672 430 2924 500 civium
2957 455 3121 503 coe·

563 521 836 590 lestium
892 519 1084 588 chori
1144 521 1211 587 in
1279 541 1483 588 suum
1550 520 1972 589 consortium
2036 519 2362 587 laetantes
2408 519 2828 609 suscipiunt.
2902 522 3125 610 Cujus

556 608 1062 678 sanctissimam
1106 608 1421 677 animam
1457 630 1668 677 carne
1716 608 2039 686 solutam,
2078 608 2397 680 diabulus
2435 630 2594 678 cum
2646 609 2796 677 suis
2841 608 3118 697 angelis

555 699 847 768 retinere
895 698 1184 776 curavit,
1226 696 1340 766 sed
1385 696 1554 765 nibil
1600 697 1666 765 in
1702 719 1784 766 eo
1818 719 2018 765 suum
2061 697 2431 784 reperiens,
2473 696 2808 767 confusus
2839 702 3122 768 abst-es-

557 787 669 856 sit.
723 792 1003 875 Propter
1049 785 1230 872 quod
1282 799 1350 855 et
1403 785 1774 873 paululum
1823 806 2053 855 morae
2084 786 2235 866 fuit,
2271 785 2451 872 quod
2484 787 2930 871 exequiarum
2956 787 3122 875 ejus

556 874 767 962 digna
813 874 1180 944 celebratio
1227 897 1268 943 a
1322 874 1519 944 nobis
1555 875 1802 943 audire
1856 896 1987 943 non
2028 889 2269 961 potuit.
2303 896 2340 940 »
2371 875 2793 960 Requisitum
2825 889 2924 942 est
2949 897 3124 965 ergo

557 964 1109 1053 diligentissime,
1163 978 1229 1032 et
1279 964 1634 1031 inventum
1669 1018 1686 1042 ,
1732 962 1966 1031 eadem
2006 963 2118 1031 die
2164 978 2226 1031 et
2279 963 2453 1031 liorzl·
2494 978 2809 1031 sanctum
2878 965 3117 1032 Marti·

559 1074 725 1122 num
788 1066 1141 1121 aeternum
1196 1052 1306 1120 sui
1372 1051 1638 1120 Domini
1696 1050 2029 1140 gaudium
2085 1052 2402 1130 intrasse,
2477 1073 2617 1137 quo
2666 1053 2794 1121 boc
2832 1051 3110 1122 beatum

562 1141 958 1211 Severinum
1010 1140 1299 1227 contigit
1353 1140 1753 1227 prophetiae
1804 1140 2056 1228 spiritu
2108 1154 2362 1208 tactum
2431 1140 2751 1209 sensisse..
2813 1141 3116 1228 Prophe-

565 1230 697 1298 tiae
744 1230 929 1297 enim
979 1250 1129 1298 esse
1159 1228 1465 1297 creditur
1510 1229 1693 1314 quod
1738 1228 2014 1296 divinae
2046 1229 2318 1297 virtutis
2354 1228 2753 1316 mysterium
2804 1251 2922 1316 per
2963 1252 3112 1296 ma-

563 1317 1066 1387 nifestationem
1112 1318 1410 1403 Spiritus
1460 1318 1686 1386 Sancti
1731 1317 2017 1386 cuilibet
2069 1317 2426 1385 revelatur.
2482 1316 2655 1398 Quid
2709 1338 2873 1404 ergo
2910 1318 3108 1389 nobis

562 1406 647 1475 de
697 1406 907 1496 liujus
968 1407 1390 1475 sanctissimi
1462 1406 1806 1493 pontilicis
1869 1406 2171 1474 Severini
2228 1429 2288 1472 m
2341 1406 2486 1473 ritis
2535 1405 2908 1474 dim-ndum
2959 1421 3098 1486 est,

568 1494 701 1564 nisi
750 1494 930 1580 quod
982 1495 1418 1583 omnipotens
1474 1499 1645 1563 Deus
1692 1494 1859 1562 dum
1899 1494 2264 1563 Martinum
2301 1495 2384 1561 ad
2420 1493 2780 1562 coelestem
2816 1493 3110 1583 gloriam

567 1584 830 1664 extulit,
890 1583 1051 1652 huic
1088 1585 1239 1671 ejus
1286 1605 1658 1653 consessus
1698 1597 1764 1652 et
1796 1583 2122 1651 consortii
2157 1584 2588 1652 securitatem
2619 1582 2844 1651 dedit:
2885 1584 3105 1669 utqui

570 1694 704 1741 non
756 1671 1117 1741 dissimilis
1164 1670 1373 1740 studii
1436 1685 1632 1740 erant
1684 1673 1749 1739 in
1798 1686 2199 1756 contemptu
2250 1671 2490 1748 seculi,
2562 1671 2830 1758 aequali
2889 1671 3118 1762 gloriar
3215 1669 3220 1674 ’

567 1760 908 1851 fulgerent
956 1762 1022 1828 in
1074 1774 1347 1829 aeterna
1400 1759 1648 1828 laetitia
1702 1759 2305 1848 contemplationis
2361 1760 2526 1829 Dei?

662 1861 699 1929 5
747 1854 829 1921 8.
884 1854 1121 1918 Fertur
1167 1849 1367 1917 etiam
1420 1848 1727 1936 ejusdem
1773 1848 2051 1937 gloriosi
2110 1848 2454 1936 pontilicis
2488 1849 2918 1938 temporibus
2962 1869 3116 1918 ere-

573 1938 807 2007 mitam
874 1937 1239 2024 quemdam
1303 1938 1692 2025 praecipuis
1756 1939 2082 2005 virtutum
2149 1939 2477 2025 operibus
2552 1937 2924 2005 floruisse:
2985 1937 3105 2023 qui

573 2026 937 2116 cujusdam
992 2027 1223 2114 magni
1272 2026 1605 2116 principis
1644 2024 1851 2094 fuisse
1901 2024 2113 2105 tilius,
2166 2040 2229 2093 et
2284 2025 2347 2092 in
2397 2024 2676 2094 deliciis
2714 2026 3109 2112 copiosissi-

574 2116 707 2184 mis
740 2135 890 2201 esse
935 2116 1278 2185 enutritus
1331 2115 1747 2203 perhibetur.
1806 2118 1876 2183 In'
1916 2114 2192 2199 quibus.
2220 2135 2524 2199 eousque
2562 2114 2934 2203 perductus
2978 2127 3106 2194 est,

574 2216 651 2272 ut
703 2216 1015 2290 parentes
1046 2204 1195 2292 ejus
1230 2203 1635 2292 magutsu-as
1686 2201 1780 2271 illi
1820 2202 2094 2291 nuptias
2133 2217 2640 2291 praepararent,
2683 2217 2748 2271 et
2782 2224 3105 2292 sponsam

574 2291 1132 2372 delicatissimam
1209 2313 1365 2360 cum
1435 2306 1775 2378 apparatu
1828 2292 2039 2358 multo
2108 2291 2593 2359 conduc-erent.
2664 2292 2873 2379 Cujus
2937 2291 3103 2359 dum

574 2380 897 2470 conjugio
958 2375 1299 2466 potiturus
1346 2379 1745 2448 cubiculum
1803 2393 1951 2467 post
1997 2399 2276 2447 coenam
2350 2378 2947 2462 opulentissimam
3005 2382 3113 2448 in-

578 2480 805 2548 traret,
858 2468 1085 2538 subito
1154 2488 1398 2557 pavore
1471 2470 1699 2537 nescio
1766 2489 1905 2554 quo
1965 2483 2219 2555 raptus.
2280 2467 2445 2536 vidit
2513 2467 2710 2555 quasi
2779 2468 3105 2556 juvenem

577 2557 1193 2647 speciosissimum,
1238 2558 1355 2642 qui
1391 2558 1447 2624 ei
1505 2558 1831 2645 maj0rem
1884 2556 2170 2647 gloriam
2221 2556 2818 2626 commodaturum
2873 2572 3116 2628 sancte

579 2647 1023 2735 promitteret,
1083 2645 1138 2713 si
1188 2646 1318 2714 sibi
1388 2647 1624 2734 pat-ere
1679 2645 2026 2731 sequendo
2086 2645 2461 2716 maluisset.
2518 2646 2707 2728 Quod
2761 2667 2917 2713 cum
2975 2662 3116 2715 tota

576 2735 950 2805 ambitione
989 2734 1268 2824 ‚iuvenis
1308 2756 1378 2803 se
1428 2733 1595 2802 velle
1635 2733 1937 2812 dixisset,
2000 2735 2327 2812 surrexit,
2380 2749 2445 2803 et
2491 2734 2577 2803 de
2630 2735 2818 2803 omni
2873 2734 3116 2824 supel-

578 2821 810 2902 lectili,
864 2846 1071 2910 quam
1136 2823 1549 2911 possederat,
1605 2823 1957 2891 vasculum
2000 2822 2331 2912 ligneum,
2382 2844 2518 2908 quo
2581 2823 2808 2891 vinum
2862 2822 2950 2891 de
3014 2824 3104 2892 si·

578 2911 742 2981 tulis
791 2912 856 2980 in
913 2934 1066 2980 vasa
1119 2934 1324 2981 aurea
1357 2925 1422 2980 et
1453 2921 1777 2998 argentea
1826 2911 2106 2981 mixtum
2147 2911 2537 2979 bibentibus
2567 2910 2762 2979 fundi
2815 2912 3110 2993 solebat,

577 3000 798 3070 solum
852 3022 1083 3069 secum
1123 3021 1429 3077 sumens,
1473 3000 1689 3066 virum
1727 2999 1845 3084 qui
1899 3000 2242 3089 apparuit.
2296 3016 2594 3075 secutus,
2648 3000 3003 3069 abscessit.
3060 3009 3110 3071 Α

574 3109 714 3176 quo
763 3089 827 3155 in
884 3088 1241 3158 remotiora
1280 3089 1488 3156 eremi
1543 3086 1686 3156 loca
1737 3088 2012 3166 duetus,
2060 3088 2260 3156 vitam
2303 3087 2713 3157 laudabilem
2765 3102 2828 3156 et
2870 3091 3114 3177 paucis

577 3177 982 3246 imitabilem
1036 3177 1251 3246 duxit.
1308 3181 1611 3263 Cumque
1662 3176 1912 3245 ibidem
1967 3176 2218 3246 multos
2252 3176 2399 3244 dies
2445 3177 2527 3245 ad
2572 3177 3105 3265 promerendum

580 3269 790 3334 Deum
841 3265 1191 3335 continuis
1230 3265 1655 3334 orationibus
1697 3279 1985 3342 vacaret,
2037 3264 2431 3353 supplicare
2483 3287 2898 3353 magnopere
2953 3288 3109 3335 coe-—

579 3354 703 3443 pit,
758 3364 832 3421 ut.
879 3374 1037 3422 cum
1090 3374 1226 3439 quo
1256 3353 1730 3439 aequalitatem
1776 3352 2055 3439 praemii
2102 3353 2464 3422 habiturus
2507 3368 2708 3432 esset,
2752 3354 3106 3438 judexne·

579 3441 961 3528 quissimus
1010 3442 1325 3529 aperit-et.
1364 3442 1482 3510 Cui
1535 3442 1698 3510 dum
1736 3441 2158 3511 Coloniensis
2190 3442 2530 3511 Eri-lasiae
2577 3442 2846 3528 praesul
2893 3447 3100 3512 famo-

579 3531 901 3599 sissimus
969 3530 1331 3598 Severinus
1386 3529 1457 3597 in
1510 3530 1905 3617 hujusmodi
1978 3532 2319 3600 consortio
2375 3546 2900 3619 proponeretur,
2974 3530 3100 3601 sibi

507 3702 511 3707 ,
577 3641 763 3700 eum,
807 3619 966 3705 quis
1012 3633 1210 3698 esset,
1263 3618 1527 3687 ostendi
1593 3623 2019 3706 precabatur.
2071 3624 2202 3689 Nec
2256 3640 2469 3697 mora,
2525 3619 2700 3688 idem
2767 3625 2886 3705 qui
2940 3619 3108 3690 illuc

578 3729 734 3777 eum
786 3706 1184 3785 adduxerat,
1239 3705 1483 3783 adsuit,
1534 3708 1693 3775 etei
1758 3706 2022 3785 lovum,
2080 3709 2145 3775 in
2197 3730 2333 3793 quo
2393 3730 2678 3777 sanctus
2723 3709 3112 3797 Episcopus

578 3796 718 3865 illis
776 3795 1021 3866 diebus
1074 3794 1504 3874 morabatur,
1570 3795 1887 3864 ostendit.
1943 3801 2135 3865 Forte
2205 3810 2408 3877 tunc,
2462 3796 2756 3866 instante
2799 3798 3106 3883 quadam

576 3885 1029 3965 solemnitate,
1076 3882 1445 3952 multitudo
1499 3882 1729 3970 populi
1767 3885 2177 3964 confluebat,
2228 3885 2341 3954 cui
2394 3899 2541 3974 post
2588 3886 2900 3953 divinum
2958 3884 3109 3955 offi-

576 3974 763 4042 cium
812 3996 850 4043 a
905 3987 1091 4043 tanto
1141 3971 1459 4060 pontilice
1488 3973 1876 4041 convivium
1925 3973 2225 4042 exbiberi
2282 3973 2497 4043 honor
2546 3974 2911 4062 impositus
2965 3974 3116 4043 exi-

575 4061 798 4151 gebat.
842 4061 966 4130 Ubi
1017 4062 1182 4152 dum
1231 4061 1621 4149 praedictus
1655 4060 2004 4131 solitarius
2037 4063 2436 4131 deliciarum
2489 4061 2909 4132 affluentiam
2955 4085 3112 4130 rer-

578 4170 776 4225 nens,
831 4171 902 4218 se
947 4151 1006 4219 ei
1049 4151 1113 4218 in
1159 4150 1463 4238 praemio
1511 4149 1914 4219 sociandum
1963 4172 2115 4221 esse
2165 4152 2690 4240 pertimesceret,
2743 4152 2861 4238 qui
2914 4150 3106 4233 talia,

574 4235 806 4322 qualia
846 4236 990 4325 ipse
1038 4237 1385 4325 quondam
1449 4237 1849 4318 dimisisset,
1897 4238 2195 4317 liaberet,
2251 4241 2604 4309 severitate
2650 4240 3114 4329 correptionis

575 4347 613 4393 a
653 4326 978 4413 magistro
1018 4326 1332 4414 imposita
1383 4326 1647 4407 didicit,
1694 4327 1874 4414 quod
1916 4329 2148 4398 minus
2179 4331 2556 4418 Epist-opus
2600 4351 2872 4399 omnem
2910 4329 3103 4398 illam

579 4412 956 4484 secularem
993 4412 1307 4504 gloriam,
1350 4437 1557 4503 quam
1610 4416 1760 4506 ipse
1803 4415 2109 4507 ligneum
2164 4418 2545 4499 vasculum,
2583 4418 2768 4505 quod
2822 4418 2956 4488 sibi
3016 4418 3114 4490 de
