3347 4999
707 324 830 386 294
1287 340 1366 386 m:
1413 339 1471 386 s.
1525 336 1836 386 Lunovlco
1885 335 2254 385 aaarafflno
2301 336 2487 386 com.
2895 320 3070 386 OCT.
3129 323 3174 387 9

621 447 897 505 vacans,
936 424 1376 504 morabatur;
1431 423 1647 492 sacris
1680 424 1883 492 etiam
1924 422 2337 492 lectionibus
2370 422 2765 509 divinisque
2798 422 3177 510 colloquiis

621 527 920 583 mentem
973 511 1311 591 reficiens,
1368 513 1628 580 invenit
1664 533 1868 598 quem
1919 511 2252 599 diligebat
2298 511 2532 580 anima
2579 511 2775 598 ejus:
2816 514 3177 582 sanctissi-

622 625 773 673 mae
820 602 1285 672 Eucharistiae
1317 601 1698 688 'frequenti,
1761 600 2009 669 humili
2045 614 2109 669 et
2142 598 2414 669 occulta
2447 602 2842 690 sumptione
2873 600 3178 670 delecta-

622 704 755 773 ωε,
811 693 876 760 in
925 692 1035 760 Dei
1085 712 1164 760 ac
1216 690 1509 780 proximi
1558 711 1861 758 amorem
1906 702 2087 758 totus
2133 689 2425 767 exarsit;
2457 689 2882 758 xenodochia
2910 712 3178 780 magna

618 782 947 940 chag-itate
1003 780 1316 861 visitans,
1374 779 1798 868 pauperibus
1848 782 1985 847 tota
2034 778 2252 847 animi
2300 779 2409 847 sui
2472 778 2900 849 demissione
2947 779 3177 849 inser·

620 892 723 938 v1e
776 882 868 939 at.

705 962 742 1046 ξ
788 963 880 1030 8.
944 963 1026 1027 Ut
1073 956 1344 1028 Domini
1393 954 1764 1024 consilium
1814 954 1898 1025 de
1948 953 2421 1041 relinquendis
2467 954 2675 1025 domo
2714 955 3048 1031 fratribus
3097 968 3174 1026 et

621 1047 1032 1136 parentibus
1085 1045 1449 1137 perfectius
1497 1044 1853 1133 impleret,
1905 1044 2117 1112 eremi
2166 1043 2509 1115 desiderio
2556 1043 2733 1113 clam
2786 1043 2993 1113 domo
3042 1067 3176 1115 au-

619 1137 836 1226 fugit,
901 1135 1019 1203 sed
1069 1137 1379 1226 specioso
1446 1133 1716 1221 pietatis
1768 1132 1963 1201 titulo
2023 1146 2426 1214 revocatuS,
2482 1132 2830 1221 aliamque
2894 1132 3175 1203 fallacis

620 1225 831 1295 seculi
876 1223 1108 1314 fugam
1159 1224 1582 1310 auspicatus,
1627 1223 1850 1310 primo
1889 1221 2275 1291 clericalem
2308 1220 2590 1291 admisit
2624 1221 2965 1301 habitum,
3002 1244 3168 1292 mox

619 1335 799 1393 vero,
854 1336 987 1382 non
1028 1314 1178 1384 sine
1228 1315 1479 1402 magna
1525 1333 1686 1380 cum
1710 1312 2120 1380 domesticis
2159 1310 2366 1391 lucta,
2421 1310 2664 1379 Ordini
2713 1315 2779 1380 S.
2823 1310 3168 1380 Dominici

621 1424 868 1472 nomen
910 1402 1099 1471 dedit
1145 1404 1214 1472 in
1264 1413 1607 1471 conventu
1657 1399 2211 1470 Praedicatorum
2266 1397 2645 1479 ValentinO,
2684 1412 2750 1467 et
2802 1398 3167 1488 religionis

619 1491 861 1561 habitu
910 1505 1251 1582 suscepte,
1307 1488 1658 1591 praeclara
1706 1488 1926 1557 sancti
1979 1489 2312 1558 vincentii
2362 1488 2675 1569 Ferrarii,
2710 1487 3022 1578 ejusdem
3061 1487 3169 1557 fa·

619 1581 851 1650 miliae
898 1580 1325 1650 celeberrimi
1376 1576 1668 1657 alumni,
1708 1577 1987 1667 vestigia
2022 1577 2151 1647 sibi
2190 1576 2538 1663 sequenda
2586 1577 2965 1666 proposuit.
2996 1577 3170 1666 Ejus

618 1668 954 1759 exemplo,
1011 1668 1077 1738 in
1130 1668 1442 1738 omnium
1497 1665 1824 1734 virtutum
1878 1688 2124 1755 genere
2174 1665 2564 1754 proficiens,
2619 1665 2952 1755 genitoris
2998 1688 3169 1752 que·

619 1757 797 1826 relas
844 1770 905 1826 et
942 1757 1316 1826 blanditias
1365 1754 1616 1822 invicto
1666 1754 1902 1823 animo
1951 1755 2324 1844 superavit;
2368 1768 2454 1833 et,
2496 1754 2795 1823 tirocinii
2835 1776 3021 1823 anno
3055 1777 3169 1823 ex-

622 1846 800 1937 pleto
827 1847 929 1935 (in
963 1868 1101 1932 quo
1143 1843 1481 1932 regularis
1530 1842 1815 1912 militiae
1870 1843 2219 1932 praeclara
2258 1842 2448 1911 dedit
2478 1843 2789 1931 indicia),
2824 1843 3167 1913 solemnia

620 1936 980 2025 religiosae
1031 1933 1473 2024 professionis
1535 1945 1683 1999 vota
1740 1932 1989 2013 emisit,
2047 1945 2405 2021 postquam
2465 1931 2700 2001 multis
2755 1932 3165 2022 magnisque

618 2024 948 2093 virtutum
1006 2021 1443 2093 incrementis
1494 2020 1725 2101 vitam,
1779 2042 1985 2106 quam
2030 2021 2113 2089 ad
2165 2044 2322 2089 eum
2371 2043 2587 2108 usque
2634 2020 2818 2089 diem
2863 2023 3165 2111 integer-

618 2113 866 2183 rimam
918 2126 1170 2200 egerat,
1223 2109 1623 2179 cumulavit.
1682 2113 1921 2179 Sacros
1970 2109 2281 2191 ordines,
2327 2123 2594 2198 peracto
2648 2110 3001 2191 novitiatu,
3050 2132 3163 2180 su·

622 2201 876 2289 scepit;
906 2213 968 2269 et
998 2200 1081 2269 ad
1119 2219 1391 2269 sacrum
1426 2197 1936 2287 presbyteratus
1974 2199 2285 2267 ordinem
2330 2210 2704 2287 promotuS,
2746 2200 2950 2288 paulo
2986 2211 3157 2287 post,

623 2288 1038 2357 novitiorum
1094 2288 1440 2377 magister,
1498 2307 1648 2354 raro
1697 2287 2031 2376 exemplo,
2081 2286 2400 2376 eligitur;
2451 2287 2633 2373 quod
2689 2310 2947 2357 munus
2998 2309 3160 2358 cum

624 2377 946 2465 pluribus
972 2377 1173 2447 annis
1226 2378 1475 2465 magna
1522 2397 1678 2444 cum
1725 2375 1925 2444 laude
1971 2376 2408 2454 exercuisset,
2442 2377 2736 2446 vicarius
2784 2392 3162 2446 conventus

621 2464 709 2535 de
756 2464 1079 2556 Albayda.
1135 2465 1382 2536 deinde
1435 2464 1620 2556 prior
1668 2469 1730 2534 S.
1786 2465 2176 2554 Honuphrii
2232 2463 2360 2534 fuit
2393 2464 2829 2555 designatus;
2877 2464 3157 2535 demum

620 2556 987 2625 conventui
1036 2556 1378 2626 Valentiae
1420 2552 1735 2655 praefuit,
1794 2555 1859 2623 in
1903 2555 2159 2641 quibus
2207 2554 2449 2623 ceteris
2484 2552 2814 2625 fratribus
2855 2575 2990 2623 non
3026 2567 3160 2623 tam

623 2644 1061 2734 praelatione,
1113 2667 1320 2732 quarn
1375 2655 1618 2711 virtute
1665 2654 1730 2712 et
1775 2642 2087 2732 exemplo
2136 2665 2407 2731 semper
2456 2644 2765 2731 praeivit.

714 2737 749 2819 ἓ
798 2739 882 2806 4.
938 2739 1121 2803 Inter
1166 2746 1382 2800 cetera
1416 2786 1430 2810 ‚
1483 2731 1741 2817 quibus
1792 2731 1874 2800 ad
1927 2731 2296 2801 sublimem
2362 2731 2794 2820 perfectionis
2853 2730 3195 2821 gradum,

623 2823 954 2911 pervenit,
985 2842 1340 2891 summum
1374 2818 1504 2889 fuit
1530 2819 1821 2889 orationi
1853 2820 2129 2890 mentali
2165 2843 2282 2909 per
2301 2833 2598 2907 quatuor
2625 2822 2925 2910 integras
2954 2821 3161 2889 horas

618 2910 924 2997 quotidie
991 2931 1252 2990 vacare,
1311 2908 1702 2977 Dominicae
1754 2909 2093 2997 passionis
2144 2911 2471 2999 mysteria
2512 2931 2763 2999 magno
2812 2931 2968 2979 cum
3017 2906 3157 2976 fer-

619 3021 775 3068 vore
815 3010 878 3067 et
911 3000 1158 3069 mentis
1188 2997 1413 3086 jubilo
1450 2996 1833 3066 recolendo.
1871 2998 1992 3067 His
2026 3010 2178 3088 post
2214 2999 2567 3068 meridiem
2603 2996 3160 3086 contemplandis

621 3087 1056 3157 beatissimae
1102 3086 1402 3178 Virginis
1448 3085 1723 3176 gaudiis
1779 3086 2142 3156 dimidiam
2188 3086 2424 3156 horam
2476 3086 2792 3157 addebat.
2863 3086 3001 3155 Sub
3053 3086 3164 3155 his

618 3175 1019 3247 coelestium
1071 3175 1606 3245 illustrationum
1658 3177 2093 3244 commerciis
2147 3196 2468 3264 persaepe
2519 3175 2704 3246 visus
2738 3187 2839 3245 est
2872 3197 3005 3244 non
3048 3195 3158 3245 so-

621 3263 762 3332 lum
817 3265 1064 3353 spiritu
1117 3265 1258 3353 rapi
1302 3264 1370 3330 in
1412 3263 1758 3344 ecstasim,
1815 3264 1930 3333 sed
1973 3276 2036 3333 et
2085 3286 2369 3352 corpore
2404 3287 2443 3334 a
2492 3268 2667 3334 terra
2717 3263 3063 3334 sublevari
3094 3274 3163 3332 et

624 3350 996 3420 luculentis
1047 3351 1531 3441 splendoribus
1577 3351 1951 3440 conspicue
2008 3352 2501 3422 circumfundi.
2556 3358 2728 3441 Erga
2796 3351 3161 3422 sanctissi-

619 3461 811 3508 mum
882 3438 1118 3508 altaris
1177 3444 1690 3509 Sacramentum
1763 3442 1936 3509 miro
1984 3463 2062 3510 ex
2122 3440 2389 3511 intimis
2440 3439 2861 3530 praecordiis
2908 3440 3160 3509 ardore

618 3527 976 3618 flagrabat,
1030 3528 1254 3598 sciens
1304 3528 1429 3598 hoc
1490 3549 1639 3597 esse
1699 3527 2016 3618 pulcrum
2080 3541 2145 3598 et
2203 3529 2538 3618 optimum
2591 3528 2962 3597 electorum
3015 3527 3165 3598 fru-

621 3629 929 3686 mentum
981 3638 1061 3685 ac
1112 3617 1342 3686 vinum
1396 3616 1795 3708 germinans
1844 3617 2167 3706 virgines.
2243 3622 2598 3707 Propterea
2647 3616 3021 3687 familiares
3070 3616 3166 3686 ad

616 3703 767 3792 ejus
817 3705 1234 3796 sumptionis
1281 3705 1379 3774 vel
1448 3705 1686 3774 saltem
1759 3704 2170 3775 visitationis
2219 3705 2692 3792 frequentiam·
2721 3706 3167 3775 vehementer

618 3793 1060 3876 hortabatur;
1128 3815 1400 3863 sacrum
1475 3793 1741 3874 missae⁸
1774 3794 2193 3864 sacrificium
2239 3794 2743 3876 celebraturus,
2805 3794 3167 3885 angelicae

619 3882 941 3972 puritatis
990 3882 1354 3953 candorem
1420 3881 1752 3952 aemulari
1804 3883 2135 3972 cupiens,
2189 3883 2552 3969 quantavis
2599 3884 2832 3953 carnis
2875 3883 3168 3964 mortifi-

618 3972 887 4041 catione
934 3984 998 4042 et
1049 3972 1297 4042 mentis
1345 3971 1410 4038 in
1466 3975 1678 4039 Deum
1728 3971 2102 4040 elevatione
2149 3984 2327 4042 esset
2359 3986 2667 4053 ornatus,
2722 3972 2859 4042 sibi
2909 3971 3173 4043 nihilo-

618 4060 854 4131 minus
902 4082 1256 4147 nunquam
1311 4058 1475 4128 satis
1527 4071 1805 4148 paratus
1855 4060 2216 4130 videbatur
2244 4081 2419 4131 esse.
2455 4066 2502 4132 Α
2540 4060 3001 4132 sacrificando
3037 4062 3174 4131 im-

620 4148 915 4237 pedituS‚
970 4152 1163 4219 sacra
1197 4148 1626 4219 Eucharistia
1663 4149 2120 4231 reficiebatur,
2175 4162 2248 4219 ut
2287 4150 2549 4240 jugiter
2596 4150 2946 4220 Christum
2985 4152 3053 4218 in
3094 4171 3173 4222 se

617 4250 1005 4307 manentem
1048 4239 1350 4314 haberet,
1403 4249 1468 4307 et
1502 4238 1569 4306 in
1603 4259 1683 4307 eo
1714 4238 1861 4327 ipse
1898 4259 2174 4324 quoque
2205 4239 2485 4310 assidue
2519 4249 2846 4309 maneret.

704 4328 741 4414 ἓ
790 4333 878 4398 5.
934 4331 1016 4396 Ut
1062 4350 1221 4397 cum
1274 4332 1466 4397 Patre
1515 4326 1864 4396 luminum
1891 4326 2085 4416 jugis
2124 4341 2302 4398 esset
2340 4328 2761 4398 conversatio
2796 4348 2947 4407 sua,
2984 4326 3172 4396 mira

613 4414 1057 4505 simplicitate
1114 4416 1183 4485 in
1234 4415 1563 4485 omnibus
1626 4436 1901 4506 semper
1953 4437 2026 4486 se
2089 4416 2343 4505 gessit,
2404 4420 2654 4506 magna
2711 4429 2939 4486 tamen
2997 4435 3172 4485 cum
