3347 4999
148 343 321 410 OCT.
374 347 460 410 28
1019 366 1096 411 m:
1146 366 1200 412 s.
1255 365 1566 413 ranam-to
1614 367 1805 413 naar.
2466 351 2594 416 733

149 469 461 539 gressum
492 447 783 517 liberum
815 469 949 517 non
983 449 1280 518 valentes
1305 450 1501 536 erigi,
1526 471 1646 538 per
1681 463 1926 518 terram
1969 450 2315 521 trahimur
2345 451 2680 543 depressi;

153 549 227 604 ut
273 536 343 603 in
414 537 612 605 nobis
688 536 1076 627 impleatur,
1129 537 1310 624 quod
1363 539 1604 608 beatus
1659 539 2028 629 Gregorius
2077 540 2431 609 humiliter
2477 541 2563 609 de
2611 564 2685 612 se

153 625 533 712 profitetur,
586 625 749 711 quia
784 625 959 694 vires
1007 648 1180 712 quas
1215 626 1557 716 imperitia
1592 625 1908 717 denegat,
1959 627 2260 699 charitas
2310 629 2680 700 ministrat.

153 714 382 800 Ipsius
419 735 582 804 ergo
635 714 895 782 meritis
934 715 1568 795 intervenientibuS,
1621 716 1823 804 cujus
1858 716 1924 783 in
1965 716 2239 785 laudem
2276 739 2355 787 ex
2403 717 2683 787 informi

157 802 437 871 materia
505 824 729 871 sermo
775 802 1113 883 cudetur,
1180 804 1424 873 oculus
1495 816 1723 873 noster
1787 805 2065 874 interior
2115 806 2374 895 Spiritu
2440 811 2688 878 Sancto

153 890 532 960 mundante
581 904 937 981 purgetur,
992 892 1402 979 aridumque
1447 892 1681 962 cordis
1729 894 1943 962 nostri
1992 893 2337 963 desertum
2391 894 2574 964 fonte
2620 897 2687 964 in

153 979 361 1047 vitam
414 992 756 1049 aeternam
808 979 1092 1049 saliente
1140 982 1431 1070 rigetur:
1483 995 1826 1068 quatenus
1859 981 2188 1070 quicquid
2221 982 2511 1063 dicetur,
2557 990 2691 1055 Deo

151 1080 450 1168 gratum,
489 1069 764 1158 egregio
799 1070 1106 1139 Ferrutio
1136 1071 1453 1160 dignum,
1496 1070 2036 1160 prudentiaeque
2064 1085 2323 1141 vestrae
2355 1072 2692 1164 placabile

155 1170 560 1246 reperiatur.
926 1185 928 1188 ’

242 1339 279 1422 ξ
325 1341 402 1408 1.
457 1341 623 1405 Cum
677 1357 797 1425 per
843 1358 1177 1427 organum
1234 1337 1528 1426 Spiritus
1578 1339 1804 1407 Sancti
1861 1337 2245 1420 familiare,
2301 1338 2689 1409 mirabilem

145 1436 219 1493 et
267 1423 641 1514 gloriosum
696 1426 1058 1494 Dominum
1118 1426 1185 1493 in
1239 1428 1497 1495 sanctis
1543 1428 1690 1496 suis
1736 1427 1770 1461 ⁴*
1816 1427 2316 1501 admoneamur
2363 1427 2642 1497 laudare
2671 1482 2688 1508 ,

154 1534 291 1582 non
343 1513 566 1582 solum
616 1514 1040 1600 quotidianis
1087 1514 1437 1600 obsequiis
1471 1569 1487 1595 ,
1559 1514 1678 1584 sed
1742 1529 1807 1583 et
1863 1514 2324 1585 excellentiori
2390 1517 2690 1604 quadam

148 1602 511 1671 devotione
561 1624 685 1692 par
729 1616 832 1672 est
877 1624 992 1671 eos
1041 1602 1397 1674 bonorare.
1455 1604 1760 1673 Summis
1806 1605 1988 1673 enim
2026 1604 2275 1674 studiis
2315 1604 2694 1675 devotionis

147 1691 563 1776 obsequium
616 1691 886 1760 videtur
927 1691 1428 1777 exequendum,
1484 1692 1663 1779 quod
1718 1689 1975 1761 satietis
2021 1692 2350 1773 delatum,
2408 1697 2696 1763 recurrit

153 1782 226 1847 in
279 1779 646 1850 Christum.
693 1784 939 1849 Verum
992 1802 1124 1848 non
1180 1781 1384 1849 bomo
1433 1780 1624 1850 solus
1668 1780 1943 1849 divinae
1988 1781 2256 1851 debitor
2282 1796 2694 1882 provocatur

159 1867 412 1948 laudis,
458 1868 574 1937 sed
610 1881 921 1937 creatura
960 1869 1185 1958 potius
1223 1869 1474 1948 omniS,
1507 1869 1863 1939 rationalis
1899 1869 2233 1951 videlicet,
2279 1871 2695 1941 irrationalis

150 1970 221 2024 et
259 1956 709 2025 insensibilis.
751 1962 875 2027 Per
920 1979 992 2025 se
1023 1959 1281 2048 quippe
1329 1962 1538 2026 Deum
1592 1957 1828 2027 laudat
1871 1970 2182 2028 creatura
2233 1959 2583 2029 rationalis
2631 1973 2697 2030 et

153 2044 656 2135 intelligibilis:
713 2068 833 2134 per
881 2046 1226 2115 hominem
1267 2067 1421 2116 vero
1455 2045 1873 2115 irrationalis
1918 2059 1983 2114 et
2029 2047 2477 2128 insensibiliS,
2523 2049 2689 2118 dum

153 2155 307 2202 eam
349 2135 554 2203 bomo
592 2135 1064 2215 considerans,
1104 2148 1252 2204 vota
1279 2134 1613 2203 conditori
1657 2133 1859 2204 solvit
1887 2135 2344 2224 jubilationis,
2386 2137 2694 2206 Laudant

147 2236 381 2291 autem
437 2223 802 2291 Dominum
851 2236 918 2291 et
965 2224 1112 2312 ipsa
1143 2278 1157 2301 ,
1209 2223 1536 2309 quoniam
1605 2222 2067 2292 laudationem
2133 2226 2401 2294 Domini
2450 2247 2688 2296 eorum

157 2311 452 2400 parturit
498 2332 729 2379 causa.
784 2315 971 2393 Quae
1019 2324 1242 2380 autem
1306 2310 1636 2380 dicuntur
1693 2312 2130 2382 insensibiles
2176 2326 2529 2384 creaturae
2562 2369 2578 2395 ,
2632 2316 2692 2383 si

157 2397 260 2465 vel
313 2398 540 2485 ipsum
592 2399 1018 2468 Conditorem
1070 2398 1338 2468 valeant
1384 2399 1672 2480 sentire,
1731 2401 1967 2489 paucis
2016 2401 2180 2471 libet
2230 2404 2687 2473 considerare.

153 2486 227 2556 Si
279 2508 522 2556 sensus
572 2510 609 2555 a
656 2488 1015 2557 sentiendo
1062 2488 1337 2569 dicitur,
1393 2489 1620 2558 omnis
1651 2504 1963 2560 creatura
1999 2495 2206 2560 Deum
2245 2494 2497 2563 sentire
2538 2516 2696 2583 pro·

156 2575 386 2644 batur.
435 2576 823 2644 Secundum
863 2599 934 2646 se
974 2599 1271 2663 namque
1307 2590 1678 2647 creatorem
1716 2581 1919 2648 sentit
1958 2593 2293 2659 creatura,
2337 2581 2452 2651 ubi
2488 2582 2692 2651 etiam

149 2685 230 2732 se
281 2685 414 2731 non
467 2665 671 2733 sentit
719 2664 875 2734 vita.
931 2670 1043 2735 Est
1088 2681 1314 2735 autem
1367 2688 1613 2738 sensus
1659 2690 1695 2736 a
1755 2668 2136 2748 sentiend0,
2196 2691 2334 2757 quo
2381 2683 2691 2738 creatura

156 2757 369 2822 Deum
427 2754 768 2835 sentiens,
829 2754 979 2841 ejus
1024 2754 1570 2844 obtemperanter
1615 2757 1845 2825 obedit
1893 2758 2207 2846 imperio.
2258 2762 2422 2827 Nam
2477 2758 2696 2847 impe·

154 2854 351 2911 rante
400 2841 536 2910 fide
583 2842 642 2910 si
693 2842 1190 2913 transferantur
1228 2857 1512 2924 montes,
1553 2844 1990 2915 insensibiles
2022 2846 2259 2931 utique
2294 2851 2503 2915 Deum
2538 2868 2695 2915 sen-

152 2930 338 2999 tiunt
373 2952 603 3020 rupes.
659 2932 898 3000 Omnis
944 2954 1106 3022 ergo
1139 2946 1449 3001 creatura
1500 2954 1778 3003 sensum
1833 2933 2034 3002 babet
2079 2934 2149 3001 in
2192 2939 2426 3002 Deum.

245 3020 281 3104 ξ
333 3025 419 3087 2.
475 3025 847 3108 Martyrum
903 3038 1128 3090 autem
1201 3021 1441 3091 Christi
1512 3022 1911 3090 memoriam
1947 3075 1962 3103 ,
2015 3022 2326 3092 omnium
2380 3022 2689 3092 fidelium

157 3104 519 3176 devotione
571 3109 1000 3178 recolendam
1037 3164 1055 3189 ,
1111 3109 1368 3179 festivis
1418 3109 1691 3198 gaudiis
1741 3108 2147 3178 laudibusve
2202 3110 2447 3179 debitis
2496 3133 2696 3179 vene-

156 3197 324 3275 rari,
359 3195 524 3280 quid
568 3196 737 3265 serat
776 3198 1244 3277 emolumenti,
1287 3198 1481 3285 juxta
1529 3199 1706 3266 vires
1756 3199 2078 3288 ingenioli
2135 3201 2343 3269 nostri
2387 3202 2454 3269 in
2500 3201 2694 3270 initio

149 3283 433 3352 dicendi
482 3306 727 3374 operae
762 3287 1052 3374 pretium
1104 3286 1432 3354 duximus
1482 3287 1917 3374 perscrutari.
1971 3292 2134 3356 Nam
2189 3289 2245 3357 si
2285 3288 2459 3358 desit
2507 3310 2692 3358 emo-

154 3371 572 3453 lumentum,
599 3395 676 3441 ex
708 3395 1135 3461 supervacuo
1159 3395 1406 3443 causae
1435 3386 1764 3443 tractatur
1793 3377 2168 3465 negotium.
2200 3377 2437 3446 Omnis
2470 3379 2698 3465 itaque

156 3457 531 3548 profectus,
570 3461 654 3528 de
691 3483 900 3530 causa
935 3462 1355 3551 parturiente
1394 3462 1853 3553 progreditur.
1894 3464 2018 3533 Sed
2053 3466 2281 3535 omnis
2319 3488 2531 3537 causa
2563 3466 2697 3536 effi-

145 3545 353 3616 ciens
398 3568 547 3616 esse
593 3548 942 3636 probatur.
989 3553 1204 3619 Omne
1251 3563 1478 3620 autem
1540 3550 1845 3620 efficiens
1874 3608 1889 3633 ,
1934 3554 2164 3644 majus
2210 3566 2312 3624 est
2357 3578 2458 3637 eo,
2512 3555 2694 3643 quod

151 3633 478 3704 efficitur.
534 3635 724 3705 Unde
783 3650 960 3707 recte
1016 3639 1404 3725 quaerenda
1468 3640 1737 3709 videtur
1781 3663 1989 3710 causa
2052 3642 2492 3731 gaudiorum,
2560 3665 2698 3731 quo

155 3723 467 3794 lucidius
513 3736 739 3813 pateat
775 3727 1345 3796 emolumentum.
1386 3733 1613 3814 Neque
1643 3730 1827 3797 enim
1873 3733 2315 3818 parvulorum
2354 3753 2539 3801 more
2576 3754 2697 3801 nos

149 3812 352 3882 decet
374 3811 690 3882 effluere:
727 3815 849 3901 qui
890 3817 1193 3906 genuino
1229 3838 1380 3887 mox
1413 3817 1500 3885 ab
1540 3829 1733 3888 utero
1776 3818 1840 3885 in
1881 3819 2219 3889 incolatus
2254 3820 2465 3909 hujus
2497 3842 2698 3889 aeru-

158 3922 392 3969 mnam
449 3900 733 3990 profusi,
778 3905 958 3974 sicut
1014 3905 1227 3994 gratis
1275 3927 1352 3973 va
1409 3906 1619 3975 itibus
1650 3961 1666 3987 ,
1722 3907 2108 3994 nesciisque
2148 3907 2528 3999 ploratibus
2575 3930 2695 3978 ora

160 3990 499 4079 rigantur,
556 3992 655 4060 sic
703 4004 767 4060 et
808 3994 873 4060 in
912 3995 1134 4063 varios
1173 4007 1372 4084 gratu
1404 3994 1712 4065 ationum
1757 4009 1989 4085 gestus
2022 3996 2173 4065 sine
2207 4019 2414 4066 causa
2464 3996 2697 4066 laxan-

160 4088 295 4145 tur.
340 4083 470 4148 Nos
509 4101 689 4161 vero,
724 4082 843 4167 qui
886 4083 1029 4170 jam
1074 4105 1251 4170 quae
1303 4083 1743 4172 parvulorum
1788 4098 1971 4164 sunt,
2027 4087 2531 4168 evacuavimus,
2576 4088 2699 4174 qui

161 4165 374 4234 robur
411 4167 628 4250 virile,
668 4169 888 4239 solido
923 4171 1074 4239 cibo
1124 4171 1590 4261 spiritualium
1633 4173 1806 4262 pasti
1840 4172 2271 4254 deliciarum,
2311 4174 2694 4256 induimuS,

151 4254 282 4341 qui
335 4276 453 4343 per
499 4258 859 4347 speculum
903 4270 968 4326 et
1017 4259 1083 4327 in
1136 4261 1519 4351 aenigmate
1569 4261 1904 4344 videmus,
1948 4262 2131 4350 quod
2184 4261 2355 4332 facie
2405 4264 2697 4334 revelata

157 4364 411 4413 sumus
474 4347 734 4429 visuri,
787 4347 1045 4438 gaudia
1106 4362 1334 4418 nostra
1398 4350 1952 4441 gaudiorumque
2013 4366 2379 4442 proventus
2439 4354 2699 4423 ratione

207 4468 237 4496 ⁸
264 4468 322 4509 In
343 4470 530 4513 Pfltlmo
550 4472 643 4515 1⁶0.
