3347 4999
609 344 737 408 556
1071 340 1074 343 ’
1303 361 1381 406 nn
1430 360 1521 406 SS.
1578 358 1742 406 vano
1789 360 1864 405 m·
1913 358 2112 406 socns
2162 360 2275 406 un.
2747 340 2920 406 OCT.
2980 343 3073 407 49

522 445 743 532 ajunt,
788 466 826 513 o
886 445 1091 513 frater
1138 450 1329 523 Vare,
1392 456 1609 534 potest
1657 457 1910 513 metere
1967 444 2033 512 in
2087 444 2523 523 exultatione,
2582 443 2712 512 nisi
2755 445 2947 531 prius
2993 446 3067 514 in

525 533 852 623 lacrymis
893 534 1159 602 semina
1216 533 1558 621 dejecerit,
1612 547 1678 601 et
1709 535 1830 620 qui
1873 534 1939 602 in
1977 534 2076 603 eis
2111 534 2519 623 spargendis
2559 534 3067 622 suscipiuntur,

523 622 793 691 labores
835 622 1261 691 sustinuerit.
1333 622 1660 691 Similiter
1714 636 1941 691 autem
2009 621 2261 691 athleta
2331 644 2606 709 quoque
2667 643 2804 690 non
2872 644 3074 692 coro-

523 726 750 792 natur,
813 712 942 779 nisi
999 712 1191 800 prius
1223 710 1526 800 legitime
1574 711 1954 780 certaverit.
2010 711 2313 801 Agedum
2351 734 2537 802 ergo,
2592 734 2632 780 o
2686 711 2917 791 frater,
2971 713 3074 783 sis

522 801 722 869 nobis
770 820 1001 870 comes
1061 800 1349 879 itineriS‚
1402 811 1467 868 et
1508 801 1848 888 perfectus
1911 800 2108 868 miles
2158 800 2427 869 Christi.
2482 800 2833 870 Habemus
2879 802 3068 870 enim

421 938 424 941 -
521 888 722 957 illum
777 890 1005 977 ipsum
1037 943 1051 969 ,
1108 911 1232 978 pro
1279 909 1417 976 quo
1466 889 1814 978 supplicia
1864 889 2313 977 suscipimuS,
2371 912 2492 959 nos
2543 890 2837 979 benigne
2875 912 2911 958 e
2952 913 3077 959 su-

523 979 708 1068 peris
754 977 1274 1058 defendentem,
1328 990 1393 1046 et
1443 976 1729 1046 latenter
1803 978 2001 1046 nobis
2049 996 2394 1067 ‘magnum
2452 979 2887 1068 praebentem
2940 1002 3072 1048 au-

521 1068 840 1136 xilium.»
879 1067 1145 1136 Sanctis
1177 1066 1341 1135 haec
1379 1065 1794 1147 dicentibus,
1836 1067 2121 1135 veniunt
2153 1066 2434 1153 quidam
2482 1068 2753 1148 milites,
2807 1068 3075 1155 quibus

511 1158 790 1247 jussum
868 1156 1133 1236 fuerat,
1186 1170 1263 1224 ut
1309 1177 1425 1225 eos
1472 1155 1891 1224 deducerent
1938 1156 2021 1224 ad
2077 1155 2488 1224 Praesidem.
2545 1158 2670 1238 Qui
2731 1179 2891 1226 cum
2943 1157 3076 1226 ad-

525 1247 904 1327 spexissent
954 1245 1224 1314 beatum
1263 1250 1514 1313 Varum
1556 1245 1898 1333 jacentem
1952 1245 2035 1312 ad
2139 1244 2298 1313 edes
2349 1251 2749 1345 Martyrum,
2795 1258 2860 1314 et
2896 1268 3074 1316 novo

524 1334 917 1423 spectaculo
967 1346 1194 1403 essent
1254 1334 1460 1403 veluti
1520 1332 1998 1423 obstupefacti,
2055 1334 2073 1401 i
2128 1356 2207 1402 eo
2256 1334 2410 1402 beni
2471 1356 2598 1411 nts,
2655 1348 2731 1403 ut
2780 1334 2913 1403 sibi
2967 1335 3074 1403 vi-

523 1423 886 1503 debantur,
946 1423 1167 1491 verbis
1215 1443 1372 1491 cum
1424 1443 1502 1491 eo
1551 1438 1872 1511 agentes:
1915 1446 1949 1488 «
1983 1424 2276 1503 insanis,
2315 1424 2374 1490 ei
2465 1425 2675 1503 icunt,
2729 1446 2770 1495 ο
2818 1423 3076 1494 homo?

463 1532 464 1535 ’
522 1518 664 1581 Non
705 1513 902 1580 times
948 1513 1256 1586 omnino.
1314 1534 1397 1581 ne
1444 1513 1502 1579 si
1554 1512 1720 1581 haec
1771 1534 1877 1580 res
1929 1528 2084 1580 nota
2135 1512 2339 1581 fuerit
2371 1512 2698 1584 Praesidi.
2738 1535 2897 1581 cum
2944 1514 3070 1581 mi-

524 1601 709 1669 litari
750 1601 1086 1690 dignitate
1147 1600 1352 1668 vitam
1403 1622 1679 1686 quoque
1728 1600 1935 1669 simul
2011 1602 2342 1669 amittas?
2378 1624 2411 1666 »
2461 1600 2551 1669 Ad
2603 1623 2778 1687 quos
2829 1604 3069 1672 beatus

525 1696 781 1758 Varus:
840 1715 874 1756 «
917 1692 1212 1769 Utinam,
1266 1690 1515 1775 inquit.
1568 1690 1871 1757 inveniat
1944 1690 2284 1778 perlectus
2355 1690 2807 1769 Christianus,
2876 1704 2941 1759 et
2991 1691 3072 1758 li·

524 1793 673 1847 ceat
709 1779 879 1847 mihi
928 1801 1078 1847 esse
1120 1778 1364 1846 horum
1406 1783 1813 1847 Sanctorum
1857 1779 2117 1847 socium
2150 1779 2570 1857 certamini&
2600 1779 2764 1847 etin
2806 1780 3072 1849 eisdem

524 1868 836 1936 habitare
911 1867 1396 1937 tabernaculis.
1453 1866 1824 1937 Persuadet
1871 1881 2098 1936 autem
2167 1867 2516 1946 amicitia,
2576 1880 2651 1936 ut
2700 1890 2826 1958 ego
2876 1869 3074 1938 vobis

524 1956 762 2034 fidam,
808 1970 873 2025 et
920 1977 1185 2034 eorum,
1240 1977 1414 2041 quae
1469 1957 1576 2024 hic
1625 1955 1958 2026 dicuntur
2005 1971 2123 2026 aut
2171 1956 2370 2037 stunt,
2412 1956 2581 2025 nihil
2622 1957 2907 2026 habeam
2952 1980 3072 2026 su·-

527 2060 865 2134 spectum.
924 2069 960 2111 »

613 2138 648 2221 §
694 2139 785 2205 8.
835 2136 954 2203 His
1003 2133 1101 2201 sic
1172 2132 1415 2212 dictis,
1473 2133 1726 2202 milites
1795 2138 2123 2213 SanctOS,
2177 2134 2297 2221 qui
2345 2147 2540 2203 erant
2600 2156 2714 2202 sex
2776 2156 3071 2204 numero

523 2223 746 2309 (erant
776 2224 958 2289 enim
992 2243 1231 2291 omnes
1277 2220 1556 2307 quidem
1599 2237 1886 2311 septem,
1925 2223 2038 2292 sed
2074 2245 2259 2292 unus
2290 2224 2435 2312 jam
2492 2237 2804 2292 mortuus
2845 2222 3068 2292 suerat

524 2314 594 2379 in
649 2312 1045 2391 solitudine)
1094 2315 1334 2379 catena
1406 2311 1665 2380 vinctos
1716 2312 2151 2381 adduxerunt
2198 2311 2282 2381 ad
2336 2311 2707 2381 Presidem.
2760 2310 2885 2380 Ille
2932 2334 3059 2382 au-

528 2414 657 2469 tem
712 2400 990 2469 sedebat
1038 2400 1106 2467 in
1173 2397 1436 2467 excelso
1510 2399 1864 2481 tribunali,
1934 2415 1998 2470 et
2059 2424 2214 2469 eum
2284 2400 2835 2470 circumsistebat
2888 2402 3065 2470 mul·

529 2488 748 2559 titudo
799 2487 1124 2568 militum,
1178 2490 1294 2576 qui
1347 2488 1632 2557 omnino
1701 2489 2090 2580 pendebant
2138 2514 2175 2560 a
2226 2490 2451 2559 verbis
2516 2488 2703 2558 illius
2749 2504 2814 2558 et
2863 2505 3062 2561 nutu.

527 2583 693 2647 Cum
746 2601 909 2669 ergo
949 2579 1274 2668 jussisset
1321 2598 1436 2645 eos
1482 2592 1723 2649 exutos
1765 2580 2134 2660 introduci,
2189 2581 2415 2648 statim
2453 2578 2730 2665 quidem
2776 2581 3062 2669 rogavit.

531 2691 562 2733 «
617 2668 976 2750 Quodnam
1029 2681 1129 2735 est
1180 2666 1371 2735 vobis
1420 2687 1640 2756 genus
1687 2682 1751 2736 et
1799 2690 2138 2756 quaenam
2183 2668 2508 2748 conditi0,
2550 2689 2891 2754 quaenam
2942 2690 3068 2738 au-

527 2772 657 2825 tem
713 2772 931 2826 vestra
969 2756 1295 2826 nomina?
1329 2779 1363 2820 »
1393 2761 1468 2823 Et
1520 2779 1926 2845 responsum
1974 2780 2130 2827 mox
2162 2760 2248 2826 ab
2282 2759 2382 2827 eis
2427 2756 2760 2847 exigebat:
2799 2778 2836 2822 «
2868 2762 3065 2826 Prae-

526 2859 866 2934 potentem
911 2847 1092 2914 enim
1146 2844 1338 2914 vobis
1368 2845 1554 2932 jur0,
1600 2845 1846 2935 ajebat.
1887 2846 2169 2914 deorum
2216 2847 2529 2914 virtutem
2582 2868 2662 2915 ac
2687 2845 3059 2932 justitiam,

524 2935 706 3021 quod
761 2957 875 3003 vos
924 2935 1154 3004 adhuc
1189 2934 1590 3022 superstites
1625 2957 1970 3024 apponam
2015 2935 2176 3005 feris
2223 2934 2526 3004 edendos
2557 2947 2622 3003 et
2663 2934 2984 3003 canibus.
3022 2958 3063 3002 »

527 3025 754 3092 Sancti
803 3037 1029 3093 autem
1088 3046 1306 3109 neque
1354 3023 1602 3092 fastum
1659 3037 1884 3093 tantae
1932 3024 2377 3102 auctoritatis,
2435 3044 2653 3110 neque
2700 3024 3066 3093 verborum

526 3113 875 3181 saevitiam
928 3113 1468 3181 extimescentes:
1525 3136 1559 3178 «
1598 3114 1829 3194 Nobis,
1884 3113 2226 3191 dicebant,
2259 3112 2576 3191 oJudex‚
2616 3111 2807 3180 nulla
2842 3113 3063 3202 patria

525 3215 628 3269 est
706 3203 773 3269 in
846 3217 1044 3270 terra.
1122 3207 1376 3270 Sumus
1445 3202 1627 3269 enim
1703 3224 1933 3271 revera
2005 3203 2127 3271 lios
2186 3202 2308 3271 ites
2373 3215 2437 3270 et
2494 3202 2821 3269 advenae.
2896 3207 3060 3271 Nam

526 3289 930 3358 Christianis
981 3312 1131 3357 vera
1186 3290 1444 3379 patriae
1492 3305 1557 3359 et
1603 3292 1845 3360 civitas
1887 3292 1954 3359 in
2008 3313 2126 3360 coe
2162 3291 2217 3359 is
2264 3303 2366 3359 est
2413 3290 2794 3359 aedificata.
2858 3289 3067 3359 Crede

526 3377 726 3446 nobis
777 3381 943 3446 haec
993 3379 1083 3446 ita
1135 3400 1206 3446 se
1257 3379 1551 3448 habere:
1606 3380 1835 3449 minas
1882 3392 2109 3448 autem
2184 3394 2336 3448 tuas
2406 3401 2646 3467 parum
2698 3400 3055 3448 curamus:

526 3468 739 3534 immo
791 3488 945 3535 vero
1005 3482 1348 3556 optamus,
1402 3485 1479 3537 ut
1530 3468 1759 3537 minae
1801 3483 1955 3538 tuae
2004 3490 2137 3537 non
2192 3491 2264 3538 se
2313 3490 2532 3554 usque
2580 3467 2663 3537 ad
2716 3466 2917 3537 verba
2948 3488 3061 3535 so·-

528 3555 668 3625 lum
724 3556 988 3636 sistant,
1066 3555 1179 3623 sed
1253 3556 1334 3624 ad
1408 3557 1725 3626 effectum
1776 3558 1980 3626 etiam
2034 3556 2489 3626 deducantur.
2545 3557 2653 3626 Sic
2701 3556 2884 3626 enim
2934 3556 3065 3625 erit

527 3645 967 3714 manifestum
1023 3658 1333 3714 nostrum
1374 3646 1438 3714 in
1478 3646 1824 3716 Christum
1880 3645 2344 3726 desiderium;
2388 3660 2452 3714 et
2512 3645 2659 3734 ipse
2706 3646 2881 3714 scies
2914 3667 3063 3713 om—

527 3734 710 3816 nin0,
764 3734 969 3822 quale
1046 3733 1380 3803 auxilium
1434 3735 1520 3802 ab
1570 3736 1721 3824 ipso
1769 3757 2247 3821 assequamur.
2300 3739 2341 3801 '»
2393 3741 2555 3804 Cum
2618 3734 2843 3804 Sancti
2897 3734 3069 3803 haec

522 3823 879 3904 dixissent,
933 3830 1290 3912 Tyrannus
1337 3845 1710 3892 conversus
1759 3825 1844 3893 ad
1877 3845 2279 3893 assessores:
2317 3823 2607 3903 «Video,
2656 3823 2900 3908 inquit,
2940 3823 3073 3892 hos

523 3913 833 3983 infelices
867 3935 1087 3982 unum
1138 3924 1203 3981 et
1240 3911 1416 3981 idem
1472 3926 1821 3998 tamquam
1865 3935 1944 3981 ex
1977 3934 2320 3982 consensu
2354 3912 2691 3980 meditari.
2734 3916 3073 3981 Parentur

521 4023 595 4070 er
644 4026 698 4072 o·
752 4001 1070 4092 flagella.
1125 4015 1189 4071 et
1235 4022 1351 4070 eos
1428 4003 1668 4091 plagae
1739 4001 2016 4070 abunde
2087 4001 2454 4092 excipiant.
2526 4024 2560 4066 »
2613 4005 2776 4070 Cum
2828 4014 3059 4070 autem

524 4025 716 4159 valde
787 4092 1064 4179 quidem
1141 4091 1711 4170 verberarentur,
1772 4090 1941 4160 nihil
1995 4104 2224 4160 autem
2278 4088 2788 4179 responderent,
2841 4089 3067 4158 Judex

523 4180 755 4248 intulit
806 4181 1456 4271 interrogationem,
1511 4180 1774 4249 dicens:
1829 4203 1863 4245 «
1929 4181 2054 4261 Qui
2111 4180 2406 4249 maxime
2453 4178 2808 4265 quaeritur
2855 4178 3066 4269 septi-

525 4293 680 4338 mus
726 4291 804 4338 ex
856 4270 1070 4349 vobiS,
1125 4270 1243 4339 ubi
1288 4272 1434 4338 est?
1475 4293 1509 4335 »
1542 4271 1682 4338 Hoc
1714 4268 1918 4347 dicto,
1957 4268 2216 4338 cursim
2270 4268 2495 4337 statim
2531 4289 2567 4335 e
2603 4266 2804 4337 turba
2835 4289 3068 4356 egres-

520 4381 641 4428 sus
695 4358 1290 4448 praeclarissimus
1330 4363 1570 4438 Varus,
1630 4370 1820 4428 stans
1869 4358 1937 4425 in
1993 4356 2217 4425 medio
2265 4356 2433 4425 dicit
2467 4355 2810 4424 Praesidi:
2865 4353 3065 4423 «Ille

518 4448 798 4536 quidem
841 4448 989 4538 jam
1042 4447 1163 4515 diu
1212 4446 1465 4515 abhinc
1513 4468 1591 4514 ex
1642 4446 1769 4515 hac
1831 4447 1964 4516 vita
2029 4445 2361 4525 excessit,
2419 4466 2526 4514 me
2574 4456 2801 4513 autem
2855 4464 3060 4512 suum
