3347 4999
711 257 840 327 520
1502 274 1581 321 na
1627 274 1676 318 s.
1733 272 2025 321 aanwioa
2077 272 2265 319 vinna
2841 253 3013 321 OCT.
3078 257 3167 321 ⁴7

624 360 1010 429 humilitate
1044 357 1440 446 respondit:
1496 381 1529 424 «
1569 363 1642 427 In
1686 356 2037 429 communi
2073 356 2474 427 coemeterio
2522 357 2728 446 cupio
2766 356 3079 446 sepeliri:
3125 382 3164 425 »

622 449 739 517 sed
791 471 1075 518 cernens
1119 448 1328 517 filiam
1370 469 1502 516 non
1539 446 1882 525 assentiri,
1938 447 2005 513 in
2058 445 2262 516 domo
2309 445 2668 536 capitulari
2705 500 2720 524 ,
2765 458 2839 516 ut
2885 462 3159 528 vocant,

622 538 722 607 ele
777 538 824 606 it
858 536 1309 627 sepulturam.
1364 541 1437 606 At
1486 557 1705 622 neque
1740 535 1866 604 hoc
1903 535 2230 624 probante
2268 534 2430 615 filia,
2477 535 2590 603 sed
2629 534 2938 605 dicente:
2994 558 3030 602 α
3079 541 3162 605 In

622 650 737 696 ecc
768 627 908 696 esia
944 639 1027 706 te,
1068 639 1302 708 mater,
1340 625 1409 693 in
1454 625 1666 714 patris
1705 625 1837 693 mei
1870 625 2187 713 sepulcro
2223 645 2657 714 reponemus,
2699 647 2734 690 »
2772 624 3158 714 respondit:

625 740 659 782 «
698 716 764 784 Si
822 737 928 785 me
975 716 1258 784 omnino
1310 736 1581 783 necesso
1627 725 1729 783 est
1778 713 2054 782 humari
2111 714 2180 781 in
2245 713 2576 793 ecclesia,
2650 727 2987 783 contestor
3033 737 3167 804 per

627 811 831 874 Deum
884 816 947 874 et
994 805 1276 874 obsecro
1312 816 1395 885 te,
1443 803 1580 872 filia
1610 857 1626 884 ,
1672 824 1756 871 ne
1807 803 1874 871 in
1928 802 2193 872 tumulo
2235 802 2445 892 patris
2495 803 2617 882 tui,
2656 826 2695 870 a
2728 803 2927 892 cujus
2964 804 3165 873 thoro

626 893 862 963 multis
909 894 1111 962 annis
1146 907 1455 983 separata
1502 892 1625 973 fui,
1679 892 1983 982 deponas
2032 913 2283 981 corpus
2320 914 2574 961 meum.
2620 891 2783 961 Nolo
2829 893 3012 961 enim
3055 893 3160 961 vel

629 995 897 1052 mortua
946 993 1212 1053 mortuo
1245 982 1595 1071 conjungi,
1648 1004 1686 1048 a
1718 1003 1853 1067 quo
1900 981 2227 1050 castitatis
2275 1003 2528 1059 amore,
2567 981 2747 1068 quod
2785 981 2866 1050 ad
2903 981 3166 1051 cubilis

625 1072 1048 1141 consortium
1083 1072 1343 1153 attinet,
1385 1071 1505 1140 diu
1545 1071 1853 1158 sejuncta
1890 1070 2012 1138 fui.
2054 1094 2088 1135 »
2125 1071 2397 1139 Dicente
2431 1093 2672 1140 rursus
2714 1070 2893 1139 filia:
2932 1076 3165 1140 «Con-

626 1162 781 1229 dam
839 1161 1046 1251 igitur
1088 1173 1146 1228 te
1208 1162 1273 1228 in
1337 1173 1782 1230 monumento
1831 1158 2059 1228 fratris
2110 1160 2289 1240 mei,
2346 1159 2471 1228 filii
2523 1160 2660 1233 tui,
2700 1182 2735 1224 »
2779 1159 2894 1229 illa
2942 1159 3160 1229 dixit:

628 1274 661 1316 «
698 1256 860 1318 Cum
909 1249 1097 1318 nullo
1129 1250 1277 1319 volo
1320 1250 1568 1319 babere
1600 1248 1898 1339 sepulcri
1941 1249 2358 1318 consortium
2391 1274 2403 1314 z
2448 1248 2566 1317 sed
2599 1248 2657 1317 si
2694 1259 2917 1317 tamen
2959 1249 3165 1338 plane

627 1339 975 1408 decrevisti
1044 1361 1148 1408 me
1194 1339 1534 1408 tumulare
1581 1338 1648 1407 in
1704 1351 1833 1408 tem
1894 1336 2006 1419 lo,
2061 1337 2179 1407 fiat
2225 1338 2319 1418 id,
2372 1359 2513 1418 or0,
2547 1350 2701 1407 ante
2749 1360 2938 1407 aram
2981 1337 3165 1408 beati

626 1428 912 1498 ,loannis
955 1428 1444 1518 Evangelistae.
1493 1452 1526 1495 »
1587 1433 1660 1496 ln
1722 1427 2007 1496 eccesia
2063 1428 2247 1495 enim
2313 1427 2430 1496 illa
2490 1449 2717 1497 coram
2779 1426 2906 1497 hoo
2962 1428 3167 1497 altari

626 1517 908 1603 quidam
948 1517 1248 1607 nepotuli
1290 1519 1440 1606 ejus
1473 1517 1723 1607 sepulti
1763 1528 2000 1586 erant:
2053 1538 2345 1604 quorum
2384 1538 2627 1585 amans
2666 1516 3162 1597 innocentiam,

626 1606 768 1675 illic
805 1607 1078 1675 humari
1115 1606 1347 1676 voluit.
1388 1613 1635 1676 Iterum
1676 1606 1941 1675 dicente
1977 1605 2148 1674 filia:
2192 1629 2226 1671 «
2265 1609 2498 1675 Coram
2536 1605 2732 1674 altari
2771 1606 2944 1675 beati
2985 1608 3164 1675 Petri

630 1709 690 1763 te
746 1695 1208 1785 sepeliemus,
1265 1710 1339 1765 ut
1379 1709 1901 1767 monumentum
1959 1708 2149 1765 tuum
2202 1716 2472 1785 semper
2528 1696 2724 1765 nobis
2779 1696 2865 1765 ob
2924 1696 3168 1764 oculos

631 1799 931 1854 versetur
965 1809 979 1852 ε
1020 1809 1053 1852 »
1106 1784 1222 1854 illa
1263 1785 1635 1874 respondit,
1677 1785 1924 1874 spiritu
1971 1783 2362 1873 prophetico
2404 1784 2778 1854 illustrata:
2826 1808 2860 1849 «
2901 1785 2974 1853 Id
3011 1786 3170 1870 qui—

628 1873 779 1942 dem
820 1874 874 1944 si
920 1875 1235 1954 feceritis,
1288 1875 1468 1943 brevi
1520 1897 1635 1942 vos
1689 1874 2056 1963 poenitebit
2103 1873 2189 1942 ob
2236 1874 2512 1943 crebras
2548 1873 2892 1942 molestias
2923 1927 2937 1953 ‚
2994 1895 3172 1959 quas

632 1985 861 2032 meum
915 1964 1104 2031 vobis
1156 1963 1371 2052 pariet
1430 1962 1851 2053 sepulcrum.
1895 1986 1927 2029 »
1976 1968 2052 2031 Et
2097 1961 2296 2052 plane
2354 1962 2451 2031 sic
2517 1962 2790 2031 accidit.
2841 1967 3166 2052 Magnam

628 2052 807 2119 enim
846 2051 1096 2136 quietis
1145 2074 1308 2121 snae
1331 2053 1675 2141 jacturam
1718 2052 1932 2122 fecere
1966 2073 2230 2122 sorores
2263 2074 2340 2119 ex
2384 2052 2598 2120 nimia
2633 2051 2995 2121 hominum
3033 2051 3170 2119 fre-

627 2140 956 2227 quentia,
1027 2141 1175 2229 ejus
1228 2154 1748 2212 monumentum
1801 2141 2249 2211 visitantium.
2311 2140 2418 2209 Sic
2470 2140 2584 2209 illa
2650 2140 2842 2209 beata
2909 2140 3170 2210 multas

543 2233 546 2236 ’
631 2253 736 2297 res
778 2229 1086 2308 futuraS,
1153 2251 1323 2315 quas
1383 2231 1684 2300 bumana
1749 2230 2087 2299 industria
2145 2230 2318 2298 scire
2370 2252 2501 2298 non
2558 2230 2923 2319 potuisset,
2982 2243 3166 2299 certo

634 2318 986 2406 praedixit,
1023 2318 1304 2388 docente
1336 2320 1521 2388 illam
1560 2320 1745 2388 intus
1772 2319 1922 2388 luce
1951 2322 2127 2398 vera,
2166 2320 2277 2388 cui
2311 2318 2671 2387 familiaris
2699 2331 2877 2387 erat:
2916 2341 3169 2405 quam—

629 2428 837 2492 quam
892 2429 1023 2476 non
1074 2408 1303 2477 omnia
1363 2408 1516 2478 aliis
1568 2409 1894 2476 indicavit
1947 2431 2123 2495 quae
2183 2409 2367 2477 intus
2406 2408 2760 2476 didicerat.
2808 2407 3174 2477 Abbatissa

629 2518 901 2583 quoque
947 2512 1283 2585 quantum
1320 2498 1506 2569 salva
1545 2497 2009 2569 moderatione
2059 2497 2299 2586 potuit,
2354 2497 2702 2568 interdixit
2733 2498 2820 2578 ei,
2861 2519 2944 2566 ne
2986 2520 3175 2566 reve-

631 2585 761 2654 lata
805 2585 958 2657 aliis
990 2587 1377 2676 explicaret,
1434 2587 1636 2656 verita
1695 2610 1779 2654 nc
1829 2587 1990 2673 quid
2040 2587 2196 2655 inde
2239 2588 2651 2657 incommodi
2705 2587 3048 2676 acciperet
3105 2589 3171 2655 in

631 2687 816 2744 tanta
864 2675 1109 2745 virium
1148 2677 1634 2747 imbecillitate.
1676 2687 1680 2691 ’

717 2771 755 2845 ἓ
804 2770 961 2836 46.
1016 2770 1090 2834 At
1143 2768 1412 2835 tandem
1464 2767 1868 2835 adventante
1904 2777 2224 2855 tempore,
2269 2788 2404 2853 quo
2449 2765 2756 2836 laborum
2809 2788 3106 2836 suorum
3138 2790 3171 2834 a

630 2853 915 2934 Domino
964 2854 1257 2924 fructum
1313 2856 1708 2945 perciperet,
1770 2855 2093 2924 Dominus
2127 2879 2273 2924 eam
2318 2855 2725 2925 coelestibus
2759 2855 3174 2925 consolatio-

631 2943 833 3011 nibus
866 2944 1110 3024 affecit,
1147 2957 1459 3013 aeternae
1510 2943 1698 3013 illius
1738 2944 2194 3031 jucunditatis
2224 2958 2287 3014 et
2321 2944 2765 3014 beatitudinis
2805 2944 3172 3034 praeludia

629 3031 963 3119 quaedam
1015 3034 1072 3101 ei
1125 3034 1478 3105 exhibens.
1534 3038 1606 3101 In
1664 3034 1811 3122 ipsa
1859 3033 2041 3101 enim
2105 3034 2471 3103 nativitatis
2530 3033 2970 3103 beatissimae
3020 3035 3170 3102 Vir-

630 3122 811 3210 ginis
859 3121 1306 3203 solemnitate,
1352 3146 1509 3192 cum
1551 3122 1706 3191 aliis
1741 3122 2091 3192 sororibus
2144 3123 2227 3191 ad
2283 3123 2712 3211 Vesper-tinas
2765 3144 3002 3212 preces
3050 3124 3172 3192 ab·

630 3211 979 3290 euntibus,
1020 3211 1161 3279 sola
1199 3212 1555 3281 Catliarina
1594 3211 1774 3301 apud
1819 3234 1966 3281 eam
2023 3226 2220 3290 esset,
2265 3212 2412 3300 ipsa
2464 3211 2828 3280 Catbarina
2867 3212 3170 3290 vidente,

634 3312 961 3367 venerunt
1011 3299 1094 3367 ad
1146 3322 1292 3368 eam
1332 3323 1657 3391 personae
1705 3301 2040 3388 quaedam
2097 3300 2309 3370 multa
2355 3300 2502 3369 luce
2543 3300 3006 3389 conspicuae:
3060 3325 3179 3371 ea·

629 3387 924 3472 demque
960 3388 1313 3458 Catharina
1355 3390 1697 3472 audiente,
1737 3390 2076 3479 Hedwigis
2116 3390 2210 3460 ait
2241 3389 2324 3459 ad
2377 3389 2530 3457 illas
2563 3413 2575 3456 :
2633 3414 2668 3456 «
2699 3394 2945 3459 Gratus
2999 3393 3180 3460 mibi

629 3489 731 3544 est
778 3476 1111 3546 adventus
1162 3492 1397 3560 vester,
1436 3479 1755 3549 dominae
1792 3502 2002 3560 meae,
2050 3493 2286 3550 sancta
2322 3479 2744 3568 Magdalena,
2783 3493 3021 3548 sancta
3053 3486 3181 3549 Ca-

634 3565 929 3646 tharina,
985 3567 1202 3648 Tecla,
1264 3568 1530 3647 Ursula,
1585 3583 1647 3638 et
1694 3581 2019 3650 caeterae,
2072 3591 2245 3655 quas
2296 3569 2672 3638 nominavit
2707 3568 2823 3637 illa
2856 3569 3177 3655 quidem,

632 3653 745 3724 sed
794 3657 1120 3725 memoria
1164 3680 1297 3726 non
1338 3658 1614 3726 retinuit
1650 3658 2054 3727 catharina:
2109 3680 2283 3744 quae
2331 3658 2531 3726 etiam
2571 3658 2833 3727 audivit
2880 3680 3032 3725 eam
3083 3659 3186 3727 la—

637 3744 770 3813 tine
808 3767 963 3813 cum
1010 3746 1147 3815 illis
1180 3746 1591 3832 loquentem.
1652 3747 1886 3816 Finitis
1919 3748 2333 3834 Vespertinis
2368 3747 2608 3836 preciS,
2653 3747 2821 3815 visio
2858 3746 2975 3815 illa
3009 3773 3182 3817 cum

633 3833 783 3903 luce
832 3834 1196 3924 disparuit.
1241 3841 1313 3905 In
1372 3836 1540 3925 ipsis
1588 3858 1862 3924 quoque
1909 3837 2094 3904 feriis
2144 3837 2320 3907 beati
2372 3836 2682 3905 Matthaei
2733 3836 3033 3922 Apostoli
3077 3861 3189 3906 vc·

632 3937 880 3993 nerunt
921 3924 1001 3992 ad
1061 3924 1244 3993 illam
1314 3925 1740 3994 invisendam
1786 3947 2048 3995 sorores
2096 3924 2286 4014 duae,
2327 3925 2620 3993 Pinnosa
2668 3938 2732 3992 et
2781 3925 3188 4009 Benedicta,

631 4035 803 4099 quas
857 4012 967 4081 illa
1021 4036 1246 4104 genua
1299 4015 1566 4085 flectere
1605 4029 1670 4084 et
1719 4037 1912 4085 orare
1943 4014 2172 4103 jussit.
2230 4011 2747 4085 sciscitantibus
2801 4037 2927 4084 cur
2979 4015 3047 4083 id
3093 4017 3194 4085 sa·

632 4115 906 4172 nerent:
961 4126 996 4169 «
1028 4109 1122 4172 An
1172 4126 1329 4184 non,
1380 4105 1619 4191 inquit,
1660 4104 1899 4174 videtis
1950 4115 2222 4174 sanctas
2252 4102 2716 4193 Magdalcn'am
2770 4114 2834 4172 et
2868 4105 3196 4176 Catliari·

635 4193 847 4260 nam?
895 4193 1272 4272 Quemdam
1324 4194 1524 4262 etiam
1581 4207 1891 4264 sanctum
1948 4199 2304 4282 Martyrem
2358 4191 2759 4272 nominavit,
2816 4193 3028 4280 cujus
3071 4219 3200 4267 vo-

632 4279 960 4349 cabulum
1001 4336 1016 4360 ,
1069 4280 1248 4368 quod
1320 4282 1723 4353 inusitatum
1776 4296 1996 4364 esset,
2050 4282 2150 4350 cis
2198 4281 2471 4350 excidit.
2525 4281 2830 4350 Tandem
2881 4294 2960 4351 ut
3012 4300 3204 4356 esset

636 4368 797 4438 finis
847 4368 1121 4449 laboris,
1175 4393 1375 4457 quem
1435 4385 1654 4440 tamen
1710 4371 1823 4440 illa
1878 4372 1983 4441 vix
2035 4383 2338 4441 senserat
2381 4393 2540 4459 prae
2573 4393 2836 4451 amore,
2870 4372 3205 4446 animam
