3347 4999
165 309 331 375 OCT.
384 307 467 371 ⁴8
996 323 1074 368 na
1122 323 1176 369 s.
1223 320 1381 369 Luca
1427 317 1854 368 Evanceusra
2474 305 2602 370 529

166 409 551 480 Timotheus
581 407 862 496 quidem
899 406 1308 496 hujusmodi
1350 405 1588 476 habuit
1622 404 1928 495 corporis
1963 403 2454 478 reductionem.
2490 411 2694 476 Porro

166 502 230 569 in
280 498 496 570 sancti
547 502 763 567 Lucae
813 495 1204 565 reductione
1273 494 1401 564 tale
1440 495 1666 565 editur
1746 494 2196 576 miraculum,
2249 516 2563 566 sermone
2617 518 2696 566 ac

170 587 491 657 memoria
538 586 852 675 dignum.

124 754 125 757 Ἴ
247 680 282 763 ἓ
331 680 411 747 S.
457 675 809 745 Anatolius
837 672 1115 761 quidam
1153 673 1531 743 Eunuchus
1563 694 1746 743 unus
1784 694 2046 753 eorum,
2090 671 2209 760 qui
2250 684 2475 744 tunce
2509 673 2695 764 regio

165 776 351 836 erant
399 763 748 845 cubicuIO,
806 764 1052 832 misero
1122 763 1427 853 corporis
1476 762 1714 832 morbo
1761 761 2073 837 detentus
2120 775 2285 837 erat.
2342 763 2464 832 Ubi
2532 784 2694 854 ergo

169 855 493 943 majorem
548 853 735 923 novit
781 873 928 923 esse
978 851 1319 931 morbum,
1374 873 1582 939 quam
1631 850 1750 937 qui
1804 850 2226 921 medicorum
2283 866 2508 941 posset
2555 866 2697 922 arte

166 945 419 1025 curari,
478 942 684 1033 probe
719 943 943 1011 sciens
991 939 1128 1020 ille,
1180 940 1362 1029 quod
1415 961 1589 1028 quae
1631 939 2089 1030 impossibilia
2130 953 2290 1009 sunt
2338 963 2376 1010 a
2429 942 2521 1012 ud
2579 943 2698 1011 ho-

170 1034 413 1113 mines,
474 1038 600 1102 Deo
652 1029 1004 1121 possibilia
1074 1042 1280 1111 sunt,
1352 1029 1678 1099 omnibus
1725 1028 1880 1098 aliis
1950 1029 2238 1109 relictis,
2314 1052 2350 1098 a
2452 1035 2699 1100 Lucam

169 1121 411 1192 Christi
460 1119 882 1211 discipulum
955 1117 1296 1209 confugit,
1351 1135 1416 1188 et
1466 1118 1591 1187 hoc
1640 1118 2040 1188 auxiliatore
2090 1118 2307 1188 utitur
2368 1119 2698 1191 adversus

170 1211 513 1280 morbum.
556 1210 680 1279 Ubi
728 1209 910 1277 enim
956 1229 1153 1288 urna,
1189 1229 1364 1294 quae
1416 1207 1784 1296 pretiosum
1841 1207 2230 1277 continebat
2293 1207 2511 1297 ipsius
2549 1231 2701 1279 cor-

172 1323 320 1391 puS‚
369 1299 453 1369 ad
485 1320 758 1369 sacrum
805 1296 1135 1387 templum
1188 1297 1330 1384 jam
1372 1308 1547 1366 esset
1594 1295 1852 1376 delata,
1919 1295 2101 1385 quod
2143 1319 2184 1366 a
2231 1294 2702 1367 fundamentis

169 1388 605 1458 Constantius
652 1399 974 1468 erexerat,
1036 1385 1366 1457 accedens
1448 1385 1556 1454 hic
1605 1385 1831 1454 dictus
1885 1385 2258 1465 Anatolius‚
2351 1387 2697 1475 simulque

171 1478 492 1567 bajulans
557 1500 715 1546 cum
781 1475 890 1544 his
951 1475 1071 1562 qui
1134 1473 1319 1543 illam
1388 1473 1786 1564 portabant,
1854 1474 2207 1543 confestim
2274 1474 2701 1565 deprimente

174 1568 411 1638 morbo
461 1564 875 1645 absolvitur;
917 1577 981 1633 et
1031 1564 1259 1632 vivens
1306 1585 1384 1633 ex
1435 1576 1701 1633 mortuo
1744 1561 1874 1632 tale
1921 1563 2209 1654 adeptus
2258 1563 2696 1644 beneficium,

173 1661 304 1727 tota
354 1660 483 1726 sua
532 1655 665 1723 vita
717 1676 851 1724 non
902 1653 1266 1722 intermisit
1313 1652 1567 1741 gratias
1615 1674 1815 1721 affere
1855 1652 2168 1742 Apostolo
2214 1675 2293 1721 ac
2359 1658 2526 1735 Deo,
2580 1653 2702 1741 qui

174 1769 289 1834 per
339 1747 569 1847 ipsum
635 1742 1035 1832 hujusmodi
1109 1741 1349 1810 edebat
1400 1741 1658 1811 miracu
1693 1764 1754 1811 a.
1832 1747 1929 1811 Ita
1993 1741 2201 1843 igitur
2261 1743 2564 1833 primum
2616 1765 2698 1812 ex

171 1836 419 1905 Thebis
465 1832 751 1902 relatum
803 1830 1217 1900 divinissimi
1247 1835 1462 1900 Lucae
1495 1852 1770 1920 corpus,
1814 1831 2187 1900 honorifice
2219 1830 2591 1901 admodum
2622 1853 2701 1900 ac

175 1923 543 2013 magnifice
593 1943 732 1991 una
780 1943 937 1989 cum
1005 1919 1268 1990 Andrea
1314 1942 1393 1989 ac
1442 1920 1790 1990 Timotheo
1853 1921 1921 1988 in
1989 1918 2240 2010 templo
2306 1921 2698 2009 reponitur,

171 2013 354 2100 quod
418 2035 460 2081 a
512 2010 898 2080 Constantio
947 2008 1381 2078 aedificatum
1431 2023 1612 2080 erat:
1666 2029 1823 2079 cum
1885 2009 2068 2079 circa
2129 2030 2479 2079 sacrarum
2546 2009 2704 2078 reli-

223 2103 502 2171 uiarum
558 2098 1034 2190 repositionem
1080 2096 1237 2167 fidei
1300 2119 1503 2187 opera
1552 2119 1630 2167 ac
1705 2096 2041 2168 fervidum
2095 2099 2464 2168 Constantii
2528 2098 2705 2167 desi-

172 2124 448 2261 Herium
491 2188 865 2279 plurimum
918 2186 1376 2259 demonstrata
1426 2200 1607 2258 sunt.
1663 2191 2094 2275 Quamquam
2140 2186 2247 2256 hic
2286 2199 2513 2278 postea
2561 2210 2705 2257 ma-

178 2280 349 2369 ligni
402 2278 667 2365 laqueis
713 2276 1221 2363 aliquantulum
1263 2292 1503 2365 captus
1548 2275 1619 2364 (o
1675 2298 1908 2345 casum
1965 2277 2333 2358 miserum,
2387 2276 2522 2347 heu
2562 2289 2702 2346 tur-

180 2369 530 2439 bulentam
582 2366 1091 2436 subversionem
1123 2365 1172 2454 l)
1209 2365 1645 2434 Arrianorum
1701 2365 1950 2454 dogma
1982 2365 2217 2435 ebibit.

267 2460 303 2546 ξ
348 2463 445 2532 9.
502 2454 729 2527 Multis
777 2466 1006 2526 autem
1060 2453 1491 2545 postmodum
1561 2454 2016 2545 temporibuS,
2056 2455 2541 2533 sustinianus‚
2595 2477 2707 2526 as-

178 2547 480 2638 sumptis
521 2544 798 2636 Imperii
848 2545 1157 2635 sceptris,
1214 2542 1427 2614 multo
1474 2542 1704 2626 adhuc
1738 2542 2274 2635 amplificentius
2322 2545 2505 2615 circa
2538 2546 2706 2616 haec

177 2660 371 2707 sacra
424 2634 893 2725 Apostolorum
943 2655 1059 2702 cor
1111 2654 1227 2702 ora
1276 2631 1593 2713 allicitur,
1631 2646 1697 2702 et
1733 2633 1923 2702 theca
1962 2637 2282 2723 argentea
2334 2633 2500 2705 haec
2549 2657 2707 2705 con-

174 2727 494 2806 cludens,
528 2725 711 2793 circa
750 2724 980 2812 ipsum
1031 2747 1070 2791 a
1104 2736 1244 2792 tare
1291 2720 1672 2792 vehementi
1711 2723 1822 2792 Dei
1861 2744 2093 2792 amore
2129 2723 2417 2813 reponit,
2464 2744 2709 2813 nempe

182 2816 481 2905 pretiosa
529 2814 598 2881 in
654 2812 947 2902 pretioso
996 2810 1399 2881 conditorio.
1448 2812 1830 2898 thuidem
1875 2811 2086 2883 sacris
2133 2812 2368 2880 altaris
2406 2832 2707 2881 mensam

178 2907 377 2975 theca
429 2901 819 2973 constituit:
877 2922 1076 2990 porro
1126 2900 1479 2971 communi
1529 2901 2000 2990 Apostolorum
2056 2900 2333 2969 nomine
2379 2900 2708 2989 templum

173 2992 593 3085 appellatur.
647 2989 739 3059 Ad
791 2989 972 3077 quod
1011 3011 1175 3059 sane
1222 3010 1460 3059 omncs
1508 2990 1627 3076 qui
1678 2990 2091 3059 conveniunt
2124 2987 2382 3071 fideleS,
2430 2987 2713 3060 laudant

180 3085 372 3153 hunc
428 3095 774 3167 tamquam
827 3078 1275 3169 discipulum,
1329 3077 1676 3148 celebrant
1715 3091 1788 3148 ut
1855 3078 2397 3167 Evangelistam,
2451 3076 2713 3147 beatifi-

173 3185 337 3242 cant
372 3183 726 3256 tamquam
777 3190 959 3247 cum,
1007 3168 1124 3255 qui
1178 3167 1246 3236 in
1298 3167 1514 3237 sacris
1552 3167 1925 3237 sudoribus
1959 3189 2038 3236 ac
2073 3166 2426 3237 laboribus
2476 3166 2710 3237 divino

182 3259 400 3331 Paulo
450 3279 721 3346 semper
766 3256 895 3325 fuit
942 3256 1194 3326 socius.
1235 3261 1310 3326 Et
1339 3255 1502 3325 inde
1549 3255 2160 3325 sanctificationem
2204 3256 2711 3346 participantes,

177 3346 536 3441 spirituali
589 3345 964 3434 implentur
1011 3345 1302 3436 gaudio:
1357 3343 1563 3432 idque
1611 3345 1830 3435 gratia
1863 3367 1942 3414 ac
1992 3344 2409 3435 benignitate
2451 3343 2714 3414 Domini

182 3438 406 3509 nostri
453 3435 611 3506 Jesu
653 3434 922 3516 Christi,
976 3435 1088 3505 cui
1138 3446 1239 3504 est
1276 3433 1494 3523 gloria
1536 3434 1606 3502 in
1642 3432 1874 3505 secula
1909 3433 2324 3516 seculorum,
2360 3440 2595 3508 Amen.

1084 3677 1153 3741 B.
1209 3676 1446 3742 PETRI
1497 3676 1832 3761 ΒΑΜΙᾼΝΙ

558 3834 904 3916 SERMO
970 3835 1107 3915 DE
1165 3835 1240 3915 S.
1295 3835 1577 3917 LUOA
1639 3835 2361 3916 EVANGELISTA

272 4055 309 4138 ξ
365 4055 438 4122 1.
492 4049 664 4133 Quia
716 4071 833 4140 per
879 4049 1351 4141 Evangelium,
1408 4049 1861 4130 dilectissimi,
1903 4048 1986 4119 de
2039 4051 2338 4120 tenebris
2385 4052 2468 4120 ad
2502 4051 2722 4126 lucem

188 4143 525 4211 reductus
571 4152 671 4208 est
723 4139 1064 4216 mundus,
1142 4139 1381 4209 merito
1448 4139 2032 4229 Evangelistarum
2086 4140 2377 4230 gloriam
2431 4140 2727 4211 celebrat

186 4228 495 4322 populus
543 4228 991 4298 Christianus,
1039 4228 1162 4298 Sed
1217 4228 1391 4297 inter
1437 4241 1738 4297 caeteros
1787 4228 2024 4298 beatus
2074 4233 2316 4311 LucaS,
2371 4232 2482 4300 cui
2537 4252 2727 4319 prae-

183 4340 355 4388 sens
404 4317 865 4389 famulaturus
927 4328 1028 4389 est
1083 4338 1329 4399 sermo,
1385 4317 1555 4388 dum
1604 4317 1879 4417 gemina
1915 4316 2075 4406 styli
2124 4319 2351 4410 specie
2402 4333 2467 4389 et
2516 4325 2730 4389 Evan-

184 4405 511 4498 gelicam,
564 4418 627 4477 et
674 4405 1123 4496 Apostolicam
1198 4407 1490 4476 contexit
1565 4405 1944 4490 historiam,
2024 4419 2373 4496 tamquam
2436 4407 2727 4477 diversis

361 4526 601 4586 surius
630 4554 654 4568 ·
693 4525 858 4589 Vuae
887 4522 993 4588 SS.
1022 4556 1046 4570 -
1075 4522 1199 4588 Vol.
1229 4522 1300 4583 X.
2493 4523 2571 4585 34
