3347 4999
141 335 314 400 OCT.
373 334 397 397 Ἰ
582 350 589 355 ·
988 352 1066 397 οε
1114 351 1168 399 s.
1224 352 1483 399 naniam
1533 354 1826 401 nemsi».
2509 341 2592 405 47

138 455 262 503 nec
309 429 489 518 quod
529 430 767 499 fraude
816 430 1197 519 deciperet,
1254 454 1376 502 nec
1425 434 1607 520 quod
1659 434 2100 504 simulatione
2156 434 2474 505 fuscaret.
2533 439 2682 506 Sin·

135 522 484 592 ceritatem
522 520 794 598 mentis,
864 518 1093 588 vultus
1140 521 1247 589 sui
1306 524 1667 593 serenitate
1719 525 2186 605 monstrabat,
2236 538 2298 594 et
2361 526 2674 611 pietatem

134 609 656 680 clementissimi
689 608 942 681 cordis.
977 609 1375 678 ostendebat
1411 612 1478 679 in
1519 611 1792 681 lenitate
1823 613 2181 681 sermonis.
2210 613 2555 702 Quidquid
2588 616 2672 685 ad

132 699 427 768 salutem
483 697 820 787 pertinere
873 712 1099 787 posset
1145 711 1532 778 aeternam,
1582 722 1718 769 non
1773 701 2006 769 minus
2063 701 2153 769 im
2215 700 2392 771 lebat
2435 705 2679 773 beatis·

132 790 298 858 simi
337 787 564 876 operis
612 786 880 865 studio,
935 808 1141 873 quam
1196 790 1535 856 sermonis
1587 788 2093 878 praedicatione
2189 789 2444 859 ocebat.
2511 797 2679 862 Lon-

129 899 301 967 gum
339 890 440 945 est
476 876 703 961 itaque
754 874 976 944 verbis
1022 878 1286 962 exequi,
1330 899 1413 945 ne
1448 878 1833 967 irrogemus
1868 878 2312 947 audientibus
2343 879 2427 948 de
2465 882 2676 950 nimia

130 965 524 1056 prolixitate
575 963 977 1044 fastidium,
1038 978 1296 1051 quanta
1350 968 1418 1034 in
1477 988 1635 1035 eum
1688 980 2092 1036 ornamenta
2140 967 2475 1037 bonorum
2530 991 2677 1038 om-

126 1056 357 1134 nium,
412 1075 587 1141 quae
634 1066 796 1121 sunt
846 1053 940 1121 vel
998 1055 1312 1141 pretiosa,
1361 1054 1462 1124 vel
1516 1055 1832 1136 maxima,
1891 1077 2230 1153 supernae
2279 1078 2675 1127 remunera-

126 1144 343 1214 tionis
394 1142 860 1232 praerogativa
923 1141 1310 1212 contulerit.
1376 1145 1788 1215 Studeamus
1835 1165 1997 1234 ergo
2050 1166 2263 1233 pauca
2313 1145 2669 1227 disserere,

126 1233 441 1324 plurima
482 1230 865 1321 praeterire.
922 1236 1088 1300 Nam
1141 1231 1198 1300 si
1243 1244 1425 1301 tanta
1476 1233 1803 1303 virtutum
1841 1255 2125 1301 suarum
2181 1233 2501 1323 insignia,
2557 1249 2676 1306 aut

124 1322 419 1392 ariditas
469 1321 681 1391 nostri
731 1318 1066 1389 sermonis
1130 1336 1355 1409 posset
1414 1321 1740 1401 excolere,
1796 1335 1916 1391 aut
1966 1322 2294 1391 memoria
2354 1323 2663 1405 retinere,

126 1411 333 1502 prius
371 1411 619 1479 babere
662 1408 905 1497 pdterit
940 1410 1309 1478 terminum
1365 1409 1477 1479 lux
1530 1410 1882 1490 hodierna,
1928 1432 2133 1497 quam
2189 1410 2463 1501 pagina.

222 1503 257 1586 ξ
307 1505 398 1570 8.
451 1497 853 1567 Intendebat
888 1498 1003 1565 vir·
1022 1497 1260 1567 beatus
1295 1500 1648 1587 Remigius
1669 1500 2074 1589 jactantiam
2114 1500 2382 1569 virtutis
2408 1500 2668 1590 fugere,

122 1589 200 1656 in
245 1610 381 1675 quo
415 1610 547 1656 non
590 1586 1098 1677 poteratgratia
1133 1588 1388 1657 coelica
1422 1587 1651 1656 latere.
1707 1593 1869 1656 Cum
1911 1609 2064 1657 vero
2094 1589 2490 1676 contigisset
2512 1612 2670 1659 eum

124 1678 386 1746 habere
436 1677 613 1745 inter
644 1676 1056 1744 domesticos
1089 1697 1250 1745 suos
1284 1678 1611 1745 secretius
1658 1677 2075 1746 convivium.
2113 1691 2177 1745 et
2224 1677 2677 1748 delectaretur

124 1767 197 1834 in
273 1767 580 1834 libertate
630 1786 943 1833 carorum
984 1818 998 1843 ,
1052 1763 1558 1835 descendebant
1602 1765 1689 1834 ad
1748 1787 1904 1834 eum
1957 1787 2263 1853 passeres
2312 1767 2662 1856 intrepidi,

124 1868 193 1924 et
249 1856 318 1922 in
374 1876 584 1923 manu
629 1853 801 1939 ejuS,
860 1874 1133 1922 mensae
1181 1852 1507 1939 reliquias
1564 1853 1999 1943 colligebant.
2052 1855 2494 1923 Discedebant
2551 1855 2669 1924 alii

130 1943 373 2019 saturi,
418 1941 835 2010 accedebant
866 1941 983 2010 alii
1033 1943 1414 2010 saturandi.
1455 1944 1563 2012 Sic
1602 1943 2122 2012 mansuescebat
2169 1943 2400 2012 feritas
2433 1944 2662 2013 avium

130 2033 198 2100 in
252 2030 645 2120 operatione
694 2030 1041 2099 virtutum.
1082 2036 1253 2100 Dum
1295 2053 1449 2101 vero
1482 2030 1848 2102 insedisset
1890 2032 2260 2112 refectioni,
2307 2055 2663 2119 nunquam

129 2121 323 2188 auris
360 2120 508 2209 ejus
540 2140 771 2187 sacrae
803 2118 1032 2188 deerat
1073 2119 1368 2189 lectioni.
1413 2119 1657 2189 Nullus
1684 2133 1785 2189 est
1814 2122 2339 2209 praetermissus
2379 2121 2663 2211 gradus,

124 2210 249 2296 qui
303 2231 434 2277 non
491 2209 556 2276 in
607 2229 684 2276 eo
733 2206 981 2277 faceret
1034 2208 1464 2297 perfectionis
1496 2209 1883 2278 cumulum.
2163 2264 2166 2269 .

219 2301 255 2384 ξ
303 2303 386 2369 4.
440 2296 695 2366 Accidit
741 2310 965 2366 autem
1017 2297 1317 2383 quodam
1363 2311 1709 2386 tempore,
1765 2320 1923 2367 cum
1961 2320 2037 2367 ex
2078 2320 2289 2381 more,
2344 2299 2667 2388 pastorali

124 2387 404 2456 solertia
455 2386 812 2476 parochias
859 2386 1204 2464 circuiret,
1260 2399 1334 2455 ut
1383 2386 1441 2457 si
1499 2386 1924 2475 negligenter
1975 2387 2234 2475 aliquid
2301 2389 2364 2456 in
2416 2388 2669 2457 divinis

124 2474 432 2547 cultibus
472 2487 807 2565 ageretur,
857 2473 1077 2543 fidelis
1118 2474 1363 2545 Christi
1400 2496 1636 2545 servus
1670 2489 2104 2577 agnosceret:
2161 2477 2227 2545 in
2267 2477 2519 2558 vicum,
2551 2478 2665 2547 cui

124 2563 536 2634 vocabulum
589 2577 689 2635 est
736 2563 1200 2632 Calmaciacus
1246 2564 1682 2655 (Chaumicy)
1728 2566 1949 2654 ipsius
2003 2566 2382 2635 devotionis
2432 2568 2662 2637 studio

122 2654 435 2724 accessit.
476 2653 600 2722 Ubi
640 2652 806 2721 dum
841 2652 1123 2739 quidam
1175 2674 1421 2724 caccus
1471 2655 1557 2722 ab
1606 2676 1686 2723 eo
1734 2676 1931 2743 opem
1986 2655 2499 2726 misericordiae
2550 2677 2667 2744 po-

127 2740 435 2823 stularet,
468 2742 712 2831 coepit,
768 2762 905 2828 qua
936 2740 1198 2810 dudum
1236 2756 1477 2832 captus
1504 2743 1723 2812 suerat
1758 2742 2187 2813 infestatione
2220 2743 2660 2824 daemonum,

120 2832 432 2920 corporis
484 2831 831 2900 vexatione
881 2831 1201 2915 torqueri.
1257 2836 1442 2900 Tunc
1502 2835 1566 2900 S.
1625 2832 1982 2922 Remigius
2032 2833 2099 2900 in
2158 2833 2503 2912 oratione,
2550 2833 2665 2901 cui

117 2941 393 3010 semper
439 2920 653 2988 animi
705 2932 937 2988 sancta
988 2920 1366 2989 intentione
1418 2920 1739 3000 vacabat,
1793 2942 2120 3006 corporea
2179 2920 2542 2989 sedulitate
2592 2942 2664 2989 se

119 3010 507 3109 prostravit,
562 3003 998 3098 raptumque?
1025 3007 1256 3077 lumen
1296 3009 1662 3098 pristinum
1699 3008 1997 3078 reddidit
2022 3008 2262 3083 oculis,
2304 3022 2368 3078 et
2406 3022 2660 3099 pestem

114 3097 467 3166 immundi
515 3098 798 3187 spiritus
846 3097 1192 3185 effugavit.-
1262 3102 1312 3167 Ο
1363 3097 1731 3168 ineffabilis
1846 3098 2012 3166 ratia
2114 3097 2377 3167 ietatisl
2438 3120 2477 3167 a
2526 3120 2664 3184 quo

113 3186 285 3257 dum
339 3187 722 3255 substantia
770 3185 914 3261 sola
965 3186 1236 3274 petitur,
1287 3186 1528 3274 triplex
1589 3207 1773 3255 reme
1826 3187 1968 3254 ium
2021 3208 2060 3255 o
2116 3186 2394 3256 tinctur.
2465 3187 2661 3256 Victu

114 3277 305 3365 pavit
341 3297 659 3364 egenum,
706 3275 1094 3343 muneravit
1126 3275 1276 3343 visu
1323 3287 1712 3355 caecatum,
1772 3273 2066 3345 reddidit
2117 3275 2411 3345 libertati
2443 3276 2660 3366 capti·-

110 3387 306 3432 vum.
360 3369 571 3450 Atque
615 3365 703 3432 ita
737 3363 1023 3452 contigit
1059 3384 1176 3452 per
1207 3364 1334 3432 hoc
1384 3364 1655 3453 insigne
1706 3364 2137 3451 mysterium,
2199 3376 2274 3434 ut
2314 3364 2480 3434 dum
2534 3387 2658 3455 ap-

109 3454 348 3543 paruit
380 3474 564 3521 unus
615 3453 681 3520 in
739 3473 1059 3541 paupere,
1107 3452 1375 3521 trinitas
1423 3474 1494 3521 se
1542 3450 1926 3522 ostenderet
1974 3453 2042 3521 in
2090 3452 2307 3522 salute
2340 3454 2484 3522 ⁴²...

205 3543 242 3628 ξ
289 3547 373 3613 ὅ.
430 3541 774 3623 Quaedam
814 3561 968 3609 vero
1005 3540 1236 3641 puella
1268 3542 1355 3609 ab
1391 3542 1562 3609 urbe
1610 3539 1872 3621 Tolosa,
1928 3540 2296 3630 praeclaris
2335 3554 2482 3612 orta
2535 3564 2657 3611 na-

109 3630 396 3710 talibuS,
426 3630 512 3698 ab
537 3629 966 3699 adolescente
1000 3629 1311 3710 infantia,
1335 3629 1562 3697 vesani
1590 3629 1876 3718 spiritus
1914 3630 2271 3700 tenebatur
2293 3630 2657 3701 obsidione

102 3720 404 3809 captiva.
459 3723 674 3800 Quam
730 3740 887 3788 cum
936 3731 1163 3788 tenero
1211 3739 1444 3786 amore
1491 3717 1857 3808 diligerent
1907 3719 2202 3808 piissimi
2264 3720 2648 3809 genitoreS,

104 3808 196 3878 ad
238 3807 456 3877 sancti
491 3807 665 3876 Petri
699 3807 1093 3896 sepulcrum
1146 3808 1216 3875 in
1253 3811 1558 3875 Romana
1589 3808 1762 3877 urbe
1801 3807 1960 3876 cum
2007 3807 2303 3898 plurima
2342 3807 2653 3878 multitu-

106 3897 275 3966 dine
321 3909 386 3965 et
425 3895 644 3966 multa
690 3894 1043 3966 devotione
1092 3895 1478 3965 duxerunt:
1533 3896 1651 3966 ubi
1700 3896 1984 3984 quidam
2037 3897 2152 3966 Dei
2202 3918 2441 3966 servus
2489 3919 2646 3967 cum

107 3985 369 4056 auxilio
425 3986 603 4055 sacri
651 3985 958 4074 corporis
1027 3983 1328 4071 plurima
1395 3985 1706 4073 patrabat
1777 3986 1978 4086 signa
2050 3985 2423 4066 virtutum,
2472 3985 2652 4055 hanc

109 4089 339 4144 tamen
429 4074 680 4144 uellam
715 4095 871 4142 cum
913 4072 1103 4141 nulla
1140 4074 1470 4161 potuisset
1514 4075 1999 4144 intercessione
2050 4095 2368 4164 purgare,
2406 4095 2530 4143 nec
2564 4075 2652 4143 ab

111 4165 265 4254 ipsa
300 4097 533 4232 callidi
584 4162 798 4233 bostis
846 4161 1022 4230 vires
1070 4161 1395 4232 valuisset
1441 4162 1800 4252 expellere,
1846 4163 1974 4232 hoc
2010 4184 2416 4252 responsum
2469 4164 2648 4232 anti-

110 4275 293 4340 quus
321 4253 533 4323 bostis
567 4250 887 4332 reddidit,
926 4250 1141 4319 divini
1177 4251 1478 4321 nominis
1518 4252 1963 4322 obtestatione
1988 4252 2422 4333 constrictus,
2463 4251 2643 4339 quod

167 4469 195 4496 ¹⁸
223 4470 415 4519 subseq,
436 4467 460 4520 ς
479 4469 587 4510 hinc
608 4468 895 4520 expunctum
912 4467 1018 4511 vide
1039 4476 1184 4519 supra
1206 4464 1252 4509 ln
1271 4467 1446 4519 proux.
1472 4465 1578 4509 Vita
1596 4466 1617 4518 δ
1637 4468 1702 4507 17.
