3347 4999
237 309 409 378 OCT.
467 311 548 374 16
1015 328 1094 374 nr.
1140 327 1197 375 s.
1251 326 1447 375 GALLO
1494 328 1635 374 Ana.
1690 328 1764 374 Er
1815 326 2002 375 conr.
2562 311 2691 376 453

325 415 362 500 ξ
408 417 495 484 ὅ.
551 416 706 482 Post
752 411 919 481 haec
957 434 1088 482 non
1129 413 1366 481 timore
1405 412 1896 501 persecutionis
1931 411 2355 500 perterritus,
2395 412 2512 482 sed
2548 435 2782 484 amore

239 500 571 592 spiritalis
623 499 795 568 lucri
833 522 1228 590 persuasus,
1270 500 1786 570 contumacium
1822 498 2120 571 sterilem
2164 499 2433 569 turbam
2471 502 2771 589 reliquit,

237 612 322 659 ne
357 588 654 658 inaniter
687 589 880 659 arida
926 589 1136 658 corda
1183 588 1448 658 diutius
1495 588 1834 679 irrigaret,
1879 589 1997 676 qui
2032 587 2379 657 benevolis
2430 593 2780 663 mentibus

236 700 444 766 quam
497 677 877 768 plurimum
932 678 1252 767 prodesse
1318 677 1586 746 interim
1652 678 2001 767 potuisset.
2056 681 2351 766 Pergens
2406 699 2569 767 ergo
2617 679 2779 749 inde

236 789 395 837 cum
463 766 633 847 suiS‚
688 767 996 856 pervenit
1042 767 1112 835 in
1163 780 1492 845 castrum,
1544 765 1726 853 quod
1785 766 2053 836 Arboua
2088 765 2122 800 ²*
2171 777 2497 834 vocatur:
2549 778 2616 835 et
2675 768 2779 836 in-

237 855 421 925 venit
461 854 554 924 ibi
592 858 1065 945 presbyterum
1107 855 1407 925 bonitate
1437 855 1918 944 conspicuum,
1966 852 2244 924 nomine
2284 852 2770 924 willimarum.

239 944 368 1027 Qui
401 966 558 1014 cum
607 944 897 1013 intuitus
935 966 1091 1013 eum
1136 944 1398 1024 fuisset,
1440 943 1658 1013 dixit:
1713 945 2105 1012 Benedictus
2152 944 2275 1032 qui
2315 944 2495 1011 venit
2546 944 2617 1012 in
2665 967 2780 1013 no-

237 1035 414 1102 mine
469 1035 748 1112 Domini,
805 1046 869 1101 et
909 1032 1193 1120 reliqua.
1251 1033 1371 1102 Cui
1427 1033 1541 1101 Vir
1595 1032 1712 1101 Dei
1765 1032 1858 1101 ita
1908 1031 2307 1121 respondit:
2361 1053 2398 1097 «
2429 1036 2518 1100 De
2558 1033 2782 1121 regio-

239 1122 449 1190 nibus
501 1121 940 1211 congregavit
993 1138 1119 1192 nos
1177 1122 1601 1191 Dominus.»
1661 1120 2020 1210 Presbyter
2066 1142 2276 1209 ergo,
2349 1121 2783 1209 apprehensa

238 1211 512 1279 dextera
558 1211 731 1309 ejus,
769 1210 962 1279 duxit
999 1232 1156 1279 eum
1213 1211 1286 1278 in.
1317 1209 1740 1286 oratorium:
1793 1224 1859 1278 et
1909 1222 2269 1300 postquam
2325 1210 2581 1297 pariter
2626 1230 2783 1278 ora-

238 1311 528 1380 verunt,
588 1298 964 1367 introduxit
1012 1320 1125 1368 eos
1176 1298 1244 1366 in
1295 1298 1698 1388 hospitium.
1754 1298 1883 1380 Qui
1933 1319 2168 1387 pacem
2233 1295 2469 1366 domui
2521 1298 2783 1388 impre-

210 1401 495 1468 vcante5‚
533 1387 1000 1477 deposuerunt
1031 1387 1417 1457 sarcinulas
1456 1409 1642 1456 suas.
1696 1392 2061 1472 Postquam
2096 1407 2251 1454 vero
2285 1385 2775 1468 recubuerunt,

241 1477 548 1561 iussione
593 1475 893 1556 AbbatiS,
948 1475 1185 1546 Gallus
1224 1476 1458 1544 divina
1505 1475 1812 1544 recitavit
1857 1474 2150 1562 eloquia,
2209 1473 2554 1563 profunda
2599 1497 2783 1545 rese-

238 1587 403 1634 rans
445 1564 768 1634 veritatis,
825 1570 1008 1634 Inter
1055 1578 1293 1634 sancta
1338 1564 1691 1633 doctrinae
1739 1563 2060 1634 salutaris
2092 1563 2426 1644 convivia,
2482 1563 2781 1652 pruden-

239 1654 405 1722 tiam
440 1653 579 1722 viri
623 1654 938 1724 sacerdos
980 1654 1293 1733 miratuS,
1350 1676 1391 1722 a
1439 1654 1603 1722 fletu
1638 1674 1710 1724 se
1747 1653 2096 1723 continere
2146 1672 2280 1719 non
2336 1652 2576 1742 potuit.
2621 1658 2781 1722 Toto

241 1757 468 1811 autem
524 1755 777 1831 septem
831 1742 1097 1811 dierum
1149 1741 1409 1811 circulo
1450 1764 1608 1810 cum
1668 1763 1941 1811 summo
2001 1741 2259 1810 h’onore
2306 1753 2373 1810 et
2416 1739 2780 1829 diligentia

238 1830 382 1900 illis
432 1830 865 1912 ministravit,
918 1844 983 1900 et
1028 1853 1200 1917 quos
1257 1829 1655 1899 carnalibus
1704 1829 1869 1898 fovit
1912 1829 2202 1909 deliciis,
2256 1829 2343 1899 ab
2390 1829 2561 1918 ipsis
2606 1851 2782 1916 quo-

239 1919 404 1989 tidie
445 1933 682 2007 pastus
732 1932 832 1988 est
879 1919 1179 2008 dapibus
1229 1920 1767 2008 scripturarum.
1823 1923 2007 1987 Inter
2052 1939 2286 1987 sacrae
2334 1918 2545 2007 igitur
2592 1918 2783 1987 aedi·

238 2007 583 2076 ficationis
629 2006 995 2094 colloquia,
1051 2008 1519 2077 columbanus
1567 2007 1754 2077 Abba
1792 2007 2265 2097 presbyterum
2313 2006 2775 2097 interrogavit,

241 2097 299 2165 si
348 2096 550 2164 sciret
598 2094 896 2182 aliquem
949 2096 1019 2164 in
1070 2096 1441 2166 solitudine
1491 2096 1718 2166 locum
1752 2150 1767 2177 ,
1834 2096 1904 2163 in
1965 2117 2099 2183 quo
2140 2094 2392 2164 cellula
2438 2094 2588 2164 fieri
2660 2116 2781 2184 po-

243 2184 527 2264 tuisset,
580 2184 913 2255 custodiis
983 2184 1493 2271 aliquantulum
1547 2184 1983 2340 regularibus
2044 2196 2456 2274 opportuna.
2519 2188 2783 2273 Hospes

240 2286 632 2342 sanctorum
688 2273 846 2341 huic
887 2273 1319 2360 inquisitioni
1371 2294 1613 2362 respon
1675 2273 1768 2341 it:
1823 2295 1858 2339 «
1895 2278 1972 2343 In
2015 2272 2143 2342 hac
2177 2272 2548 2342 solitudine
2589 2271 2783 2344 locus

236 2360 518 2446 quidam
547 2374 669 2437 est,
706 2362 1028 2449 antiquae
1059 2375 1441 2431 structurae
1478 2383 1756 2432 servans
1792 2362 1968 2430 inter
2020 2363 2255 2430 ruinas
2291 2361 2612 2451 vestigia;
2656 2360 2780 2430 ubi

240 2462 417 2518 terra
464 2450 742 2550 pinguis
790 2465 853 2520 et
893 2449 1292 2521 fructuariis
1343 2450 1785 2542 proventibus
1824 2464 2005 2540 apta,
2065 2463 2330 2519 montes
2360 2470 2481 2540 per
2528 2471 2780 2541 gyrum

237 2538 532 2619 excelsu,
589 2541 862 2609 eremus
914 2552 1099 2610 vasta
1146 2553 1210 2608 et
1277 2541 1649 2610 imminens
1705 2540 1996 2630 oppid03
2060 2539 2382 2629 planities
2452 2540 2775 2628 copiosa,

185 2667 192 2674 -
240 2627 494 2696 victum
560 2628 1050 2713 quaerentibus
1108 2628 1406 2698 fructum
1462 2628 1716 2698 laboris
1767 2650 1900 2698 non
1954 2640 2203 2718 negat;
2244 2650 2278 2694 »
2328 2640 2392 2696 et
2438 2648 2597 2696 cum
2648 2626 2782 2696 loci

237 2717 459 2816 ipsius
523 2716 731 2838 sitam
796 2738 915 2808 per
977 2717 1194 2786 multa
1263 2717 1654 2798 laudasset,
1732 2718 2055 2787 indicavit
2118 2737 2367 2786 nomen
2434 2716 2584 2804 eJ'us
2638 2715 2782 2783 Bri-

284 2819 549 2873 antium
679 2858 691 2870 .

237 2829 280 2895 g
325 2895 359 2980 ξ
410 2898 500 2963 6.
559 2892 706 2962 Illis
756 2893 968 2984 igitur
1017 2894 1182 2965 illuc
1232 2894 1330 2963 ire
1377 2895 1867 2982 cupientibuS,
1923 2893 2187 2984 paravit
2303 2890 2608 2980 resbyter
2655 2912 2778 2959 na-

237 2980 560 3062 viculam,
607 2998 674 3051 et
712 2984 1043 3073 imposuit
1092 2983 1409 3073 remigeS.
1465 2983 1887 3053 Venerabilis
1934 2997 2161 3051 autem
2212 2986 2259 3049 Α
2313 2979 2398 3048 ba
2454 3001 2612 3047 cum
2664 2999 2780 3047 co-

237 3070 524 3139 mitibus
573 3070 763 3142 Gallo
809 3086 875 3141 et
935 3072 1231 3158 quodam
1279 3071 1574 3140 diacono
1631 3092 1873 3141 navem
1922 3068 2415 3147 conscendenS,
2468 3067 2779 3137 invocato

236 3159 516 3227 nomine
551 3160 847 3239 Domini,
886 3160 972 3229 ad
1017 3161 1245 3231 locum
1282 3160 1744 3230 desideratum
1789 3160 1897 3227 via
1924 3172 2107 3227 recta
2145 3156 2468 3257 pervenit.
2506 3156 2777 3245 Egressi

235 3247 319 3316 de
356 3247 693 3328 navicula,
747 3250 1119 3318 oratorium
1175 3250 1241 3318 in
1301 3248 1555 3318 honore
1607 3261 1885 3317 sanctae
1939 3246 2250 3316 Aureliae
2304 3256 2778 3314 constructum

237 3335 576 3415 adierunt,
629 3336 811 3422 qnod
849 3337 1284 3426 postmodum
1339 3337 1577 3406 beatus
1626 3335 2093 3405 columbanus
2134 3336 2204 3403 in
2244 3334 2546 3424 priscum
2585 3354 2780 3403 reno-

236 3424 418 3492 vavit
469 3424 826 3493 honorem.
900 3430 1054 3494 Post
1118 3425 1493 3495 orationem
1543 3445 1701 3494 cum
1773 3446 1892 3514 per
1952 3446 2198 3514 gyrum
2250 3421 2472 3492 oculis
2532 3436 2781 3491 cuncta

236 3513 666 3592 lustrassent,
710 3512 969 3612 placuit
1010 3512 1148 3582 illis
1180 3513 1477 3601 qualitas
1509 3526 1572 3583 et
1604 3513 1777 3582 situs
1817 3512 2149 3582 locorum.
2187 3511 2443 3581 Deinde
2475 3511 2779 3579 oratione

235 3601 639 3688 praemissa,
672 3623 856 3669 circa
879 3604 1252 3672 oratorium
1287 3602 1809 3672 mansiunculas
1837 3601 1968 3672 sibi
1996 3602 2322 3671 fecerunt.
2358 3605 2780 3699 Repererunt

237 3705 463 3759 autem
510 3689 580 3757 in
632 3690 882 3780 templo
923 3704 1056 3760 tres
1106 3690 1444 3780 imagines
1491 3712 1726 3760 aereas
1774 3690 2177 3770 deauratas,
2230 3689 2470 3778 parieti
2509 3687 2773 3768 affixas,

235 3800 408 3866 quas
459 3777 801 3869 populuS,
854 3777 1141 3849 dimisso
1189 3778 1425 3848 altaris
1474 3780 1653 3848 sacri
1714 3778 1929 3858 cultu,
1984 3778 2362 3856 adorabat,
2417 3787 2485 3845 et
2530 3775 2779 3846 oblatis

235 3866 620 3948 sacrificiiS,
675 3866 903 3935 dicere
936 3867 1288 3936 consuevit
1323 3890 1336 3935 ε
1392 3868 1510 3938 Isti
1562 3882 1724 3937 sunt
1758 3867 1856 3936 dii
1888 3880 2144 3937 veteres
2174 3881 2240 3936 et
2270 3864 2537 3951 antiqui
2569 3863 2780 3954 hujus

232 3954 362 4024 loci
415 3969 690 4033 tutores,
743 3976 1038 4041 quorum
1091 3955 1331 4025 solatio
1379 3969 1444 4025 et
1494 3976 1617 4026 nos
1649 3969 1714 4025 et
1764 3969 1996 4025 nostra
2038 3955 2416 4046 perdurant
2449 3973 2668 4038 usque
2703 3955 2773 4022 in

238 4065 582 4132 praesens,
643 4044 1110 4114 columbanus
1161 4045 1390 4132 itaque
1444 4044 1639 4114 beato
1688 4044 1881 4114 Gallo
1932 4044 1997 4113 id
2052 4043 2348 4134 injunxit
2395 4040 2647 4124 officii,
2700 4056 2779 4112 ut

238 4132 571 4220 populum
605 4133 690 4203 ab
716 4154 943 4203 errore
974 4132 1397 4203 idololatriae
1435 4133 1518 4202 ad
1554 4133 1820 4202 cultum
1854 4133 1968 4202 Dei
1996 4133 2461 4202 exhortatione
2491 4130 2777 4200 salutari

235 4380 273 4419 A
289 4326 484 4428 ’11³⁹th
502 4329 855 4370 meridionalem
885 4331 1069 4378 part-em
1092 4329 1392 4369 Constantine
1413 4331 1584 4370 lacum.
1606 4329 1826 4369 Castrum
1846 4328 1969 4369 illud
2004 4338 2035 4368 a
2064 4325 2303 4371 Romanis.
2318 4327 2562 4369 dicebatur
2575 4329 2780 4369 castrum

279 4393 304 4418 Υ
335 4391 387 4417 or
431 4392 451 4419 e
489 4393 532 4420 Σ.

289 4433 337 4454 ··
368 4433 473 4478 Seu,
490 4434 701 4485 Brevem,
722 4446 748 4476 a
767 4445 860 4485 quo
881 4435 1182 4477 constantiae
1201 4437 1333 4477 lacus
1349 4440 1402 4477 et
1421 4434 1714 4486 Briqanetmaes
1735 4439 2048 4485 nuncupatur.
