3347 4999
697 262 770 327 61
787 263 827 326 0
1449 280 1526 325 nr.
1575 279 1630 324 S.
1677 274 2020 325 ammons
2067 277 2308 324 Annam
2840 258 3008 325 OCT.
3058 261 3119 324 2⁴

606 366 712 435 vir
764 363 1136 454 primarius
1174 375 1238 432 et
1276 362 1665 433 ditissimus
1716 362 1908 432 urbis
1957 362 2138 432 Ailae
2175 362 2232 443 ⁴,
2299 383 2474 448 quae
2527 362 2700 431 mari
2744 362 2971 432 Rubro
3018 366 3129 431 im·

611 454 872 535 minet,
924 474 963 521 a
1013 451 1279 552 legione
1339 473 1698 541 possessus
1756 450 2169 521 daemonum
2203 504 2223 530 ‚
2280 450 2364 519 ad
2416 472 2574 520 eum
2632 451 2972 521 adductus
3016 463 3124 521 est.

607 547 875 621 Manus,
929 562 1174 617 cervix,
1217 540 1450 619 latera,
1499 539 1705 630 pedes
1754 538 1930 609 ferro
1960 539 2221 608 onerati
2254 551 2471 619 erant,
2512 538 2902 626 furorisque
2937 541 3128 611 saevi-

612 631 773 699 tiam
815 629 979 698 torvi
1031 628 1211 698 oculi
1252 629 1717 698 minabantur.
1773 633 2079 715 Cumque
2127 627 2602 699 deambularet
2651 633 2941 698 Sanctus
2986 651 3125 698 cum

609 719 964 797 fratribuS‚
1018 731 1083 786 et
1131 717 1214 786 de
1249 717 1622 806 Scripturis
1672 718 1901 787 nescio
1938 717 2104 804 quid
2146 718 2729 807 interpretaretur,
2773 717 3000 806 erupit
3031 717 3126 785 ille

609 807 695 876 de
746 807 1069 876 manibus
1100 829 1170 875 se
1212 807 1615 886 tenentium,
1669 817 1735 875 ct
1782 806 2140 895 amplexus
2185 828 2342 875 eum
2392 817 2540 894 post
2583 818 2875 895 tergum,
2916 806 2983 874 in
3032 828 3128 874 su-

610 896 823 965 blime
874 895 1141 965 levavit.
1181 895 1448 964 Clamor
1485 908 1677 964 ortus
1710 894 1796 964 ab
1828 895 2154 964 omnibus
2186 918 2197 958 t
2256 894 2588 964 timebant
2619 896 2831 975 enim,
2876 917 2960 963 ne
2991 917 3126 963 con-

610 984 785 1054 fecta
829 983 1122 1072 jejuniis
1172 985 1480 1055 membra
1528 982 1901 1052 collideret.
1966 988 2041 1052 Et
2090 987 2378 1052 Sanctus
2431 984 2788 1054 arridens:
2843 1006 2878 1049 «
2911 984 3123 1061 Sinite,

611 1074 862 1160 inquit,
896 1087 960 1143 et
1002 1073 1170 1140 mibi
1200 1094 1427 1141 meum
1465 1071 1923 1162 palaestritam
1952 1072 2303 1140 dimittite.
2332 1095 2366 1138 »
2409 1076 2495 1141 Ac
2534 1072 2631 1141 sic
2666 1073 2913 1141 reflexa
2944 1093 3130 1161 super

612 1163 939 1232 humeros
969 1182 1203 1241 manu,
1234 1172 1441 1251 caput
1466 1160 1618 1248 ejus
1654 1161 1891 1250 tetigit,
1935 1161 2503 1249 apprehensoque
2533 1162 2724 1230 crine
2756 1172 2914 1230 ante
2945 1161 3126 1250 pedes

610 1250 921 1332 adduxit,
955 1252 1300 1339 stringens
1326 1271 1361 1319 e
1388 1251 1663 1340 regione
1690 1249 1929 1318 ambas
1965 1271 2210 1318 manus
2240 1250 2414 1336 ejus,
2454 1263 2518 1319 et
2556 1249 2821 1337 plantas
2858 1264 3127 1335 utroque

610 1338 887 1408 calcans
938 1338 1106 1428 pede
1141 1394 1155 1418 ,
1225 1337 1566 1424 simulque
1632 1338 2112 1424 ingeminans:
2190 1361 2226 1405 «
2270 1341 2607 1425 ‘torquere
2642 1392 2656 1418 ‚
2727 1338 3125 1407 daemonum

611 1428 836 1507 turba,
892 1430 1226 1514 torquere.
1266 1450 1301 1493 »
1342 1430 1647 1513 Cumque
1678 1426 1792 1496 ille
1822 1426 2126 1513 ejularet,
2164 1439 2229 1495 et
2262 1428 2509 1495 reflexa
2556 1428 2838 1508 cervice,
2896 1439 3126 1496 terram

609 1515 862 1585 vertice
911 1528 1264 1605 tangeret:
1319 1538 1353 1581 «
1399 1515 1705 1596 Domine,
1764 1516 2006 1601 inquit,
2059 1515 2262 1596 Jesu,
2321 1515 2502 1585 solve
2551 1516 2908 1595 miserum,
2968 1515 3129 1585 solve

611 1606 984 1696 captivum.
1035 1610 1111 1673 Ut
1161 1626 1406 1685 unum,
1463 1603 1552 1672 ita
1598 1617 1662 1673 et
1712 1604 1945 1693 plures
1994 1604 2285 1684 vincere,
2343 1617 2536 1673 tuum
2588 1616 2709 1673 est.
2748 1628 2783 1670 »
2836 1610 3004 1673 Rem
3053 1603 3131 1671 Ιο-

610 1715 787 1780 quor
849 1693 1254 1762 inauditam.
1311 1697 1401 1760 Ex
1449 1714 1588 1761 uno
1654 1692 1956 1761 hominis
2005 1715 2119 1761 ore
2167 1693 2473 1762 diversae
2535 1715 2773 1775 voces,
2826 1706 2891 1761 et
2952 1691 3127 1780 quasi

620 1782 953 1851 confusus
1006 1780 1242 1871 populi
1289 1780 1549 1850 clamor
1594 1781 2026 1850 audiebatur.
2088 1787 2375 1851 Curatus
2417 1784 2640 1869 itaque
2683 1795 2747 1850 et
2795 1782 2907 1851 hic
2945 1838 2960 1863 ‚
3016 1802 3129 1849 non

609 1882 763 1960 post
814 1869 1109 1938 multum
1163 1870 1527 1959 temporis,
1594 1892 1750 1939 cum
1807 1891 2014 1939 uxore
2052 1882 2115 1939 et
2164 1870 2397 1939 liberis
2449 1873 2627 1939 venit
2666 1870 2751 1938 ad
2809 1883 3132 1940 monaste·

608 1960 817 2039 rium,
865 1958 1189 2048 plurima,
1229 1958 1424 2044 quasi
1460 1958 1752 2047 gratiam
1797 1958 2208 2040 redditurus,
2263 1958 2443 2027 dona
2475 1959 2787 2027 afferens.
2828 1960 2950 2028 Cui
2987 1965 3134 2029 San-

609 2060 810 2117 ctus:
866 2071 900 2112 «
938 2052 1078 2116 Non
1131 2046 1378 2136 legisti,
1432 2046 1677 2133 inquit,
1730 2045 1893 2133 quid
1952 2047 2153 2128 Giezi,
2203 2046 2365 2133 quid
2426 2049 2657 2115 Simon
2720 2049 2903 2136 passi
2958 2050 3133 2117 sint:

608 2157 904 2221 quorum
957 2135 1127 2204 alter
1158 2136 1418 2224 accepit
1459 2136 1781 2224 pretium,
1839 2133 2009 2204 alter
2046 2136 2335 2205 obtulit:
2391 2149 2463 2205 ut
2496 2136 2608 2205 ille
2643 2135 2964 2205 venderet
2998 2157 3133 2224 gra-

607 2225 773 2292 tiam
827 2224 1121 2312 Spiritus
1172 2224 1445 2303 Sancti,
1500 2224 1610 2292 hic
1662 2225 2124 2293 mercaretur?
2169 2247 2204 2291 »
2259 2229 2563 2311 Cumque
2624 2225 2925 2295 Orionus
2974 2225 3132 2293 flens

609 2312 907 2380 diceret:
965 2334 999 2377 «
1035 2313 1183 2381 Acci
1241 2334 1299 2395 e,
1343 2324 1408 2380 et
1461 2311 1548 2380 da
1608 2312 2073 2402 pauperibus;
2121 2336 2156 2379 »
2217 2314 2612 2402 respondit:
2668 2338 2703 2379 «
2738 2318 2835 2382 Tu
2900 2313 3135 2381 melius

611 2413 800 2487 potes
836 2418 950 2469 tua
989 2400 1184 2468 distri
1242 2422 1422 2480 uere,
1459 2400 1580 2486 qui
1633 2422 1751 2488 per
1782 2401 1988 2471 urbes
2036 2401 2375 2480 ambulaS,
2435 2416 2499 2470 et
2547 2401 2722 2472 nosti
2777 2423 3130 2491 pauperes.

608 2494 768 2580 Ego,
812 2489 928 2576 qui
968 2511 1113 2557 mea
1148 2487 1416 2575 reliqui,
1454 2512 1580 2558 cur
1617 2488 1841 2558 aliena
1879 2494 2253 2578 appetam?
2304 2490 2530 2560 Multis
2585 2513 2829 2560 nomen
2881 2513 3132 2580 paupe·

611 2601 788 2656 rum,
835 2578 1102 2647 occasio
1149 2579 1469 2647 avaritiae
1515 2591 1659 2647 est:
1717 2578 2185 2648 misericordia
2242 2602 2395 2649 vero
2442 2593 2655 2649 artem
2711 2601 2842 2647 non
2913 2580 3131 2650 habet.

606 2673 814 2736 Nemo
857 2666 1103 2736 melius
1131 2679 1385 2766 erogat,
1420 2689 1627 2753 quam
1670 2667 1787 2753 qui
1822 2667 1949 2736 sibi
1990 2667 2157 2736 nihil
2212 2682 2528 2738 reservat.
2578 2691 2613 2734 »
2646 2668 2845 2737 Tristi
2883 2682 3129 2738 autem.

606 2770 671 2825 et
711 2756 777 2823 in
819 2756 1312 2844 terrajacenu:
1371 2780 1404 2820 «
1437 2755 1604 2835 Noli,
1652 2756 1897 2842 inquit,
1938 2756 2349 2838 contristari,
2389 2756 2512 2826 fili.
2549 2757 2738 2839 Quod
2777 2756 2982 2838 facio,
3026 2777 3134 2846 pro

603 2866 714 2911 me
754 2858 817 2912 et
859 2866 979 2933 pro
1015 2859 1075 2913 te
1107 2843 1303 2912 facio.
1346 2844 1409 2913 Si
1446 2844 1625 2912 enim
1671 2843 1837 2912 hacc
1870 2866 2215 2934 acceper0‚
2254 2860 2317 2915 et
2356 2869 2480 2938 ego
2515 2845 2857 2916 offendam
2900 2851 3131 2922 Deum,

604 2946 667 3001 et
702 2933 784 3001 ad
824 2946 884 3001 te
926 2932 1100 3024 legio
1144 2944 1533 3002 revertetur.
1569 2956 1602 2998 »

691 3023 726 3106 ξ
775 3027 905 3094 u.
962 3023 1126 3104 Quis
1159 3043 1313 3090 vero
1364 3020 1575 3110 possit
1614 3020 1883 3090 silentio
1922 3022 2308 3111 praeterire,
2344 3024 2523 3109 quod
2565 3027 2879 3093 Gazanus
2932 3021 3131 3110 Majo-

605 3121 814 3179 metes
864 3109 1046 3178 baud
1098 3109 1298 3199 longe
1336 3133 1372 3178 a
1410 3111 1818 3179 monasterio
1850 3110 2022 3198 ejus,
2081 3110 2341 3200 lapides
2380 3111 2463 3179 ad
2506 3111 3012 3182 aedificandum
3049 3108 3133 3175 de

601 3217 720 3265 ora
765 3199 974 3266 maris
1021 3199 1305 3278 cudens,
1363 3212 1539 3268 totus
1590 3197 1885 3288 paralysi
1928 3198 2306 3269 dissolutus
2337 3254 2352 3279 ,
2405 3212 2470 3268 et
2516 3200 2602 3268 ab
2650 3202 2879 3289 operis
2929 3196 3131 3266 sociis

601 3283 870 3354 delatus
910 3286 991 3353 ad
1033 3291 1380 3365 Sanctum,
1429 3287 1651 3355 statim
1706 3288 1789 3355 ad
1840 3310 2015 3375 opus
2066 3310 2374 3358 reversus
2421 3291 2572 3357 est?
2620 3288 2883 3356 Etenim
2937 3286 3118 3362 lituS,

597 3373 780 3459 quod
824 3373 1241 3444 Palaestinae
1289 3379 1722 3465 Aegyptoque
1773 3375 2259 3466 praetenditur,
2326 3398 2443 3464 per
2495 3389 2807 3445 naturam
2875 3372 3070 3443 molle
3103 3426 3117 3451 ,

596 3461 826 3530 arenis
878 3462 944 3529 iu
999 3486 1159 3531 saxa
1217 3463 1764 3544 durescentibuS‚
1830 3479 2228 3555 asperatur:
2287 3463 2757 3554 paulatimque
2810 3464 3120 3532 cohaere-

596 3572 795 3619 scens
837 3550 967 3621 sibi
1017 3550 1267 3641 glarea,
1313 3552 1531 3634 perdit
1563 3565 1842 3633 tactum,
1899 3576 2057 3623 cum
2099 3575 2227 3622 non
2270 3552 2506 3643 perdat
2538 3553 2950 3641 adspectum.
2986 3543 3115 3614 Sed-

592 3651 659 3708 et
701 3638 980 3710 ltalicus
1028 3639 1334 3727 ejusdem
1370 3641 1609 3732 oppidi
1658 3644 2015 3731 municeps
2065 3642 2491 3714 Christianus
2522 3697 2536 3723 ‚
2596 3642 2940 3711 adversum
2982 3637 3111 3702 Ga-

589 3750 862 3798 zensem
907 3729 1351 3798 duumvirum
1395 3730 1486 3812 **,
1545 3735 1816 3799 Marnae
1875 3731 2055 3801 idolo
2096 3731 2410 3801 ‘deditum
2451 3786 2465 3812 ‚
2521 3731 2856 3801 Circenses
2905 3741 3114 3810 equos

591 3817 958 3887 nutriebat.
1014 3823 1152 3887 Hoc
1202 3817 1542 3904 siquidem
1588 3820 1654 3886 in
1708 3821 2037 3889 Romanis
2084 3820 2378 3889 urbibus
2419 3820 2563 3906 jam
2612 3820 2767 3887 inde
2818 3826 3119 3910 servatur

588 3927 628 3973 a
679 3905 990 3988 Romulo,
1046 3920 1121 3975 ut
1170 3922 1446 3997 propter
1493 3907 1756 3976 felicem
1816 3910 2224 3978 Sabinarum
2278 3921 2576 3997 raptum,
2635 3913 2870 3987 Conso,
2924 3922 3120 3990 quasi

588 3994 1033 4065 consiliorum
1087 3996 1234 4078 deo,
1287 3996 1660 4086 quadrigae
1711 4009 1986 4086 septeno
2034 4009 2316 4067 currant
2354 3997 2744 4076 circumitu,
2801 4010 2865 4065 et
2914 4011 3121 4078 equos

589 4083 807 4169 partis
869 4084 1190 4155 adversae
1262 4085 1586 4175 fregisse,
1664 4085 1945 4155 victoria
2008 4087 2118 4155 sit.
2186 4086 2310 4154 Hic
2379 4086 2604 4172 itaque
2666 4082 2941 4154 aemulo
3000 4100 3129 4151 suo

643 4279 670 4303 ²·
700 4277 805 4318 Aila
827 4289 918 4319 non
939 4282 1075 4329 longe
1095 4279 1301 4320 distabat
1321 4280 1378 4320 ab
1395 4278 1624 4321 hodierno
1644 4283 1786 4328 portu
1808 4281 1924 4320 Suet.

582 4330 958 4426 ,oxgssm‘mw'i
991 4335 1274 4424 V⁰ss⁸b⁸¹²²¹¹f
1303 4331 1334 4372 ii
1362 4335 1456 4374 ‘¹¹¹0
1484 4335 1806 4385 m⁸8¹⁸21821181
1838 4335 1919 4383 qui
1952 4333 2137 4375 senatui
2157 4337 2235 4376 vel
2255 4334 2411 4378 curiae
2447 4335 2497 4376 in
2534 4336 2735 4378 coloniis
2762 4329 3139 4382 municipiisque

773 4395 795 4424 s
823 4395 1048 4433 pruecran
1077 4415 1086 4426 .
