3347 4999
714 319 839 380 ’100
1298 334 1376 380 ΒΕ
1424 333 1479 379 s.
1534 331 1820 379 ormano
1869 332 2104 378 Annua
2153 327 2488 378 Bnoxfflxsi
2894 310 3098 377 OCT.
3164 308 3205 374 3
3291 241 3292 302 i

624 418 1032 499 doctissimi,
1064 417 1149 487 de
1183 418 1504 487 thesauro
1538 438 1664 488 suo
1702 438 1874 486 nova
1905 428 1969 485 et
2004 428 2227 486 vetera
2260 413 2644 505 proferens:
2688 425 2980 502 eratque
3022 411 3206 483 talis

624 509 776 599 ejus
825 507 1160 588 doctrina,
1201 505 1428 594 qualis
1477 517 1543 575 et
1590 506 1750 575 vita.
1797 511 1873 574 Et
1919 504 2084 593 quia
2131 505 2525 574 animarum
2577 524 2814 599 curam
2869 502 3014 572 sihi
3075 501 3204 571 de-

630 595 1022 669 mandatam
1077 607 1374 675 noverat,
1429 594 1513 664 ad
1566 594 1989 664 reddendam
2041 594 2374 664 rationem
2426 614 2499 662 se
2539 591 2829 663 sollicite
2883 613 3205 682 praepa-

626 687 842 757 rabat.
891 689 1178 754 Auream
1231 683 1768 753 mediocritatem
1835 683 1905 751 in
1955 683 2284 753 omnibus
2330 681 2896 762 consectabatur,
2959 679 3198 749 male-

626 776 877 863 batque
926 773 1242 843 subditos
1287 793 1521 842 amore
1569 771 1845 853 ducere,
1883 793 2092 859 quam
2146 771 2388 841 timore
2420 769 2856 860 compellere.
2895 775 2978 839 Et
3012 791 3195 839 cum

628 863 873 934 Christi
905 862 1085 932 vices
1125 883 1358 952 gerere
1406 883 1542 931 non
1594 861 1964 950 ignoraret,
2018 861 2188 930 adeo
2237 882 2308 930 se
2356 859 2684 929 omnibus
2731 857 3196 929 conformare

624 967 689 1024 et
737 950 1257 1022 accommodare
1316 949 1682 1027 studebat,
1738 960 1814 1018 ut
1876 950 2052 1019 mira
2116 948 2416 1036 quadam
2467 947 2798 1018 charitate
2845 946 3191 1017 omnium

630 1042 941 1113 moribus
974 1040 1225 1109 servire
1274 1037 1638 1108 videretur.
1671 1037 1819 1107 Illis
1852 1037 2241 1118 virtutibus,
2276 1037 2557 1125 quibus,
2593 1049 2754 1106 teste
2782 1037 3188 1126 Scriptura,

629 1129 801 1200 nihil
836 1129 904 1198 in
943 1128 1077 1198 vita
1125 1127 1530 1198 hominibus
1578 1127 1823 1197 utilius
1859 1138 1983 1208 est,
2019 1125 2364 1217 praeclare
2402 1127 2778 1196 instructus
2814 1125 2974 1206 fuit,
3013 1147 3196 1215 pru-

627 1219 883 1298 dentia,
940 1216 1413 1307 temperantia,
1467 1214 1889 1296 fortitudine,
1925 1228 1989 1285 et
2027 1215 2321 1305 justitia,
2356 1229 2428 1284 ut
2462 1227 2638 1285 recte
2671 1213 2843 1284 illud
2878 1219 3196 1284 Senecae

627 1310 688 1379 ei
732 1306 945 1408 possit
976 1304 1510 1386 accommodari,
1542 1304 1680 1373 Viri
1707 1305 1885 1374 sacri
1916 1327 2171 1396 corpus
2206 1305 2489 1374 virtutes
2520 1303 2950 1374 aedificasse.
2995 1307 3194 1385 Quo·

631 1397 794 1467 tidie
842 1397 979 1465 fere
1030 1395 1391 1464 Missarum
1445 1393 1812 1485 peragebat
1860 1393 2218 1474 solemnia,
2262 1392 2586 1464 salutaris
2637 1392 2988 1483 passionis
3043 1413 3196 1462 me-

631 1485 923 1555 moriam
971 1484 1368 1553 celebrans:
1399 1496 1501 1568 ,ut
1547 1483 1662 1570 qui
1715 1494 2026 1553 mortuus
2071 1494 2214 1552 erat
2257 1482 2541 1551 terrenis
2579 1480 3088 1571 voluptatibuS,
3131 1494 3195 1550 et

630 1573 888 1643 divitiis
950 1570 1378 1661 spiritalibus
1446 1572 1755 1651 vivebat,
1810 1592 2082 1662 semper
2145 1570 2499 1640 Dominico
2565 1571 2837 1660 corpori
2887 1591 3193 1639 concor-

632 1673 938 1752 poratus,
977 1683 1217 1730 omnes
1261 1660 1587 1731 teterrimi
1650 1660 1864 1731 hostis
1918 1659 2386 1730 infestationes
2437 1672 2499 1728 et
2555 1659 2881 1729 incursus
2937 1658 3192 1748 profli-

680 1762 847 1821 aret.

634 1775 755 1928 ἐξ
809 1842 972 1911 89.
1051 1843 1215 1907 Cum
1283 1850 1512 1907 autem
1575 1859 1696 1927 pro
1760 1859 1948 1907 more
2010 1838 2425 1925 quandoque
2474 1858 2749 1907 sacrum
2800 1836 3196 1906 celebraret

630 1928 1063 2018 mysterium,
1103 1939 1168 1996 et
1198 1927 1527 1996 Dominus
1560 1931 1762 1995 Jesus
1783 1927 1930 2017 jam
1968 1925 2165 1996 vellet
2197 1925 2549 1996 lucernam
2585 1925 2941 1995 ardentem
2974 1948 3196 2014 super

630 2017 1125 2086 candelabrum
1180 2036 1453 2106 ponere,
1499 2027 1576 2084 ut
1608 2014 1868 2084 luceret
1903 2015 2230 2084 omnibus
2263 2015 2332 2083 in
2370 2013 2728 2084 basilicam
2775 2014 3193 2104 ingredien-

632 2106 857 2176 tibus:
913 2104 1251 2192 quaedam
1305 2102 1447 2172 illic
1495 2103 1755 2173 femina
1814 2103 2034 2173 adfuit
2081 2126 2161 2173 ex
2211 2103 2358 2173 vico
2406 2108 2722 2184 Buxut0,
2777 2104 2901 2190 qui
2951 2103 3192 2173 Cellae

635 2193 1073 2285 propinquus
1118 2207 1242 2272 est,
1275 2192 1695 2282 jampridem
1732 2191 2121 2263 luminibus
2154 2193 2414 2262 orbata.
2460 2197 2622 2261 Eam
2657 2214 2816 2262 cum
2855 2206 3196 2282 rogarent

631 2282 774 2363 alii,
814 2280 980 2368 quid
1016 2281 1158 2351 illic
1192 2282 1579 2363 sustineret,
1624 2296 1745 2351 aut
1789 2304 1926 2370 qua
1974 2284 2186 2352 causa
2218 2303 2297 2351 eo
2331 2282 2646 2361 venisset,
2698 2280 3046 2362 divinam,
3082 2283 3196 2350 in-

629 2372 781 2459 quit
826 2371 966 2444 illa,
1020 2383 1333 2460 exspecto
1381 2370 1842 2452 clementiam,
1889 2382 1952 2440 et
1999 2370 2275 2441 Abbatis
2311 2370 2542 2464 hujus,
2593 2369 2716 2438 viri
2762 2370 2896 2450 Dei,
2931 2369 3193 2439 huma·

634 2460 950 2530 nitatem:
1007 2458 1352 2547 simulque
1402 2458 1705 2529 modeste
1752 2460 2098 2547 quendam
2148 2481 2228 2530 ex
2276 2458 2711 2530 adstantibus
2758 2470 3190 2539 attrectans,

634 2550 689 2618 ei
742 2570 903 2618 voce
944 2548 1222 2639 lugubri
1274 2548 1340 2616 in
1383 2570 1618 2618 aurem
1672 2550 2087 2629 insusurrat,
2120 2554 2385 2631 Quaeso
2420 2561 2505 2629 te,
2548 2549 2892 2635 inquiens,
2932 2549 3037 2616 mi
3073 2548 3188 2617 do·

635 2638 841 2720 mine,
884 2659 1002 2728 per
1059 2637 1468 2706 immensam
1530 2636 1646 2705 Dei
1701 2638 2280 2719 misericordiam,
2334 2650 2411 2707 ut
2464 2638 2751 2707 miserae
2802 2636 2977 2705 mihi
3035 2659 3192 2707 eam

634 2727 814 2815 porri
870 2748 945 2795 as
993 2747 1271 2812 aquam,
1308 2748 1445 2813 qua
1498 2737 1643 2815 post
1693 2739 2038 2814 sumptam
2088 2726 2590 2797 Eucharistiam
2642 2747 2878 2795 servus
2932 2725 3198 2795 Christi

632 2822 798 2885 Gera
842 2814 974 2884 dus
1020 2814 1253 2884 abluet
1304 2836 1552 2884 manus
1599 2838 1785 2885 suas.
1851 2821 2010 2883 Eam
2061 2828 2138 2885 ut
2192 2816 2477 2904 accepit,
2522 2814 3024 2903 omnipotentis
3080 2816 3196 2884 Dei

630 2905 947 2974 virtutem
991 2925 1068 2972 ac
1119 2903 1296 2972 beati
1334 2903 1458 2972 viri
1507 2903 1714 2972 fidem
1753 2903 2043 2972 fideliter
2080 2904 2496 2994 implorans,
2535 2926 2693 2972 cum
2748 2904 3022 2992 ingenti
3080 2904 3197 2972 d«-

632 2994 897 3063 votione
946 2992 1328 3081 pitissando
1384 2990 1789 3072 sorbillavit,
1826 3005 1891 3061 et
1949 2991 2193 3062 faciem
2253 2992 2373 3062 illa
2432 2992 2747 3071 abluens,
2800 3013 3195 3080 caecasque

631 3082 1038 3151 humectans
1089 3081 1414 3170 pupillaS,
1467 3080 1707 3150 eadem
1758 3081 1928 3150 hora
1960 3082 2191 3151 lumen
2235 3082 2509 3171 recepit,
2549 3095 2614 3150 et
2649 3079 3048 3150 clarissime
3089 3082 3197 3150 in-

632 3181 832 3239 tuens
868 3171 1089 3259 ipsam
1142 3171 1622 3259 inspectantes,
1670 3169 1758 3238 ad
1796 3170 1919 3239 viri
1959 3172 2068 3239 Dei
2120 3171 2403 3259 vestigia
2450 3192 2608 3238 cum
2655 3168 2871 3238 multa
2924 3171 3195 3258 gratia-

633 3281 788 3327 rum
825 3259 1090 3328 actione
1134 3258 1485 3348 provoluta
1524 3270 1646 3328 est.
1696 3262 1772 3327 At
1804 3258 1917 3326 ille
1959 3259 2245 3328 comiter
2272 3280 2423 3327 eam
2458 3258 2756 3336 elevans,
2792 3255 3196 3347 blandeque

578 3411 595 3424 ,
634 3348 1051 3436 corripiens:
1108 3370 1142 3413 «
1181 3347 1456 3429 Desiste,
1499 3346 1747 3434 inquit,
1793 3345 1934 3415 filia
1986 3346 2072 3416 ab
2115 3348 2240 3417 hac
2287 3348 2520 3417 cultus
2568 3359 2632 3416 et
2681 3345 2886 3416 officii
2926 3348 3190 3437 specie,

636 3457 761 3503 nec
812 3456 1000 3504 meae
1064 3434 1419 3524 exiguitati
1469 3435 1730 3505 donum
1785 3436 1900 3504 Dei
1952 3436 2356 3525 insipienter
2404 3435 2783 3505 adscribas.
2843 3439 3019 3505 Nam
3078 3458 3197 3528 per

633 3523 795 3593 fidei
846 3535 1001 3593 tuae
1051 3524 1419 3604 meritum,
1482 3538 1548 3594 et
1593 3524 1873 3593 devotae
1920 3524 2066 3614 spei
2132 3526 2638 3604 accessionem,
2702 3526 2922 3593 virtus
2965 3547 3196 3596 sacra·

637 3624 1026 3682 mentorum
1061 3613 1182 3682 tibi
1231 3624 1385 3682 tuos
1425 3614 1767 3702 reparavit
1813 3614 2120 3683 obtutus.
2173 3614 2290 3683 Abi
2335 3613 2543 3704 igitur
2591 3614 2658 3681 in
2713 3634 2904 3702 pace,
2948 3626 3017 3684 et
3067 3616 3194 3686 soli

636 3706 770 3775 Deo
801 3701 1057 3792 gratias
1104 3723 1248 3791 age.
1290 3724 1326 3767 »
1375 3707 1543 3771 Tum
1591 3700 1732 3781 illa,
1796 3723 1972 3789 quae
2019 3704 2211 3792 prius
2266 3701 2551 3772 alterius
2595 3700 2811 3771 ductu
2857 3723 2940 3770 eo
2987 3726 3195 3773 vene-

638 3804 762 3870 rat,
823 3789 1085 3859 nullius
1131 3812 1339 3880 egens
1387 3790 1789 3870 ministeriO,
1853 3791 2366 3890 gratulabunda
2430 3790 2730 3875 recessit.
2766 3790 2937 3877 Ejus
2981 3794 3196 3863 mira-

638 3879 778 3948 culi
829 3877 1008 3946 fama
1059 3878 1191 3948 cito
1241 3877 1440 3969 longe
1490 3878 1757 3966 lateque
1806 3878 2081 3961 diffusa,
2131 3881 2199 3948 in
2237 3879 2515 3950 laudem
2553 3880 2665 3947 Dei
2698 3890 2764 3947 et
2805 3881 2992 3948 servi
3043 3884 3197 3973 ejus

639 3967 1165 4041 venerationema
1196 3967 1570 4056 permultos
1619 3967 1958 4037 excitavit.
2963 3958 2969 3987 ⁸

1036 4181 1082 4243 Ο
1128 4182 1235 4242 lux
1283 4198 1422 4243 vera
1470 4182 1650 4251 Deus,
1697 4193 2058 4245 cunctorum
2102 4181 2382 4242 conditor
2429 4197 2618 4243 unus:

1039 4260 1249 4322 Secula
1298 4276 1401 4338 per
1443 4269 1657 4322 cuncta
1711 4274 1807 4322 tua
1853 4264 1928 4320 sit
1973 4261 2287 4339 promissio
2331 4276 2496 4321 vera.

1037 4340 1179 4415 Vos,
1228 4341 1445 4418 inquit,
1492 4339 1719 4414 Sancti,
1763 4355 1864 4401 vos
1906 4343 2050 4401 estis
2094 4340 2325 4402 lumina
2374 4338 2624 4409 mundi,

1040 4418 1160 4481 Nec
1208 4420 1367 4483 valet
1412 4420 1790 4483 intenebris
1830 4419 2111 4482 abscondi
2157 4419 2262 4483 lux
2309 4420 2643 4498 probitatis
