3347 4999
747 293 829 357 74
1300 308 1379 355 nn
1427 308 1482 354 s.
1538 291 1927 355 LssonsscAato
1977 303 2176 351 muse.
2226 304 2302 350 nr
2348 303 2540 351 nar.
2930 285 3123 352 OCT.
3185 288 3223 351 9.

660 394 931 475 fecerat,
985 391 1310 462 dominus
1346 392 1723 481 juraverat,
1763 410 2197 476 nequaquam
2235 387 2298 456 id
2337 409 2494 456 eum
2550 400 2980 478 perpetrasse
3015 411 3031 456 ε
3095 390 3219 457 sed

660 483 945 552 domum
985 502 1320 561 reversuS,
1371 502 1525 549 mox
1579 478 1748 548 abiit
1794 500 1831 547 e
1880 478 2037 546 vita.
2094 481 2342 545 Servus
2388 498 2685 565 quoque,
2727 477 2976 557 scelus,
3021 477 3222 565 quod

660 572 1052 648 admiserat,
1109 568 1287 637 male
1315 567 1847 637 consummavit.

750 663 970 747 §¹¹1
1026 664 1194 727 Tum
1233 678 1389 726 vero
1440 657 1621 727 fama
1653 655 2036 725 sanctitatis
2082 652 2259 722 beati
2313 653 2633 743 martyris
2685 653 2885 743 longe
2936 653 3223 743 lateque

663 749 984 828 manavit,
1023 758 1086 816 et
1116 745 1325 836 paulo
1358 758 1534 835 post,
1589 766 1670 814 ea
1703 765 1878 831 quae
1920 754 2106 832 gesta
2154 741 2448 822 fuerant,
2487 741 2568 809 ad
2611 744 2887 811 Ebroini
2928 765 3223 832 quoque

661 838 966 906 notitiam
1012 856 1399 926 pervenere.
1454 833 1578 903 Ille
1624 856 1781 903 vero
1831 832 2162 901 nuncium
2214 830 2390 899 clam
2447 831 2653 911 misit,
2715 832 2832 918 qui
2883 847 3224 902 accurate

657 926 1051 1013 inquireret,
1084 935 1147 994 et
1179 946 1318 993 rem
1357 936 1608 992 certam
1661 921 1743 989 ad
1782 922 2012 1011 ipsum
2053 919 2349 989 referret.
2404 926 2597 988 Paret
2646 922 2975 1000 nunciuS,
3031 924 3222 991 venit

657 1014 738 1083 ad
792 1014 969 1084 beati
1020 1013 1145 1081 viri
1183 1011 1557 1091 tumulum,
1597 1009 1798 1079 discit
1834 1032 1869 1077 a
1905 1006 2211 1087 custode,
2264 1008 2383 1077 ubi
2422 1009 2508 1079 sit
2544 1007 2871 1077 humatus
2922 1023 3221 1080 sanctus

658 1117 939 1193 martyr.
977 1100 1266 1191 Propius
1311 1099 1473 1168 inde
1520 1098 1877 1178 accedens,
1931 1119 2066 1167 non
2118 1096 2341 1166 solum
2397 1097 2662 1186 precari
2696 1119 2828 1166 non
2877 1098 3056 1178 vult,
3097 1102 3218 1169 sed

655 1192 858 1260 etiam
912 1213 1034 1282 per
1078 1201 1546 1277 contemptum
1617 1186 1786 1277 pede
1846 1186 2135 1255 humum
2191 1186 2524 1275 percutit,
2592 1197 2657 1253 et
2705 1186 2817 1255 Dei
2877 1186 3218 1258 virtutem

660 1281 992 1360 nesciens,
1048 1277 1251 1347 stulte
1282 1288 1347 1345 et
1377 1276 1588 1365 impie
1635 1276 1861 1345 dicere
1910 1296 2044 1342 non
2083 1286 2380 1343 veretur:
2436 1279 2532 1343 En
2574 1287 2954 1355 mortuum,
3017 1278 3218 1347 nulla

657 1370 987 1438 virtutum
1041 1366 1236 1455 signa
1287 1364 1721 1434 efficientem.
1777 1363 1928 1435 Abit
1978 1362 2160 1442 inde,
2224 1362 2339 1432 sed
2400 1364 2804 1453 priusquam
2866 1366 3217 1436 nunciare

659 1470 888 1547 posset
933 1456 1018 1536 ei,
1072 1477 1110 1523 a
1158 1476 1294 1541 quo
1346 1453 1601 1524 missus
1647 1464 1814 1533 erat,
1869 1453 1937 1519 in
1990 1452 2216 1541 seipso
2261 1454 2583 1540 martyris
2633 1453 2954 1522 virtutem
3007 1475 3217 1545 expe-

658 1546 854 1626 ritur,
908 1546 976 1614 in
1027 1544 1179 1634 ipso
1224 1544 1468 1612 itinere
1518 1541 1744 1612 subito
1782 1563 1818 1609 e
1851 1540 1984 1609 vita
2020 1540 2358 1610 sublatus.
2394 1541 2463 1609 ld
2503 1541 2621 1608 ubi
2658 1541 2933 1610 rescivit
2968 1542 3221 1613 Ebroi·

658 1655 816 1705 nus,
870 1633 1049 1723 apud
1103 1653 1251 1701 sese
1299 1631 1579 1701 tacitum
1634 1631 1858 1709 habet,
1896 1650 2019 1697 nec
2058 1629 2382 1716 cuiquam
2422 1641 2688 1719 praeter
2719 1629 3110 1719 conjugem
3151 1632 3213 1701 id

659 1722 966 1790 indicare
997 1744 1209 1792 ausus
1260 1732 1384 1802 est,
1425 1740 1508 1788 ne
1540 1717 1708 1789 forte
1755 1731 2100 1788 crescente
2131 1716 2346 1808 gloria
2384 1718 2726 1807 martyriS,
2756 1719 2985 1808 ipsius
3022 1722 3218 1812 apud

659 1810 995 1901 populum
1046 1807 1457 1878 existimatio
1504 1807 2031 1879 diminueretur.
2067 1818 2140 1875 ut
2182 1806 2301 1893 qui
2337 1805 2469 1876 tale
2518 1806 2751 1875 lumen
2801 1807 3220 1899 extinguere

658 1913 943 1969 conatus
991 1898 1100 1968 sit.
1156 1897 1278 1967 Sed
1334 1897 1605 1965 interim
1660 1909 1910 1977 tamen,
1965 1909 2221 1983 quanto
2273 1895 2431 1980 plus
2480 1895 2690 1964 miser
2729 1895 2852 1964 ille
2909 1896 3217 1968 virtutes

658 1988 837 2057 beati
888 1987 1011 2057 viri
1062 1986 1267 2056 latere
1316 1986 1657 2076 cupiebat,
1703 1997 1887 2055 tanto
1937 1984 2212 2054 illorum
2253 1982 2432 2053 fama
2482 1984 2741 2071 ubique
2787 1988 3221 2075 augescebat

660 2077 906 2167 magis.
961 2076 1207 2145 Tribus
1254 2074 1417 2143 inde
1464 2072 1602 2142 sere
1655 2072 1910 2163 elapsis
1958 2072 2162 2141 annis
2196 2127 2211 2153 ,
2264 2072 2449 2141 omni
2505 2072 2969 2161 lacrymarum
3028 2075 3220 2146 fonte

657 2163 1094 2256 plangendus
1142 2164 1505 2243 Ebrolnus,
1536 2163 1654 2249 qui
1690 2162 2027 2231 illustrem
2081 2162 2259 2230 hanc
2311 2160 2660 2231 lucernam
2714 2163 3083 2234 nitebatur
3113 2188 3222 2235 ex—

657 2254 992 2343 tinguere,
1025 2252 1220 2339 juxta
1255 2251 1525 2321 Domini
1573 2250 2008 2328 sententiam,
2057 2271 2216 2319 cum
2265 2250 2518 2319 multos
2568 2251 2713 2339 ipse
2754 2251 2992 2341 gladio
3040 2254 3220 2324 inte-

658 2342 992 2421 remisset,
1047 2340 1275 2431 gladio
1324 2361 1700 2431 percussus
1748 2339 2027 2408 interiit.
2081 2337 2320 2407 Infelix
2371 2360 2536 2407 sane
2584 2361 2662 2407 ac
2703 2340 2936 2420 miser,
2999 2346 3221 2413 tantis

660 2443 904 2499 auctus
957 2429 1358 2512 honoribus,
1410 2442 1475 2497 et
1523 2451 1644 2520 per
1691 2440 1936 2497 cuncta
1987 2427 2229 2495 mundi
2280 2426 2555 2496 climata
2610 2428 2761 2515 ejus
2816 2429 3222 2502 industriae

659 2531 1032 2610 propagata
1080 2519 1286 2599 sama,
1319 2518 1503 2608 apud
1558 2517 1878 2587 mortales
1927 2538 2084 2584 cum
2131 2517 2374 2604 primis
2413 2516 2725 2598 celebriS,
2764 2519 3221 2608 quandoqui-

657 2608 810 2677 dem
868 2608 1087 2678 noluit
1134 2608 1615 2677 convenienter
1670 2618 2031 2696 praecepto
2098 2605 2364 2674 Domini
2429 2606 2837 2688 SalvatoriS,
2893 2608 3219 2679 inimicis

656 2697 803 2767 suis
852 2697 1119 2765 veniam
1172 2694 1377 2778 dare,
1430 2716 1577 2765 sese
1624 2695 1874 2765 misere
1926 2692 2263 2783 perdidit,
2319 2695 2696 2784 permultos
2742 2695 2822 2764 ad
2878 2696 3221 2768 coelestia

658 2808 870 2877 regna
921 2785 1325 2856 transmisit.

745 2877 780 2962 ξ
828 2880 988 2946 Do.
1047 2879 1409 2962 Postquam
1462 2884 1690 2941 autem
1764 2872 1972 2941 miser
2019 2871 2134 2940 ille
2197 2871 2465 2940 vivendi
2519 2872 2725 2942 finem
2775 2872 2934 2943 fecit
2967 2931 2984 2957 ,
3042 2901 3218 2948 cum

658 2963 877 3032 multa
921 2961 1123 3032 laude
1172 2963 1240 3031 in
1294 2961 1656 3052 palatium,
1709 2982 1944 3029 earum
2000 2982 2230 3030 rerum
2280 2982 2521 3030 rumor
2573 2963 2976 3051 penetravit,
3033 2989 3220 3054 quas

655 3051 771 3120 ille
819 3052 944 3121 diu
974 3052 1404 3141 supprimere
1437 3049 1818 3119 studuerat.
1859 3049 2102 3118 Aderat
2149 3062 2292 3119 tum
2328 3047 2474 3117 illic
2525 3071 2774 3140 magna
2823 3053 3217 3145 Episcopo-

656 3162 811 3208 rum
863 3153 928 3208 et
975 3161 1334 3228 procerum
1388 3139 1792 3225 frequentia.
1835 3138 1961 3220 Qui
2022 3160 2181 3207 cum
2233 3137 2411 3206 inter
2471 3159 2543 3205 se
2591 3138 2675 3207 de
2725 3154 2960 3210 sancto
3017 3166 3216 3213 mar·

656 3241 805 3316 tyre
852 3227 1256 3308 conferrent,
1296 3227 1944 3312 admirarenturque
1989 3247 2068 3294 ea
2118 3226 2423 3313 quae-de
2463 3225 2580 3295 illo
2630 3226 3069 3313 dicebantur,
3117 3234 3219 3302 vir

657 3315 1138 3386 sanctissimus
1198 3315 1580 3384 Ansoaldus
1640 3316 2068 3384 Pictavorum
2131 3315 2521 3404 episcopus,
2589 3316 2887 3397 Utinam,
2942 3319 3208 3407 inquit,

658 3404 890 3473 liceret
938 3404 1107 3472 mihi
1151 3404 1218 3472 in
1274 3426 1420 3473 mea
1474 3404 1798 3493 parochia
1847 3403 2099 3472 habere
2146 3425 2398 3491 corpus
2451 3404 2604 3490 ejus
2640 3459 2655 3484 ,
2709 3427 2912 3493 quem
2966 3430 3210 3478 meum

655 3505 923 3564 constat
956 3491 1167 3562 fuisse
1218 3506 1599 3583 parentem.
1632 3496 1707 3561 At
1741 3513 1897 3562 vero
1931 3490 2485 3570 Ermencharius‚
2540 3491 2716 3561 beati
2768 3494 2892 3562 viri
2937 3495 3008 3564 in
3053 3499 3214 3599 Epi·

655 3592 937 3672 scopatu
986 3581 1589 3672 augustodunensi
1640 3602 1997 3650 successor
2025 3633 2046 3659 ,
2101 3585 2266 3648 Jure
2312 3578 2590 3667 quidem
2629 3635 2645 3662 ,
2691 3583 2961 3669 inquit,
3023 3586 3206 3656 mihi

656 3670 936 3740 dabitur
976 3670 1099 3738 viri
1150 3669 1366 3757 hujus
1404 3692 1657 3760 corpus
1693 3693 1708 3738 z
1744 3692 1901 3738 cum
1930 3668 2197 3769 justum
2242 3669 2328 3737 sit
2361 3668 2505 3737 illic
2536 3691 2692 3738 eum
2745 3674 3210 3758 requiescere,

655 3758 776 3827 ubi
853 3757 979 3826 fuit
1049 3758 1452 3848 Episcopus.
1526 3758 1824 3846 Denique
1880 3756 2330 3827 vindicianus
2403 3759 2673 3847 praesul
2740 3762 3216 3833 Atrebatensis

653 3846 1015 3944 (d’Arrqs)‚
1074 3847 1140 3915 in
1175 3848 1375 3936 cujus
1423 3847 1718 3917 dioecesi
1768 3847 2224 3935 interemptus
2270 3859 2437 3928 erat,
2493 3847 2581 3917 ita
2632 3848 2888 3919 dixisse
2934 3850 3211 3923 fertur:

656 3940 1096 4022 Nequaquam
1152 3936 1240 4004 ita
1278 3935 1413 4016 fiet,
1453 3949 1530 4005 ut
1560 3958 1677 4005 vos
1711 3936 1925 4004 sancti
1961 3934 2322 4004 Pontifices
2359 3935 2568 4005 locuti
2615 3938 2822 4007 estis:
2875 3940 2993 4009 sed
3034 3942 3214 4012 mihi

658 4023 775 4092 flat
827 4037 1122 4113 potestas
1152 4046 1425 4094 sacrum
1461 4024 1639 4093 beati
1682 4023 1806 4090 viri
1840 4023 2334 4111 corpusculum
2372 4025 2708 4094 retinendi
2738 4050 2752 4094 ε
2791 4030 3058 4120 quippe
3087 4032 3213 4119 qui

656 4111 759 4180 illi
794 4111 938 4181 loco
984 4113 1189 4185 datus
1222 4112 1557 4193 videatur,
1603 4112 1671 4181 in
1722 4132 1861 4197 quo
1902 4110 2229 4201 dignatus
2260 4123 2362 4180 est
2408 4113 2783 4199 quiescere.
2837 4123 3011 4188 *Tum
3065 4142 3213 4189 una

655 4200 968 4270 omnium
1012 4202 1254 4290 Episco
1307 4223 1505 4271 orum
1556 4201 1672 4288 qui
1728 4201 1870 4268 illic
1901 4200 2207 4280 aderant,
2256 4203 2593 4271 sententia
2624 4203 2775 4285 fuit,
2814 4219 2890 4273 ut
2927 4207 3216 4295 jejunia

657 4301 722 4358 et
754 4290 1096 4360 orationes
1146 4291 1211 4358 in
1316 4313 1394 4360 oc
1442 4290 1768 4360 conflictu
1819 4289 2081 4370 fierent,
2139 4290 2236 4358 uti
2282 4291 2380 4358 sic
2430 4290 2831 4380 dignaretur
2871 4296 3216 4366 Dominus

656 4378 1037 4460 ostendere,
1086 4380 1149 4448 in
1187 4380 1387 4470 cujus
1413 4379 1704 4450 dioecesi
1746 4378 1907 4470 jure
1949 4400 2219 4449 sacrum
2256 4377 2429 4447 illud
2473 4400 2726 4469 corpus
2757 4383 3217 4456 condendum
