3347 4999
190 377 368 444 OCT.
423 377 507 441 30
861 393 940 440 nn
987 389 1080 440 ss.
1126 392 1391 440 zanomo
1439 393 1514 440 nr
1561 389 1830 440 zanoam
1876 392 2065 439 nar.
2519 378 2647 443 747

199 479 506 561 morbuS,
559 478 682 565 qui
715 477 939 547 solum
991 477 1300 568 implevit
1348 477 1573 547 sanie:
1627 475 1916 548 solvitur
1958 489 2187 546 autem
2238 475 2492 546 mulier
2538 501 2577 548 a
2616 479 2737 550 do-

195 568 485 651 loribuS,
524 579 590 636 et
634 566 999 638 revertitur
1044 587 1211 636 sana
1261 566 1717 636 Antiochiam.

292 663 330 738 ἓ
378 663 467 729 ὅ.
526 660 712 738 Quae
759 668 986 725 autem
1041 669 1193 744 post
1240 653 1408 724 haec
1456 665 1866 741 sequuntur,
1920 664 2085 723 sunt
2132 651 2531 724 Diocletiani
2586 677 2738 745 per-

198 745 459 816 secutio
519 743 852 815 adversus
911 744 1274 845 pietatem,
1350 756 1416 813 et
1479 748 1609 812 Deo
1667 742 2031 812 inimicum
2082 742 2170 811 ab
2232 763 2310 811 eo
2361 742 2735 831 profectum

191 834 524 914 edictum,
554 845 620 903 et
645 833 881 923 Lysias
914 831 1105 901 illius
1130 831 1449 902 saevitiae
1472 842 1539 902 et
1564 830 2096 900 inhumanitatis
2139 829 2452 902 minister
2488 834 2736 903 acerri-

199 943 377 992 mus.
433 922 563 1005 Qui
611 943 770 991 cum
821 921 1198 1011 accepisset
1244 920 1557 990 divinum
1627 919 2000 990 Zenobium
2058 919 2458 1010 praedicare
2519 943 2737 992 unum

196 1010 421 1082 solum
474 1015 714 1092 Deum,
768 1011 1054 1100 eJusque
1118 1021 1477 1100 praecepta
1524 1021 1588 1078 et
1638 1008 2057 1079 voluntatem
2111 1007 2418 1079 studiose
2465 1023 2530 1080 et
2577 1008 2738 1079 dili—

196 1113 435 1192 genter
473 1098 819 1190 amplecti,
854 1110 920 1169 et
955 1099 1109 1187 ejus
1148 1098 1575 1168 invocatione
1624 1097 1900 1167 morbos
1928 1117 2172 1167 omnes
2204 1096 2405 1168 facile
2453 1098 2735 1180 solvere,

191 1201 262 1260 et
310 1210 596 1260 manum
638 1186 915 1257 abunde
964 1187 1518 1279 suppeditantem
1571 1186 1922 1278 porrigere
1969 1186 2334 1275 egentibus
2380 1209 2540 1258 eum
2604 1199 2741 1257 sta-

202 1278 326 1348 tim
403 1275 968 1367 comprehendit,
1034 1289 1304 1347 etcum
1374 1276 1443 1345 in
1503 1275 1732 1346 media
1798 1274 2250 1367 praesedisset
2296 1275 2603 1360 civitate,
2677 1289 2742 1346 et

193 1388 354 1436 eum
406 1387 636 1436 coram
687 1365 840 1457 ipso
887 1378 1195 1436 curasset
1241 1362 1661 1441 sistendum:
1719 1387 1755 1431 «
1794 1368 1917 1434 Sae
1971 1386 2030 1445 e,
2082 1363 2333 1450 inquit,
2372 1386 2413 1434 o
2462 1365 2732 1446 Zenobi,

195 1477 238 1525 a
291 1476 397 1523 me
445 1454 530 1523 de
579 1467 641 1523 te
677 1467 780 1524 est
826 1454 1185 1524 auditum:
1239 1452 1357 1526 sed
1394 1475 1552 1524 cum
1593 1475 1728 1524 non
1780 1453 1982 1523 facie
2031 1474 2300 1543 possem
2352 1453 2480 1524 soli
2519 1453 2742 1525 famae

195 1542 499 1624 credere,
554 1556 910 1633 propterea
976 1555 1040 1613 te
1087 1542 1156 1612 in
1211 1562 1441 1612 meum
1491 1541 1747 1612 adduxi
1813 1554 2258 1631 conspectum
2290 1597 2305 1622 ,
2386 1557 2464 1612 ut
2530 1545 2735 1613 etiam

192 1631 436 1702 oculos
484 1631 802 1702 haberem
856 1645 1056 1703 testes
1102 1652 1341 1701 eorum
1402 1652 1580 1719 quae
1627 1630 1895 1702 audivi:
1964 1642 2029 1700 et
2074 1642 2153 1701 ut
2225 1632 2468 1721 paucis
2515 1631 2742 1703 absol-

199 1742 381 1802 vam,
426 1720 595 1790 haec
634 1720 774 1791 duo
823 1721 945 1790 tibi
990 1741 1316 1810 propono,
1372 1732 1446 1789 ut
1494 1719 1592 1790 vel
1641 1743 1881 1810 pareas
1931 1719 2045 1810 pio
2094 1719 2318 1790 edicto
2366 1724 2741 1812 Imperato-

200 1831 396 1890 rum,
448 1823 515 1880 et
560 1809 696 1879 diis
746 1810 1107 1880 nobiscum
1174 1808 1556 1879 sacrifices:
1624 1809 1809 1896 quod
1858 1808 2137 1896 quidem
2203 1807 2491 1892 efficiet,
2545 1823 2621 1880 ut
2670 1823 2741 1880 tu

201 1899 580 1968 maximum
634 1898 961 1968 honorem
1013 1898 1426 1986 assequaris,
1479 1909 1545 1967 et
1593 1919 1885 1988 magnas
1930 1917 2120 1988 opes,
2173 1910 2238 1966 et
2283 1898 2459 1967 vitae
2506 1899 2739 1989 splen-

195 1986 463 2068 dorem,
512 1999 578 2056 et
622 1987 914 2057 aliorum
969 1987 1305 2057 bonorum
1359 1986 1947 2057 remunerationes
1983 1985 2102 2056 tibi
2151 1986 2548 2058 conciliabit
2581 1988 2742 2078 (boc

199 2076 550 2166 tibi-potes
583 2089 769 2147 certo
803 2075 1270 2166 persuadere),
1310 2075 1409 2145 vel
1453 2086 1532 2143 ut
1575 2074 1929 2144 damneris
1978 2073 2060 2144 ad
2118 2074 2382 2165 plagas,
2438 2075 2737 2157 vincula,

197 2167 575 2248 cruciatuS,
628 2177 693 2235 et
738 2177 1006 2236 caetera
1054 2175 1408 2234 tormenta.
1463 2167 1769 2245 Quorum
1820 2164 2140 2250 quisnam
2191 2178 2292 2233 est
2339 2164 2521 2234 alius
2552 2165 2736 2242 finis,

203 2253 337 2324 nisi
389 2276 575 2324 mors
606 2254 890 2324 omnino
924 2253 1345 2335 saevissima,
1384 2265 1449 2322 et
1491 2252 1690 2342 plena
1728 2253 2028 2322 maximo
2062 2251 2342 2323 dolore?
2384 2277 2418 2320 »
2445 2253 2533 2323 Ad
2576 2255 2740 2324 haec

197 2364 238 2412 e
294 2343 522 2434 regius
578 2343 952 2413 Zenobius:
1008 2365 1043 2409 «
1081 2341 1290 2422 Mihi,
1345 2341 1609 2430 inquit,
1662 2363 1849 2412 unus
1908 2355 2011 2412 est
2058 2362 2258 2411 verus
2320 2346 2497 2412 Deus
2540 2349 2742 2413 Jesus

198 2366 532 2515 Cffiristuffi
588 2432 656 2501 in
707 2452 844 2520 quo
876 2452 1002 2522 ego
1050 2429 1346 2514 confido,
1384 2452 1424 2501 a
1470 2451 1609 2519 quo
1655 2442 1758 2501 est
1805 2430 1956 2521 ipsa
2002 2431 2301 2502 essentia
2347 2443 2412 2501 et
2462 2432 2620 2514 vita,
2673 2447 2738 2503 et

199 2535 479 2623 propter
516 2542 720 2609 quem
770 2533 871 2591 est
922 2520 1087 2589 mibi
1143 2520 1315 2589 mori
1366 2521 1679 2590 lucrum:
1735 2542 1955 2607 neque
2002 2521 2186 2589 enim
2237 2520 2611 2608 quicquam
2661 2545 2737 2591 ex

195 2610 286 2679 iis
331 2632 507 2697 quae
549 2611 660 2679 hic
708 2620 871 2679 sunt
907 2608 1224 2699 jucunda
1272 2622 1336 2679 et
1382 2609 1837 2690 delectabilia,
1891 2620 1993 2679 est
2032 2608 2524 2679 conserendum
2580 2632 2735 2679 cum

195 2720 277 2768 ea
327 2721 504 2786 quae
557 2711 661 2768 est
708 2698 875 2778 illic,
923 2698 1495 2768 remuneratione.
1551 2721 1587 2765 »
1637 2698 2093 2781 Quamobrem
2136 2719 2380 2767 saevus
2431 2697 2738 2789 indigna·

198 2800 313 2859 tus
363 2788 622 2878 LysiaS,
678 2786 978 2858 sublime
1025 2788 1094 2856 in
1166 2787 1354 2878 ligno
1406 2787 1576 2858 tollit
1623 2787 1984 2866 Athletam,
2037 2799 2101 2855 et
2151 2799 2489 2856 tormenta
2542 2786 2742 2856 infert

191 2877 348 2978 ejus
396 2877 706 2967 corpori:
760 2899 796 2943 «
839 2876 1232 2958 VideamuS,
1284 2876 1556 2957 dicens,
1609 2897 1697 2945 an
1747 2874 2056 2946 Christus
2106 2875 2194 2943 sit
2244 2887 2613 2955 venturuS,
2667 2890 2742 2946 ut

191 2987 262 3036 e1
300 2987 495 3056 opem
548 2965 740 3055 ferat.
784 2988 821 3031 »

288 3056 458 3141 §a
513 3060 774 3125 Interea
826 3075 1005 3135 vero,
1074 3074 1361 3123 currens
1430 3051 1784 3131 alicunde,
1850 3051 2034 3120 venit
2098 3051 2182 3121 ad
2232 3072 2392 3121 eum
2451 3051 2742 3122 Zenobia

196 3163 393 3213 soror
437 3144 610 3233 ejus.
655 3149 841 3227 Quae
888 3164 1047 3212 cum
1096 3163 1255 3213 eum
1307 3140 1732 3230 adspexisset
1790 3139 1857 3208 in
1913 3139 2126 3297 Ιίἕηο,
2177 3153 2244 3210 et
2291 3139 2393 3208 vel
2449 3162 2528 3210 ex
2588 3143 2739 3242 ipso

197 3231 591 3321 spectaculo
634 3231 888 3322 repleta
934 3230 1176 3302 fuisset
1222 3229 1537 3311 audacia,
1588 3242 1678 3309 et,
1732 3227 1791 3298 si
1838 3228 1958 3315 qui
2045 3242 2148 3299 est
2181 3228 2408 3310 molle,
2464 3243 2583 3299 aut
2618 3253 2741 3299 im·

196 3319 554 3401 becillum,
608 3333 727 3390 aut
775 3319 1136 3400 muliebre,
1192 3317 1256 3387 id
1295 3330 1508 3388 totum
1553 3317 1939 3405 abjecisset,
1991 3330 2057 3387 et
2089 3339 2162 3388 se
2209 3340 2363 3387 vere
2409 3340 2559 3388 esse
2591 3321 2739 3410 ejus

197 3427 503 3477 sororem
553 3407 1002 3478 ostendisset:
1050 3429 1084 3473 «
1124 3407 1450 3495 Superbe,
1502 3406 1751 3493 inquit,
1806 3411 2144 3495 Tyranne,
2206 3406 2542 3494 quidnam
2596 3430 2739 3479 sce-

198 3495 362 3566 leris
411 3494 691 3565 admisit
738 3496 966 3577 frater,
1011 3494 1189 3583 quod
1227 3507 1302 3564 tu
1332 3516 1492 3564 eum
1529 3495 1626 3566 sic
1661 3498 1986 3581 torques?
2027 3518 2063 3562 »
2099 3495 2221 3565 llle
2267 3508 2493 3566 autem
2533 3497 2605 3587 (o
2653 3497 2745 3566 si-

199 3584 516 3664 nistram,
554 3597 620 3654 et
651 3584 986 3665 dolosam,
1024 3596 1088 3653 et
1119 3582 1523 3653 illiberalem
1558 3584 1865 3653 animam
1900 3584 1949 3672 l)
1995 3584 2082 3653 ad
2120 3583 2431 3654 mulieris
2463 3584 2740 3655 dicendi

197 3673 584 3744 libertatem
640 3672 1105 3764 placidissime
1146 3671 1497 3763 respondit
1544 3686 1610 3741 et
1655 3672 2031 3755 lenissime,
2071 3685 2149 3742 ut
2191 3686 2257 3742 et
2289 3674 2357 3741 in
2400 3695 2578 3754 eam,
2633 3686 2742 3743 ut-

196 3775 355 3856 pote
389 3761 713 3833 seminam
753 3784 825 3833 se
857 3760 1132 3832 blandis
1172 3761 1397 3831 verbis
1439 3760 1847 3841 insinuaret,
1885 3774 1951 3831 et
1983 3761 2364 3843 induceret,
2404 3774 2480 3831 ut
2526 3762 2743 3831 imbe-

194 3851 562 3923 cilliorem.
605 3874 639 3918 «
667 3850 988 3920 Sacrifica
1024 3850 1235 3931 enim,
1280 3850 1527 3937 inquit,
1572 3849 1888 3930 Zenobia,
1948 3863 2022 3921 tu
2059 3871 2357 3938 quoque,
2404 3849 2563 3931 diis,
2618 3872 2743 3921 nec

197 3943 544 4013 sustineas
596 3940 821 4009 videre
860 3939 1156 4030 speciem
1199 3962 1279 4009 ac
1318 3940 1619 4029 vigorem
1670 3951 1737 4008 et
1796 3939 2032 4008 florem
2080 3938 2178 4009 tui
2226 3938 2561 4029 corporis,
2619 3939 2742 4008 rni-

200 4029 586 4100 serabiliter
639 4027 875 4099 multis
913 4051 992 4098 ac
1051 4028 1257 4098 variis
1314 4027 1487 4098 tradi
1538 4027 1951 4117 suppliciis:
2004 4049 2329 4116 quorum,
2375 4049 2415 4097 o
2466 4026 2738 4109 mulier,

199 4116 500 4188 dedecus
537 4131 640 4187 est
689 4118 888 4208 longe
927 4117 1078 4207 ipso
1125 4117 1359 4187 dolore
1406 4117 1711 4207 gravius.
1757 4140 1794 4183 »
1850 4114 1976 4186 Illa
2035 4127 2265 4186 autem
2323 4115 2532 4185 simul
2582 4138 2744 4186 cum

199 4204 408 4276 fratre
445 4207 634 4294 loqui
667 4206 1033 4296 incipiens,
1069 4206 1277 4277 veluti
1305 4228 1445 4276 uno
1479 4205 1780 4293 quodam
1820 4218 2010 4274 motu
2038 4204 2255 4275 animi
2280 4215 2346 4273 et
2372 4226 2740 4275 consensu:

201 4316 241 4360 ι
279 4297 418 4365 Non
464 4296 687 4377 nobis,
733 4295 1102 4376 dixerunt,
1167 4293 1640 4397 persuadebiS,
1678 4315 1719 4363 o
1752 4298 2090 4383 Tyranne,
2136 4298 2348 4362 Deum
2389 4315 2625 4363 verum
2675 4305 2740 4363 et

199 4381 429 4451 vivum
477 4397 869 4474 permutare
928 4406 1089 4454 cum
1133 4383 1526 4453 simulacris
1593 4380 1986 4451 mortalium
2053 4381 2453 4462 bominum,
2517 4405 2638 4452 nec
2685 4384 2742 4451 si

201 4471 351 4541 fieri
386 4473 665 4560 quidem
706 4488 955 4564 posset,
994 4486 1070 4543 ut
1103 4486 1176 4543 tu
1219 4471 1763 4542 innumerabiles
1809 4470 2009 4543 nobis
2048 4484 2296 4542 mortes
2330 4471 2630 4553 afferreS,
2682 4485 2748 4540 et
