3347 4999
613 299 738 364 634
1203 317 1283 363 na·
1331 317 1424 365 ss.
1480 316 1727 364 misum
1775 318 1849 364 ΕΤ
1900 316 2202 366 somnus
2249 318 2364 365 ιιι.
2752 299 2925 367 OCT.
2977 300 3050 364 2⁴

525 400 884 503 Angelicae
919 399 1249 470 claritatis
1282 413 1347 470 et
1377 401 1802 470 auctoritatis
1842 400 2064 471 virum
2101 426 2112 466 :
2167 401 2284 489 qui
2321 401 2674 482 assistens,
2719 402 2938 491 primo
2969 424 3059 471 an

527 489 838 581 vigilaret
872 489 1250 575 inquisivit.
1287 494 1500 571 Quem
1550 510 1710 558 cum
1747 488 1889 571 illa,
1944 503 2021 560 ut
2070 489 2281 580 virg0,
2339 490 2565 560 subito
2599 490 2751 561 visu
2802 490 3066 580 puella-

530 579 690 649 riter
718 579 1245 659 exhorresceret,
1286 577 1399 647 ille
1433 578 1743 647 timorem
1784 578 1934 667 ejus
1967 577 2217 648 blande
2247 600 2731 668 compescens:
2787 603 2823 646 ε(
2857 580 3061 660 Scit0,

529 668 775 754 inquit,
831 667 996 741 filia,
1043 668 1201 753 quia
1255 666 1438 754 quod
1483 665 1778 735 multum
1820 667 2310 757 concupieraS,
2367 668 2432 736 in
2538 668 2899 737 rotectione
2948 668 3069 737 Dei

526 756 698 826 coeli
738 778 899 826 cum
960 753 1367 825 dulcissimo
1419 755 1545 824 hoc
1585 776 1898 825 sororum
1949 766 2223 826 tuarum
2273 770 2481 827 contu
2533 757 2724 826 ernio
2772 761 3064 827 Romam

531 845 927 947 pervenies;
983 844 1409 934 peractisque
1460 844 1652 924 votiS,
1710 844 1971 945 integro
2019 845 2346 914 comitum
2400 857 2672 916 tuarum
2727 866 3062 927 numero,

531 946 777 1004 lterum
830 933 968 1002 huc
1011 933 1365 1003 reverteris
1422 932 1489 1000 in
1547 954 1736 1023 pace.
1792 937 1913 1002 Hic
1962 955 2124 1024 ergo
2169 933 2361 1003 vobis
2409 957 2447 1004 a
2498 938 2629 1003 Deo
2677 934 2945 1021 requies
2993 934 3067 1002 in

531 1022 839 1093 seculum
892 1021 1104 1092 seculi
1157 1021 1662 1111 praedestinata
1692 1033 1816 1102 est,
1865 1022 1977 1091 hic
2015 1021 2086 1092 in
2123 1043 2287 1111 pace
2330 1022 2755 1112 pausabitis;
2809 1036 2873 1092 et
2903 1023 3073 1110 quia

530 1111 788 1181 bonum
826 1123 1166 1179 certamen
1196 1110 1527 1190 certastis,
1558 1131 1841 1180 cursum
1877 1112 2434 1193 consummastis,
2474 1110 2677 1181 fidem
2717 1111 3062 1193 servastis,

532 1199 616 1269 do
648 1211 912 1268 caetero
947 1210 1260 1299 superest
1294 1198 1485 1268 vobis
1518 1219 1768 1269 corona
1795 1199 2149 1287 justitiae:
2200 1221 2408 1286 quam
2445 1212 2521 1270 ut
2559 1223 2596 1269 a
2621 1202 2807 1287 justo
2827 1199 3069 1289 judice

531 1288 805 1380 plenam
837 1287 1217 1377 accipiatiS,
1311 1308 1382 1355 ro
1421 1288 1601 1356 bona
1649 1287 1951 1358 nominis
1989 1288 2140 1378 ejus
2168 1287 2594 1358 confessione
2627 1288 2922 1358 cervices
2956 1310 3061 1357 ve·

534 1391 711 1447 stras
758 1376 1175 1466 persecutori
1276 1376 1502 1455 abitis‚
1561 1375 2029 1466 depositisque
2067 1376 2177 1446 hic
2222 1376 2792 1467 corruptibilibus
2830 1398 3063 1466 corpo-

533 1488 684 1535 rum
722 1466 1037 1547 sarcinis,
1091 1465 1172 1534 ad
1217 1464 1573 1535 coelestem
1616 1464 1992 1534 thalamum
2031 1486 2187 1533 cum
2229 1465 2448 1555 gloria
2482 1467 2792 1555 martyrii
2835 1486 3058 1558 perve-

532 1555 756 1624 nietis.
799 1577 832 1619 »
883 1553 1003 1623 His
1045 1553 1268 1632 dictis,
1317 1554 1419 1622 vir
1464 1553 1585 1640 qui
1630 1554 2055 1640 loquebatur,
2111 1553 2476 1643 disparuit.
2988 1622 3011 1647 0

618 1646 654 1731 ξ
703 1647 848 1716 18.
904 1647 978 1711 At
1033 1641 1148 1711 illa
1209 1641 1380 1710 nihil
1431 1642 1515 1711 de
1566 1655 1787 1711 tantae
1841 1642 2263 1712 auctoritatis
2326 1642 2603 1712 oraculo
2651 1641 3056 1732 ambigens,

533 1754 687 1802 mox
734 1743 810 1802 ut
842 1731 989 1800 dies
1025 1730 1221 1800 terris
1254 1729 1518 1800 reddita
1547 1744 1668 1811 est,
1711 1730 2078 1800 convocata
2113 1731 2455 1821 virginum
2490 1733 2842 1811 concione,
2881 1750 3061 1816 quae

531 1821 825 1890 audierit
862 1832 926 1889 et
962 1819 1226 1899 viderit,
1268 1819 1334 1887 in
1371 1819 1659 1890 auribus
1690 1820 2001 1889 omnium
2039 1820 2374 1909 exposuit.
2420 1820 2540 1890 His
2569 1820 2847 1899 auditiS,
2879 1839 3070 1887 corn·

534 1910 768 1978 munis
799 1908 1122 1978 exultatio
1156 1908 1330 1978 facta
1378 1922 1499 1987 est,
1554 1909 1717 1995 quia
1764 1906 2014 1998 dignae
2065 1907 2335 1977 habitae
2367 1923 2594 1977 essent
2628 1929 2747 1999 pro
2782 1907 3069 1976 nomine

531 1999 687 2068 lesu
736 1995 1420 2087 contumelias-pati:
1480 1996 1987 2082 immolatisque
2041 1996 2326 2066 laudum
2393 1996 2679 2077 hostiis,
2746 1995 3072 2066 unanimi

533 2086 1023 2155 deliberatione
1071 2097 1454 2154 statuerunt
1491 2086 1613 2155 iter
1644 2084 1772 2154 hoc
1819 2084 2255 2155 festinantius
2297 2107 2617 2174 peragere
2652 2140 2667 2166 ‚
2712 2107 2800 2155 cu
2854 2086 3075 2153 ientes

532 2174 845 2243 videlicet
882 2175 1028 2263 jam
1070 2173 1375 2254 dissolvi,
1428 2187 1492 2243 et
1538 2196 1696 2243 cum
1750 2173 2012 2243 Christo
2059 2195 2231 2243 esse.
2284 2178 2361 2242 Et
2414 2197 2499 2243 ne
2538 2196 2746 2262 quam
2848 2173 3075 2242 ivinae

535 2262 1141 2352 praedestinationi
1193 2284 1450 2331 moram
1503 2262 1824 2342 facerent,
1864 2261 2168 2331 secundo
2208 2274 2405 2332 vento
2447 2263 2884 2342 velificanteS,
2938 2266 3072 2330 Ba-

535 2351 772 2420 sileam
810 2351 844 2385 ⁸²
876 2350 1410 2440 applicuerunt;
1467 2350 1904 2440 religatisque
1954 2350 2049 2419 ibi
2106 2351 2449 2433 trieribus,
2495 2349 2784 2441 pedestri
2827 2350 3076 2420 itinere

538 2444 823 2511 Romam
854 2452 1330 2530 pervenerunt.
1375 2438 1494 2509 Ubi
1522 2461 1679 2508 cum
1714 2460 1832 2529 per
1859 2437 2006 2510 dies
2036 2439 2317 2527 aliquot,
2350 2440 2775 2531 perlustratis
2808 2438 3076 2527 ubique

541 2529 829 2597 diversis
880 2534 1280 2599 Sanctorum
1333 2527 1719 2608 liminibuS‚
1760 2528 2121 2620 pervigiles
2172 2530 2238 2597 in
2283 2530 2587 2599 oratione
2620 2534 2749 2598 Deo
2798 2528 3075 2599 animas

535 2640 696 2686 suas
728 2617 1309 2697 commendarent,
1361 2617 1821 2706 lacrymisque
1856 2618 2243 2687 interiorem
2291 2617 2623 2698 habiturn,
2677 2617 2873 2705 quasi
2920 2616 3076 2703 jam

533 2706 615 2775 ad
660 2706 915 2775 aeterni
951 2706 1154 2795 Regis
1190 2705 1565 2775 triclinium
1606 2727 2071 2794 processurae,
2116 2706 2493 2776 studiosius
2525 2718 3019 2796 componerent
3053 2759 3068 2786 ,

537 2797 828 2885 peractis
869 2795 1143 2864 tandem
1188 2794 1359 2863 votis
1393 2849 1408 2873 ,
1461 2794 1703 2864 itinere
1756 2817 1893 2883 quo
1955 2808 2325 2876 venerant,
2378 2794 2708 2864 Basileam
2763 2814 3075 2863 reversae

532 2896 716 2965 sunt,
770 2883 1210 2968 ascensisque
1260 2883 1573 2962 navibuS,
1620 2905 1739 2972 per
1776 2883 2143 2955 decursum
2189 2884 2407 2953 Rheni
2452 2906 2664 2973 prono
2713 2882 2901 2953 alveo
2950 2880 3075 2951 de-

532 2973 861 3054 fluenteS,
918 2984 984 3041 et
1029 2972 1241 3041 armis
1299 2971 1729 3061 spiritalibus
1779 2985 1913 3042 tam
1978 2986 2215 3042 contra
2273 2972 2617 3063 spiritales
2668 2971 3010 3059 nequitias
3042 3024 3064 3050 ,

533 3083 738 3149 quam
775 3075 1009 3130 contra
1043 3082 1282 3131 omnes
1333 3061 1887 3149 persecutionum
1947 3083 2305 3152 pressuras
2346 3083 2416 3131 se
2458 3060 3019 3151 praemunientes
3050 3113 3066 3140 ,

533 3151 806 3220 tandem
852 3149 1193 3220 Coloniam
1233 3149 1741 3239 applicuerunt.

622 3247 659 3320 ἓ
711 3243 851 3310 14.
903 3239 1145 3307 Aderat
1194 3249 1338 3307 tum
1380 3237 1476 3306 ibi
1524 3237 1814 3307 barbara
1864 3242 2269 3307 Hunnorum
2327 3261 2496 3330 gens
2550 3258 2728 3325 quae
2773 3237 3071 3327 peccatis

540 3326 897 3395 hominum
933 3326 1385 3417 exigentibus,
1428 3339 1561 3396 tam
1599 3326 2002 3406 Galliarum,
2048 3348 2255 3414 quam
2299 3328 2702 3398 Germaniae
2739 3340 2805 3398 et
2834 3326 3072 3396 ltaliae

537 3426 750 3483 terras
782 3414 1109 3484 caedibus
1126 3416 1269 3504 jam
1307 3429 1680 3484 vastaverat
1708 3427 1772 3485 et
1815 3413 2189 3485 incendiis:
2229 3416 2319 3485 ita
2364 3429 2435 3486 ut
2459 3415 2713 3485 eversis
2748 3414 3064 3496 urbibus,

531 3501 841 3572 ecclesiis
888 3504 1231 3581 cremam,
1295 3502 1645 3594 religionis
1693 3504 1964 3573 divinae
2013 3504 2120 3573 vix
2166 3504 2438 3592 aliquae
2489 3517 2723 3574 tenues
2767 3523 3071 3574 remane-

532 3604 680 3662 rent
726 3592 1077 3678 reliquiae.
1123 3590 1370 3661 Eadem
1410 3593 1637 3679 itaque
1666 3592 2044 3674 barbarieS,
2081 3616 2237 3662 cum
2276 3616 2397 3684 per
2436 3593 2613 3662 idem
2656 3607 2928 3682 tempus
2963 3592 3071 3660 in-

527 3682 757 3773 genita
817 3680 1077 3751 feritate
1138 3680 1342 3749 etiam
1398 3681 1636 3750 urbem
1696 3681 2040 3751 Coloniam
2093 3695 2278 3752 arcta
2325 3682 2682 3752 obsidione
2739 3680 3066 3762 vallaret,

533 3771 839 3841 nondum
892 3769 1028 3839 huc
1076 3768 1600 3839 advenientibus
1650 3770 1977 3860 prodente
2017 3769 2240 3852 fama,
2303 3771 2604 3861 virgines
2641 3769 3069 3859 jampridem

527 3861 803 3951 cognita
857 3858 1284 3929 humanitate
1332 3858 1741 3939 incolarum,
1800 3860 1950 3929 sine
1993 3860 2186 3929 omni
2235 3858 2634 3949 hujusmodi
2671 3858 3071 3959 suspicione

527 3950 596 4018 in
633 3964 881 4019 terram
916 3969 1231 4040 egressae
1260 3962 1453 4016 sunt:
1488 3960 1552 4017 et
1581 3969 1737 4017 ecce
1763 3947 2039 4018 barbari
2074 3970 2258 4019 more
2291 3971 2418 4019 suo
2453 3970 2570 4038 per
2606 3947 3072 4017 velocissimos

527 4038 956 4108 discursores
993 4035 1342 4138 explorata
1380 4058 1471 4117 re,
1511 4037 1741 4108 subito
1778 4059 1934 4107 cum
1970 4036 2269 4108 clamore
2299 4059 2508 4128 super
2544 4059 2659 4105 eas
2691 4036 3068 4116 irruerunt,

531 4141 595 4196 et
643 4128 843 4213 quasi
881 4126 1027 4216 lupi
1070 4148 1140 4196 m
1174 4126 1380 4196 ovilia
1412 4147 1749 4217 agnorum
1803 4127 2183 4215 irruptione
2228 4125 2427 4208 sacta,
2481 4125 2822 4195 infinitam
2876 4123 3070 4194 illam

536 4215 1049 4285 multitudinem
1091 4214 1474 4284 inhumana
1522 4215 1925 4285 crudelitate
2010 4228 2424 4285 eremerunt.
2751 4255 2759 4268 ·

622 4305 819 4390 §m
848 4309 1152 4392 Cumque
1178 4302 1486 4373 belluina
1511 4303 1629 4373 illa
1663 4304 1886 4374 rabies
1915 4326 1954 4373 a
2029 4304 2292 4374 beatam
2329 4302 2644 4374 Ursulam
2677 4299 3073 4393 jugulando

583 4430 608 4457 ¹¹
636 4429 852 4475 Dttflctle.
867 4430 1013 4471 immo
1031 4425 1337 4481 impossibile.
1356 4430 1555 4471 navibus
1575 4434 1623 4472 et
1643 4431 1835 4480 quidem
1855 4428 2065 4477 marinis.
2086 4427 2323 4472 coloniam
2343 4428 2529 4471 antles
2546 4429 2629 4470 tre.
2656 4429 2853 4468 Bouana.
