3347 4999
222 334 397 400 OCT.
452 333 535 397 ⁴9
1006 350 1084 395 m:
1131 349 1223 395 ss.
1277 346 1440 395 uno
1485 348 1562 394 ΕΤ
1609 345 1809 394 socns
1855 348 1971 394 nm.
2540 332 2656 396 56⁴

220 458 431 505 urens
481 434 695 503 multa
743 433 1102 512 odorifera,
1147 433 1209 500 id
1248 432 1538 501 habebat
1588 432 1655 500 in
1708 433 1895 501 omni
1931 432 2209 501 honore.
2248 437 2481 503 Postea
2515 434 2758 504 videns

225 547 544 615 magnam
613 524 971 591 hominum
1038 521 1548 591 multitudinem
1613 521 1993 590 venientem
2054 520 2139 589 ad
2207 521 2506 590 loculum
2562 524 2761 612 (erat

220 616 403 683 enim
459 615 514 682 is
561 614 692 695 iam
744 612 1052 679 omnium
1105 632 1420 679 sermone
1452 609 1859 691 celebratuS,
1897 622 1962 678 et
1994 610 2164 678 odor
2194 610 2344 697 ejus
2378 612 2756 700 gratiarum

221 725 462 772 omnes
496 702 627 770 cito
664 701 967 780 vocabat,
1009 714 1141 768 tam
1176 701 1294 785 qui
1328 700 1516 789 gravi
1544 699 1778 785 aliquo
1815 700 2053 769 morbo
2082 698 2506 780 laborabant,
2549 722 2757 787 quam

220 814 395 879 quos
426 791 708 881 maligni
738 790 1022 879 spiritus
1059 791 1340 857 vexabat
1373 787 1719 877 operatio:
1765 810 2003 857 omnes
2038 788 2220 856 enim
2255 810 2373 877 per
2404 811 2758 859 accessum

219 881 304 949 ad
363 880 666 948 loculum
711 934 724 959 ,
783 901 936 948 mox
988 877 1459 947 liberabantur
1505 877 1591 946 ab
1644 877 1729 945 iis
1775 898 1952 963 quae
1999 878 2100 946 eis
2166 877 2546 947 molestiam
2597 880 2760 947 affe-

222 972 509 1049 rebant,
563 968 972 1037 existimavit
1017 984 1329 1053 oportere
1378 966 1654 1054 Martyri
1706 969 2039 1054 templum
2091 967 2382 1035 excitare
2431 988 2761 1037 veneran-

220 1058 414 1137 dum,
477 1058 722 1126 mulier
770 1079 1014 1127 amans
1062 1062 1464 1144 Martyrum.
1521 1060 1686 1124 Cum
1740 1068 1968 1123 autem
2023 1076 2273 1145 magno
2322 1070 2642 1144 sumptu,
2697 1068 2762 1127 et

222 1170 476 1236 magna
525 1147 959 1219 contentione
1014 1158 1287 1235 urgeret
1350 1143 1895 1213 aedificationem
1945 1144 2416 1233 (quibusnam
2478 1145 2759 1231 quidem

223 1237 501 1327 gratiis,
553 1256 852 1321 quanam
905 1246 1131 1303 autem
1183 1255 1339 1302 cum
1396 1232 1740 1319 voluptate
1775 1286 1791 1310 ,
1842 1233 2182 1323 elegantia
2233 1246 2298 1303 et
2344 1235 2567 1322 specie
2616 1234 2762 1304 illic

222 1347 358 1394 non
409 1324 876 1407 arridenteP),
936 1323 1084 1412 ipsa
1135 1322 1378 1391 referta
1429 1321 1681 1391 laetitia
1725 1321 2048 1410 (laetatur
2093 1322 2276 1391 enim
2331 1323 2609 1404 anima,
2664 1323 2763 1393 rei

223 1415 507 1503 pulcrae
554 1435 791 1482 curam
843 1434 1108 1501 gerenS,
1165 1412 1413 1501 partim
1463 1411 1769 1497 quidem,
1822 1411 2001 1496 quod
2041 1410 2218 1480 bono
2253 1415 2496 1480 natura
2529 1413 2617 1481 sit
2655 1414 2763 1481 in·

222 1504 457 1581 situm,
513 1515 588 1571 ut
638 1502 722 1570 iis
769 1500 991 1588 quiid
1026 1513 1420 1590 operantur,
1465 1499 1786 1569 conciliet
1834 1500 2197 1580 laetitiam;
2252 1501 2496 1590 partim
2530 1515 2761 1571 autem

222 1593 430 1660 etiam
478 1603 755 1681 propter
792 1612 968 1671 eam,
1024 1611 1201 1676 quae
1249 1601 1585 1679 speratur,
1643 1590 2343 1671 remunerationem),
2397 1590 2761 1680 pecuniam

225 1680 432 1750 mittit
460 1680 545 1749 ad
587 1702 726 1759 θος,
780 1679 896 1766 qui
934 1701 1157 1747 rerum
1198 1679 1656 1768 potiebantur,
1713 1689 1946 1768 petens
1996 1691 2070 1747 ut
2117 1677 2373 1747 honore
2420 1701 2623 1747 suum
2659 1679 2764 1747 di-

221 1768 872 1860 gnarenturfilium.
917 1769 1152 1837 Statim
1190 1779 1414 1837 autem
1459 1767 1541 1835 ad
1580 1788 1734 1835 eam
1775 1778 1937 1837 sunt
1973 1767 2221 1836 missae
2254 1766 2514 1837 litterae
2541 1773 2764 1859 Impe-

226 1859 542 1940 ratoriae,
582 1856 985 1948 dignitatem
1026 1856 1168 1925 filio
1203 1857 1600 1925 tribuentes,

311 1950 348 2033 ξ
400 1955 525 2018 ΙΙ.
580 1947 708 2016 Illa
756 1968 910 2014 vero
959 1968 1100 2014 rem
1152 1945 1432 2032 quidem
1483 1944 1711 2013 differt
1759 1943 2065 2024 interim,
2121 1956 2198 2014 ut
2246 1967 2421 2032 quae
2461 1946 2530 2012 in
2574 1944 2763 2015 aedi-

224 2035 499 2105 ficando
547 2035 887 2103 laboraret
941 2035 1492 2124 diligentissime.
1546 2038 1713 2102 Cum
1764 2045 1991 2101 autem
2044 2033 2317 2103 finitum
2375 2047 2553 2103 esset
2601 2047 2764 2103 tem-

224 2124 420 2215 plum
461 2179 475 2204 ,
529 2124 738 2210 idque
801 2124 1010 2193 st'aret
1054 2137 1435 2193 extructum
1490 2123 1556 2190 in
1625 2122 1953 2192 honorem
2022 2123 2384 2211 MartyriS,
2436 2134 2765 2193 convocat

223 2213 504 2300 quidem
557 2213 946 2303 provinciae
981 2213 1353 2302 Episcopos
1400 2224 1463 2280 et
1514 2211 1946 2300 presbyteros
1985 2210 2070 2279 ad
2124 2211 2357 2301 templi
2406 2233 2765 2282 consecra-

225 2303 510 2371 tionem.
565 2308 898 2371 Convocat
945 2316 1173 2371 autem
1221 2300 1591 2371 monachos
1638 2301 1868 2380 etiam,
1922 2301 2041 2386 qui
2082 2300 2328 2370 virtute
2377 2301 2766 2391 resplende-

224 2391 416 2459 bant.
473 2396 548 2460 Et
595 2414 753 2459 cum
805 2413 842 2459 e
893 2388 1118 2459 loculo
1168 2412 1440 2460 sacrum
1491 2411 1745 2476 corpus
1792 2388 2102 2476 Martyris
2146 2389 2518 2469 extulisset,
2575 2391 2639 2459 id
2692 2391 2764 2458 in

226 2479 601 2570 magnifico
638 2478 806 2549 lecto
840 2479 1186 2569 praeclare
1216 2478 1559 2569 deposuit.
1598 2479 1938 2568 Imposuit
1965 2478 2166 2548 etiam
2200 2478 2662 2570 chlamydem,
2700 2490 2767 2550 et

225 2591 467 2639 zonam
505 2568 886 2659 dignitatis,
940 2590 1145 2656 quam
1195 2569 1382 2637 tilius
1431 2590 1601 2637 suus
1634 2581 1781 2637 erat
1814 2567 2209 2649 induturuS,
2250 2569 2482 2638 volens
2519 2582 2597 2638 ut
2631 2569 2768 2655 pri-

227 2681 420 2727 mum
473 2657 1041 2727 benedicerentur
1069 2657 1156 2726 ab
1207 2657 1290 2728 iis
1329 2658 1449 2743 qui
1484 2657 1649 2725 illuc
1690 2669 2171 2739 convenerant,
2217 2657 2465 2727 deinde
2499 2672 2768 2726 utrum-

224 2769 362 2835 que
409 2747 745 2815 indueret.
801 2752 1034 2832 Itaque
1071 2768 1230 2815 cum
1274 2760 1663 2836 pernoctem
1717 2745 1925 2817 simul
1977 2768 2133 2814 cum
2186 2758 2320 2816 toto
2372 2746 2623 2835 populo
2676 2745 2768 2815 se-

226 2836 435 2906 cisset
481 2835 1073 2926 glorificationem,
1112 2834 1260 2925 ipsa
1293 2849 1358 2904 et
1390 2834 1579 2903 filius
1619 2833 1829 2904 simul
1872 2835 2244 2904 subeuntes
2278 2835 2481 2923 primi
2515 2855 2768 2923 corpus

225 2927 569 3013 Martyris,
607 2939 672 2994 et
698 2924 761 2992 id
793 2924 1104 3004 ferentes,
1137 2939 1568 2993 sacrosancte
1600 2923 1956 3012 deponunt
1984 2923 2052 2990 in
2085 2944 2275 2991 sacra
2326 2945 2439 2992 ara
2496 2923 2756 3012 templi.

225 3020 384 3084 Post
420 3013 586 3084 haec
627 3027 854 3083 autem
896 3035 1138 3083 amans
1189 3018 1558 3101 Martyrum
1613 3012 1987 3101 Cleopatra,
2044 3010 2361 3080 ardenter
2401 3013 2665 3081 instans
2703 3022 2769 3081 et

229 3104 648 3192 lacrymanS,
707 3103 849 3172 filio
898 3124 1021 3172 suo
1069 3115 1134 3171 et
1182 3102 1312 3172 sibi
1367 3102 1544 3170 bona
1592 3100 1888 3169 fideliter
1937 3099 2268 3190 petebata
2303 3106 2612 3190 Martyre.
2658 3105 2768 3169 In·

229 3193 427 3262 terim
481 3206 706 3261 autem
750 3191 984 3261 divino
1036 3190 1415 3260 ministerio
1444 3202 1876 3259 sacrosancte
1915 3201 2205 3278 peracto,
2251 3190 2439 3258 varia
2485 3188 2763 3276 quidem

228 3294 295 3351 et
368 3279 733 3370 splendida
793 3283 1027 3350 mensa
1097 3280 1360 3370 accepit
1424 3300 1540 3347 eos
1621 3278 1743 3364 qui
1807 3276 1972 3346 illuc
2041 3291 2519 3348 convenerant.
2584 3282 2770 3360 Quae

229 3382 462 3440 autem
516 3369 947 3460 pertinebant
993 3368 1077 3437 ad
1131 3369 1257 3437 hoc
1309 3367 1809 3446 ministerium,
1863 3365 2007 3435 filio
2054 3379 2118 3435 et
2164 3367 2297 3436 sibi
2348 3369 2763 3458 imponebat.

231 3459 402 3528 Filio
429 3479 584 3526 vero
612 3460 1168 3548 materjusserat,
1204 3470 1280 3526 ut
1312 3479 1434 3526 nec
1465 3455 1726 3535 cibum,
1766 3477 1889 3524 nec
1923 3466 2157 3544 potum
2187 3470 2509 3537 sumeret,
2542 3456 2772 3544 prius-

227 3570 441 3636 quam
495 3546 765 3616 finitum
818 3560 996 3617 esset
1041 3546 1453 3616 convivium.
1513 3545 1765 3613 Deinde
1796 3544 1988 3613 finito
2022 3545 2353 3626 convivio,
2392 3559 2458 3616 et
2489 3545 2600 3614 die
2623 3550 2770 3632 jam

230 3637 633 3707 inclinante.
685 3636 841 3725 (Sed
901 3637 993 3715 id,
1046 3635 1230 3722 quod
1296 3656 1480 3704 nunc
1528 3633 1901 3703 dicendum
1952 3645 2084 3714 est,
2143 3635 2442 3704 turbabit
2489 3635 2772 3721 quidem

227 3749 460 3808 aures,
514 3737 577 3795 et
616 3726 887 3794 animos
932 3746 1167 3794 eorum
1219 3725 1335 3811 qui
1372 3736 1533 3793 sunt
1566 3721 1802 3813 pusilli
1852 3735 1917 3792 et
1946 3722 2193 3810 abjecti
2226 3724 2484 3792 animi:
2527 3745 2769 3792 eorum

227 3830 487 3896 autem,
526 3815 670 3902 qui,
706 3813 929 3900 quoad
968 3815 1118 3903 ejus
1148 3813 1296 3882 fieri
1333 3825 1569 3903 potest,
1604 3812 1716 3881 Dei
1758 3811 2037 3881 modum
2078 3823 2351 3893 norunt,
2384 3824 2448 3881 et
2482 3833 2771 3902 magnae

231 3904 424 3975 illius
465 3904 842 3994 sapientiae
880 3902 1371 3991 providentiam
1428 3901 1907 3971 admirabilem
1941 3955 1957 3981 ,
2020 3901 2240 3991 magis
2299 3901 2592 3970 movebit
2638 3900 2773 3969 lin-

235 4016 441 4082 guam
500 3994 582 4062 ad
629 3991 1217 4072 benedicendum,
1273 4004 1338 4061 et
1383 3990 1637 4059 factum
1683 3989 2186 4059 admittendum
2240 4001 2513 4080 propter
2565 4011 2713 4058 eam
2744 4043 2763 4070 ,

233 4103 409 4166 quae
457 4105 536 4166 ex
568 4105 646 4151 eo
677 4081 923 4163 evenit,
965 4079 1388 4169 utilitatem.)
1427 4086 1600 4148 Puer
1647 4078 1958 4149 defessus
2007 4079 2073 4147 in
2130 4100 2253 4149 suo
2287 4077 2459 4148 lecto
2502 4100 2774 4148 recum-

235 4170 483 4255 bebat;
545 4184 761 4242 mater
797 4184 1025 4240 autem
1069 4169 1193 4238 filii
1228 4169 1531 4240 osculata
1568 4168 1847 4237 oculos:
1903 4191 1938 4234 «
1977 4173 2237 4258 Surge,
2294 4167 2417 4249 fili,
2462 4168 2768 4248 dicebat,

235 4270 490 4328 etcum
531 4277 743 4331 matre
776 4260 1008 4329 cibum
1049 4281 1267 4328 sume.
1303 4257 1655 4341 Quomodo
1695 4257 1878 4325 enim
1922 4255 2186 4325 defesso
2219 4257 2544 4347 etjejuno
2572 4256 2776 4327 fuerit

239 4369 527 4418 somnus
568 4349 1037 4437 jucundusP»
1089 4346 1210 4416 llle
1257 4361 1483 4416 autem
1529 4368 1687 4416 cum
1743 4368 1782 4414 a
1830 4345 2212 4414 vehementi
2250 4359 2314 4416 et
2351 4350 2546 4417 acuta
2589 4345 2776 4417 febre

238 4436 701 4522 detineretur,
764 4462 848 4508 ne
900 4439 1099 4507 matri
1147 4437 1426 4524 quidem
1486 4448 1747 4527 poterat
1784 4434 2217 4527 respondere.
2278 4442 2448 4508 Tum
2508 4448 2771 4507 mater:

398 4558 637 4618 surius
665 4587 689 4603 -
727 4557 892 4640 Vuae
921 4555 1025 4622 ss,
1056 4590 1080 4604 -
1106 4555 1235 4620 vot.
1263 4554 1335 4617 x.
2538 4553 2615 4615 36
