3347 4999
643 301 773 366 696
1171 316 1253 365 ns
1300 320 1355 365 S.
1409 320 1660 366 AnsrnA
1708 321 1896 367 nar.
1952 320 2029 366 ετ
2074 319 2274 368 socns
2321 320 2473 368 esus
2787 300 2968 367 OCT.
3023 302 3102 367 24

554 402 926 473 audacium
963 424 1247 473 suorum
1302 403 1729 486 facinorum,
1781 425 1961 492 quae
2007 404 2433 475 admiserant
2480 405 2550 473 in
2616 403 2997 483 Christum,
3039 416 3101 473 et

554 492 802 562 Christi
851 496 1159 562 Crucem.
1217 494 1608 562 Laetabitur
1661 496 1839 563 enim
1879 495 2112 584 justus
2156 494 2434 583 (inquit
2487 515 2782 584 magnus
2835 492 3106 581 David)

554 604 705 650 cum
752 581 997 650 viderit
1056 581 1425 651 vindictam
1470 582 1628 671 (Ps.
1681 587 1766 652 57
1787 581 1838 669 ).
1886 587 1963 651 Et
2003 582 2154 652 ideo
2192 584 2312 670 qui
2352 604 2433 652 ex
2479 581 2581 651 eis
2629 581 2915 651 suerunt
2956 580 3104 650 vul·

562 671 802 746 nerati.
839 690 975 739 non
1026 668 1307 740 suerunt
1340 672 1687 740 vulnerati
1710 671 1946 761 qladio
1976 672 2087 761 (ut
2121 670 2290 740 dicit
2329 670 2612 741 divinus
2655 671 2874 740 Isaias
2898 669 2951 758 )‚
2994 692 3104 739 ne·

556 780 691 916 gne
742 758 993 829 mortui
1040 780 1307 841 eorum,
1358 762 1615 829 mortui
1655 760 1830 830 bello
1855 760 2022 850 (Isa.
2059 759 2200 850 22).
2249 764 2365 830 Est
2408 760 2595 829 enim
2654 781 2764 829 res
2802 758 3004 828 sortis
3046 771 3108 828 et

610 869 756 929 ura,
813 848 917 917 ira
965 848 1078 917 Dei
1127 847 1328 1005 &ipse
1367 869 1478 918 me
1511 869 1758 918 rursus
1788 848 2063 938 docet),
2103 863 2179 919 ut
2207 848 2512 939 grando,
2554 869 2733 936 quae
2780 847 3104 917 deorsum

558 935 797 1017 fertur,
857 958 989 1006 non
1048 936 1132 1005 ha
1188 958 1312 1006 ens
1362 949 1881 1027 tegumentum:
1936 950 2013 1008 ut
2060 959 2281 1025 aquae
2329 958 2625 1029 magnae
2683 935 3104 1015 multitudo,

556 1047 734 1114 quae
767 1025 976 1095 trahit
1005 1025 1379 1115 regionem.
1412 1032 1751 1096 Reversus
1787 1047 1952 1117 ergo
1986 1025 2319 1097 Elesbaan
2353 1026 2438 1096 ad
2481 1026 2823 1096 civitatem
2867 1026 3101 1106 Pbaer,

558 1136 801 1185 omnes
841 1114 1206 1193 interemit,
1239 1115 1363 1202 qui
1408 1128 1605 1184 erant
1641 1116 1712 1185 in
1773 1117 1984 1216 regia,
2042 1129 2110 1186 et
2155 1137 2315 1185 cum
2367 1113 2568 1185 vellet
2618 1113 2992 1184 ecclesiam
3043 1115 3108 1182 in

559 1226 641 1274 ea
686 1203 1076 1285 aedificare,
1121 1203 1252 1273 suit
1284 1204 1430 1294 ipse
1469 1204 1743 1295 primus
1772 1203 1997 1294 opifex
2030 1204 2353 1274 aedificii.
2402 1203 2831 1294 Significavit
2880 1214 3109 1272 autem

560 1293 818 1373 omnia,
870 1313 1046 1379 quae
1105 1305 1295 1383 gesta
1342 1291 1653 1373 fuerant,
1723 1293 2033 1363 Pontifici
2088 1292 2558 1373 Alexandriae,
2614 1305 2680 1362 et
2728 1313 2854 1381 per
2907 1291 3104 1361 illum

558 1382 835 1451 Justino
913 1382 1340 1471 Imperatori.
1419 1381 1810 1452 Patriarcha
1867 1394 2095 1452 autem
2160 1381 2653 1460 Alexandriae,
2707 1379 3104 1450 ordinatum

562 1475 609 1539 E
667 1471 977 1559 iscopum
1018 1470 1206 1539 misit
1238 1469 1320 1539 ad
1376 1471 1785 1541 Homeritas.
1838 1472 1969 1554 Qui
2023 1493 2183 1541 cum
2234 1470 2376 1540 illis
2430 1481 2908 1541 consecrasset
2950 1481 3114 1538 tem·

564 1581 606 1660 p
641 1581 784 1636 um,
820 1558 1004 1647 quod
1035 1558 1254 1629 fuerat
1284 1558 1752 1640 aedificatum,
1799 1560 2097 1650 baptizat
2133 1559 2416 1648 quidem
2450 1580 2715 1640 omnes,
2758 1558 2888 1645 qui
2918 1569 3113 1626 erant

561 1669 627 1716 ιη
663 1648 1054 1718 civitatibus
1086 1660 1152 1717 et
1186 1648 1382 1738 pagis
1417 1649 1951 1729 Homeritarum‚
1989 1649 2057 1717 in
2106 1649 2385 1718 nomine
2418 1660 2696 1719 sanctae
2726 1646 3105 1716 Trinitatis.

560 1741 652 1806 Ex
696 1737 796 1806 eis
829 1750 1055 1806 autem
1108 1737 1382 1807 ordinat
1429 1737 1763 1807 Diaconos
1809 1750 1874 1807 et
1921 1737 2396 1827 Presbyteros:
2439 1750 2506 1806 et
2548 1735 2893 1817 ecclesiis,
2931 1756 3112 1822 quae

568 1839 763 1895 erant
811 1827 880 1895 in
931 1826 1231 1914 regione,
1287 1825 1511 1894 reddit
1561 1838 1813 1896 statum
1865 1847 2072 1896 suum
2116 1825 2424 1896 solitum.

648 1916 685 2001 §
730 1918 889 1987 tn.
945 1914 1432 1985 Divinissimus
1480 1927 1710 1984 autem
1778 1920 1914 1984 Rex
1969 1916 2116 2005 ipse
2167 1915 2501 1986 Elesbaan
2551 1911 2760 1985 simul
2807 1934 2979 1982 cum
3031 1934 3112 1981 eo

560 2004 745 2073 venit
791 2008 1084 2094 Nagram
1139 2009 1509 2092 Martyrum
1560 2004 1948 2073 civitatem:
2000 2017 2064 2073 et
2125 2024 2285 2073 cum
2352 2002 2492 2072 illic
2536 2002 2951 2072 extruxisset
3002 2022 3112 2071 ec-

559 2091 866 2172 clesiam,
919 2104 985 2161 et
1029 2092 1336 2178 quinque
1380 2093 1846 2181 possessiones
1896 2093 2119 2183 regias
2156 2093 2214 2162 ei
2266 2091 2711 2170 attribuisset,
2757 2103 2825 2160 et
2856 2089 3117 2159 deinde

559 2180 763 2250 etiam
806 2203 886 2250 ex
936 2180 1251 2270 Martyris
1298 2181 1582 2250 Arethae
1632 2180 2184 2271 possessionibus
2225 2192 2361 2250 tres
2408 2179 2809 2260 addidisset,
2865 2191 2949 2249 ut
3002 2179 3116 2247 ille

565 2268 1014 2342 mandaverat
1063 2269 1131 2337 in
1195 2269 1331 2339 fine
1380 2270 1717 2359 martyrii,
1769 2282 1836 2339 et
1880 2269 2267 2359 collegisset
2316 2290 2594 2350 omnes,
2646 2269 2767 2355 qui
2831 2265 3116 2336 fuerant

561 2357 813 2427 redacti
849 2358 918 2426 in
961 2357 1380 2438 servitutem,
1420 2370 1485 2427 et
1530 2358 1703 2428 alias
1751 2357 2044 2449 dispersi
2073 2358 2166 2434 ,in
2212 2370 2539 2447 tempore,
2579 2356 3107 2447 persecutionis,

558 2457 624 2516 et
672 2446 954 2517 Arethae
1006 2446 1328 2536 martyris
1368 2444 1590 2516 filium
1640 2452 1887 2517 Ducem
1953 2447 2176 2538 gentis
2230 2447 2718 2527 constituisset,
2759 2457 2828 2515 et
2862 2467 3111 2515 curam

558 2536 880 2626 gessisset
929 2535 1082 2619 loci,
1147 2536 1213 2604 in
1258 2557 1397 2623 quo
1439 2537 1764 2625 jacebant
1805 2536 1896 2605 ibi
1948 2549 2468 2607 consummatae
2518 2541 2893 2625 Martyrum
2949 2534 3112 2603 reli-

558 2625 783 2712 quiae.
849 2637 914 2695 et
934 2625 1055 2714 jus
1088 2625 1260 2715 asyli
1299 2623 1441 2694 illic
1479 2625 1971 2707 constituisset,
2004 2625 2187 2695 vadit
2221 2626 2467 2695 iterum
2520 2625 2588 2694 in
2632 2624 2924 2712 regiam.
2981 2623 3110 2694 Ubi

557 2737 716 2784 cum
755 2715 1126 2784 Homeritis
1173 2714 1571 2784 Abramium
1608 2713 1982 2801 quemdam
2034 2715 2256 2783 virum
2297 2714 2521 2816 pium,
2567 2725 2636 2782 et
2667 2712 2922 2782 Christi
2979 2733 3112 2781 no·

557 2803 744 2872 mine
776 2803 1183 2894 gloriantem
1220 2803 1536 2894 elegisset
1585 2808 1861 2893 Regem,
1896 2815 1963 2872 et
1994 2803 2431 2873 sanctissimo
2471 2807 2519 2871 E
2576 2802 2808 2891 iscopo
2855 2800 2948 2869 ad
2986 2800 3112 2870 de-

554 2912 698 2960 cem
753 2892 972 2961 millia
1022 2892 1569 2963 Christianorum
1611 2892 2018 2980 Aethiopum
2074 2891 2487 2970 tradidisset,
2558 2903 2753 2961 aetus
2803 2888 2984 2959 redit
3037 2890 3108 2959 in

555 3001 751 3051 suam
789 2981 1047 3082 regiam
1082 3002 1241 3050 cum
1280 2980 1534 3070 praeda
1563 2993 1629 3050 et
1676 2979 1918 3070 spoliis
1959 2979 2612 3060 innumerabilibus,
2665 2978 2844 3048 dans
2892 2978 3107 3048 etiam

557 3069 884 3139 exercitui
940 3090 1072 3138 non
1126 3091 1402 3159 parvam
1446 3070 1780 3159 pecuniae
1817 3069 2221 3160 portionem.
2272 3074 2400 3138 Deo
2429 3081 2658 3138 autem
2695 3089 2911 3157 agens
2945 3089 3110 3156 gra-

555 3157 686 3227 tias
722 3179 844 3247 pro
894 3169 1083 3228 tanta
1120 3158 1400 3228 victoria
1447 3170 1513 3227 et
1610 3159 1802 3239 ratia,
1851 3158 2220 3245 volensque
2252 3158 2558 3249 seipsum
2595 3156 2890 3246 dignum
2948 3155 3108 3226 red-

555 3244 716 3315 dere
765 3247 1166 3337 maJoribuS,
1210 3269 1369 3317 cum
1429 3245 1542 3315 dia
1596 3268 1750 3317 ema
1808 3246 2088 3334 quidem
2153 3247 2420 3337 regium
2473 3246 2770 3317 misisset
2824 3249 3110 3315 Jeroso·

556 3331 838 3423 lymam,
896 3336 1040 3426 ipse
1090 3334 1377 3405 indutus
1413 3333 1662 3416 cilici0‚
1708 3346 1774 3405 et
1809 3348 2014 3405 noctu
2044 3355 2365 3424 egressus
2394 3355 2431 3404 e
2466 3335 2652 3424 regia
2685 3346 2750 3403 et
2797 3333 2956 3422 ipsa
3005 3335 3108 3402 ci-

556 3422 779 3502 vitate,
825 3424 1132 3493 ascendit
1166 3425 1235 3494 in
1275 3446 1496 3493 unum
1550 3437 1849 3494 montem
1890 3423 1974 3494 ad
2038 3424 2528 3494 monasterium
2586 3424 2920 3503 virorum,
2975 3423 3105 3511 qui

557 3512 1074 3583 exercebantur.
1118 3517 1383 3582 Etcum
1438 3534 1510 3581 se
1559 3512 1625 3581 in
1688 3512 1934 3603 exigua
1971 3513 2334 3583 clausisset
2386 3511 2835 3591 domuncula,
2873 3526 2944 3581 et
2984 3533 3108 3581 vo·

564 3599 769 3670 visset
817 3599 1009 3671 illinc
1060 3622 1190 3670 non
1226 3600 1454 3691 egredi
1507 3614 1642 3671 toto
1679 3614 1981 3691 tempore
2012 3602 2209 3683 vitae,
2252 3601 2561 3703 regulam
2614 3601 2926 3690 suscepit
2968 3622 3109 3671 mo·

558 3689 912 3771 nasticam,
948 3712 1027 3760 ex
1061 3690 1169 3771 iis,
1208 3711 1386 3777 quae
1432 3702 1594 3759 sunt
1643 3690 1913 3771 mundi,
1962 3690 2131 3760 nihil
2173 3689 2535 3780 possidens
2573 3703 2841 3778 praeter
2873 3689 3103 3761 solam

550 3779 866 3859 stoream,
901 3792 965 3847 et
1001 3778 1322 3868 poculum
1374 3777 1459 3847 ad
1495 3799 1745 3865 aquam
1782 3778 2177 3859 bibendam,
2213 3793 2279 3848 et
2329 3800 2552 3868 pauco
2636 3800 2768 3847 ane
2799 3789 2865 3846 et
2911 3779 3108 3865 aqua

551 3866 803 3948 vivenS,
832 3879 897 3936 et
921 3867 1225 3938 oleribus
1250 3866 1613 3947 viridibuS,
1660 3868 1719 3938 si
1743 3868 1903 3955 quis
1941 3868 2235 3949 afferret,
2273 3889 2438 3936 cum
2469 3865 2589 3936 nul
2626 3888 2738 3935 um
2772 3888 2852 3936 ex
2891 3889 3101 3937 mun·

548 3954 750 4026 danis
812 3955 1089 4026 vidisset
1137 3960 1273 4026 tota
1342 3957 1499 4035 vim,
1556 3976 1691 4025 non
1742 3956 1825 4025 ad
1889 3956 2151 4043 aliquid
2221 3955 2413 4025 aliud
2472 3968 2767 4025 mentem
2830 3955 3118 4025 habens

547 4056 869 4125 erectam,
938 4044 1073 4114 nisi
1126 4044 1212 4115 ad
1263 4042 1388 4115 soli
1448 4048 1579 4114 Deo
1645 4045 2060 4115 vacandum.
2124 4046 2427 4132 Denique
2487 4065 2645 4112 cum
2698 4042 2820 4113 diu
2872 4043 2973 4113 sic
3028 4065 3118 4112 se

544 4132 774 4202 divine
805 4135 1238 4215 exercuisset,
1278 4134 1378 4203 sic
1433 4132 1638 4203 etiam
1671 4155 1710 4203 e
1759 4134 1894 4204 vita
1932 4133 2240 4205 excedit:
2299 4138 2377 4203 In
2427 4132 2693 4203 Christo
2740 4138 2911 4202 Jesu
2969 4137 3106 4201 Do-

548 4222 734 4290 mino
783 4236 1054 4299 nostro:
1108 4228 1321 4305 Quem
1364 4221 1555 4291 decet
1587 4223 1817 4293 omnis
1855 4223 2097 4312 gloria,
2137 4223 2357 4293 bonor
2387 4234 2453 4292 et
2486 4221 2858 4300 veneratio,
2904 4242 3112 4290 nunc

545 4323 611 4381 et
644 4332 937 4401 semper,
982 4324 1048 4381 et
1094 4312 1164 4380 in
1216 4310 1449 4383 secula
1488 4311 1906 4393 seculorum,
1947 4318 2181 4383 Amen.
