<?xml version="1.0" encoding="UTF-8"?>
<!DOCTYPE html PUBLIC "-//W3C//DTD XHTML 1.0 Transitional//EN"
    "http://www.w3.org/TR/xhtml1/DTD/xhtml1-transitional.dtd">
<html xmlns="http://www.w3.org/1999/xhtml" xml:lang="en" lang="en">
 <head>
  <title>
</title>
<meta http-equiv="Content-Type" content="text/html;charset=utf-8" />
  <meta name='ocr-system' content='tesseract 3.04.00' />
  <meta name='ocr-capabilities' content='ocr_page ocr_carea ocr_par ocr_line ocrx_word'/>
</head>
<body>
  <div class='ocr_page' id='page_1' title='image "./historiaeseuvit03lippgoog_0623.png"; bbox 0 0 3347 4999; ppageno 0'>
   <div class='ocr_carea' id='block_1_1' title="bbox 172 301 2633 367">
    <p class='ocr_par' dir='ltr' id='par_1_1' title="bbox 172 301 2633 367">
     <span class='ocr_line' id='line_1_1' title="bbox 172 301 2633 367; baseline -0 -1"><span class='ocrx_word' id='word_1_1' title='bbox 172 301 362 367; x_wconf 88' lang='lat' dir='ltr'>OCT.</span> <span class='ocrx_word' id='word_1_2' title='bbox 420 301 502 366; x_wconf 68' lang='lat'><strong>117</strong></span> <span class='ocrx_word' id='word_1_3' title='bbox 1077 319 1153 363; x_wconf 69' lang='lat' dir='ltr'><strong>nr:</strong></span> <span class='ocrx_word' id='word_1_4' title='bbox 1202 320 1255 364; x_wconf 91' lang='lat' dir='ltr'><strong>s.</strong></span> <span class='ocrx_word' id='word_1_5' title='bbox 1311 319 1601 365; x_wconf 73' lang='lat' dir='ltr'><strong>nssnwmn</strong></span> <span class='ocrx_word' id='word_1_6' title='bbox 1653 319 1841 365; x_wconf 62' lang='lat' dir='ltr'><strong>vinna</strong></span> <span class='ocrx_word' id='word_1_7' title='bbox 2506 301 2633 365; x_wconf 67' lang='lat'><strong>5⁴9</strong></span> 
     </span>
    </p>
   </div>
   <div class='ocr_carea' id='block_1_2' title="bbox 164 402 2787 4506">
    <p class='ocr_par' dir='ltr' id='par_1_2' title="bbox 164 402 2787 2702">
     <span class='ocr_line' id='line_1_2' title="bbox 176 402 2716 493; baseline 0 -21"><span class='ocrx_word' id='word_1_8' title='bbox 176 414 716 493; x_wconf 78' lang='lat' dir='ltr'><strong>praesentesque</strong></span> <span class='ocrx_word' id='word_1_9' title='bbox 772 402 927 473; x_wconf 92' lang='lat' dir='ltr'><strong>illos</strong></span> <span class='ocrx_word' id='word_1_10' title='bbox 988 424 1136 472; x_wconf 88' lang='lat' dir='ltr'><strong>esse</strong></span> <span class='ocrx_word' id='word_1_11' title='bbox 1195 404 1533 493; x_wconf 80' lang='lat' dir='ltr'><strong>expressis</strong></span> <span class='ocrx_word' id='word_1_12' title='bbox 1594 425 1828 473; x_wconf 89' lang='lat' dir='ltr'><strong>eorum</strong></span> <span class='ocrx_word' id='word_1_13' title='bbox 1900 402 2296 474; x_wconf 87' lang='lat' dir='ltr'><strong>nominibus</strong></span> <span class='ocrx_word' id='word_1_14' title='bbox 2345 404 2716 474; x_wconf 82' lang='lat' dir='ltr'><strong>indicabat.</strong></span> 
     </span>
     <span class='ocr_line' id='line_1_3' title="bbox 176 490 2721 582; baseline 0 -20"><span class='ocrx_word' id='word_1_15' title='bbox 176 492 379 563; x_wconf 88' lang='lat' dir='ltr'><strong>Unde</strong></span> <span class='ocrx_word' id='word_1_16' title='bbox 427 492 627 562; x_wconf 88' lang='lat' dir='ltr'><strong>etiam</strong></span> <span class='ocrx_word' id='word_1_17' title='bbox 683 505 831 582; x_wconf 89' lang='lat' dir='ltr'><strong>post</strong></span> <span class='ocrx_word' id='word_1_18' title='bbox 880 496 1308 561; x_wconf 88' lang='lat' dir='ltr'><strong>Tartarorum</strong></span> <span class='ocrx_word' id='word_1_19' title='bbox 1362 513 1732 571; x_wconf 86' lang='lat' dir='ltr'><strong>recessum,</strong></span> <span class='ocrx_word' id='word_1_20' title='bbox 1792 490 1878 560; x_wconf 90' lang='lat' dir='ltr'><strong>ad</strong></span> <span class='ocrx_word' id='word_1_21' title='bbox 1927 492 2417 561; x_wconf 90' lang='lat' dir='ltr'><strong>monasterium</strong></span> <span class='ocrx_word' id='word_1_22' title='bbox 2458 495 2721 563; x_wconf 92' lang='lat' dir='ltr'><strong>monia-</strong></span> 
     </span>
     <span class='ocr_line' id='line_1_4' title="bbox 174 580 2724 671; baseline 0.002 -22"><span class='ocrx_word' id='word_1_23' title='bbox 174 581 374 652; x_wconf 91' lang='lat' dir='ltr'><strong>libus</strong></span> <span class='ocrx_word' id='word_1_24' title='bbox 408 580 715 661; x_wconf 81' lang='lat' dir='ltr'><strong>reversiS,</strong></span> <span class='ocrx_word' id='word_1_25' title='bbox 751 580 1262 651; x_wconf 88' lang='lat' dir='ltr'><strong>Wenceslauam</strong></span> <span class='ocrx_word' id='word_1_26' title='bbox 1303 602 1602 650; x_wconf 88' lang='lat' dir='ltr'><strong>sororem</strong></span> <span class='ocrx_word' id='word_1_27' title='bbox 1639 580 1721 649; x_wconf 88' lang='lat' dir='ltr'><strong>ad</strong></span> <span class='ocrx_word' id='word_1_28' title='bbox 1761 602 1833 649; x_wconf 89' lang='lat' dir='ltr'><strong>se</strong></span> <span class='ocrx_word' id='word_1_29' title='bbox 1864 580 2238 660; x_wconf 81' lang='lat' dir='ltr'><strong>accersivit,</strong></span> <span class='ocrx_word' id='word_1_30' title='bbox 2283 602 2457 667; x_wconf 91' lang='lat' dir='ltr'><strong>quae</strong></span> <span class='ocrx_word' id='word_1_31' title='bbox 2494 595 2724 671; x_wconf 89' lang='lat' dir='ltr'><strong>postea</strong></span> 
     </span>
     <span class='ocr_line' id='line_1_5' title="bbox 170 668 2719 759; baseline 0.001 -21"><span class='ocrx_word' id='word_1_32' title='bbox 170 671 340 757; x_wconf 87' lang='lat' dir='ltr'><strong>ejus</strong></span> <span class='ocrx_word' id='word_1_33' title='bbox 400 670 793 739; x_wconf 88' lang='lat' dir='ltr'><strong>monasterii</strong></span> <span class='ocrx_word' id='word_1_34' title='bbox 835 670 1163 739; x_wconf 90' lang='lat' dir='ltr'><strong>Priorissa</strong></span> <span class='ocrx_word' id='word_1_35' title='bbox 1213 669 1386 749; x_wconf 81' lang='lat' dir='ltr'><strong>fuit,</strong></span> <span class='ocrx_word' id='word_1_36' title='bbox 1441 690 1597 739; x_wconf 93' lang='lat' dir='ltr'><strong>cum</strong></span> <span class='ocrx_word' id='word_1_37' title='bbox 1653 684 1874 738; x_wconf 90' lang='lat' dir='ltr'><strong>tamen</strong></span> <span class='ocrx_word' id='word_1_38' title='bbox 1929 668 2099 737; x_wconf 90' lang='lat' dir='ltr'><strong>nihil</strong></span> <span class='ocrx_word' id='word_1_39' title='bbox 2165 669 2248 738; x_wconf 90' lang='lat' dir='ltr'><strong>de</strong></span> <span class='ocrx_word' id='word_1_40' title='bbox 2295 670 2444 759; x_wconf 89' lang='lat' dir='ltr'><strong>ejus</strong></span> <span class='ocrx_word' id='word_1_41' title='bbox 2496 670 2719 741; x_wconf 86' lang='lat' dir='ltr'><strong>reditu</strong></span> 
     </span>
     <span class='ocr_line' id='line_1_6' title="bbox 167 757 2718 846; baseline 0.001 -18"><span class='ocrx_word' id='word_1_42' title='bbox 167 759 579 828; x_wconf 84' lang='lat' dir='ltr'><strong>audivisset.</strong></span> <span class='ocrx_word' id='word_1_43' title='bbox 638 764 912 828; x_wconf 83' lang='lat' dir='ltr'><strong>Sorores</strong></span> <span class='ocrx_word' id='word_1_44' title='bbox 960 780 1230 846; x_wconf 87' lang='lat' dir='ltr'><strong>quoque</strong></span> <span class='ocrx_word' id='word_1_45' title='bbox 1278 759 1336 827; x_wconf 92' lang='lat' dir='ltr'><strong>ei</strong></span> <span class='ocrx_word' id='word_1_46' title='bbox 1386 758 1822 827; x_wconf 88' lang='lat' dir='ltr'><strong>decumbenti</strong></span> <span class='ocrx_word' id='word_1_47' title='bbox 1867 758 2356 837; x_wconf 86' lang='lat' dir='ltr'><strong>ministrantes,</strong></span> <span class='ocrx_word' id='word_1_48' title='bbox 2396 757 2718 830; x_wconf 90' lang='lat' dir='ltr'><strong>dominae</strong></span> 
     </span>
     <span class='ocr_line' id='line_1_7' title="bbox 169 847 2715 937; baseline 0 -20"><span class='ocrx_word' id='word_1_49' title='bbox 169 854 415 917; x_wconf 75' lang='lat' dir='ltr'><strong>Annae</strong></span> <span class='ocrx_word' id='word_1_50' title='bbox 466 849 672 916; x_wconf 91' lang='lat' dir='ltr'><strong>nurui</strong></span> <span class='ocrx_word' id='word_1_51' title='bbox 706 849 876 936; x_wconf 82' lang='lat' dir='ltr'><strong>ejuS,</strong></span> <span class='ocrx_word' id='word_1_52' title='bbox 921 869 1098 934; x_wconf 88' lang='lat' dir='ltr'><strong>quae</strong></span> <span class='ocrx_word' id='word_1_53' title='bbox 1132 861 1274 917; x_wconf 91' lang='lat' dir='ltr'><strong>tum</strong></span> <span class='ocrx_word' id='word_1_54' title='bbox 1318 848 1500 937; x_wconf 89' lang='lat' dir='ltr'><strong>apud</strong></span> <span class='ocrx_word' id='word_1_55' title='bbox 1541 853 1785 937; x_wconf 88' lang='lat' dir='ltr'><strong>Regem</strong></span> <span class='ocrx_word' id='word_1_56' title='bbox 1825 848 2134 915; x_wconf 74' lang='lat' dir='ltr'><strong>Boemiae</strong></span> <span class='ocrx_word' id='word_1_57' title='bbox 2182 847 2457 917; x_wconf 86' lang='lat' dir='ltr'><strong>fratrem</strong></span> <span class='ocrx_word' id='word_1_58' title='bbox 2510 870 2715 918; x_wconf 91' lang='lat' dir='ltr'><strong>suum</strong></span> 
     </span>
     <span class='ocr_line' id='line_1_8' title="bbox 165 935 2714 1024; baseline 0 -17"><span class='ocrx_word' id='word_1_59' title='bbox 165 951 350 1015; x_wconf 88' lang='lat' dir='ltr'><strong>erat,</strong></span> <span class='ocrx_word' id='word_1_60' title='bbox 404 937 711 1006; x_wconf 81' lang='lat' dir='ltr'><strong>celeriter</strong></span> <span class='ocrx_word' id='word_1_61' title='bbox 758 936 1062 1005; x_wconf 89' lang='lat' dir='ltr'><strong>indicare</strong></span> <span class='ocrx_word' id='word_1_62' title='bbox 1111 937 1545 1017; x_wconf 85' lang='lat' dir='ltr'><strong>studuerunt,</strong></span> <span class='ocrx_word' id='word_1_63' title='bbox 1601 959 1736 1024; x_wconf 88' lang='lat' dir='ltr'><strong>quo</strong></span> <span class='ocrx_word' id='word_1_64' title='bbox 1772 935 1919 1005; x_wconf 87' lang='lat' dir='ltr'><strong>loco</strong></span> <span class='ocrx_word' id='word_1_65' title='bbox 1954 958 2058 1005; x_wconf 89' lang='lat' dir='ltr'><strong>res</strong></span> <span class='ocrx_word' id='word_1_66' title='bbox 2105 935 2254 1023; x_wconf 75' lang='lat' dir='ltr'><strong>eJus</strong></span> <span class='ocrx_word' id='word_1_67' title='bbox 2287 950 2533 1006; x_wconf 88' lang='lat' dir='ltr'><strong>essent.</strong></span> <span class='ocrx_word' id='word_1_68' title='bbox 2591 939 2714 1007; x_wconf 88' lang='lat' dir='ltr'><strong>Sed</strong></span> 
     </span>
     <span class='ocr_line' id='line_1_9' title="bbox 168 1025 2719 1114; baseline 0 -18"><span class='ocrx_word' id='word_1_69' title='bbox 168 1028 240 1096; x_wconf 91' lang='lat' dir='ltr'><strong>id</strong></span> <span class='ocrx_word' id='word_1_70' title='bbox 293 1026 414 1095; x_wconf 93' lang='lat' dir='ltr'><strong>illa</strong></span> <span class='ocrx_word' id='word_1_71' title='bbox 515 1026 864 1096; x_wconf 88' lang='lat' dir='ltr'><strong>rohibuit:</strong></span> <span class='ocrx_word' id='word_1_72' title='bbox 921 1049 955 1091; x_wconf 89' lang='lat'>«</span> <span class='ocrx_word' id='word_1_73' title='bbox 994 1026 1228 1107; x_wconf 87' lang='lat' dir='ltr'><strong>Nolite,</strong></span> <span class='ocrx_word' id='word_1_74' title='bbox 1300 1027 1640 1114; x_wconf 81' lang='lat' dir='ltr'><strong>inquienS,</strong></span> <span class='ocrx_word' id='word_1_75' title='bbox 1709 1026 1966 1105; x_wconf 90' lang='lat' dir='ltr'><strong>timere,</strong></span> <span class='ocrx_word' id='word_1_76' title='bbox 2025 1047 2145 1095; x_wconf 87' lang='lat' dir='ltr'><strong>nec</strong></span> <span class='ocrx_word' id='word_1_77' title='bbox 2196 1025 2515 1095; x_wconf 80' lang='lat' dir='ltr'><strong>laboretis</strong></span> <span class='ocrx_word' id='word_1_78' title='bbox 2567 1027 2719 1096; x_wconf 89' lang='lat' dir='ltr'><strong>mit·</strong></span> 
     </span>
     <span class='ocr_line' id='line_1_10' title="bbox 171 1048 2710 1202; baseline -0 -16"><span class='ocrx_word' id='word_1_79' title='bbox 171 1116 390 1186; x_wconf 86' lang='lat' dir='ltr'><strong>tendo</strong></span> <span class='ocrx_word' id='word_1_80' title='bbox 424 1048 718 1202; x_wconf 59' lang='lat' dir='ltr'><strong>aiiquem</strong></span> <span class='ocrx_word' id='word_1_81' title='bbox 766 1115 847 1184; x_wconf 91' lang='lat' dir='ltr'><strong>ad</strong></span> <span class='ocrx_word' id='word_1_82' title='bbox 886 1115 1097 1183; x_wconf 88' lang='lat' dir='ltr'><strong>filiam</strong></span> <span class='ocrx_word' id='word_1_83' title='bbox 1146 1128 1362 1184; x_wconf 92' lang='lat' dir='ltr'><strong>meam</strong></span> <span class='ocrx_word' id='word_1_84' title='bbox 1399 1120 1657 1184; x_wconf 86' lang='lat' dir='ltr'><strong>Annam</strong></span> <span class='ocrx_word' id='word_1_85' title='bbox 1695 1139 1708 1183; x_wconf 92' lang='lat'>:</span> <span class='ocrx_word' id='word_1_86' title='bbox 1758 1136 1977 1202; x_wconf 91' lang='lat' dir='ltr'><strong>neque</strong></span> <span class='ocrx_word' id='word_1_87' title='bbox 2009 1115 2219 1189; x_wconf 88' lang='lat' dir='ltr'><strong>enim,</strong></span> <span class='ocrx_word' id='word_1_88' title='bbox 2261 1114 2379 1184; x_wconf 90' lang='lat' dir='ltr'><strong>illa</strong></span> <span class='ocrx_word' id='word_1_89' title='bbox 2410 1114 2710 1198; x_wconf 90' lang='lat' dir='ltr'><strong>absente,</strong></span> 
     </span>
     <span class='ocr_line' id='line_1_11' title="bbox 165 1204 2787 1295; baseline 0 -20"><span class='ocrx_word' id='word_1_90' title='bbox 165 1227 307 1295; x_wconf 83' lang='lat' dir='ltr'><strong>ego</strong></span> <span class='ocrx_word' id='word_1_91' title='bbox 343 1206 618 1274; x_wconf 85' lang='lat' dir='ltr'><strong>moriar.</strong></span> <span class='ocrx_word' id='word_1_92' title='bbox 659 1228 694 1271; x_wconf 93' lang='lat'>»</span> <span class='ocrx_word' id='word_1_93' title='bbox 729 1204 919 1287; x_wconf 86' lang='lat' dir='ltr'><strong>Quod</strong></span> <span class='ocrx_word' id='word_1_94' title='bbox 961 1204 1162 1273; x_wconf 88' lang='lat' dir='ltr'><strong>etiam</strong></span> <span class='ocrx_word' id='word_1_95' title='bbox 1204 1227 1431 1273; x_wconf 88' lang='lat' dir='ltr'><strong>revera</strong></span> <span class='ocrx_word' id='word_1_96' title='bbox 1480 1206 1567 1273; x_wconf 91' lang='lat' dir='ltr'><strong>ita</strong></span> <span class='ocrx_word' id='word_1_97' title='bbox 1621 1204 1864 1273; x_wconf 79' lang='lat' dir='ltr'><strong>evenit.</strong></span> <span class='ocrx_word' id='word_1_98' title='bbox 1910 1209 2000 1273; x_wconf 92' lang='lat' dir='ltr'><strong>Eo</strong></span> <span class='ocrx_word' id='word_1_99' title='bbox 2051 1217 2351 1293; x_wconf 87' lang='lat' dir='ltr'><strong>tempore</strong></span> <span class='ocrx_word' id='word_1_100' title='bbox 2403 1227 2561 1274; x_wconf 89' lang='lat' dir='ltr'><strong>cum</strong></span> <span class='ocrx_word' id='word_1_101' title='bbox 2614 1206 2713 1275; x_wconf 90' lang='lat' dir='ltr'><strong>sic</strong></span> <span class='ocrx_word' id='word_1_102' title='bbox 2774 1236 2787 1248; x_wconf 93' lang='lat'><strong>·</strong></span> 
     </span>
     <span class='ocr_line' id='line_1_12' title="bbox 168 1293 2701 1383; baseline 0 -20"><span class='ocrx_word' id='word_1_103' title='bbox 168 1293 555 1364; x_wconf 83' lang='lat' dir='ltr'><strong>admodum</strong></span> <span class='ocrx_word' id='word_1_104' title='bbox 616 1307 885 1383; x_wconf 87' lang='lat' dir='ltr'><strong>aegrota</strong></span> <span class='ocrx_word' id='word_1_105' title='bbox 943 1293 1422 1374; x_wconf 86' lang='lat' dir='ltr'><strong>decumberet,</strong></span> <span class='ocrx_word' id='word_1_106' title='bbox 1492 1295 1668 1363; x_wconf 89' lang='lat' dir='ltr'><strong>duae</strong></span> <span class='ocrx_word' id='word_1_107' title='bbox 1721 1293 2093 1363; x_wconf 87' lang='lat' dir='ltr'><strong>monachae</strong></span> <span class='ocrx_word' id='word_1_108' title='bbox 2143 1293 2655 1365; x_wconf 86' lang='lat' dir='ltr'><strong>Trebnicienses</strong></span> <span class='ocrx_word' id='word_1_109' title='bbox 2687 1350 2701 1376; x_wconf 93' lang='lat'><strong>,</strong></span> 
     </span>
     <span class='ocr_line' id='line_1_13' title="bbox 172 1382 2717 1472; baseline 0 -20"><span class='ocrx_word' id='word_1_110' title='bbox 172 1385 480 1452; x_wconf 87' lang='lat' dir='ltr'><strong>Pinnosa</strong></span> <span class='ocrx_word' id='word_1_111' title='bbox 527 1395 590 1452; x_wconf 89' lang='lat' dir='ltr'><strong>et</strong></span> <span class='ocrx_word' id='word_1_112' title='bbox 638 1383 1020 1464; x_wconf 84' lang='lat' dir='ltr'><strong>Benedicta,</strong></span> <span class='ocrx_word' id='word_1_113' title='bbox 1075 1405 1222 1451; x_wconf 89' lang='lat' dir='ltr'><strong>eam</strong></span> <span class='ocrx_word' id='word_1_114' title='bbox 1276 1382 1658 1452; x_wconf 89' lang='lat' dir='ltr'><strong>visitarunt.</strong></span> <span class='ocrx_word' id='word_1_115' title='bbox 1714 1382 1839 1452; x_wconf 87' lang='lat' dir='ltr'><strong>Illa</strong></span> <span class='ocrx_word' id='word_1_116' title='bbox 1891 1382 2102 1472; x_wconf 90' lang='lat' dir='ltr'><strong>igitur</strong></span> <span class='ocrx_word' id='word_1_117' title='bbox 2151 1383 2515 1451; x_wconf 91' lang='lat' dir='ltr'><strong>Pinnosam</strong></span> <span class='ocrx_word' id='word_1_118' title='bbox 2562 1406 2717 1472; x_wconf 88' lang='lat' dir='ltr'><strong>pro·</strong></span> 
     </span>
     <span class='ocr_line' id='line_1_14' title="bbox 171 1470 2717 1562; baseline 0 -21"><span class='ocrx_word' id='word_1_119' title='bbox 171 1474 340 1562; x_wconf 89' lang='lat' dir='ltr'><strong>pius</strong></span> <span class='ocrx_word' id='word_1_120' title='bbox 373 1473 796 1541; x_wconf 85' lang='lat' dir='ltr'><strong>assistentem</strong></span> <span class='ocrx_word' id='word_1_121' title='bbox 850 1473 1148 1547; x_wconf 79' lang='lat' dir='ltr'><strong>intuens.</strong></span> <span class='ocrx_word' id='word_1_122' title='bbox 1206 1472 1661 1543; x_wconf 89' lang='lat' dir='ltr'><strong>instrumento</strong></span> <span class='ocrx_word' id='word_1_123' title='bbox 1696 1472 2019 1558; x_wconf 92' lang='lat' dir='ltr'><strong>quodam,</strong></span> <span class='ocrx_word' id='word_1_124' title='bbox 2073 1470 2254 1559; x_wconf 92' lang='lat' dir='ltr'><strong>quod</strong></span> <span class='ocrx_word' id='word_1_125' title='bbox 2309 1484 2451 1541; x_wconf 93' lang='lat' dir='ltr'><strong>tum</strong></span> <span class='ocrx_word' id='word_1_126' title='bbox 2505 1493 2717 1541; x_wconf 89' lang='lat' dir='ltr'><strong>manu</strong></span> 
     </span>
     <span class='ocr_line' id='line_1_15' title="bbox 170 1561 2714 1652; baseline 0 -22"><span class='ocrx_word' id='word_1_127' title='bbox 170 1562 474 1641; x_wconf 81' lang='lat' dir='ltr'><strong>tenebat,</strong></span> <span class='ocrx_word' id='word_1_128' title='bbox 529 1562 751 1652; x_wconf 89' lang='lat' dir='ltr'><strong>attigit</strong></span> <span class='ocrx_word' id='word_1_129' title='bbox 788 1583 962 1643; x_wconf 88' lang='lat' dir='ltr'><strong>eam,</strong></span> <span class='ocrx_word' id='word_1_130' title='bbox 1007 1576 1071 1630; x_wconf 90' lang='lat' dir='ltr'><strong>et</strong></span> <span class='ocrx_word' id='word_1_131' title='bbox 1100 1562 1231 1630; x_wconf 89' lang='lat' dir='ltr'><strong>ait:</strong></span> <span class='ocrx_word' id='word_1_132' title='bbox 1288 1584 1323 1628; x_wconf 85' lang='lat'>«</span> <span class='ocrx_word' id='word_1_133' title='bbox 1357 1568 1443 1630; x_wconf 92' lang='lat' dir='ltr'><strong>Te</strong></span> <span class='ocrx_word' id='word_1_134' title='bbox 1489 1561 1765 1649; x_wconf 89' lang='lat' dir='ltr'><strong>quidem</strong></span> <span class='ocrx_word' id='word_1_135' title='bbox 1812 1561 2072 1648; x_wconf 90' lang='lat' dir='ltr'><strong>absque</strong></span> <span class='ocrx_word' id='word_1_136' title='bbox 2125 1561 2467 1651; x_wconf 86' lang='lat' dir='ltr'><strong>permissu</strong></span> <span class='ocrx_word' id='word_1_137' title='bbox 2499 1561 2714 1631; x_wconf 78' lang='lat' dir='ltr'><strong>Abba-</strong></span> 
     </span>
     <span class='ocr_line' id='line_1_16' title="bbox 172 1650 2718 1741; baseline -0 -21"><span class='ocrx_word' id='word_1_138' title='bbox 172 1654 387 1720; x_wconf 82' lang='lat' dir='ltr'><strong>tissae</strong></span> <span class='ocrx_word' id='word_1_139' title='bbox 423 1651 556 1720; x_wconf 89' lang='lat' dir='ltr'><strong>huc</strong></span> <span class='ocrx_word' id='word_1_140' title='bbox 591 1651 875 1730; x_wconf 89' lang='lat' dir='ltr'><strong>venisse,</strong></span> <span class='ocrx_word' id='word_1_141' title='bbox 934 1672 1179 1741; x_wconf 84' lang='lat' dir='ltr'><strong>negare</strong></span> <span class='ocrx_word' id='word_1_142' title='bbox 1215 1672 1345 1720; x_wconf 92' lang='lat' dir='ltr'><strong>non</strong></span> <span class='ocrx_word' id='word_1_143' title='bbox 1394 1661 1604 1741; x_wconf 79' lang='lat' dir='ltr'><strong>potes,</strong></span> <span class='ocrx_word' id='word_1_144' title='bbox 1658 1650 1776 1719; x_wconf 81' lang='lat' dir='ltr'><strong>Abi</strong></span> <span class='ocrx_word' id='word_1_145' title='bbox 1812 1672 1996 1739; x_wconf 79' lang='lat' dir='ltr'><strong>ergo,</strong></span> <span class='ocrx_word' id='word_1_146' title='bbox 2052 1663 2116 1717; x_wconf 83' lang='lat' dir='ltr'><strong>et</strong></span> <span class='ocrx_word' id='word_1_147' title='bbox 2167 1663 2312 1739; x_wconf 84' lang='lat' dir='ltr'><strong>pete</strong></span> <span class='ocrx_word' id='word_1_148' title='bbox 2349 1650 2561 1737; x_wconf 88' lang='lat' dir='ltr'><strong>hujus</strong></span> <span class='ocrx_word' id='word_1_149' title='bbox 2596 1650 2718 1719; x_wconf 88' lang='lat' dir='ltr'><strong>de-</strong></span> 
     </span>
     <span class='ocr_line' id='line_1_17' title="bbox 174 1738 2713 1830; baseline -0.001 -22"><span class='ocrx_word' id='word_1_150' title='bbox 174 1741 326 1809; x_wconf 86' lang='lat' dir='ltr'><strong>licti</strong></span> <span class='ocrx_word' id='word_1_151' title='bbox 377 1740 685 1809; x_wconf 84' lang='lat' dir='ltr'><strong>veniam:</strong></span> <span class='ocrx_word' id='word_1_152' title='bbox 731 1741 1062 1830; x_wconf 70' lang='lat' dir='ltr'><strong>copiaque</strong></span> <span class='ocrx_word' id='word_1_153' title='bbox 1110 1740 1488 1829; x_wconf 73' lang='lat' dir='ltr'><strong>impetrata,</strong></span> <span class='ocrx_word' id='word_1_154' title='bbox 1550 1739 1667 1809; x_wconf 91' lang='lat' dir='ltr'><strong>ubi</strong></span> <span class='ocrx_word' id='word_1_155' title='bbox 1723 1738 1925 1819; x_wconf 88' lang='lat' dir='ltr'><strong>voles,</strong></span> <span class='ocrx_word' id='word_1_156' title='bbox 1976 1739 2058 1807; x_wconf 93' lang='lat' dir='ltr'><strong>ad</strong></span> <span class='ocrx_word' id='word_1_157' title='bbox 2125 1762 2231 1808; x_wconf 89' lang='lat' dir='ltr'><strong>me</strong></span> <span class='ocrx_word' id='word_1_158' title='bbox 2287 1741 2637 1808; x_wconf 81' lang='lat' dir='ltr'><strong>revertere.</strong></span> <span class='ocrx_word' id='word_1_159' title='bbox 2678 1764 2713 1806; x_wconf 86' lang='lat'>»</span> 
     </span>
     <span class='ocr_line' id='line_1_18' title="bbox 168 1828 2708 1919; baseline -0.001 -19"><span class='ocrx_word' id='word_1_160' title='bbox 168 1830 547 1919; x_wconf 86' lang='lat' dir='ltr'><strong>Obstupuit</strong></span> <span class='ocrx_word' id='word_1_161' title='bbox 588 1852 801 1909; x_wconf 89' lang='lat' dir='ltr'><strong>soror,</strong></span> <span class='ocrx_word' id='word_1_162' title='bbox 837 1842 899 1898; x_wconf 77' lang='lat' dir='ltr'><strong>et</strong></span> <span class='ocrx_word' id='word_1_163' title='bbox 938 1829 1253 1917; x_wconf 83' lang='lat' dir='ltr'><strong>quamvis</strong></span> <span class='ocrx_word' id='word_1_164' title='bbox 1297 1828 1588 1898; x_wconf 90' lang='lat' dir='ltr'><strong>multum</strong></span> <span class='ocrx_word' id='word_1_165' title='bbox 1644 1828 1909 1898; x_wconf 90' lang='lat' dir='ltr'><strong>timeret</strong></span> <span class='ocrx_word' id='word_1_166' title='bbox 1965 1828 2386 1898; x_wconf 80' lang='lat' dir='ltr'><strong>Abbatissam</strong></span> <span class='ocrx_word' id='word_1_167' title='bbox 2424 1883 2437 1908; x_wconf 98' lang='lat'><strong>,</strong></span> <span class='ocrx_word' id='word_1_168' title='bbox 2484 1842 2708 1898; x_wconf 89' lang='lat' dir='ltr'><strong>tamen</strong></span> 
     </span>
     <span class='ocr_line' id='line_1_19' title="bbox 172 1917 2712 2008; baseline 0 -22"><span class='ocrx_word' id='word_1_169' title='bbox 172 1921 421 2006; x_wconf 83' lang='lat' dir='ltr'><strong>parere</strong></span> <span class='ocrx_word' id='word_1_170' title='bbox 474 1919 702 1988; x_wconf 88' lang='lat' dir='ltr'><strong>volens</strong></span> <span class='ocrx_word' id='word_1_171' title='bbox 753 1918 985 1987; x_wconf 86' lang='lat' dir='ltr'><strong>beatae</strong></span> <span class='ocrx_word' id='word_1_172' title='bbox 1018 1918 1349 2008; x_wconf 81' lang='lat' dir='ltr'><strong>Hedwigi,</strong></span> <span class='ocrx_word' id='word_1_173' title='bbox 1404 1917 1713 1987; x_wconf 84' lang='lat' dir='ltr'><strong>celeriter</strong></span> <span class='ocrx_word' id='word_1_174' title='bbox 1760 1917 1841 1985; x_wconf 92' lang='lat' dir='ltr'><strong>ad</strong></span> <span class='ocrx_word' id='word_1_175' title='bbox 1880 1940 2026 1986; x_wconf 89' lang='lat' dir='ltr'><strong>eam</strong></span> <span class='ocrx_word' id='word_1_176' title='bbox 2072 1940 2141 1987; x_wconf 92' lang='lat' dir='ltr'><strong>se</strong></span> <span class='ocrx_word' id='word_1_177' title='bbox 2181 1917 2491 1998; x_wconf 90' lang='lat' dir='ltr'><strong>contulit,</strong></span> <span class='ocrx_word' id='word_1_178' title='bbox 2547 1918 2712 2006; x_wconf 90' lang='lat' dir='ltr'><strong>quid</strong></span> 
     </span>
     <span class='ocr_line' id='line_1_20' title="bbox 167 2006 2713 2099; baseline 0 -23"><span class='ocrx_word' id='word_1_179' title='bbox 167 2008 448 2078; x_wconf 79' lang='lat' dir='ltr'><strong>fecisset</strong></span> <span class='ocrx_word' id='word_1_180' title='bbox 507 2007 875 2088; x_wconf 82' lang='lat' dir='ltr'><strong>indicavit3</strong></span> <span class='ocrx_word' id='word_1_181' title='bbox 929 2029 1443 2099; x_wconf 82' lang='lat' dir='ltr'><strong>agnoscensque</strong></span> <span class='ocrx_word' id='word_1_182' title='bbox 1493 2006 1768 2096; x_wconf 86' lang='lat' dir='ltr'><strong>culpam</strong></span> <span class='ocrx_word' id='word_1_183' title='bbox 1821 2029 2016 2075; x_wconf 90' lang='lat' dir='ltr'><strong>suam</strong></span> <span class='ocrx_word' id='word_1_184' title='bbox 2060 2063 2073 2089; x_wconf 96' lang='lat'><strong>,</strong></span> <span class='ocrx_word' id='word_1_185' title='bbox 2128 2029 2285 2077; x_wconf 91' lang='lat' dir='ltr'><strong>cum</strong></span> <span class='ocrx_word' id='word_1_186' title='bbox 2337 2007 2487 2095; x_wconf 77' lang='lat' dir='ltr'><strong>ejus</strong></span> <span class='ocrx_word' id='word_1_187' title='bbox 2535 2007 2713 2076; x_wconf 90' lang='lat' dir='ltr'><strong>bona</strong></span> 
     </span>
     <span class='ocr_line' id='line_1_21' title="bbox 168 2080 2712 2198; baseline 0.002 -35"><span class='ocrx_word' id='word_1_188' title='bbox 168 2097 377 2164; x_wconf 88' lang='lat' dir='ltr'><strong>venia</strong></span> <span class='ocrx_word' id='word_1_189' title='bbox 426 2096 624 2165; x_wconf 88' lang='lat' dir='ltr'><strong>rediit</strong></span> <span class='ocrx_word' id='word_1_190' title='bbox 663 2095 746 2164; x_wconf 89' lang='lat' dir='ltr'><strong>ad</strong></span> <span class='ocrx_word' id='word_1_191' title='bbox 799 2097 1232 2198; x_wconf 79' lang='lat' dir='ltr'><strong>Hedwigem:</strong></span> <span class='ocrx_word' id='word_1_192' title='bbox 1287 2118 1463 2183; x_wconf 90' lang='lat' dir='ltr'><strong>quae</strong></span> <span class='ocrx_word' id='word_1_193' title='bbox 1514 2107 1654 2165; x_wconf 90' lang='lat' dir='ltr'><strong>tum</strong></span> <span class='ocrx_word' id='word_1_194' title='bbox 1701 2117 1936 2164; x_wconf 89' lang='lat' dir='ltr'><strong>averso</strong></span> <span class='ocrx_word' id='word_1_195' title='bbox 1992 2097 2184 2167; x_wconf 90' lang='lat' dir='ltr'><strong>vultu</strong></span> <span class='ocrx_word' id='word_1_196' title='bbox 2219 2080 2531 2183; x_wconf 86' lang='lat' dir='ltr'><strong>jacebat,</strong></span> <span class='ocrx_word' id='word_1_197' title='bbox 2589 2119 2712 2167; x_wconf 89' lang='lat' dir='ltr'><strong>nec</strong></span> 
     </span>
     <span class='ocr_line' id='line_1_22' title="bbox 164 2184 2710 2277; baseline 0 -23"><span class='ocrx_word' id='word_1_198' title='bbox 164 2206 327 2254; x_wconf 91' lang='lat' dir='ltr'><strong>eam</strong></span> <span class='ocrx_word' id='word_1_199' title='bbox 383 2185 728 2275; x_wconf 85' lang='lat' dir='ltr'><strong>corporeis</strong></span> <span class='ocrx_word' id='word_1_200' title='bbox 784 2185 1004 2255; x_wconf 87' lang='lat' dir='ltr'><strong>oculis</strong></span> <span class='ocrx_word' id='word_1_201' title='bbox 1047 2197 1407 2255; x_wconf 80' lang='lat' dir='ltr'><strong>intrantem</strong></span> <span class='ocrx_word' id='word_1_202' title='bbox 1465 2184 1654 2265; x_wconf 89' lang='lat' dir='ltr'><strong>vidit,</strong></span> <span class='ocrx_word' id='word_1_203' title='bbox 1712 2184 1824 2255; x_wconf 91' lang='lat' dir='ltr'><strong>sed</strong></span> <span class='ocrx_word' id='word_1_204' title='bbox 1893 2198 2115 2255; x_wconf 90' lang='lat' dir='ltr'><strong>tamen</strong></span> <span class='ocrx_word' id='word_1_205' title='bbox 2161 2185 2408 2276; x_wconf 87' lang='lat' dir='ltr'><strong>spiritu</strong></span> <span class='ocrx_word' id='word_1_206' title='bbox 2455 2208 2710 2277; x_wconf 88' lang='lat' dir='ltr'><strong>cogno-</strong></span> 
     </span>
     <span class='ocr_line' id='line_1_23' title="bbox 171 2273 2710 2366; baseline 0 -22"><span class='ocrx_word' id='word_1_207' title='bbox 171 2294 382 2344; x_wconf 89' lang='lat' dir='ltr'><strong>scens</strong></span> <span class='ocrx_word' id='word_1_208' title='bbox 431 2285 851 2363; x_wconf 87' lang='lat' dir='ltr'><strong>praesentem</strong></span> <span class='ocrx_word' id='word_1_209' title='bbox 889 2275 1148 2357; x_wconf 85' lang='lat' dir='ltr'><strong>adesse,</strong></span> <span class='ocrx_word' id='word_1_210' title='bbox 1187 2276 1244 2344; x_wconf 91' lang='lat' dir='ltr'><strong>ei</strong></span> <span class='ocrx_word' id='word_1_211' title='bbox 1290 2274 1766 2364; x_wconf 88' lang='lat' dir='ltr'><strong>improperans</strong></span> <span class='ocrx_word' id='word_1_212' title='bbox 1814 2273 2025 2344; x_wconf 87' lang='lat' dir='ltr'><strong>dixit:</strong></span> <span class='ocrx_word' id='word_1_213' title='bbox 2082 2299 2116 2342; x_wconf 89' lang='lat'>«</span> <span class='ocrx_word' id='word_1_214' title='bbox 2148 2274 2477 2366; x_wconf 84' lang='lat' dir='ltr'><strong>Egredere</strong></span> <span class='ocrx_word' id='word_1_215' title='bbox 2512 2298 2710 2364; x_wconf 88' lang='lat' dir='ltr'><strong>prae-</strong></span> 
     </span>
     <span class='ocr_line' id='line_1_24' title="bbox 168 2362 2707 2455; baseline 0.002 -26"><span class='ocrx_word' id='word_1_216' title='bbox 168 2363 538 2432; x_wconf 82' lang='lat' dir='ltr'><strong>varicatrix</strong></span> <span class='ocrx_word' id='word_1_217' title='bbox 590 2364 879 2433; x_wconf 86' lang='lat' dir='ltr'><strong>instituti</strong></span> <span class='ocrx_word' id='word_1_218' title='bbox 931 2365 1051 2445; x_wconf 91' lang='lat' dir='ltr'><strong>tui,</strong></span> <span class='ocrx_word' id='word_1_219' title='bbox 1097 2363 1439 2455; x_wconf 83' lang='lat' dir='ltr'><strong>egredere.</strong></span> <span class='ocrx_word' id='word_1_220' title='bbox 1488 2385 1523 2429; x_wconf 83' lang='lat'>»</span> <span class='ocrx_word' id='word_1_221' title='bbox 1573 2367 1647 2431; x_wconf 78' lang='lat' dir='ltr'><strong>At</strong></span> <span class='ocrx_word' id='word_1_222' title='bbox 1696 2362 1813 2432; x_wconf 91' lang='lat' dir='ltr'><strong>illa</strong></span> <span class='ocrx_word' id='word_1_223' title='bbox 1866 2364 2263 2453; x_wconf 78' lang='lat' dir='ltr'><strong>prociden5‚</strong></span> <span class='ocrx_word' id='word_1_224' title='bbox 2321 2364 2553 2455; x_wconf 86' lang='lat' dir='ltr'><strong>petivit</strong></span> <span class='ocrx_word' id='word_1_225' title='bbox 2602 2387 2707 2434; x_wconf 86' lang='lat' dir='ltr'><strong>ve-</strong></span> 
     </span>
     <span class='ocr_line' id='line_1_25' title="bbox 171 2451 2704 2545; baseline 0.001 -24"><span class='ocrx_word' id='word_1_226' title='bbox 171 2451 392 2522; x_wconf 86' lang='lat' dir='ltr'><strong>niam.</strong></span> <span class='ocrx_word' id='word_1_227' title='bbox 427 2453 737 2523; x_wconf 88' lang='lat' dir='ltr'><strong>Libenter</strong></span> <span class='ocrx_word' id='word_1_228' title='bbox 761 2466 984 2523; x_wconf 89' lang='lat' dir='ltr'><strong>autem</strong></span> <span class='ocrx_word' id='word_1_229' title='bbox 1025 2454 1386 2545; x_wconf 90' lang='lat' dir='ltr'><strong>ignoscens</strong></span> <span class='ocrx_word' id='word_1_230' title='bbox 1414 2453 1606 2522; x_wconf 90' lang='lat' dir='ltr'><strong>beata</strong></span> <span class='ocrx_word' id='word_1_231' title='bbox 1642 2451 2021 2544; x_wconf 87' lang='lat' dir='ltr'><strong>Hedwigis:</strong></span> <span class='ocrx_word' id='word_1_232' title='bbox 2060 2454 2428 2536; x_wconf 86' lang='lat' dir='ltr'><strong>«Posthac,</strong></span> <span class='ocrx_word' id='word_1_233' title='bbox 2459 2454 2704 2542; x_wconf 91' lang='lat' dir='ltr'><strong>inquit,</strong></span> 
     </span>
     <span class='ocr_line' id='line_1_26' title="bbox 168 2540 2708 2634; baseline 0.001 -24"><span class='ocrx_word' id='word_1_234' title='bbox 168 2540 346 2622; x_wconf 84' lang='lat' dir='ltr'><strong>filia,</strong></span> <span class='ocrx_word' id='word_1_235' title='bbox 390 2542 561 2611; x_wconf 89' lang='lat' dir='ltr'><strong>nihil</strong></span> <span class='ocrx_word' id='word_1_236' title='bbox 598 2543 856 2629; x_wconf 87' lang='lat' dir='ltr'><strong>absque</strong></span> <span class='ocrx_word' id='word_1_237' title='bbox 891 2544 1228 2634; x_wconf 90' lang='lat' dir='ltr'><strong>permissu</strong></span> <span class='ocrx_word' id='word_1_238' title='bbox 1271 2542 1647 2633; x_wconf 90' lang='lat' dir='ltr'><strong>superioris</strong></span> <span class='ocrx_word' id='word_1_239' title='bbox 1689 2543 1934 2612; x_wconf 87' lang='lat' dir='ltr'><strong>facias:</strong></span> <span class='ocrx_word' id='word_1_240' title='bbox 1977 2544 2206 2634; x_wconf 88' lang='lat' dir='ltr'><strong>magni</strong></span> <span class='ocrx_word' id='word_1_241' title='bbox 2247 2544 2431 2612; x_wconf 89' lang='lat' dir='ltr'><strong>enim</strong></span> <span class='ocrx_word' id='word_1_242' title='bbox 2486 2545 2708 2614; x_wconf 89' lang='lat' dir='ltr'><strong>meriti</strong></span> 
     </span>
     <span class='ocr_line' id='line_1_27' title="bbox 164 2632 789 2702; baseline -0.005 -2"><span class='ocrx_word' id='word_1_243' title='bbox 164 2643 276 2700; x_wconf 92' lang='lat' dir='ltr'><strong>est</strong></span> <span class='ocrx_word' id='word_1_244' title='bbox 306 2632 712 2702; x_wconf 86' lang='lat' dir='ltr'><strong>obedientia.</strong></span> <span class='ocrx_word' id='word_1_245' title='bbox 755 2655 789 2698; x_wconf 87' lang='lat'>»</span> 
     </span>
    </p>

    <p class='ocr_par' dir='ltr' id='par_1_3' title="bbox 165 2720 2708 4506">
     <span class='ocr_line' id='line_1_28' title="bbox 263 2720 2704 2812; baseline -0.002 -17"><span class='ocrx_word' id='word_1_246' title='bbox 263 2724 298 2808; x_wconf 71' lang='grc' dir='ltr'>ξ</span> <span class='ocrx_word' id='word_1_247' title='bbox 344 2727 495 2796; x_wconf 73' lang='grc'><strong>45.</strong></span> <span class='ocrx_word' id='word_1_248' title='bbox 552 2722 849 2812; x_wconf 88' lang='lat' dir='ltr'><strong>Eugenia</strong></span> <span class='ocrx_word' id='word_1_249' title='bbox 906 2721 1223 2791; x_wconf 88' lang='lat' dir='ltr'><strong>monialis</strong></span> <span class='ocrx_word' id='word_1_250' title='bbox 1273 2721 1772 2791; x_wconf 87' lang='lat' dir='ltr'><strong>Trebniciensis</strong></span> <span class='ocrx_word' id='word_1_251' title='bbox 1809 2722 2208 2793; x_wconf 87' lang='lat' dir='ltr'><strong>hortabatur</strong></span> <span class='ocrx_word' id='word_1_252' title='bbox 2257 2720 2704 2791; x_wconf 87' lang='lat' dir='ltr'><strong>Gaudentiam</strong></span> 
     </span>
     <span class='ocr_line' id='line_1_29' title="bbox 168 2810 2700 2903; baseline -0.002 -22"><span class='ocrx_word' id='word_1_253' title='bbox 168 2833 574 2903; x_wconf 86' lang='lat' dir='ltr'><strong>germanam</strong></span> <span class='ocrx_word' id='word_1_254' title='bbox 619 2833 915 2880; x_wconf 91' lang='lat' dir='ltr'><strong>sororem</strong></span> <span class='ocrx_word' id='word_1_255' title='bbox 963 2833 1184 2892; x_wconf 88' lang='lat' dir='ltr'><strong>suam,</strong></span> <span class='ocrx_word' id='word_1_256' title='bbox 1241 2810 1544 2899; x_wconf 86' lang='lat' dir='ltr'><strong>ejusdem</strong></span> <span class='ocrx_word' id='word_1_257' title='bbox 1587 2811 1713 2880; x_wconf 90' lang='lat' dir='ltr'><strong>loci</strong></span> <span class='ocrx_word' id='word_1_258' title='bbox 1752 2810 2369 2892; x_wconf 86' lang='lat' dir='ltr'><strong>sanctimonialem,</strong></span> <span class='ocrx_word' id='word_1_259' title='bbox 2425 2823 2499 2880; x_wconf 91' lang='lat' dir='ltr'><strong>ut</strong></span> <span class='ocrx_word' id='word_1_260' title='bbox 2546 2833 2700 2880; x_wconf 88' lang='lat' dir='ltr'><strong>cum</strong></span> 
     </span>
     <span class='ocr_line' id='line_1_30' title="bbox 171 2900 2708 2992; baseline -0.001 -21"><span class='ocrx_word' id='word_1_261' title='bbox 171 2906 324 2992; x_wconf 84' lang='lat' dir='ltr'><strong>ipsa</strong></span> <span class='ocrx_word' id='word_1_262' title='bbox 360 2900 485 2970; x_wconf 88' lang='lat' dir='ltr'><strong>iret</strong></span> <span class='ocrx_word' id='word_1_263' title='bbox 523 2901 607 2970; x_wconf 88' lang='lat' dir='ltr'><strong>ad</strong></span> <span class='ocrx_word' id='word_1_264' title='bbox 642 2901 907 2970; x_wconf 87' lang='lat' dir='ltr'><strong>beatam</strong></span> <span class='ocrx_word' id='word_1_265' title='bbox 961 2901 1345 2991; x_wconf 82' lang='lat' dir='ltr'><strong>Hedwigem</strong></span> <span class='ocrx_word' id='word_1_266' title='bbox 1383 2900 1930 2970; x_wconf 77' lang='lat' dir='ltr'><strong>decumbentem.</strong></span> <span class='ocrx_word' id='word_1_267' title='bbox 1986 2900 2362 2969; x_wconf 85' lang='lat' dir='ltr'><strong>Gaudentia</strong></span> <span class='ocrx_word' id='word_1_268' title='bbox 2415 2921 2566 2967; x_wconf 88' lang='lat' dir='ltr'><strong>vero</strong></span> <span class='ocrx_word' id='word_1_269' title='bbox 2603 2921 2708 2968; x_wconf 88' lang='lat' dir='ltr'><strong>re-</strong></span> 
     </span>
     <span class='ocr_line' id='line_1_31' title="bbox 168 2989 2706 3081; baseline -0.002 -21"><span class='ocrx_word' id='word_1_270' title='bbox 168 2990 498 3081; x_wconf 89' lang='lat' dir='ltr'><strong>spondit:</strong></span> <span class='ocrx_word' id='word_1_271' title='bbox 558 3015 591 3056; x_wconf 90' lang='lat'>«</span> <span class='ocrx_word' id='word_1_272' title='bbox 629 2990 953 3077; x_wconf 87' lang='lat' dir='ltr'><strong>Equidem</strong></span> <span class='ocrx_word' id='word_1_273' title='bbox 1008 2990 1073 3058; x_wconf 92' lang='lat' dir='ltr'><strong>id</strong></span> <span class='ocrx_word' id='word_1_274' title='bbox 1114 2990 1359 3060; x_wconf 87' lang='lat' dir='ltr'><strong>lubens</strong></span> <span class='ocrx_word' id='word_1_275' title='bbox 1407 2989 1696 3058; x_wconf 86' lang='lat' dir='ltr'><strong>facerem</strong></span> <span class='ocrx_word' id='word_1_276' title='bbox 1732 3045 1746 3070; x_wconf 92' lang='lat'><strong>,</strong></span> <span class='ocrx_word' id='word_1_277' title='bbox 1801 2989 1916 3056; x_wconf 84' lang='lat' dir='ltr'><strong>sed</strong></span> <span class='ocrx_word' id='word_1_278' title='bbox 1963 3011 2191 3057; x_wconf 86' lang='lat' dir='ltr'><strong>vereor</strong></span> <span class='ocrx_word' id='word_1_279' title='bbox 2224 3010 2305 3056; x_wconf 89' lang='lat' dir='ltr'><strong>ne</strong></span> <span class='ocrx_word' id='word_1_280' title='bbox 2343 3010 2490 3056; x_wconf 89' lang='lat' dir='ltr'><strong>mea</strong></span> <span class='ocrx_word' id='word_1_281' title='bbox 2537 2989 2706 3056; x_wconf 89' lang='lat' dir='ltr'><strong>mihi</strong></span> 
     </span>
     <span class='ocr_line' id='line_1_32' title="bbox 170 3076 2706 3171; baseline -0.003 -22"><span class='ocrx_word' id='word_1_282' title='bbox 170 3093 453 3171; x_wconf 87' lang='lat' dir='ltr'><strong>peccata</strong></span> <span class='ocrx_word' id='word_1_283' title='bbox 504 3080 938 3169; x_wconf 89' lang='lat' dir='ltr'><strong>improperet,</strong></span> <span class='ocrx_word' id='word_1_284' title='bbox 992 3079 1575 3166; x_wconf 87' lang='lat' dir='ltr'><strong>quemadmodum</strong></span> <span class='ocrx_word' id='word_1_285' title='bbox 1613 3079 1947 3147; x_wconf 88' lang='lat' dir='ltr'><strong>Pinnosae</strong></span> <span class='ocrx_word' id='word_1_286' title='bbox 1989 3078 2140 3145; x_wconf 83' lang='lat' dir='ltr'><strong>fecit</strong></span> <span class='ocrx_word' id='word_1_287' title='bbox 2179 3091 2243 3146; x_wconf 90' lang='lat' dir='ltr'><strong>et</strong></span> <span class='ocrx_word' id='word_1_288' title='bbox 2276 3076 2630 3146; x_wconf 86' lang='lat' dir='ltr'><strong>Raslauae.</strong></span> <span class='ocrx_word' id='word_1_289' title='bbox 2671 3101 2706 3142; x_wconf 88' lang='lat'>»</span> 
     </span>
     <span class='ocr_line' id='line_1_33' title="bbox 168 3166 2705 3257; baseline -0.002 -19"><span class='ocrx_word' id='word_1_290' title='bbox 168 3168 298 3239; x_wconf 83' lang='lat' dir='ltr'><strong>Sed</strong></span> <span class='ocrx_word' id='word_1_291' title='bbox 339 3168 644 3257; x_wconf 90' lang='lat' dir='ltr'><strong>Eugenia</strong></span> <span class='ocrx_word' id='word_1_292' title='bbox 690 3191 836 3238; x_wconf 89' lang='lat' dir='ltr'><strong>eam</strong></span> <span class='ocrx_word' id='word_1_293' title='bbox 890 3168 1393 3239; x_wconf 87' lang='lat' dir='ltr'><strong>excusationem</strong></span> <span class='ocrx_word' id='word_1_294' title='bbox 1440 3189 1568 3236; x_wconf 92' lang='lat' dir='ltr'><strong>non</strong></span> <span class='ocrx_word' id='word_1_295' title='bbox 1607 3167 1999 3246; x_wconf 77' lang='lat' dir='ltr'><strong>admittenS‚</strong></span> <span class='ocrx_word' id='word_1_296' title='bbox 2039 3166 2361 3236; x_wconf 75' lang='lat' dir='ltr'><strong>instantia</strong></span> <span class='ocrx_word' id='word_1_297' title='bbox 2399 3172 2519 3234; x_wconf 76' lang='lat' dir='ltr'><strong>sua</strong></span> <span class='ocrx_word' id='word_1_298' title='bbox 2556 3178 2705 3236; x_wconf 87' lang='lat' dir='ltr'><strong>tan-</strong></span> 
     </span>
     <span class='ocr_line' id='line_1_34' title="bbox 165 3255 2706 3347; baseline -0.001 -21"><span class='ocrx_word' id='word_1_299' title='bbox 165 3259 327 3328; x_wconf 86' lang='lat' dir='ltr'><strong>dem</strong></span> <span class='ocrx_word' id='word_1_300' title='bbox 374 3258 532 3326; x_wconf 89' lang='lat' dir='ltr'><strong>vicit</strong></span> <span class='ocrx_word' id='word_1_301' title='bbox 566 3257 1044 3327; x_wconf 83' lang='lat' dir='ltr'><strong>Gaudentiam.</strong></span> <span class='ocrx_word' id='word_1_302' title='bbox 1087 3258 1350 3326; x_wconf 82' lang='lat' dir='ltr'><strong>Abeunt</strong></span> <span class='ocrx_word' id='word_1_303' title='bbox 1388 3278 1547 3347; x_wconf 90' lang='lat' dir='ltr'><strong>ergo</strong></span> <span class='ocrx_word' id='word_1_304' title='bbox 1582 3255 1787 3324; x_wconf 85' lang='lat' dir='ltr'><strong>simul</strong></span> <span class='ocrx_word' id='word_1_305' title='bbox 1826 3255 1907 3323; x_wconf 88' lang='lat' dir='ltr'><strong>ad</strong></span> <span class='ocrx_word' id='word_1_306' title='bbox 1949 3255 2200 3336; x_wconf 84' lang='lat' dir='ltr'><strong>locum,</strong></span> <span class='ocrx_word' id='word_1_307' title='bbox 2254 3255 2317 3323; x_wconf 91' lang='lat' dir='ltr'><strong>in</strong></span> <span class='ocrx_word' id='word_1_308' title='bbox 2363 3277 2496 3342; x_wconf 91' lang='lat' dir='ltr'><strong>quo</strong></span> <span class='ocrx_word' id='word_1_309' title='bbox 2531 3256 2706 3324; x_wconf 83' lang='lat' dir='ltr'><strong>Hed-</strong></span> 
     </span>
     <span class='ocr_line' id='line_1_35' title="bbox 168 3344 2708 3438; baseline -0.001 -21"><span class='ocrx_word' id='word_1_310' title='bbox 168 3347 376 3438; x_wconf 85' lang='lat' dir='ltr'><strong>wigis</strong></span> <span class='ocrx_word' id='word_1_311' title='bbox 438 3346 925 3416; x_wconf 88' lang='lat' dir='ltr'><strong>decumbebat:</strong></span> <span class='ocrx_word' id='word_1_312' title='bbox 982 3345 1095 3417; x_wconf 91' lang='lat' dir='ltr'><strong>sed</strong></span> <span class='ocrx_word' id='word_1_313' title='bbox 1164 3345 1585 3436; x_wconf 86' lang='lat' dir='ltr'><strong>ingrediente</strong></span> <span class='ocrx_word' id='word_1_314' title='bbox 1640 3350 1737 3414; x_wconf 89' lang='lat' dir='ltr'><strong>Eu</strong></span> <span class='ocrx_word' id='word_1_315' title='bbox 1788 3344 1992 3426; x_wconf 90' lang='lat' dir='ltr'><strong>enia,</strong></span> <span class='ocrx_word' id='word_1_316' title='bbox 2047 3345 2128 3414; x_wconf 89' lang='lat' dir='ltr'><strong>ad</strong></span> <span class='ocrx_word' id='word_1_317' title='bbox 2194 3344 2370 3415; x_wconf 86' lang='lat' dir='ltr'><strong>fores</strong></span> <span class='ocrx_word' id='word_1_318' title='bbox 2405 3345 2708 3415; x_wconf 87' lang='lat' dir='ltr'><strong>substitit</strong></span> 
     </span>
     <span class='ocr_line' id='line_1_36' title="bbox 166 3434 2706 3524; baseline -0.002 -16"><span class='ocrx_word' id='word_1_319' title='bbox 166 3434 576 3515; x_wconf 83' lang='lat' dir='ltr'><strong>Gaudentia,</strong></span> <span class='ocrx_word' id='word_1_320' title='bbox 639 3458 795 3524; x_wconf 85' lang='lat' dir='ltr'><strong>prae</strong></span> <span class='ocrx_word' id='word_1_321' title='bbox 846 3435 1084 3504; x_wconf 88' lang='lat' dir='ltr'><strong>timore</strong></span> <span class='ocrx_word' id='word_1_322' title='bbox 1136 3456 1268 3503; x_wconf 89' lang='lat' dir='ltr'><strong>non</strong></span> <span class='ocrx_word' id='word_1_323' title='bbox 1322 3457 1487 3504; x_wconf 88' lang='lat' dir='ltr'><strong>ausa</strong></span> <span class='ocrx_word' id='word_1_324' title='bbox 1540 3434 1734 3524; x_wconf 83' lang='lat' dir='ltr'><strong>ingre</strong></span> <span class='ocrx_word' id='word_1_325' title='bbox 1790 3434 1832 3500; x_wconf 92' lang='lat' dir='ltr'><strong>i.</strong></span> <span class='ocrx_word' id='word_1_326' title='bbox 1873 3434 2048 3503; x_wconf 89' lang='lat' dir='ltr'><strong>Nihil</strong></span> <span class='ocrx_word' id='word_1_327' title='bbox 2086 3435 2454 3521; x_wconf 88' lang='lat' dir='ltr'><strong>quicquam</strong></span> <span class='ocrx_word' id='word_1_328' title='bbox 2493 3434 2706 3522; x_wconf 89' lang='lat' dir='ltr'><strong>hujus</strong></span> 
     </span>
     <span class='ocr_line' id='line_1_37' title="bbox 171 3522 2707 3614; baseline -0.001 -20"><span class='ocrx_word' id='word_1_329' title='bbox 171 3527 272 3596; x_wconf 86' lang='lat' dir='ltr'><strong>vel</strong></span> <span class='ocrx_word' id='word_1_330' title='bbox 330 3525 480 3593; x_wconf 90' lang='lat' dir='ltr'><strong>visu</strong></span> <span class='ocrx_word' id='word_1_331' title='bbox 516 3523 613 3592; x_wconf 92' lang='lat' dir='ltr'><strong>vel</strong></span> <span class='ocrx_word' id='word_1_332' title='bbox 658 3524 900 3593; x_wconf 87' lang='lat' dir='ltr'><strong>auditu</strong></span> <span class='ocrx_word' id='word_1_333' title='bbox 953 3535 1342 3614; x_wconf 82' lang='lat' dir='ltr'><strong>perceperat</strong></span> <span class='ocrx_word' id='word_1_334' title='bbox 1390 3522 1753 3611; x_wconf 82' lang='lat' dir='ltr'><strong>HedwigiS,</strong></span> <span class='ocrx_word' id='word_1_335' title='bbox 1806 3546 1964 3593; x_wconf 89' lang='lat' dir='ltr'><strong>cum</strong></span> <span class='ocrx_word' id='word_1_336' title='bbox 2015 3546 2192 3604; x_wconf 89' lang='lat' dir='ltr'><strong>ecce,</strong></span> <span class='ocrx_word' id='word_1_337' title='bbox 2231 3524 2478 3614; x_wconf 89' lang='lat' dir='ltr'><strong>spiritu</strong></span> <span class='ocrx_word' id='word_1_338' title='bbox 2525 3545 2707 3592; x_wconf 87' lang='lat' dir='ltr'><strong>reve-</strong></span> 
     </span>
     <span class='ocr_line' id='line_1_38' title="bbox 171 3611 2707 3702; baseline -0.001 -18"><span class='ocrx_word' id='word_1_339' title='bbox 171 3617 381 3696; x_wconf 86' lang='lat' dir='ltr'><strong>lante,</strong></span> <span class='ocrx_word' id='word_1_340' title='bbox 427 3613 594 3683; x_wconf 89' lang='lat' dir='ltr'><strong>dicit</strong></span> <span class='ocrx_word' id='word_1_341' title='bbox 637 3613 720 3681; x_wconf 89' lang='lat' dir='ltr'><strong>ad</strong></span> <span class='ocrx_word' id='word_1_342' title='bbox 775 3612 1190 3702; x_wconf 88' lang='lat' dir='ltr'><strong>Eugeniam:</strong></span> <span class='ocrx_word' id='word_1_343' title='bbox 1258 3636 1293 3678; x_wconf 84' lang='lat'>«</span> <span class='ocrx_word' id='word_1_344' title='bbox 1328 3612 1442 3681; x_wconf 76' lang='lat' dir='ltr'><strong>Abi</strong></span> <span class='ocrx_word' id='word_1_345' title='bbox 1479 3611 1560 3680; x_wconf 91' lang='lat' dir='ltr'><strong>ad</strong></span> <span class='ocrx_word' id='word_1_346' title='bbox 1610 3611 2083 3694; x_wconf 86' lang='lat' dir='ltr'><strong>Gaudentiam,</strong></span> <span class='ocrx_word' id='word_1_347' title='bbox 2140 3635 2315 3700; x_wconf 85' lang='lat' dir='ltr'><strong>quae</strong></span> <span class='ocrx_word' id='word_1_348' title='bbox 2369 3624 2498 3682; x_wconf 89' lang='lat' dir='ltr'><strong>stat</strong></span> <span class='ocrx_word' id='word_1_349' title='bbox 2548 3635 2707 3702; x_wconf 83' lang='lat' dir='ltr'><strong>prae</strong></span> 
     </span>
     <span class='ocr_line' id='line_1_39' title="bbox 169 3701 2705 3791; baseline -0.001 -18"><span class='ocrx_word' id='word_1_350' title='bbox 169 3704 462 3784; x_wconf 81' lang='lat' dir='ltr'><strong>foribus,</strong></span> <span class='ocrx_word' id='word_1_351' title='bbox 502 3715 564 3771; x_wconf 89' lang='lat' dir='ltr'><strong>et</strong></span> <span class='ocrx_word' id='word_1_352' title='bbox 603 3702 713 3770; x_wconf 93' lang='lat' dir='ltr'><strong>dic</strong></span> <span class='ocrx_word' id='word_1_353' title='bbox 763 3702 821 3769; x_wconf 88' lang='lat' dir='ltr'><strong>ei</strong></span> <span class='ocrx_word' id='word_1_354' title='bbox 864 3702 1087 3770; x_wconf 86' lang='lat' dir='ltr'><strong>verbis</strong></span> <span class='ocrx_word' id='word_1_355' title='bbox 1130 3701 1244 3771; x_wconf 83' lang='lat' dir='ltr'><strong>Dei</strong></span> <span class='ocrx_word' id='word_1_356' title='bbox 1298 3716 1361 3770; x_wconf 82' lang='lat' dir='ltr'><strong>et</strong></span> <span class='ocrx_word' id='word_1_357' title='bbox 1416 3701 1624 3771; x_wconf 89' lang='lat' dir='ltr'><strong>meis:</strong></span> <span class='ocrx_word' id='word_1_358' title='bbox 1681 3707 1776 3770; x_wconf 91' lang='lat' dir='ltr'><strong>Tu</strong></span> <span class='ocrx_word' id='word_1_359' title='bbox 1820 3701 1983 3770; x_wconf 88' lang='lat' dir='ltr'><strong>haec</strong></span> <span class='ocrx_word' id='word_1_360' title='bbox 2019 3716 2219 3789; x_wconf 88' lang='lat' dir='ltr'><strong>atque</strong></span> <span class='ocrx_word' id='word_1_361' title='bbox 2267 3702 2384 3770; x_wconf 90' lang='lat' dir='ltr'><strong>illa</strong></span> <span class='ocrx_word' id='word_1_362' title='bbox 2437 3715 2705 3791; x_wconf 85' lang='lat' dir='ltr'><strong>peccata</strong></span> 
     </span>
     <span class='ocr_line' id='line_1_40' title="bbox 169 3790 2705 3882; baseline -0.001 -20"><span class='ocrx_word' id='word_1_363' title='bbox 169 3793 513 3862; x_wconf 84' lang='lat' dir='ltr'><strong>admisisti</strong></span> <span class='ocrx_word' id='word_1_364' title='bbox 564 3791 996 3882; x_wconf 87' lang='lat' dir='ltr'><strong>(singulatim</strong></span> <span class='ocrx_word' id='word_1_365' title='bbox 1052 3803 1274 3860; x_wconf 88' lang='lat' dir='ltr'><strong>autem</strong></span> <span class='ocrx_word' id='word_1_366' title='bbox 1328 3812 1404 3859; x_wconf 90' lang='lat' dir='ltr'><strong>ea</strong></span> <span class='ocrx_word' id='word_1_367' title='bbox 1445 3790 1867 3880; x_wconf 83' lang='lat' dir='ltr'><strong>exprimebat</strong></span> <span class='ocrx_word' id='word_1_368' title='bbox 1915 3790 2305 3880; x_wconf 84' lang='lat' dir='ltr'><strong>Hedwigis).</strong></span> <span class='ocrx_word' id='word_1_369' title='bbox 2361 3791 2498 3860; x_wconf 81' lang='lat' dir='ltr'><strong>Cito</strong></span> <span class='ocrx_word' id='word_1_370' title='bbox 2546 3812 2705 3879; x_wconf 88' lang='lat' dir='ltr'><strong>ergo</strong></span> 
     </span>
     <span class='ocr_line' id='line_1_41' title="bbox 170 3879 2705 3969; baseline -0.002 -16"><span class='ocrx_word' id='word_1_371' title='bbox 170 3882 408 3953; x_wconf 79' lang='lat' dir='ltr'><strong>confer</strong></span> <span class='ocrx_word' id='word_1_372' title='bbox 473 3895 529 3950; x_wconf 91' lang='lat' dir='ltr'><strong>te</strong></span> <span class='ocrx_word' id='word_1_373' title='bbox 577 3880 659 3950; x_wconf 89' lang='lat' dir='ltr'><strong>ad</strong></span> <span class='ocrx_word' id='word_1_374' title='bbox 731 3880 1181 3968; x_wconf 84' lang='lat' dir='ltr'><strong>poenitentiae</strong></span> <span class='ocrx_word' id='word_1_375' title='bbox 1230 3879 1575 3960; x_wconf 87' lang='lat' dir='ltr'><strong>lamenta,</strong></span> <span class='ocrx_word' id='word_1_376' title='bbox 1631 3894 1694 3946; x_wconf 89' lang='lat' dir='ltr'><strong>et</strong></span> <span class='ocrx_word' id='word_1_377' title='bbox 1746 3892 2175 3969; x_wconf 80' lang='lat' dir='ltr'><strong>peccatorum</strong></span> <span class='ocrx_word' id='word_1_378' title='bbox 2232 3879 2535 3947; x_wconf 86' lang='lat' dir='ltr'><strong>maculas</strong></span> <span class='ocrx_word' id='word_1_379' title='bbox 2589 3880 2705 3947; x_wconf 83' lang='lat' dir='ltr'><strong>dc-</strong></span> 
     </span>
     <span class='ocr_line' id='line_1_42' title="bbox 175 3969 2705 4060; baseline -0.001 -20"><span class='ocrx_word' id='word_1_380' title='bbox 175 3985 382 4060; x_wconf 79' lang='lat' dir='ltr'><strong>terge.</strong></span> <span class='ocrx_word' id='word_1_381' title='bbox 423 3995 457 4037; x_wconf 86' lang='lat'>»</span> <span class='ocrx_word' id='word_1_382' title='bbox 496 3971 673 4039; x_wconf 87' lang='lat' dir='ltr'><strong>Fecit</strong></span> <span class='ocrx_word' id='word_1_383' title='bbox 713 3969 1042 4060; x_wconf 80' lang='lat' dir='ltr'><strong>Eugenia,</strong></span> <span class='ocrx_word' id='word_1_384' title='bbox 1080 3982 1155 4038; x_wconf 88' lang='lat' dir='ltr'><strong>ut</strong></span> <span class='ocrx_word' id='word_1_385' title='bbox 1185 3982 1326 4038; x_wconf 82' lang='lat' dir='ltr'><strong>crat</strong></span> <span class='ocrx_word' id='word_1_386' title='bbox 1351 3969 1546 4058; x_wconf 83' lang='lat' dir='ltr'><strong>jussa</strong></span> <span class='ocrx_word' id='word_1_387' title='bbox 1582 3993 1594 4035; x_wconf 92' lang='lat'><strong>:</strong></span> <span class='ocrx_word' id='word_1_388' title='bbox 1656 3997 1678 4031; x_wconf 66' lang='grc' dir='ltr'>α</span> <span class='ocrx_word' id='word_1_389' title='bbox 1718 3970 2090 4037; x_wconf 85' lang='lat' dir='ltr'><strong>Gaudentia</strong></span> <span class='ocrx_word' id='word_1_390' title='bbox 2131 3992 2282 4037; x_wconf 90' lang='lat' dir='ltr'><strong>vero</strong></span> <span class='ocrx_word' id='word_1_391' title='bbox 2330 3989 2705 4058; x_wconf 86' lang='lat' dir='ltr'><strong>agnoscens</strong></span> 
     </span>
     <span class='ocr_line' id='line_1_43' title="bbox 176 4056 2706 4149; baseline -0 -22"><span class='ocrx_word' id='word_1_392' title='bbox 176 4084 354 4140; x_wconf 81' lang='lat' dir='ltr'><strong>vera,</strong></span> <span class='ocrx_word' id='word_1_393' title='bbox 416 4084 590 4149; x_wconf 87' lang='lat' dir='ltr'><strong>quae</strong></span> <span class='ocrx_word' id='word_1_394' title='bbox 641 4059 932 4149; x_wconf 86' lang='lat' dir='ltr'><strong>Edwigis</strong></span> <span class='ocrx_word' id='word_1_395' title='bbox 982 4058 1303 4138; x_wconf 85' lang='lat' dir='ltr'><strong>dixisset,</strong></span> <span class='ocrx_word' id='word_1_396' title='bbox 1373 4057 1563 4126; x_wconf 79' lang='lat' dir='ltr'><strong>valde</strong></span> <span class='ocrx_word' id='word_1_397' title='bbox 1606 4058 1884 4138; x_wconf 87' lang='lat' dir='ltr'><strong>territa,</strong></span> <span class='ocrx_word' id='word_1_398' title='bbox 1942 4059 2368 4128; x_wconf 86' lang='lat' dir='ltr'><strong>consessione</strong></span> <span class='ocrx_word' id='word_1_399' title='bbox 2417 4056 2706 4126; x_wconf 80' lang='lat' dir='ltr'><strong>abolevit</strong></span> 
     </span>
     <span class='ocr_line' id='line_1_44' title="bbox 171 4145 2696 4238; baseline -0.001 -22"><span class='ocrx_word' id='word_1_400' title='bbox 171 4150 414 4237; x_wconf 87' lang='lat' dir='ltr'><strong>culpas</strong></span> <span class='ocrx_word' id='word_1_401' title='bbox 467 4173 649 4220; x_wconf 87' lang='lat' dir='ltr'><strong>suas.</strong></span> <span class='ocrx_word' id='word_1_402' title='bbox 711 4145 919 4236; x_wconf 66' lang='lat' dir='ltr'><strong>Atque</strong></span> <span class='ocrx_word' id='word_1_403' title='bbox 975 4148 1058 4216; x_wconf 92' lang='lat' dir='ltr'><strong>ita</strong></span> <span class='ocrx_word' id='word_1_404' title='bbox 1111 4161 1498 4238; x_wconf 85' lang='lat' dir='ltr'><strong>repurgata,</strong></span> <span class='ocrx_word' id='word_1_405' title='bbox 1543 4147 1809 4234; x_wconf 88' lang='lat' dir='ltr'><strong>quoties</strong></span> <span class='ocrx_word' id='word_1_406' title='bbox 1862 4162 2086 4237; x_wconf 89' lang='lat' dir='ltr'><strong>postea</strong></span> <span class='ocrx_word' id='word_1_407' title='bbox 2139 4148 2359 4215; x_wconf 89' lang='lat' dir='ltr'><strong>visum</strong></span> <span class='ocrx_word' id='word_1_408' title='bbox 2402 4158 2500 4216; x_wconf 89' lang='lat' dir='ltr'><strong>cst</strong></span> <span class='ocrx_word' id='word_1_409' title='bbox 2550 4146 2696 4228; x_wconf 84' lang='lat' dir='ltr'><strong>illi,</strong></span> 
     </span>
     <span class='ocr_line' id='line_1_45' title="bbox 173 4235 2695 4327; baseline 0 -24"><span class='ocrx_word' id='word_1_410' title='bbox 173 4259 412 4307; x_wconf 88' lang='lat' dir='ltr'><strong>secura</strong></span> <span class='ocrx_word' id='word_1_411' title='bbox 439 4240 518 4307; x_wconf 89' lang='lat' dir='ltr'><strong>ad</strong></span> <span class='ocrx_word' id='word_1_412' title='bbox 556 4240 819 4308; x_wconf 86' lang='lat' dir='ltr'><strong>beatam</strong></span> <span class='ocrx_word' id='word_1_413' title='bbox 858 4237 1247 4327; x_wconf 87' lang='lat' dir='ltr'><strong>Hedwigem</strong></span> <span class='ocrx_word' id='word_1_414' title='bbox 1285 4235 1589 4306; x_wconf 87' lang='lat' dir='ltr'><strong>accessit.</strong></span> <span class='ocrx_word' id='word_1_415' title='bbox 1630 4237 1858 4305; x_wconf 83' lang='lat' dir='ltr'><strong>Morbo</strong></span> <span class='ocrx_word' id='word_1_416' title='bbox 1900 4250 2120 4306; x_wconf 90' lang='lat' dir='ltr'><strong>autem</strong></span> <span class='ocrx_word' id='word_1_417' title='bbox 2161 4237 2695 4325; x_wconf 83' lang='lat' dir='ltr'><strong>ingravescente,</strong></span> 
     </span>
     <span class='ocr_line' id='line_1_46' title="bbox 176 4325 2702 4415; baseline 0.001 -23"><span class='ocrx_word' id='word_1_418' title='bbox 176 4328 525 4397; x_wconf 84' lang='lat' dir='ltr'><strong>Gertrudis</strong></span> <span class='ocrx_word' id='word_1_419' title='bbox 574 4328 949 4408; x_wconf 57' lang='lat' dir='ltr'><strong>Ablratissa,</strong></span> <span class='ocrx_word' id='word_1_420' title='bbox 1008 4326 1147 4395; x_wconf 80' lang='lat' dir='ltr'><strong>filia</strong></span> <span class='ocrx_word' id='word_1_421' title='bbox 1193 4326 1366 4415; x_wconf 82' lang='lat' dir='ltr'><strong>ejuS,</strong></span> <span class='ocrx_word' id='word_1_422' title='bbox 1419 4325 1899 4395; x_wconf 82' lang='lat' dir='ltr'><strong>sciscitabatur</strong></span> <span class='ocrx_word' id='word_1_423' title='bbox 1928 4348 2003 4395; x_wconf 87' lang='lat' dir='ltr'><strong>ex</strong></span> <span class='ocrx_word' id='word_1_424' title='bbox 2039 4350 2139 4409; x_wconf 88' lang='lat' dir='ltr'><strong>ea,</strong></span> <span class='ocrx_word' id='word_1_425' title='bbox 2196 4327 2309 4396; x_wconf 91' lang='lat' dir='ltr'><strong>ubi</strong></span> <span class='ocrx_word' id='word_1_426' title='bbox 2351 4325 2544 4393; x_wconf 86' lang='lat' dir='ltr'><strong>vellet</strong></span> <span class='ocrx_word' id='word_1_427' title='bbox 2576 4325 2702 4395; x_wconf 88' lang='lat' dir='ltr'><strong>hu-</strong></span> 
     </span>
     <span class='ocr_line' id='line_1_47' title="bbox 181 4414 2698 4506; baseline 0 -25"><span class='ocrx_word' id='word_1_428' title='bbox 181 4415 376 4484; x_wconf 91' lang='lat' dir='ltr'><strong>mari.</strong></span> <span class='ocrx_word' id='word_1_429' title='bbox 414 4416 561 4498; x_wconf 91' lang='lat' dir='ltr'><strong>Illa,</strong></span> <span class='ocrx_word' id='word_1_430' title='bbox 599 4439 776 4504; x_wconf 90' lang='lat' dir='ltr'><strong>quae</strong></span> <span class='ocrx_word' id='word_1_431' title='bbox 813 4417 948 4506; x_wconf 84' lang='lat' dir='ltr'><strong>jam</strong></span> <span class='ocrx_word' id='word_1_432' title='bbox 985 4415 1149 4486; x_wconf 89' lang='lat' dir='ltr'><strong>olim</strong></span> <span class='ocrx_word' id='word_1_433' title='bbox 1185 4437 1457 4485; x_wconf 88' lang='lat' dir='ltr'><strong>omnem</strong></span> <span class='ocrx_word' id='word_1_434' title='bbox 1504 4415 1844 4504; x_wconf 87' lang='lat' dir='ltr'><strong>rejecisset</strong></span> <span class='ocrx_word' id='word_1_435' title='bbox 1877 4415 2153 4498; x_wconf 88' lang='lat' dir='ltr'><strong>fastum,</strong></span> <span class='ocrx_word' id='word_1_436' title='bbox 2187 4415 2450 4483; x_wconf 78' lang='lat' dir='ltr'><strong>sincera</strong></span> <span class='ocrx_word' id='word_1_437' title='bbox 2485 4414 2698 4483; x_wconf 89' lang='lat' dir='ltr'><strong>animi</strong></span> 
     </span>
    </p>
   </div>
  </div>
 </body>
</html>
