3347 4999
134 361 304 426 OCT.
364 361 448 424 ⁴9
807 378 884 424 nn
934 377 985 423 s.
1043 377 1238 424 mrito
1287 377 1364 423 nc
1413 374 1782 424 ALGANTARA
1831 374 2014 422 conr.
2473 359 2601 424 547

136 462 368 531 deesse
419 460 515 529 illi
558 482 691 529 non
744 461 989 530 debeat
1030 461 1249 529 sancti
1300 460 1606 529 nominis
1656 459 1898 549 gloria,
1936 471 1999 528 et
2031 461 2287 548 populo
2317 461 2696 533 christiano

139 552 412 640 insigne
463 551 549 619 ab
599 550 727 618 hoc
778 572 949 619 novo
992 550 1165 618 Petri
1217 548 1410 617 cultu
1458 550 1540 617 ad
1583 550 1900 617 virtutem
1948 548 2499 618 incitamentum.
2534 555 2696 621 Gra-

147 642 272 710 tias
325 640 534 740 igitur
582 639 826 728 agebat
873 639 1329 728 omnipotenti
1387 643 1513 706 Deo
1566 637 1744 706 idem
1793 636 2102 705 Clemens
2154 637 2638 727 praedecessor
2672 696 2692 721 ,

141 731 260 817 qui
325 729 458 799 sibi
529 728 707 796 hanc
784 740 1075 796 mentem
1166 727 1568 816 inspirasset
1649 724 2062 794 decernendi
2133 749 2494 817 supremos
2570 728 2694 798 ho-

142 840 344 887 nores
397 817 555 885 huic
608 817 762 884 Viro
809 816 1228 893 admirabili,
1284 838 1487 902 quem
1542 815 1913 904 praecipuo
1965 814 2156 883 cultu
2212 817 2692 899 venerabatur,
2761 880 2766 885 .

144 921 204 977 et
253 931 292 976 a
342 928 480 993 quo
531 905 903 974 salutarem
957 927 1154 995 opem
1195 906 1262 973 in
1302 905 1620 974 maximis
1657 904 1843 972 hisce
1879 903 2259 972 infelicium
2308 919 2692 989 temporum

145 995 674 1066 discriminibus
711 1049 725 1071 ,
776 995 1173 1080 praesertim
1226 1007 1464 1062 contra
1513 994 1913 1081 superbiam
1965 1005 2031 1061 et
2077 991 2398 1062 ferociam
2444 999 2695 1063 Turca-

145 1108 327 1162 rum,
385 1083 821 1173 implorabat.
882 1088 957 1152 Ut
1007 1097 1232 1151 autem
1287 1082 1734 1151 celeberrima
1786 1082 1960 1149 Petri
2013 1084 2339 1153 sanctitas
2392 1084 2698 1152 testimo-

148 1176 261 1242 nio
311 1174 513 1241 etiam
569 1194 695 1240 suo
736 1172 1324 1260 comprobaretur,
1378 1185 1443 1240 et
1483 1170 1633 1257 ejus
1683 1170 1970 1238 eximias
2020 1172 2304 1240 virtutes
2350 1172 2695 1242 universis

147 1260 725 1333 christifidelibus
779 1260 1148 1329 imitandas
1195 1260 1581 1337 exhiberet,
1656 1282 1734 1328 ac
1787 1258 1976 1328 illius
2025 1259 2092 1327 in
2148 1262 2343 1329 terris
2392 1261 2696 1329 admira-

147 1354 330 1421 tione
380 1351 660 1438 dignam
714 1363 777 1418 et
829 1349 1269 1419 laudabiliter
1300 1361 1708 1418 transactam
1748 1348 1951 1416 vitam
1987 1348 2380 1438 explicaret,
2416 1350 2511 1418 sic
2542 1373 2695 1440 pro—

148 1463 404 1530 ponere
452 1439 874 1507 decreverat:

236 1533 398 1616 ξῖἔ.
452 1533 743 1596 Exortus
794 1528 858 1595 in
915 1528 1134 1595 lucem
1189 1539 1333 1594 erat
1382 1526 1865 1595 sanctissimus
1917 1526 2028 1593 hic
2079 1526 2181 1593 vir
2229 1526 2488 1595 Norbae
2539 1532 2695 1596 Cae-

148 1640 407 1695 sareae,
467 1616 671 1705 vulgo
710 1615 1130 1695 Alcantarae‚
1175 1616 1239 1682 in
1294 1616 1603 1684 Baeturia
1650 1615 2142 1702 Hispaniarum
2183 1615 2480 1705 regione,
2513 1639 2700 1686 anno

152 1721 502 1797 reparatae
553 1705 794 1773 salutis
840 1726 1132 1783 ucnxcix,
1187 1727 1264 1773 ex
1324 1704 1724 1791 parentibus
1773 1725 2018 1792 genere
2067 1726 2145 1771 ac
2201 1705 2443 1792 pietate
2497 1705 2690 1774 nobi-

149 1796 387 1873 libus,
448 1800 635 1863 Petro
685 1795 1004 1863 Garabito
1074 1808 1137 1860 et
1190 1793 1394 1861 Maria
1458 1792 1740 1872 Villela,
1798 1792 2117 1878 idemque
2165 1795 2337 1862 Petri
2394 1817 2638 1863 nomen
2673 1849 2692 1877 ‚

145 1886 328 1971 quod
388 1886 451 1951 in
506 1887 698 1952 sacra
752 1883 1013 1951 familia
1065 1896 1471 1971 perpetuum
1527 1882 1624 1950 illi
1678 1880 1850 1961 fuit,
1907 1903 2100 1950 sacro
2150 1903 2185 1950 e
2235 1882 2416 1952 fonte
2465 1905 2692 1952 susce·
2787 1935 2792 1939 -

148 1987 364 2063 perat.
420 1974 514 2042 Ab
566 1973 843 2041 ineunte
884 1983 1097 2039 aetate
1146 1970 1514 2038 ambulans
1566 1972 1630 2038 in
1687 1971 2100 2049 innocentia,
2159 1970 2377 2041 vitans
2427 1972 2695 2041 lubrica

147 2076 212 2131 et
258 2061 722 2150 voluptatibus
772 2060 1088 2138 obnoxia,
1144 2073 1207 2127 et
1257 2060 1616 2128 hominum
1669 2060 2164 2128 commercium
2200 2058 2493 2150 fugienS,
2535 2083 2697 2130 con-

150 2151 572 2239 templandis
643 2150 845 2218 rebus
912 2148 1166 2217 divinis
1228 2150 1311 2217 ita
1365 2148 1683 2227 vacabat,
1731 2161 1803 2215 ut
1853 2171 2083 2217 amore
2132 2150 2525 2219 coelestium
2580 2151 2689 2217 in-

147 2261 425 2315 census,
472 2239 846 2324 aliquando
895 2251 1079 2307 extra
1116 2259 1186 2306 se
1220 2250 1614 2327 raperetur:
1656 2236 1964 2322 ideoque,
2005 2238 2338 2325 sapientia
2380 2260 2698 2309 crescens

148 2340 214 2396 et
266 2328 484 2415 gratia
523 2352 555 2405 ,·
600 2349 992 2395 mensuram
1046 2328 1284 2395 aetatis
1345 2327 1652 2394 moribus
1703 2326 2039 2396 senilibus
2087 2327 2473 2397 excedebat.
2540 2333 2693 2398 Stu-

150 2415 344 2484 dium
405 2416 779 2484 litterarum
835 2417 1190 2507 ingressus
1239 2415 1377 2483 acri
1430 2415 1706 2503 ingenio
1757 2416 2101 2505 ingentem
2147 2437 2335 2506 spem
2390 2418 2535 2487 suis
2574 2440 2694 2507 pa-

146 2505 460 2575 rentibus
508 2520 573 2573 et
615 2507 940 2596 magistro
990 2504 1262 2573 indidit.
1319 2504 1490 2586 Quia
1546 2526 1699 2574 vero
1754 2520 2028 2574 noverat
2074 2507 2450 2594 sapientem
2504 2506 2693 2577 futu-

143 2617 325 2672 rum,
381 2596 497 2680 qui
547 2616 704 2663 cum
763 2594 1191 2683 sapientibus
1232 2592 1568 2682 graditur,
1627 2593 2106 2683 religiosorum
2176 2595 2478 2664 virorum
2525 2617 2691 2664 con-

144 2685 354 2751 sortio
403 2683 915 2761 delectabatur,
970 2705 1088 2762 ac,
1144 2682 1418 2750 divinae
1472 2686 1868 2771 praesertim
1923 2683 2201 2751 inhians
2253 2685 2632 2772 sapientiae
2670 2738 2684 2761 ,

146 2793 379 2840 sacros
429 2772 825 2841 avidissime
872 2771 1242 2858 quaerebat
1278 2771 1512 2851 libros,
1563 2794 1600 2840 a
1643 2772 1949 2860 profanis
1985 2772 2383 2842 abhorrens.
2423 2776 2693 2858 thuo-

144 2862 329 2930 niam
385 2863 470 2930 ab
511 2861 801 2929 infantia
851 2883 1085 2930 secum
1136 2873 1438 2929 creverat
1490 2860 1982 2941 misericordia,
2029 2861 2356 2929 omnibus
2405 2883 2476 2929 se
2525 2862 2691 2930 cha-

145 2950 365 3019 ritatis
406 2951 729 3039 operibus
780 2950 1057 3019 assidue
1105 2950 1353 3029 dabat;
1405 2949 1717 3018 infirmos
1771 2949 2078 3038 proinde,
2127 2949 2194 3016 in
2246 2972 2516 3017 carcere
2568 2972 2686 3036 po-

142 3040 333 3118 sitoS,
388 3054 451 3108 et
499 3061 750 3128 egenos
797 3053 1136 3125 quantum
1178 3051 1436 3127 poterat
1468 3038 1889 3107 sublevabat.
1941 3042 2103 3106 Cum
2145 3049 2369 3106 autem
2407 3039 2475 3106 in
2513 3037 2685 3107 alios

143 3129 303 3217 pius
350 3142 525 3197 esset
574 3141 637 3196 et
689 3129 1098 3207 misericors,
1158 3129 1287 3196 sibi
1332 3143 1552 3195 tamen
1605 3149 1683 3194 ex
1729 3141 1889 3195 tunc
1943 3127 2314 3215 incipiebat
2362 3149 2509 3196 esse
2559 3150 2684 3195 au-

143 3229 405 3296 sterus;
465 3239 619 3284 nam
676 3238 806 3285 non
847 3217 1071 3284 solum
1126 3216 1462 3303 singulari
1495 3215 1912 3284 abstinentia
1951 3215 2302 3284 sensuales
2338 3217 2684 3305 appetitus

143 3304 438 3384 frenare,
497 3305 610 3373 sed
664 3318 727 3373 et
781 3305 1161 3403 levissimos
1210 3325 1688 3389 quoscumque
1723 3302 2027 3373 defectus
2076 3303 2368 3393 flagellis
2427 3305 2695 3396 asperis

143 3406 593 3464 consueverat
640 3414 936 3482 expiare.

233 3492 270 3564 ἓ
321 3488 412 3553 3.
471 3483 647 3550 Licet
696 3494 948 3560 autem,
988 3481 1190 3549 etiam
1243 3479 1407 3549 dum
1456 3481 1522 3547 in
1561 3480 1792 3550 seculo
1830 3495 2234 3561 versaretur,
2274 3483 2506 3553 animo
2535 3506 2687 3553 coe-

144 3571 285 3642 lum
336 3571 679 3648 recoleret,
741 3570 960 3658 magis
1013 3584 1236 3638 tamen
1287 3592 1364 3638 ac
1419 3571 1638 3660 magis
1688 3570 2054 3639 abundans
2093 3573 2158 3641 in
2198 3572 2481 3642 scientia
2515 3575 2690 3642 etin

142 3662 331 3730 omni
385 3682 593 3730 sensu
648 3659 956 3747 probavit
1007 3659 1303 3748 potiora;
1357 3672 1443 3738 et,
1482 3681 1741 3727 annum
1783 3660 2023 3730 aetatis
2061 3662 2693 3732 sextumdecimum

142 3750 525 3840 ingressuS,
584 3750 646 3816 in
692 3747 1006 3817 custodia
1058 3754 1121 3815 S.
1160 3748 1502 3838 Evangelii
1540 3770 1658 3816 seu
1697 3750 2222 3818 Extremadurae
2253 3749 2461 3838 (quae
2495 3772 2688 3820 nunc

145 3843 209 3907 S.
265 3836 602 3908 Gabriclis
655 3838 1002 3927 provincia
1051 3837 1333 3924 dicitur)
1383 3837 1667 3906 fratrum
1726 3839 2058 3908 Minorum
2111 3838 2683 3907 Discalceatorum

142 3926 453 3996 habitum
507 3940 571 3996 et
627 3927 1087 4015 cvangelicam
1159 3925 1426 3994 vivendi
1478 3927 1766 3996 formam
1833 3929 2156 4015 suscepit.
2212 3927 2402 4010 Quod
2455 3927 2685 3996 consi-

143 4014 313 4083 lium
369 4017 620 4105 insigni
678 4016 991 4106 prodigio
1030 4016 1433 4105 approbavit
1488 4021 1683 4084 Deus.
1741 4021 1905 4084 Cum
1958 4017 2140 4084 enim
2196 4016 2542 4085 festinanti
2596 4015 2688 4084 ad

146 4103 444 4192 religiosi
495 4106 772 4174 Ordinis
825 4119 1089 4194 portum
1146 4127 1405 4174 moram
1438 4105 1764 4192 objiceret
1800 4105 2051 4173 fluvius
2087 4107 2329 4184 Tietar,
2368 4107 2483 4192 qui
2521 4119 2686 4174 tunc

146 4189 311 4259 forte
363 4195 703 4264 imbribus
758 4195 1199 4274 intumuerat,
1260 4217 1478 4279 neque
1526 4193 1664 4262 ulla
1724 4194 1975 4282 navigii
2030 4193 2317 4263 facultas
2349 4209 2548 4275 esset,
2591 4194 2686 4262 ef-

147 4277 342 4349 fusus
393 4282 455 4350 in
507 4307 760 4373 preces,
818 4285 884 4352 in
937 4283 1150 4352 altera
1200 4305 1268 4352 se
1304 4285 1450 4372 ripa
1484 4283 1819 4353 divinitus
1860 4285 2305 4363 constitutum
2344 4284 2684 4373 extemplo

144 4371 396 4459 reperit
461 4378 720 4442 Petrus.
792 4379 864 4442 In
928 4373 1254 4442 coenobio
1306 4386 1438 4440 tam
1495 4395 1782 4464 magnos
1832 4372 1898 4441 in
1953 4375 2198 4442 virtute
2248 4375 2473 4442 statim
2533 4394 2687 4461 pro-

141 4481 422 4549 gressus
459 4462 634 4543 fecit,
682 4475 757 4532 ut
800 4462 993 4531 initio
1022 4462 1321 4532 tirocinii
1352 4463 1655 4533 emeritis
1685 4463 1930 4533 Christi
1961 4463 2296 4533 militibus
2322 4463 2688 4541 emineret,
