3347 4999
226 390 390 458 OCT.
446 392 486 454 8
559 456 560 461 ,
1110 410 1187 456 DE
1236 411 1290 457 s.
1346 409 1633 457 amoma
1682 411 1875 458 vluna
2540 399 2669 463 267

223 493 508 563 libenter
555 492 912 573 intererat;
967 514 1088 562 nec
1141 495 1441 583 pepercit
1490 493 1708 564 labori
1757 496 2096 585 corporis:
2128 497 2245 565 sed
2298 521 2501 568 suave
2549 499 2759 569 etde-

222 580 529 651 lectabile
562 580 660 649 illi
703 581 1081 662 videbatur,
1141 582 1432 672 pedibus
1481 583 1628 652 suis
1682 584 1776 652 ire
1834 584 1918 653 ad
1972 587 2386 655 monasteria
2428 601 2493 657 et
2539 588 2759 657 eccle-

219 671 354 741 sias
402 669 851 751 cathedrales,
893 682 1034 739 tum
1085 672 1174 741 ob
1222 670 1691 761 indulgentias
1732 672 1872 742 sive
1917 673 2453 744 condonationes
2491 697 2759 765 prome-

216 758 489 837 rendas,
545 770 687 827 tum
724 759 810 828 ob
844 758 1226 828 audiendas
1274 760 1627 830 doctorum
1665 760 1967 830 virorum
2003 763 2391 833 conciones.
2430 765 2753 852 Jejuniis;

216 869 511 934 quoque,
554 846 808 937 vigiliis
854 860 918 917 et
950 848 1379 919 orationibus
1426 848 1763 918 ferventer
1811 850 2109 931 intenta,
2147 851 2432 921 docebat
2479 875 2754 921 carnem

215 958 454 1026 parere
502 936 821 1025 spiritui;
875 949 1078 1024 atque
1125 960 1163 1006 a
1212 936 1727 1008 delicatioribus
1775 941 1952 1009 escis
2016 940 2407 1021 abstinens,
2463 963 2542 1010 ea
2592 963 2759 1010 cau-

215 1025 399 1095 tione
448 1024 514 1093 id
551 1024 860 1105 faciebat,
914 1039 989 1095 ut
1039 1049 1080 1095 a
1127 1027 1374 1096 marito
1422 1040 1486 1095 et
1533 1025 1689 1096 aliis
1748 1049 1878 1096 non
1932 1027 2416 1099 adverteretur.
2474 1034 2756 1118 Semper

213 1128 437 1183 autem
494 1113 792 1183 interdiu
826 1113 910 1182 ad
961 1136 1236 1205 corpuS‚
1290 1129 1354 1185 et
1403 1129 1632 1197 noctu,
1688 1116 1969 1186 absente
2031 1118 2300 1201 marito,
2346 1132 2527 1188 veste
2573 1118 2751 1188 dura

212 1216 274 1271 et
306 1224 550 1291 aspera
598 1203 940 1273 utebatur.
1325 1220 1358 1257 ο

298 1294 333 1379 ξ
383 1294 465 1363 8.
518 1292 667 1360 lam
704 1314 883 1372 vero,
937 1291 1401 1372 infirmorum,
1447 1292 1919 1363 morbidorum
1971 1307 2034 1363 et
2084 1316 2465 1385 pauperum
2504 1295 2660 1366 felix
2694 1308 2762 1365 et

214 1378 473 1469 inclyta
509 1393 743 1462 mater,
782 1379 1076 1450 eleemos
1132 1402 1253 1451 nas
1287 1381 1717 1471 largissimas
1743 1385 2151 1472 praestabat.
2186 1385 2494 1455 Habebat
2522 1398 2753 1455 autem

211 1490 505 1559 magnas
544 1468 745 1538 aedes
798 1470 1082 1559 pauperi
1140 1492 1220 1541 us
1274 1469 1658 1559 deputataS,
1713 1484 1778 1540 et
1818 1471 1883 1539 in
1938 1472 2022 1541 iis
2069 1471 2386 1555 feminaS,
2439 1495 2616 1561 quae
2673 1473 2799 1542 il·-

209 1555 439 1627 lorum
487 1558 866 1627 ministerio
915 1580 1187 1647 semper
1233 1572 1762 1648 occuparentur.
1820 1559 1943 1629 Sed
2009 1573 2073 1630 et
2123 1563 2271 1652 ipsa
2319 1585 2503 1632 cum>
2532 1561 2749 1632 multa

208 1644 601 1716 humilitate
653 1668 786 1716 non
848 1668 1000 1716 raro
1052 1646 1189 1716 illis
1251 1646 1706 1728 inserviebat,
1764 1648 2001 1720 lavans
2039 1663 2104 1719 et
2163 1650 2486 1721 osculans
2549 1651 2755 1741 pedes

208 1755 477 1804 eorum.
531 1735 955 1822 Quandoque
1004 1735 1073 1803 in
1148 1748 1349 1825 partu
1404 1758 1480 1805 ea
1545 1735 1925 1827 periculose
1984 1737 2374 1820 laborante,
2446 1754 2756 1809 matrona

208 1823 577 1910 quaedam,
634 1823 789 1895 alba
831 1824 1046 1893 serica
1101 1836 1280 1894 veste
1351 1825 1615 1907 induta,
1684 1826 1765 1894 ad
1818 1848 1966 1895 eam
2022 1828 2557 1917 ingrediebatur,
2615 1829 2756 1897 sin-

208 1912 374 2002 gula
414 1913 711 2002 jacentis
761 1913 1068 1983 membra
1121 1912 1434 2003 palpans.
1489 1918 1797 2002 Cumque
1827 1938 2070 1987 rursus
2117 1917 2575 2007 egrederetur,
2632 1915 2750 1985 illa

209 2022 370 2070 mox
418 2002 567 2070 sine
606 2000 750 2070 ulla
783 2001 1184 2071 difficultate
1238 2003 1517 2092 peperit.
1552 2008 1693 2072 Non
1733 2004 2052 2085 dubium,
2086 2007 2253 2092 quin
2310 2006 2505 2076 beata
2544 2006 2756 2075 Maria

207 2088 438 2171 fuerit,
493 2090 673 2159 sicut
710 2104 938 2178 postea
981 2113 1099 2179 per
1150 2090 1625 2162 revelationem
1672 2092 1734 2161 ei
1785 2093 2133 2162 indicavit.
2197 2095 2479 2165 Maritus
2525 2109 2750 2164 autem

208 2178 384 2268 ejus,
446 2200 602 2247 cum
653 2193 829 2248 esset
881 2179 984 2247 vir
1045 2193 1368 2250 strenuus
1427 2194 1491 2248 et
1549 2194 1811 2269 potens,
1868 2194 1932 2251 et
1978 2204 2059 2251 ex
2110 2184 2500 2272 praecipuis
2550 2183 2754 2273 Regis

208 2266 653 2347 consiliariis,
746 2271 1054 2357 erspecta
1105 2281 1289 2337 tanta
1330 2269 1480 2359 ejus
1533 2270 1779 2339 virtute
1807 2283 1871 2339 et
1919 2272 2163 2361 gratia,
2218 2271 2408 2342 illius
2443 2273 2659 2342 sacris
2690 2284 2756 2341 et

207 2353 632 2424 salutaribus
729 2356 1149 2426 electabatur
1200 2358 1637 2428 sermonibus
1686 2370 1751 2427 et
1795 2360 2130 2441 consiliis,
2188 2360 2279 2430 ita
2342 2373 2440 2441 ut,
2502 2360 2751 2450 spretis

207 2443 539 2514 omnibus
591 2444 984 2516 mundanae
1023 2446 1344 2516 vanitatis
1377 2447 1758 2517 bonoribus
1791 2460 1856 2518 et
1907 2449 2200 2541 pompis,
2241 2450 2328 2520 ab
2355 2449 2508 2520 aula
2549 2451 2753 2542 Regis

204 2554 493 2623 prorsus
542 2555 614 2602 se
660 2534 1097 2616 subduceret,
1135 2536 1467 2622 suavique
1491 2537 1665 2627 jugo
1705 2538 1970 2606 Domini
2017 2560 2088 2608 se
2137 2551 2352 2608 totum
2399 2539 2755 2609 humiliter

206 2621 645 2702 submittenS,
707 2623 1039 2710 quicquid
1088 2638 1264 2693 esset
1312 2646 1606 2711 aequum
1681 2639 1747 2694 et
1797 2627 2111 2716 justum,
2166 2627 2494 2715 quicquid
2550 2628 2750 2697 bonis

208 2710 524 2780 moribus
570 2725 635 2780 et
685 2711 1023 2781 honestati
1072 2725 1610 2783 consentaneum
1642 2768 1658 2795 ,
1722 2714 1790 2782 in
1854 2715 2144 2805 gloriam
2195 2728 2260 2786 et
2309 2716 2580 2786 laudem
2640 2717 2750 2785 Dei

203 2798 575 2868 efficaciter
621 2822 738 2869 exe
791 2801 862 2868 ui
933 2813 1319 2870 conaretur.
1375 2802 1622 2872 Didicit
1672 2825 1828 2872 vero
1884 2805 2086 2873 etiam
2138 2828 2177 2874 a
2226 2805 2420 2874 beata
2468 2805 2752 2896 Birgitta

203 2886 431 2976 legere
481 2910 714 2978 preces
813 2890 1074 2960 orarias
1125 2890 1559 2960 beatissimae
1610 2893 1841 2961 Matris
1892 2894 2029 2962 Dei.
2084 2893 2296 2962 Ambo
2345 2893 2557 2984 igitur
2621 2893 2750 2962 fer-

202 2990 437 3046 ventes
485 2978 756 3067 spiritu,
802 2992 879 3048 ut
926 3001 996 3048 se
1046 2979 1333 3050 liberius
1381 3002 1421 3049 a
1472 2980 1718 3050 mundi
1777 2982 2194 3051 vanitatibus
2240 2983 2658 3072 expedirent,
2713 3004 2749 3051 e

200 3067 423 3155 patria
475 3089 600 3136 sua
646 3081 994 3148 exeunteS‚
1052 3089 1185 3137 non
1231 3070 1381 3137 sine
1431 3068 1647 3138 multo
1702 3068 1933 3139 labore
1971 3083 2036 3139 et
2076 3083 2360 3160 sumptu
2389 3124 2407 3151 ,
2463 3069 2754 3171 profecti

202 3167 366 3224 sunt
416 3154 480 3223 in
519 3156 921 3245 Hispaniam
951 3155 1034 3225 ad
1072 3161 1399 3227 Sanctum
1448 3158 1780 3227 Jacobum
1806 3182 1821 3239 ;
1852 3173 1918 3228 et
1958 3157 2233 3227 tandem
2281 3159 2517 3229 multis
2553 3181 2749 3250 pera-

202 3244 419 3333 gratis
459 3258 852 3315 sanctorum
891 3245 1108 3327 Locis,
1148 3268 1306 3315 cum
1348 3246 1494 3336 jam
1529 3258 1757 3316 essent
1804 3247 1872 3314 in
1910 3247 2157 3329 reditu,
2205 3248 2496 3319 maritus
2529 3249 2754 3338 coepit

200 3331 386 3420 apud
440 3333 782 3403 Atrebates
817 3334 852 3368 '⁴‘
881 3334 1176 3424 pessime
1224 3333 1468 3405 valere.
1508 3340 1939 3405 Increscente
1986 3349 2216 3406 autem
2268 3339 2531 3418 morbo,
2589 3360 2749 3406 cum

201 3420 471 3490 beatam
525 3421 877 3511 Birgittam
961 3423 1194 3513 magni
1245 3425 1550 3492 tenerent
1627 3445 1968 3513 angores,
2040 3439 2319 3495 sanctus
2381 3427 2750 3516 Dionysius

200 3529 350 3577 eam
402 3510 797 3579 consolatus
828 3524 951 3592 est,
991 3512 1082 3580 ita
1113 3511 1394 3581 dicens:
1437 3538 1463 3575 u
1494 3517 1630 3601 Ego
1682 3535 1835 3582 sum
1872 3513 2263 3602 DionysiuS,
2303 3515 2424 3601 qui
2458 3516 2545 3585 ab
2579 3515 2751 3585 urbe

200 3600 412 3667 Roma
467 3598 536 3666 in
587 3597 842 3669 Gallias
890 3601 1044 3670 veni
1096 3599 1488 3690 praedicare
1521 3602 1803 3670 verbum
1860 3603 1995 3671 Dei.
2049 3608 2148 3673 Tu
2180 3625 2366 3694 ergo,
2420 3625 2597 3691 quae
2640 3625 2750 3672 me

201 3685 644 3776 singulariter
690 3709 905 3769 amas,
960 3688 1136 3759 scire
1181 3689 1410 3771 debeS‚
1468 3711 1588 3778 per
1635 3702 1698 3759 te
1750 3690 1918 3761 velle
1970 3697 2177 3761 Deum
2232 3692 2492 3762 mundo
2542 3692 2752 3762 inno-

201 3787 479 3856 tescere,
529 3789 725 3862 teque
778 3798 966 3847 meae
1014 3799 1222 3847 curae
1271 3779 1713 3848 commissam
1764 3801 1937 3850 esse.
2017 3781 2228 3871 Cujus
2306 3782 2402 3850 rei
2454 3780 2581 3852 hoc
2630 3781 2749 3850 ha-

197 3861 394 3933 bebis
443 3864 747 3954 signum,
802 3865 983 3951 quod
1044 3867 1335 3936 maritus
1386 3880 1546 3937 tuus
1585 3869 1730 3959 jam
1790 3890 1921 3938 non
1976 3870 2403 3938 morietur.»
2455 3874 2742 3939 Transa-

202 3952 329 4022 ctis
382 3952 540 4022 inde
589 3952 850 4040 aliquot
897 3976 975 4024 eo
1026 3954 1095 4023 in
1148 3954 1297 4024 loco
1361 3954 1649 4037 diebus,
1707 3957 1873 4027 vidit
1912 3958 1980 4027 in
2041 3958 2289 4047 spiritu
2337 3957 2750 4029 admiranda

202 4041 568 4126 quaedam,
616 4041 1205 4129 quemadmodum
1245 4044 1426 4114 itura
1472 4060 1649 4116 esset
1697 4050 1984 4117 Romam
2014 4101 2029 4127 ,
2083 4059 2148 4116 et
2193 4047 2688 4136 lerosolymam
2724 4103 2739 4130 ,

202 4142 267 4197 et
311 4150 348 4198 e
395 4152 680 4221 corpore
729 4132 1136 4221 migratura.

290 4220 467 4304 §8.
536 4226 801 4290 Rursus
866 4220 1126 4308 aliquot
1189 4220 1478 4292 evolutis
1542 4222 1834 4304 diebus,
1888 4246 2049 4293 cum
2113 4224 2214 4292 vir
2274 4225 2424 4316 ejus
2495 4247 2750 4294 conva-

203 4303 493 4388 luisset,
557 4309 626 4376 in
688 4310 978 4400 patriam
1033 4310 1428 4392 redierunt,
1498 4311 1829 4402 ipsaque,
1886 4317 2017 4382 Deo
2078 4312 2363 4395 dilecta,
2423 4315 2747 4384 maritum

199 4416 404 4465 suum
441 4398 695 4467 sanctis
727 4399 1321 4470 adhortationibus
1366 4399 1655 4489 perfecte
1703 4400 1787 4470 ad
1827 4406 2037 4470 Deum
2082 4403 2434 4483 convertit,
2490 4416 2555 4472 et
2595 4415 2743 4473 tum

249 4522 274 4546 ⁴·
301 4524 560 4571 Atrebates,
580 4526 792 4566 Arteniae
813 4525 999 4577 (gallice
1017 4526 1189 4578 Arenio)
1207 4527 1425 4577 populus.
1444 4529 1565 4569 Item
1586 4530 1701 4569 urbs
1722 4533 1871 4569 Arma
1888 4530 2134 4570 Atrebates
2155 4531 2425 4571 vocabatur.
