3347 4999
177 347 351 415 OCT.
406 345 485 410 ⁴4
921 365 998 410 ΒΕ
1045 365 1100 411 s.
1154 361 1526 411 aunannoo
1573 365 1823 411 ananie.
1876 366 1976 411 ΕΡ.
2493 350 2623 414 407

183 449 420 520 aetatis
466 460 673 536 atque
719 447 1135 518 conditionis
1166 502 1181 530 ,
1245 446 1495 518 fontem
1548 448 1722 518 vitae
1782 469 2096 534 quaeque
2149 449 2388 520 sitiens
2448 452 2706 520 anima.

181 544 230 608 E
275 537 533 626 quibus
581 537 684 606 vir
731 536 1266 618 illustrissimus,
1322 536 1598 606 nomine
1646 536 2062 607 Gumbertus
2094 537 2150 617 *,
2190 538 2512 609 universa
2567 562 2712 610 mo-

187 649 340 697 rum
383 649 463 696 ac
512 626 782 716 generis
832 625 1182 694 nobilitate
1234 625 1649 715 praeclaruS,
1694 625 1845 714 ejus
1890 638 1991 695 est
2037 628 2487 696 contubernio
2548 650 2713 698 con-

173 716 497 803 junctus:
552 728 628 784 ut
666 714 854 783 illius
919 713 1238 784 convictu
1274 726 1477 801 atque
1523 713 1889 800 colloquio,
1934 735 2064 784 ceu
2108 713 2525 802 quibusdam
2569 737 2712 786 me-

185 803 655 874 dicaminibus
701 825 741 872 a
775 802 1103 872 secularis
1133 801 1351 872 fastus
1386 815 1651 872 tumore
1703 802 2030 884 mollitus,
2084 803 2495 890 quandoque
2521 826 2712 873 sum-

184 914 335 962 mae
387 891 886 981 philosophiae,
939 913 1116 978 quae
1169 902 1270 962 est
1320 890 1561 960 mundi
1607 903 2078 979 contemptuS,
2132 891 2711 982 comprehendere

182 994 410 1072 posset
456 1002 813 1050 ascensuS.
858 985 1102 1050 Verum
1152 980 1315 1067 quia
1354 980 1476 1067 qui
1524 1002 1683 1049 cum
1734 1003 1808 1049 sa
1863 980 2160 1050 ientibus
2212 980 2546 1069 graditur,
2599 1002 2710 1050 sa-

181 1070 377 1159 piens
417 1069 571 1148 erit;
617 1068 717 1138 sic
755 1091 792 1137 e
838 1068 1178 1138 contrario
1203 1067 1472 1138 amicus
1507 1067 1721 1148 stulti,
1763 1089 1799 1137 e
1852 1068 2096 1137 tcietur
2140 1068 2388 1138 similis
2421 1069 2524 1137 ei:
2569 1091 2706 1138 non

180 1158 401 1228 multo
452 1170 602 1248 post
634 1157 914 1247 praedia
962 1180 1110 1238 sua,
1148 1156 1404 1244 quibus
1454 1178 1616 1247 prae
1646 1158 1916 1226 cunctis
1965 1157 2092 1227 hac
2141 1157 2211 1225 in
2265 1180 2332 1226 re
2387 1158 2538 1227 ione
2590 1157 2710 1227 de-

178 1247 503 1337 gentibus
550 1246 992 1327 abundabat,
1048 1245 1117 1314 in
1185 1246 1404 1316 sancti
1470 1245 1719 1315 Kiliani
1790 1247 2268 1336 proprietatem
2366 1246 2702 1335 elegavit,

180 1357 497 1423 moxque,
531 1334 858 1424 depositis
882 1334 1117 1417 armiS,
1151 1334 1381 1405 seculo
1408 1335 1859 1415 renunciavit;
1901 1336 2135 1422 sicque
2184 1334 2413 1404 nudus
2449 1334 2708 1404 nudam

177 1428 461 1494 Crucem
499 1445 696 1493 suam
725 1422 1043 1513 bajulans
1072 1434 1221 1512 post
1269 1423 1635 1503 Christum,
1667 1424 1889 1513 coepit
1921 1424 2195 1492 beatum
2227 1422 2704 1493 Burchardum

177 1511 580 1583 nullatenus
627 1511 957 1582 deserere.
1011 1516 1215 1582 Porro
1270 1533 1349 1580 ex
1400 1522 1560 1580 tunc
1619 1511 2106 1602 perfectissime
2155 1518 2423 1602 semper
2454 1510 2705 1581 adhae-

181 1623 338 1671 rens
378 1601 686 1691 vestigiis
749 1601 1058 1701 magistri
1122 1600 1321 1670 bonis
1388 1600 1604 1669 initiis
1666 1622 1833 1669 suae
1895 1600 2474 1682 conversationis,
2539 1601 2708 1669 adeo

179 1688 566 1760 laudabiles
613 1689 926 1779 adjunxit
959 1710 1345 1769 successuS,
1384 1701 1462 1758 ut
1508 1710 1780 1779 semper
1817 1689 1966 1779 ejus
1998 1689 2508 1758 conversionem
2538 1711 2708 1758 cun-

177 1791 443 1848 ctorum
524 1778 783 1865 ubique
848 1790 1166 1847 sonarent
1212 1799 1371 1846 ora:
1431 1782 1613 1846 Haec
1681 1781 1964 1847 mutatio
2033 1779 2352 1847 deoeterae
2426 1778 2701 1847 eoecelsi.

178 1870 433 1957 Nempe
482 1866 857 1936 multorum
905 1865 990 1934 ad
1050 1866 1270 1956 ipsius
1350 1866 1895 1955 provocabantur
1955 1867 2400 1936 imitationem
2449 1864 2701 1946 corda,

181 1955 250 2022 in
306 1967 599 2033 tantum,
656 1968 733 2024 ut
777 1977 854 2023 ex
889 1954 1007 2024 illo
1058 1968 1356 2055 tempore
1406 1954 1726 2044 plurimis
1773 1954 2078 2024 donariis
2124 1966 2189 2023 et
2242 1953 2706 2024 oblationibus

185 2043 525 2124 fidelium,
579 2043 1092 2132 Herbipolitana
1148 2042 1350 2112 ditari
1407 2064 1539 2111 non
1583 2056 1878 2114 cessaret
1924 2043 2244 2122 Ecclesia;
2297 2043 2510 2112 donec
2549 2042 2706 2132 jam

174 2153 257 2201 ex
313 2133 605 2201 minima
651 2145 716 2202 et
811 2130 1205 2224 aupercula,
1260 2131 1437 2201 facta
1497 2143 1598 2200 est
1665 2153 1790 2220 per,
1845 2132 1960 2200 Dei
2008 2132 2297 2221 gratiam
2365 2130 2592 2220 ampla
2643 2141 2707 2199 et

180 2242 433 2311 magna
499 2221 750 2311 respub
784 2221 922 2300 ica;
1001 2219 1446 2307 nondumque
1493 2241 1797 2289 crescere
1864 2220 2128 2290 desistit
2181 2221 2379 2309 copia
2430 2240 2700 2300 rerum,

174 2322 525 2378 crescente
591 2309 921 2379 nimirum
1001 2330 1285 2377 numero
1359 2307 1692 2378 fidelium.
1761 2309 1969 2399 Cujus
2041 2307 2371 2397 profectui
2442 2307 2709 2376 videtur

171 2395 337 2466 illud
384 2398 853 2486 Apostolicum
897 2418 1032 2465 non
1074 2397 1626 2467 inconvenienter
1673 2398 1930 2486 aptari:
1981 2399 2049 2465 K
2054 2399 2307 2466 ilianus
2331 2398 2698 2488 plantavit,

172 2487 609 2557 Burchardus
640 2488 939 2578 re‘yavit:
994 2486 1293 2557 Christus
1332 2496 1556 2555 autem
1599 2487 2073 2557 incrementum
2121 2488 2322 2556 dedit.
2365 2484 2491 2557 Sed
2518 2484 2708 2554 enim

176 2575 277 2643 vir
325 2575 514 2646 idem
554 2576 873 2666 egregius
920 2575 1374 2654 GumbertuS‚
1431 2588 1507 2644 ut
1538 2575 1702 2644 olim
1735 2575 1800 2643 in
1837 2575 2251 2645 secularium
2287 2573 2708 2665 dignitatum

175 2661 485 2735 fascibus
533 2686 605 2733 se
656 2664 1051 2753 probaverat
1100 2674 1484 2745 strenuum,
1539 2665 1633 2732 ita
1683 2676 1832 2752 post
1878 2664 2387 2733 conversionem
2441 2663 2511 2730 in
2563 2661 2754 2750 spi-·

179 2752 404 2822 rituali
463 2753 973 2823 conversatione
1030 2751 1203 2820 nulli
1251 2773 1322 2821 se
1373 2774 1617 2840 passus
1692 2767 1793 2821 est
1858 2753 2034 2822 inter
2090 2752 2265 2821 beati
2329 2747 2709 2819 Burchardi

176 2841 546 2911 sectatores
584 2840 820 2910 haberi
852 2839 1259 2921 secundum,
1314 2841 1464 2929 ejus
1498 2840 1790 2910 formam
1827 2862 2097 2929 semper
2130 2837 2708 2909 indeclinabiliter

179 2928 571 3011 intendenS,
626 2928 794 3000 illud
867 2929 1347 3018 Evangelicum
1423 2929 1819 2998 ruminabat
1881 2930 2302 3015 frequenter:
2368 2929 2709 3025 Perfectus

175 3021 301 3087 erit
339 3021 579 3099 omm'S,
631 3020 696 3087 si
747 3020 835 3087 sit
880 3019 1052 3087 sicut
1109 3020 1432 3107 magister
1483 3021 1650 3108 ejus.
1696 3019 1820 3086 Hic
1867 3017 2069 3085 etiam
2124 3028 2275 3105 post
2330 3026 2708 3103 praesentis

177 3108 350 3177 vitae
414 3129 744 3187 cursum,
801 3106 970 3175 bene
1019 3107 1086 3174 in
1140 3106 1387 3176 Christi
1454 3105 1792 3175 famulatu
1856 3115 2441 3183 consummatum,
2508 3103 2710 3191 juxta

176 3194 351 3266 beati
389 3195 772 3265 Burchardi
810 3195 1358 3284 promissionem,
1413 3195 1482 3262 in
1532 3193 1769 3262 eodem
1819 3192 2252 3272 monasterio,
2304 3191 2488 3277 quod
2543 3211 2707 3259 con-

179 3283 552 3354 donaverat
596 3283 923 3353 ecclesiae
973 3283 1543 3375 Wirceburgensi,
1583 3280 1883 3371 possidet
1930 3280 2355 3368 sepulcrum.
2395 3280 2497 3350 Ibi
2529 3300 2709 3348 non-

180 3389 566 3462 nunquam,
621 3373 768 3462 ipso
831 3371 1349 3460 interpellante,
1410 3392 1735 3440 concessa
1821 3369 2259 3440 manifestant
2319 3367 2699 3449 beneficia,

178 3476 520 3547 quantum
562 3460 693 3532 sibi
743 3459 1093 3550 profuerit,
1143 3460 1320 3530 beati
1383 3458 1763 3528 Burchardi
1811 3471 2124 3528 secutum
2160 3457 2373 3529 fuisse
2424 3457 2702 3526 monita.

266 3553 302 3637 ἓ
353 3555 500 3623 21.
554 3554 732 3619 Haec
779 3549 1052 3637 itaque,
1109 3549 1265 3618 licet
1314 3570 1579 3638 pauca,
1660 3547 1746 3617 de
1794 3547 2030 3616 multis
2082 3548 2258 3617 beati
2329 3543 2710 3615 Burchardi

180 3636 575 3717 virtutibus,
629 3638 959 3707 doctrinis
1017 3649 1081 3706 et
1129 3636 1499 3726 exemplis,
1550 3636 1750 3724 juxta
1795 3634 2184 3704 facultatem
2237 3635 2561 3726 pauperis
2606 3634 2711 3733 in-

183 3726 438 3813 genioli
474 3728 684 3796 nostri
716 3726 978 3815 digesta
1011 3725 1381 3801 sufficiant,
1418 3747 1595 3812 quae
1627 3725 1948 3813 decerpta
1973 3724 2251 3810 quidem
2287 3721 2710 3793 anonnullts

181 3816 619 3904 antiquorum
682 3814 1173 3894 relationibus,
1226 3815 1392 3884 satis
1451 3813 1860 3904 simpliciter
1895 3812 2227 3893 exaratiS,
2310 3822 2578 3880 nostras
2615 3810 2710 3910 ‚in

184 3922 433 3975 manus
480 3903 911 3972 devenerant.
959 3907 1306 3972 Caeterum
1359 3902 1418 3972 si
1464 3903 1621 3988 quis
1654 3913 1899 3972 cuncta
1936 3901 2335 3970 meritorum
2379 3898 2570 3968 illius
2611 3918 2713 3966 in-

182 3988 406 4080 signia
453 3992 729 4082 scriptis
775 3990 1138 4081 condignis
1192 4003 1521 4061 annotare
1570 3990 1963 4069 tentaverit,
2026 3987 2499 4087 proculdubio·
2544 3998 2714 4055 tem-

185 4080 370 4165 poris
415 4092 536 4151 aut
581 4080 841 4172 ingenii
915 4078 1254 4150 defectum
1286 4134 1301 4161 ,
1358 4079 1657 4148 materiei
1713 4076 2290 4167 superabundans
2349 4097 2546 4167 copia
2596 4096 2713 4164 pa·

183 4167 383 4237 rabit.
428 4174 856 4261 Quapropter
886 4169 987 4238 uti
1082 4182 1187 4238 ost
1237 4167 1621 4258 prolongati
1671 4167 2013 4235 incolatus
2062 4166 2172 4235 sui
2224 4164 2714 4255 peregrinatio-

185 4274 339 4325 nem
369 4257 512 4344 jam
563 4258 889 4328 emeritus
939 4258 1032 4326 mi
1063 4279 1159 4338 es,
1215 4256 1397 4327 velut
1457 4277 1702 4326 cervus
1750 4254 2068 4324 umbram
2140 4252 2581 4333 desiderans,
2626 4250 2712 4319 de

186 4358 400 4414 morte
447 4347 753 4437 corporis
778 4345 994 4435 hujus
1042 4346 1395 4426 liberatus,
1434 4344 1503 4412 in
1533 4343 1866 4436 gaudium
1903 4342 2174 4412 Domini
2220 4342 2353 4423 sui,
2390 4363 2512 4432 pro
2546 4340 2716 4409 bene

234 4465 262 4493 ²⁶¹
290 4468 573 4514 Numerum·
594 4470 717 4515 inter
736 4474 944 4521 stactes,
962 4473 1228 4523 coliturque
1246 4472 1322 4514 dle
1343 4473 1394 4513 15
1407 4467 1533 4520 jum.
