3347 4999
258 325 430 391 OCT.
486 325 525 388 5
1018 340 1096 385 DE
1145 339 1236 386 ss.
1292 338 1550 387 rumino
1600 340 1676 385 m·
1724 339 1923 388 socns
1971 342 2082 388 uu.
2598 329 2722 394 ⁴93

257 426 690 497 Christianus
723 446 905 492 sum.
962 427 1107 492 Dux
1156 423 1373 492 dixit:
1428 428 1605 512 Nega
1657 424 2003 493 Christum
2047 438 2268 506 tuum,
2309 439 2372 495 et
2405 427 2516 498 dic
2548 430 2617 500 in
2653 454 2814 502 eum

255 515 592 594 convicia,
658 527 723 581 et
772 513 971 600 juxta
1021 512 1230 580 ritum
1282 511 1718 580 invictissimi
1769 514 1974 602 Regis
2017 515 2231 582 nostri
2272 516 2567 586 Abdalae
2607 520 2816 589 deum

258 606 495 684 adora,
533 616 599 672 et
639 601 910 671 dimitto
956 615 1036 670 te.
1095 605 1385 670 Sanctus
1433 599 1754 669 Placidus
1806 602 2203 690 respondit:
2258 608 2396 692 Ego
2448 610 2817 678 Dominum

258 701 498 765 Jesum
551 691 895 761 Christum
952 711 1312 776 nunquam
1364 703 1742 778 negaturus
1792 712 1947 758 sum
1981 745 2002 770 ,
2057 703 2121 759 et
2174 713 2293 779 pro
2341 692 2490 777 ejus
2541 699 2820 768 nomine

262 783 436 851 mori
471 780 811 852 desidero.
868 784 1014 847 Dux
1065 800 1219 847 vero
1269 777 1349 846 ad
1405 778 1572 847 haec
1622 800 1820 846 saeve
1867 780 2267 868 indignans,
2324 780 2495 850 dixit
2550 784 2636 853 ad
2688 791 2819 856 Eu-

268 871 574 961 tychium
625 884 689 938 et
736 867 1187 947 Victorinum,
1245 866 1568 948 Flaviam,
1612 871 1965 947 Faustum,
2023 869 2396 938 Firmatum
2441 869 2815 943 diaconum

261 974 326 1030 et
375 959 676 1046 reliquos
726 957 1040 1046 triginta:
1092 960 1222 1024 Vos
1270 954 1437 1042 quid
1489 955 1768 1024 dicitis?
1816 956 2390 1045 obtemperabitis
2435 963 2817 1051 praeceptis

261 1045 820 1118 excellentissimi
851 1045 1055 1135 Regis
1082 1044 1401 1125 Abdalae,
1433 1057 1507 1113 ut
1534 1044 1878 1114 Christum
1920 1045 2407 1133 relinquentes,
2441 1048 2644 1119 deum
2697 1073 2815 1119 no—

263 1151 482 1208 strum
516 1135 860 1205 adoretis?
892 1133 1122 1203 Sancti
1158 1145 1387 1202 autem
1425 1137 1753 1222 Martyres
1784 1135 1984 1221 quasi
2014 1157 2092 1203 ex
2127 1157 2266 1204 uno
2302 1157 2415 1204 ore
2456 1137 2812 1210 dixerunt:

265 1250 300 1294 «
326 1225 517 1309 Quod
550 1226 616 1292 in
656 1223 890 1293 animo
932 1222 1184 1291 insidet
1220 1234 1462 1302 vestm,
1505 1221 1833 1310 perficite.
1871 1229 2058 1292 Unus
2091 1224 2274 1292 enim
2310 1225 2506 1295 nobis
2538 1228 2817 1301 animus

262 1329 386 1395 est,
433 1336 572 1383 una
603 1313 798 1392 fides,
840 1333 1024 1381 unus
1059 1311 1227 1389 ordo
1261 1311 1555 1391 vivendi,
1601 1326 2024 1402 quapropter
2052 1334 2128 1382 ea
2164 1336 2341 1400 quae
2376 1337 2413 1383 a
2447 1316 2667 1404 primo
2698 1340 2819 1387 au-

266 1404 452 1482 disti,
500 1403 585 1471 ab
625 1401 953 1501 omnibu-s
996 1400 1258 1470 dictum
1301 1421 1449 1470 esse
1501 1412 1757 1489 putate.
1791 1405 1919 1470 Pro
1950 1423 2182 1471 amore
2219 1425 2518 1490 namque
2567 1407 2818 1477 Christi

266 1507 483 1584 parati
521 1513 766 1561 sumus
815 1511 1120 1558 animam
1165 1509 1505 1578 ponere.»
1858 1577 1870 1589 ·

351 1584 386 1668 ξ
420 1586 559 1653 14.
615 1580 709 1648 Ad
744 1579 986 1648 horum
1026 1579 1253 1664 itaque
1294 1583 1668 1666 Martyrum
1708 1578 1970 1647 famina
1999 1578 2166 1648 dum
2214 1581 2579 1652 Mamucha
2612 1583 2816 1653 vehe-

269 1684 532 1739 menter
571 1669 834 1747 iratus‚
874 1667 1087 1753 jussit
1139 1679 1413 1735 sanctos
1474 1666 1585 1734 Dei
1626 1666 1984 1736 Placidum
2019 1721 2034 1748 ,
2091 1670 2504 1758 Eutychium
2541 1726 2555 1752 ,
2599 1674 2821 1744 Victo-

266 1760 500 1832 rinum
531 1780 610 1828 ac
644 1756 976 1856 virginem
1013 1754 1310 1823 Flaviam
1347 1776 1505 1824 cum
1544 1754 1828 1841 reliquis
1860 1756 2118 1826 sanctis
2151 1758 2541 1847 exspoliari,
2579 1774 2643 1830 et
2668 1785 2822 1852 gra-

266 1848 544 1917 vissime
615 1845 914 1915 fustibus
984 1843 1224 1924 caedi,
1281 1844 1501 1912 sancti
1575 1849 1904 1933 Martyres
1974 1845 2378 1916 exultabant
2424 1862 2489 1917 et
2559 1851 2816 1939 gaude-

266 1938 433 2007 bant
481 1935 547 2003 in
605 1934 931 2011 DominO,
983 1933 1310 2019 quoniam
1385 1932 1582 2022 digni
1640 1933 1855 2001 habiti
1908 1947 2069 2004 sunt
2141 1957 2263 2025 pro
2338 1936 2616 2006 nomine
2664 1940 2818 2028 ejus

266 2026 628 2095 verberum
682 2020 1027 2112 supplicia
1070 2021 1233 2110 pati.
1274 2020 1525 2091 Videns
1574 2043 1731 2091 vero
1783 2022 2245 2112 impiissimus
2287 2024 2426 2094 dux
2462 2027 2644 2113 quod
2671 2030 2818 2118 jam

270 2115 340 2182 in
392 2112 714 2182 extremis
762 2122 989 2179 essent
1023 2164 1038 2191 ,
1092 2110 1263 2178 dixit
1310 2109 1396 2178 ad
1446 2132 1601 2179 eos:
1658 2110 1894 2185 Dicite,
1951 2112 2150 2181 morti
2200 2113 2549 2195 destinati,
2604 2117 2663 2186 si
2715 2139 2820 2186 re-

269 2203 581 2289 linquere
632 2200 836 2269 vultis
896 2198 1311 2267 Crucifixum
1347 2253 1361 2278 ,
1428 2222 1512 2267 an
1569 2200 1790 2288 perire
1852 2199 2305 2270 decrevistis?
2363 2205 2591 2274 Sancti
2647 2211 2823 2274 Mar-

270 2305 453 2379 tyres
502 2288 866 2356 dixerunt:
923 2311 958 2354 «
996 2293 1126 2357 Nos
1186 2288 1551 2357 Dominum
1600 2293 1837 2358 Jesum
1892 2288 2263 2372 Christum,
2319 2314 2556 2361 verum
2608 2298 2820 2364 Deum

268 2401 417 2449 esse
450 2376 653 2446 corde
685 2376 1056 2455 credimus,
1097 2398 1213 2445 ore
1246 2375 1681 2456 confitemur,
1719 2390 1786 2446 et
1820 2378 1907 2446 ab
1941 2378 2091 2467 ejus
2125 2379 2401 2449 cultura
2457 2403 2818 2470 nunquam

269 2466 695 2537 recedemus.
762 2471 888 2535 Fac
935 2464 1118 2552 quod
1187 2464 1289 2534 vis
1324 2520 1339 2547 ,
1395 2465 1762 2536 Christiani
1831 2488 2098 2538 sumus.
2148 2491 2183 2535 »
2245 2469 2678 2557 Stupefactus
2735 2471 2822 2542 ad

271 2557 440 2625 haec
489 2554 1019 2625 crudelissimus
1066 2554 1343 2634 arbiter,
1380 2553 1551 2623 dixit
1601 2555 1982 2624 ministris:
2036 2562 2292 2627 Iterum
2359 2559 2815 2650 flagellentur,

271 2643 750 2714 crudelissime
802 2655 1272 2730 torqueantur,
1328 2643 1605 2713 verbera
1643 2644 2043 2716 verberibus
2090 2646 2479 2727 addantur,
2535 2648 2821 2719 forsitan

270 2733 675 2823 resipiscent
723 2732 843 2812 hi,
897 2732 1018 2818 qui
1088 2733 1154 2801 in
1219 2754 1447 2801 errore
1518 2733 1967 2803 decreverunt
2029 2757 2457 2825 permanere.
2530 2738 2825 2808 Ministri

268 2824 499 2910 itaque
541 2822 741 2910 juxta
788 2821 986 2890 ducis
1036 2820 1406 2911 imperium
1461 2821 1889 2912 flagellantes
1936 2834 2000 2892 et
2052 2837 2441 2911 torquentes
2488 2847 2626 2908 eos,
2680 2826 2824 2895 cla-

273 2914 580 2992 mabant,
613 2911 960 2980 dicentes:
997 2915 1246 2999 Negata
1277 2909 1621 2979 Christum
1653 2926 1981 2990 vestrum,
2024 2928 2286 3002 negate.
2327 2916 2559 2984 Sancti
2592 2929 2822 2986 autem

270 3000 438 3068 dum
491 3011 995 3085 torquerentur,
1039 2999 1372 3087 rogabant
1421 3000 1819 3080 Dominum,
1868 2999 2207 3070 dicentes:
2257 3025 2292 3068 «
2330 3003 2611 3074 Domine
2655 3010 2825 3075 Jesu

270 3089 555 3168 Christe,
611 3087 710 3156 fili
761 3087 899 3166 Dei,
958 3086 1174 3155 libera
1215 3109 1339 3156 nos
1386 3090 1473 3156 ab
1517 3089 1713 3157 omni
1768 3089 2156 3170 tentatione,
2219 3104 2284 3159 et
2338 3091 2425 3160 ab
2474 3092 2823 3164 scandalis

263 3177 702 3267 operantium
762 3175 1221 3263 iniquitatem.
1267 3198 1303 3242 »
1359 3178 1497 3245 Dux
1548 3198 1737 3257 vero,
1795 3176 1880 3246 ad
1946 3182 2322 3267 Martyrum
2392 3181 2821 3252 tolerantiam

269 3278 648 3357 permotuS,
706 3264 1051 3353 praecepit
1096 3276 1173 3333 ut
1223 3265 1548 3335 manibus
1606 3288 1647 3334 a
1696 3278 1883 3356 tergo
1933 3265 2204 3357 ligatiS,
2258 3281 2321 3337 et
2367 3270 2824 3360 compedibus

273 3355 486 3422 vincti
547 3353 1072 3422 includerentur
1138 3374 1259 3441 per
1306 3369 1561 3442 septem
1623 3353 1771 3423 dies
1807 3409 1822 3436 ,
1886 3366 1950 3424 et
2009 3377 2231 3443 neque
2299 3379 2542 3447 panem
2605 3381 2826 3446 neque

272 3464 524 3531 aquam
576 3442 675 3510 eis
723 3441 898 3522 dari,
952 3454 1029 3511 ut
1075 3440 1467 3523 deficerent,
1518 3443 2031 3532 procrastinans
2065 3466 2304 3515 eorum
2346 3447 2725 3529 interitum,
2767 3448 2825 3519 si

272 3531 444 3603 forte
496 3529 717 3620 plagis
766 3529 1241 3619 corporalibus
1292 3529 1604 3619 fatigati,
1658 3532 1809 3619 ejus
1862 3530 2179 3604 nefandis
2217 3535 2657 3625 jussionibus
2705 3538 2826 3606 ob-

276 3630 758 3710 temperarent.
816 3623 1107 3702 Sanctus
1155 3633 1384 3689 autern
1434 3619 1704 3688 Domini
1754 3620 2075 3691 Placidus
2125 3623 2193 3692 in
2249 3637 2433 3694 tanto
2478 3625 2824 3715 supplicio

275 3707 713 3788 constitutuS,
755 3729 889 3776 non
942 3708 1187 3779 diebus
1224 3722 1443 3794 neque
1474 3708 1791 3778 noctibus
1824 3732 1865 3779 a
1894 3711 2255 3799 colloquiis
2288 3713 2544 3783 divinis
2577 3727 2642 3783 et
2674 3736 2824 3784 ora·

276 3794 461 3868 tione
499 3796 831 3867 cessabat.
2018 3801 2020 3804 ⁴
2495 3853 2501 3859 .

365 3889 400 3974 ξ
449 3890 591 3958 15.
645 3890 818 3954 Dum
873 3885 1040 3955 haec
1089 3898 1476 3975 agerentur,
1530 3897 1902 3977 tempestas
1952 3911 2204 3980 magna
2252 3890 2322 3959 in
2378 3890 2550 3959 mari
2594 3906 2827 3963 exorta

276 3988 399 4046 est.
456 3973 737 4043 Barbari
786 3995 941 4044 vero
980 3975 1066 4044 ob
1117 3974 1294 4044 aeris
1354 3974 1988 4046 incommoditatem
2021 4032 2036 4057 ‚
2099 3977 2268 4047 dum
2318 3978 2401 4047 ad
2455 3980 2826 4070 Hispanias

275 4086 350 4135 se
387 4085 686 4132 remeare
734 4084 872 4131 non
938 4084 1135 4152 posse
1195 4063 1706 4153 perspicerent,
1761 4065 1864 4133 ira
1916 4066 2229 4153 permoti.
2282 4067 2830 4157 circumquaque

276 4165 527 4221 cuncta
576 4151 720 4243 igni
767 4151 1080 4239 ferroque
1127 4150 1574 4234 deleverunt,
1626 4165 1694 4223 et
1740 4152 2078 4224 adulteria
2141 4178 2220 4223 ac
2283 4155 2830 4231 innumerabilia
2869 4224 2874 4227 ,

276 4240 461 4309 mala
509 4241 577 4309 in
626 4239 934 4311 ecclesiis
981 4253 1045 4309 et
1095 4240 1161 4309 in
1217 4241 1617 4311 hominibus
1664 4242 2192 4324 committentes,
2235 4258 2298 4314 et
2334 4245 2513 4316 viros
2554 4269 2633 4316 ac
2672 4271 2827 4319 mu-

276 4326 476 4396 lieres
516 4329 603 4398 ob
652 4330 899 4400 Christi
947 4329 1153 4398 fidem
1207 4330 1671 4411 trucidantes,
1734 4331 1993 4400 civitati
2041 4337 2392 4405 Messanae
2449 4335 2828 4407 ineffabilia

278 4415 461 4485 mala
500 4417 904 4489 intulerunt.
947 4424 1371 4507 sanctosque
1412 4419 1528 4488 Dei
1569 4433 1928 4510 martyreS,
1958 4420 2341 4507 Placidum,
2375 4425 2823 4515 Eutychium,

443 4538 683 4596 surius
711 4569 735 4583 -
774 4537 945 4600 Vitae
973 4536 1079 4601 SS.
1112 4570 1135 4586 -
1166 4535 1302 4600 Vol.
1334 4535 1405 4597 X.
2595 4539 2669 4603 13
