3347 4999
637 318 681 381 8
1387 332 1468 379 nr:
1514 333 1568 380 s.
1623 332 1882 381 nantem
1930 331 2221 382 anemae.
2811 313 2984 381 OCT.
3037 315 3066 379 1

542 411 1031 503 crepusculum
1083 412 1152 481 in
1203 412 1780 503 contemplatione
1829 414 2229 505 permansit.
2265 412 2611 497 Quicum,
2664 411 3079 485 lassitudine

542 523 623 571 ac
672 500 1035 592 fragilitate
1083 501 1311 571 carnis
1359 501 1851 592 compellente,
1909 503 2267 594 paululum
2322 500 2630 571 membra
2679 502 2908 593 sopori
2956 504 3078 573 de-

546 590 778 671 disset,
832 590 1059 660 subito
1108 612 1229 680 per
1275 589 1577 660 divinam
1629 593 1948 681 gratiam,
2002 590 2408 682 angelorum
2458 590 2689 660 choris
2718 604 2783 661 et
2811 591 3072 661 anima·

545 700 698 748 rum
766 679 1118 759 coetibus,
1173 679 1728 749 beatissimorum
1797 681 2153 750 hominum
2194 680 2342 771 jam
2391 700 2548 749 cum
2605 684 2734 749 Deo
2780 702 3069 781 regnan·

544 768 742 845 tium,
773 784 836 835 et
857 767 1433 836 immortalitatem
1467 768 1697 838 adhuc
1716 790 2083 859 corporum
2114 766 2684 858 exspectantium,
2714 768 3076 859 spirltibus

541 854 871 936 interfuit,
910 867 974 924 et
1007 855 1627 926 familiarissimum
1679 858 1902 947 coepit
1940 857 2180 927 audire
2212 854 2661 944 colloquium.
2700 861 2884 927 Inter
2915 881 3072 928 cae-

545 955 681 1013 tera
717 944 950 1035 igitur,
985 966 1161 1031 quae
1201 946 1268 1013 in
1312 958 1652 1015 conventu
1687 945 1805 1015 illo
1839 945 2092 1016 coelico
2126 946 2409 1025 audivit,
2454 944 2658 1015 etiam
2703 944 2805 1014 illi
2848 948 3068 1017 sancti

544 1033 851 1122 spiritus,
908 1033 1251 1102 humanae
1301 1033 1542 1103 salutis
1590 1034 1796 1113 avidi,
1849 1035 2180 1122 queritari
2228 1047 2601 1124 coeperunt
2648 1034 2731 1103 de
2782 1034 3072 1105 Gallica-

545 1142 672 1190 nae
717 1120 1091 1212 dejectione
1137 1122 1486 1203 ecclesiae,
1523 1135 1588 1192 et
1619 1123 1783 1210 quid
1818 1122 1995 1194 facto
2033 1123 2116 1192 ad
2163 1123 2321 1193 talia
2370 1144 2546 1212 opus
2593 1134 2792 1204 esset,
2831 1124 3071 1194 crebro

543 1231 809 1279 versare
856 1231 1191 1291 sermone,
1228 1211 1553 1291 dicentes,
1588 1212 1751 1298 quia
1779 1212 1925 1300 jam
1963 1225 2234 1301 tempus
2265 1223 2444 1281 esset
2482 1210 2848 1280 miserendi
2886 1213 3063 1300 ejus,

542 1298 852 1389 Duplicia
899 1299 1080 1367 enim
1134 1312 1479 1387 receperat
1528 1322 1649 1388 pro
1698 1300 2024 1371 omnibus
2074 1300 2368 1389 peccatis
2419 1302 2588 1380 suiS‚
2641 1322 3065 1388 quamquam

542 1386 691 1456 faex
737 1389 886 1476 eJus
936 1408 1067 1457 non
1122 1388 1209 1457 sit
1255 1388 1624 1457 exinanita.
1688 1390 1809 1459 His
1858 1390 1949 1458 ita
2007 1390 2182 1458 inter
2223 1411 2293 1460 se
2340 1387 2851 1460 conferentibus
2881 1444 2896 1471 ‚
2952 1412 3069 1460 su-

541 1476 682 1547 bito
731 1498 853 1546 vox
903 1475 1121 1544 adfuit
1154 1531 1169 1557 ,
1222 1498 1262 1545 a
1309 1477 1784 1566 superioribus
1831 1490 2034 1566 atque
2082 1477 2561 1549 secretioribus
2608 1477 2835 1568 adytis
2883 1478 3068 1549 salu-

540 1565 837 1633 berrime
868 1576 1073 1651 atque
1106 1564 1513 1635 suavissime
1547 1567 1893 1647 intonans,
1927 1588 2103 1653 quae
2134 1579 2200 1637 et
2236 1566 2694 1657 praesentium
2734 1567 3072 1637 solaretur

541 1653 910 1743 spirituum
967 1654 1400 1735 moestitiam,
1437 1666 1503 1723 et
1549 1655 1733 1741 quod
1785 1655 2093 1725 futurum
2143 1668 2309 1736 erat,
2356 1654 2871 1746 gratulabunda
2911 1678 3068 1745 pro—

541 1741 881 1832 mulgaret
946 1743 1282 1812 sententia
1311 1796 1331 1823 ,
1390 1743 1481 1811 ita
1528 1742 1865 1812 dicendo:
1918 1746 2236 1813 Dominus
2277 1746 2631 1835 prospeoeit
2679 1745 2758 1813 de
2806 1748 3069 1815 eaecelso

535 1842 762 1900 sancto
807 1854 947 1912 suo,
994 1833 1307 1900 Dominus
1355 1832 1434 1900 de
1482 1835 1657 1901 coelo
1705 1835 1779 1901 in
1826 1844 2073 1901 terram
2122 1835 2458 1922 adspeoeit,
2519 1843 2589 1901 ut
2638 1834 2904 1902 audiret
2948 1857 3069 1924 ye-

536 1920 741 1988 mitus
787 1921 1305 2010 compeditorum
1336 1974 1351 2001 ,
1403 1930 1481 1988 ut
1524 1925 1806 1990 solveret
1862 1924 2038 2010 lilios
2079 1923 2651 2012 interemptorum:
2702 1932 2778 1990 ut
2817 1945 3068 1990 annun·

537 2009 750 2076 cietur
795 2031 1030 2077 nomen
1077 2010 1221 2099 ejus
1272 2011 1339 2077 in
1384 2011 1715 2099 qentibuS,
1775 2013 1844 2078 in
1891 2011 2328 2079 conveniendo
2374 2012 2657 2101 populos
2708 2012 2776 2078 in
2825 2034 3055 2090 unum,

538 2106 601 2165 et
647 2119 837 2187 reyes
861 2108 936 2165 ut
966 2099 1263 2166 serviant
1297 2100 1570 2167 Domino
1600 2099 1739 2199 (Pa.
1781 2103 1961 2183 40⁴).
2001 2098 2269 2179 Cilinia,
2308 2098 2374 2167 in
2414 2111 2605 2167 utero
2637 2099 3059 2189 concipiem,

537 2184 762 2255 filium
813 2185 1032 2275 pariet
1095 2187 1372 2255 nomine
1435 2187 1826 2277 Remigium
1866 2241 1881 2267 ,
1933 2187 2046 2256 cui
2096 2209 2135 2255 a
2186 2209 2292 2255 me
2339 2186 2712 2256 salvandus
2764 2188 3064 2278 populus

535 2274 1021 2343 committetur.
1075 2278 1276 2343 Beata
1323 2274 1661 2361 siquidem
1702 2274 1944 2345 Cilinia
1971 2275 2028 2357 ²⁵,
2069 2275 2326 2345 intenta
2363 2275 2493 2366 piis
2526 2274 2874 2365 operibus,
2912 2276 3065 2346 licet

534 2383 818 2453 corpore
848 2375 1188 2432 teneretur
1221 2361 1291 2431 in
1335 2362 1619 2444 mundo,
1666 2377 1892 2433 mente
1924 2363 2456 2434 conversabatur
2505 2364 2573 2432 in
2624 2364 2834 2434 coelo.
2874 2368 3060 2447 Quae

535 2452 604 2520 in
657 2452 822 2521 flore
858 2452 1242 2541 juventutis
1310 2463 1663 2543 pepererat
1721 2450 1803 2522 de
1850 2453 2058 2524 unico
2105 2453 2248 2523 viro
2297 2475 2423 2523 suo
2473 2453 2753 2523 Aemilio
2801 2454 3062 2524 Princi-

532 2540 726 2628 pium
764 2595 780 2621 ‚
834 2541 1280 2611 Suessionum
1329 2540 1623 2611 civitatis
1671 2554 1903 2641 postea
1951 2554 2262 2612 sanctum
2316 2543 2765 2632 episcopum,
2818 2555 2883 2611 et
2930 2543 3059 2612 fra-

533 2639 700 2698 trem
751 2629 924 2718 ejuS,
983 2639 1242 2719 patrem
1294 2629 1471 2699 beati
1524 2635 1694 2720 Lup1
1729 2631 2031 2720 episcopi
2072 2629 2383 2718 ejusdem
2419 2631 2747 2721 Principii
2789 2653 3051 2700 succes-

531 2717 728 2797 soriS,
782 2717 902 2803 qui
950 2740 1172 2804 usque
1219 2718 1303 2787 ad
1354 2718 1600 2788 ultima
1647 2718 1931 2807 gloriosi
1970 2719 2262 2810 Remigii
2313 2733 2643 2809 tempora,
2684 2718 3062 2789 sacerdotio

529 2820 629 2876 est
676 2804 978 2887 functuS,
1034 2808 1269 2893 sicque
1316 2805 1685 2876 defunctus
1731 2808 1820 2872 μ.

616 2896 652 2981 ἓ
698 2898 792 2966 8.
846 2894 958 2963 Vir
1004 2907 1229 2965 autem
1268 2895 1383 2964 ille
1424 2895 1854 2977 venerahilis,
1902 2896 2078 2966 inter
2116 2896 2304 2966 illius
2336 2896 2662 2985 temporis
2695 2895 3058 2966 innumera

530 2982 861 3072 pericula,
919 2995 1102 3052 tanta
1150 2982 1616 3054 consolatione
1664 2997 1965 3072 accepta,
2006 2985 2287 3056 Ciliniae
2320 2984 2632 3053 divinum
2667 2984 3052 3067 oraculum,

529 3071 751 3161 gratia
800 3071 916 3140 Dei
968 3085 1361 3162 perceptum
1414 3072 1749 3173 patefecit.
1819 3074 2116 3142 Tandem
2167 3073 2607 3143 credentibus
2657 3074 3059 3163 parentibus

527 3157 753 3228 verbis
784 3160 909 3228 viri
944 3160 1081 3236 Dei,
1118 3161 1194 3230 fit
1220 3161 1579 3250 gaudium,
1666 3162 1798 3231 uod
1838 3161 2040 3232 talem
2077 3162 2462 3252 suscepturi
2504 3174 2732 3231 essent
2767 3162 3051 3251 prolem,

529 3247 601 3316 in
651 3247 855 3336 cujus
920 3250 1364 3339 conceptione
1422 3270 1557 3318 non
1657 3265 1801 3320 oret
1861 3251 2066 3320 ardor
2111 3251 2487 3342 explendae
2547 3250 2883 3331 lihidinis,
2938 3251 3054 3322 sed

527 3357 722 3406 amor
767 3338 1198 3425 generandae
1238 3338 1435 3425 juxta
1484 3338 1794 3408 divinum
1899 3340 2281 3430 raesagium
2333 3338 2609 3411 sobolis,
2665 3339 3059 3428 Concipitur

523 3446 686 3515 ergo
732 3424 1009 3494 futurus
1058 3426 1303 3495 Christi
1339 3426 1660 3516 pontifex,
1699 3438 1765 3496 et
1798 3361 2040 3498 egr-isti
2085 3428 2626 3499 adminiculante
2669 3428 3053 3497 misericor-

525 3513 663 3593 dia,
721 3526 935 3582 mater
981 3513 1409 3596 beatissima,
1461 3537 1666 3601 quem
1718 3518 1998 3607 auspice
2050 3523 2180 3588 Deo
2227 3518 2583 3607 concepit,
2639 3516 2926 3586 feliciter
2974 3517 3053 3585 fi-

524 3601 693 3670 lium
746 3601 1027 3692 genuit,
1072 3603 1185 3673 cui
1234 3604 1529 3694 Remigii
1578 3605 1958 3675 secundum
2011 3606 2281 3676 Domini
2329 3606 2616 3686 dictum,
2672 3605 2740 3673 in
2792 3605 3052 3695 baptis-

527 3702 706 3760 mate
756 3712 1003 3761 nomen
1057 3691 1147 3760 im
1206 3691 1321 3761 oni
1370 3691 1546 3761 fecit.

608 3781 645 3866 ξ
691 3784 775 3852 4.
830 3784 958 3849 Nee
1008 3778 1130 3849 illu
1232 3780 1576 3851 silendum
1625 3792 1749 3862 est,
1808 3782 1969 3868 quia
2018 3783 2089 3852 in
2140 3783 2395 3851 chartis
2447 3782 2699 3852 recenti
2750 3792 3053 3871 tempore

522 3879 674 3956 post
722 3867 909 3937 illius
958 3868 1258 3948 obitum,
1312 3869 1429 3939 sed
1479 3882 1544 3939 et
1589 3885 1741 3961 post
1791 3871 1991 3961 plura
2040 3892 2377 3940 annorum
2430 3869 2778 3940 curricula
2827 3868 3047 3951 factis,

519 3954 603 4024 de
652 3956 858 4025 rebus
906 3958 1278 4029 Rhemensi
1330 3957 1667 4029 Ecclesiae
1718 3960 2008 4039 traditis,
2052 3960 2440 4030 Remedium
2480 3959 2692 4029 fuisse
2743 3958 3053 4027 nomina-

518 4055 661 4113 tum
717 4044 1035 4135 legimus,
1092 4047 1284 4129 Quod
1334 4048 1455 4134 qui
1519 4049 1760 4118 merita
1807 4060 1872 4117 et
1919 4061 2067 4118 acta
2119 4049 2305 4119 illius
2354 4048 2679 4129 attendit,
2748 4069 3052 4138 congrue

517 4132 644 4202 hoc
692 4154 849 4202 eum
903 4136 1180 4205 nomine
1228 4136 1647 4226 appellatum
1701 4136 1914 4206 fuisse
1964 4136 2302 4228 intelligit.
2359 4137 2488 4220 Qui
2559 4136 2698 4205 miti
2755 4148 2901 4204 ator
2948 4135 3053 4204 fu-

518 4221 689 4291 roris
739 4223 1053 4305 Domini,
1108 4224 1178 4293 in
1230 4235 1533 4315 tempore
1583 4225 1984 4295 iracundiae
2032 4225 2250 4296 factus
2297 4239 2398 4297 est
2447 4223 2712 4295 reconci
2752 4223 2934 4305 iatio,
2988 4237 3054 4293 et

566 4385 590 4407 ¹·
619 4385 859 4427 Recolttur
889 4383 938 4426 in
960 4389 1091 4428 Rom.
1113 4388 1357 4437 Mat-tyrol.
1383 4396 1467 4428 xxi
1489 4387 1588 4437 huj.

565 4439 618 4465 ¹⁸·
646 4438 890 4482 memorati
911 4439 960 4481 in
976 4442 1063 4482 hac
1083 4443 1274 4490 periodo
1294 4442 1560 4492 principius
1579 4443 1627 4482 et
1645 4442 1809 4492 Lupus
1830 4443 2104 4484 recoluntur
2125 4452 2137 4483 ι
2160 4444 2207 4483 et
2229 4453 2332 4485 xxv
2356 4443 2481 4493 sept.
