3347 4999
205 363 415 431 OCT.
471 362 553 427 10
897 381 974 426 ωε
1023 381 1113 427 ss.
1169 380 1484 426 nummio
1535 381 1607 425 ET
1655 381 1976 427 eumuna
2024 382 2137 427 mx.
2576 362 2704 427 317

203 465 634 545 sceleratus,
690 485 762 534 se
801 463 887 534 ad
924 464 1290 535 sceleratas
1351 472 1683 534 convertit
1721 465 2210 555 cogitationes;
2263 476 2328 534 et
2377 480 2653 556 propter
2692 464 2795 534 af-

209 555 603 626 fectionem
660 554 969 644 corporis
1016 553 1564 634 consuetudinis,
1623 575 1759 622 non
1809 566 2040 623 autem
2102 566 2380 643 propter
2428 555 2792 645 sanguinis

208 642 824 732 conjunctionem,
872 643 1257 730 Christique
1290 642 1737 723 desiderium,
1772 641 2204 712 existimabat
2237 664 2387 711 eam
2424 642 2796 713 adhaerere

210 733 546 821 Martyri.
599 737 809 801 Torve
855 732 1085 819 itaque
1123 745 1188 800 et
1221 731 1535 801 ferociter
1587 753 1738 800 eam
1783 730 2113 800 intuens:
2169 753 2205 798 «
2250 729 2428 813 Quid
2479 731 2636 812 sibi,
2690 733 2797 801 in-

209 821 415 910 quit,
454 843 494 891 o
527 820 797 901 mulier,
853 820 998 890 vult
1043 821 1172 890 hoc
1222 833 1418 891 tuum
1458 834 1956 901 commentum,
2008 832 2074 888 et
2116 819 2468 906 ⁴quomodo
2520 833 2796 909 propter

211 910 592 981 insaniam
645 910 711 978 in
766 909 953 979 hunc
998 909 1542 989 adolescentem,
1600 909 1879 978 mutasti
1934 908 2398 999 religionem?
2447 908 2575 978 Sed
2626 910 2796 978 resi-

211 999 436 1092 pisce
482 998 569 1068 ab
618 998 747 1068 hac
794 997 1219 1068 circumfusa
1266 998 1562 1088 caligine
1613 1009 1769 1068 tuae
1817 998 2221 1079 affectioniS,
2266 1008 2332 1067 et
2379 997 2575 1088 placa
2619 998 2797 1067 invi-

209 1102 513 1160 ctorum
549 1086 838 1157 deorum
886 1086 1347 1158 clementiam.
1392 1089 1523 1170 Qui
1571 1086 1649 1156 fit
1695 1086 1907 1168 enim,
1961 1087 2144 1174 quod
2199 1099 2272 1157 tu
2321 1097 2461 1157 tam
2513 1099 2794 1177 repente

209 1178 328 1249 sis
389 1187 699 1258 mutata,
752 1188 828 1246 ut
873 1176 961 1246 ab
1012 1176 1139 1247 hac
1189 1176 1346 1247 luce
1400 1175 1856 1256 suavissima,
1910 1187 1975 1246 et
2021 1176 2110 1245 ab
2156 1175 2241 1245 iis
2289 1197 2466 1263 quae
2514 1188 2677 1245 sunt
2724 1177 2795 1247 in

206 1268 375 1337 vita
427 1264 768 1355 jucunda,
821 1264 1183 1346 discedas;
1236 1264 1739 1355 praestigiatori
1779 1276 2007 1334 autem
2038 1264 2279 1354 juveni
2312 1264 2790 1347 adhaerescaS,

208 1368 286 1427 et
333 1354 737 1443 impudenti
786 1353 982 1424 vultu
1018 1354 1101 1423 ad
1137 1367 1450 1424 nostrum
1487 1366 1549 1422 te
1588 1353 1791 1423 sistas
1826 1353 2153 1436 tribunal,
2194 1353 2637 1424 simulantem
2686 1378 2799 1425 co-

205 1443 665 1537 gnationem,
694 1454 760 1512 et
795 1442 1259 1513 traducentem
1296 1442 1869 1512 consuetudinem
1901 1442 1982 1512 ad
2015 1441 2384 1512 fraternam
2421 1444 2798 1515 unionem?

207 1533 848 1605 verumenimvero
881 1544 1195 1602 nostrum
1231 1531 1533 1601 tribunal
1585 1552 1723 1600 non
1774 1530 2117 1613 irridebis,
2166 1552 2289 1601 nec
2338 1535 2796 1621 Imperatores

204 1620 534 1695 habebis
585 1620 908 1691 ludibrio.
950 1626 1183 1691 Testor
1214 1620 1377 1690 deos
1425 1642 1690 1701 omnes,
1725 1632 1789 1689 et
1820 1621 2030 1692 nostri
2070 1619 2433 1692 tribunalis
2482 1622 2798 1710 benigni-

209 1726 452 1784 tatem
491 1722 557 1780 et
600 1708 1062 1791 clementiam,
1108 1710 1233 1780 tibi
1291 1708 1463 1779 nihil
1513 1708 1819 1798 amplius
1865 1709 2205 1791 futurum,
2259 1730 2466 1796 quam
2521 1710 2799 1781 Eulam-

211 1804 377 1895 pio,
423 1798 560 1870 nisi
600 1798 780 1886 quod
833 1799 929 1870 sis
970 1800 1321 1888 pejoribus
1353 1798 1711 1869 tormentis
1757 1798 2213 1888 subjicienda.
2254 1821 2290 1865 »

322 1893 363 1977 ξ
417 1891 501 1959 S.
554 1887 649 1957 Ad
702 1888 869 1956 haec
918 1893 1172 1977 Martyr
1239 1886 1623 1958 masculino
1693 1887 1945 1977 spiritu
2002 1900 2067 1958 et
2130 1887 2421 1958 audacia
2480 1901 2636 1977 apte
2694 1910 2799 1957 re-

221 1977 531 2071 spondit
566 2000 579 2044 :
627 2000 664 2042 «
695 1976 895 2058 Audi,
935 1976 1197 2058 dicenS,
1229 2000 1269 2046 o
1296 1975 1547 2056 Judex,
1582 1987 1647 2045 et
1678 1997 2017 2076 cognosce
2052 1998 2312 2058 meum,
2351 1990 2428 2046 ut
2462 1998 2535 2055 se
2568 1976 2794 2059 habet,

219 2088 536 2156 scopum
576 2087 655 2135 ac
688 2065 1109 2135 institutum.
1151 2070 1317 2135 Sum
1349 2064 1595 2134 Christi
1629 2064 1908 2135 ancilla.
1956 2064 2264 2135 Christus
2289 2079 2391 2135 est
2431 2066 2601 2134 mihi
2638 2067 2794 2147 vita,

219 2171 295 2229 et
350 2156 633 2225 animae
680 2154 1030 2224 exultatio.
1084 2160 1255 2224 Eum
1317 2175 1497 2234 amc,
1549 2153 1610 2221 ei
1676 2153 1917 2223 studeo
1977 2154 2380 2224 sacrificari.
2435 2160 2560 2224 Pro
2608 2177 2685 2223 eo
2734 2168 2799 2226 et

223 2248 483 2338 ignem
536 2266 727 2334 para,
779 2257 845 2314 et
892 2242 1028 2313 duc
1077 2243 1353 2322 bestiae,
1407 2254 1472 2312 et
1520 2254 1701 2312 rotas
1767 2242 2033 2333 expedi,
2085 2255 2150 2312 et
2195 2243 2502 2334 extringe
2572 2266 2793 2327 enseS,

225 2350 298 2405 et
355 2333 671 2421 excogita
717 2354 922 2401 omne
971 2331 1163 2402 aliud
1233 2342 1645 2400 tormentum
1682 2385 1697 2412 ,
1751 2345 1827 2401 ut
1874 2332 2053 2401 scias
2103 2352 2212 2401 me
2262 2354 2396 2401 non
2447 2354 2596 2403 esse
2660 2348 2798 2404 tam

224 2420 482 2515 ignavi
531 2433 596 2490 et
693 2420 882 2491 usilli
932 2421 1173 2490 animi.
1228 2424 1392 2501 Hoc,
1459 2419 1638 2507 quod
1695 2442 1818 2508 pro
1865 2420 2113 2512 pietate
2161 2421 2541 2511 suscipitur
2587 2434 2799 2492 certa-

227 2532 434 2589 men,
491 2509 574 2578 ad
683 2531 837 2579 nem
873 2532 1096 2598 usque
1144 2510 1504 2579 decertabo
1536 2521 1602 2579 et
1633 2511 1985 2600 peragam,
2036 2522 2102 2580 et
2150 2510 2487 2601 meipsam
2531 2511 2795 2582 tradam

225 2601 320 2671 ad
381 2620 590 2667 omne
629 2619 850 2689 genus
889 2620 1022 2688 sup
1078 2597 1242 2679 licii,
1299 2612 1376 2668 ut
1408 2598 1587 2668 scias
1627 2621 1740 2668 me
1784 2621 1934 2669 esse
1980 2599 2130 2690 ejus
2171 2621 2498 2681 sororem,
2553 2612 2619 2670 et
2665 2600 2800 2669 fra-

226 2704 435 2760 terne
469 2687 734 2768 eadem,
779 2708 957 2774 quae
1004 2686 1120 2756 ile
1161 2687 1387 2765 sentit,
1445 2687 1722 2769 sentire,
1775 2689 1899 2774 qui
1947 2701 2064 2758 tua
2106 2701 2439 2758 tormenta
2483 2710 2620 2759 non
2659 2689 2799 2758 for-

224 2777 556 2857 midavit,
596 2788 661 2845 et
691 2798 795 2856 ea,
849 2797 1026 2863 quae
1063 2775 1259 2856 colis,
1300 2775 1675 2846 simulacra
1724 2776 1964 2847 diruit.
2017 2782 2223 2847 Porro
2271 2789 2502 2847 autem
2552 2799 2800 2849 rursus

223 2886 519 2957 quoque
550 2865 672 2935 tibi
707 2865 884 2946 dico,
923 2887 1008 2934 ne
1038 2863 1429 2954 adspiciens
1469 2863 1556 2933 ad
1589 2865 1952 2937 muliebris
1988 2888 2191 2936 sexus
2224 2865 2793 2949 imbecillitatem,

226 2976 479 3048 speres
527 2954 788 3043 aliquid
841 2953 1211 3044 indignum
1263 2966 1496 3023 nostra
1545 2967 1819 3024 mente:
1874 2976 2096 3041 neque
2145 2955 2384 3024 aetatis
2436 2954 2796 3024 mollitiem

229 3057 446 3136 putes
495 3045 630 3114 tuis
687 3043 983 3113 inventis
1044 3042 1243 3112 facile
1292 3064 1491 3133 posse
1553 3042 1803 3132 decipi.
1864 3044 1994 3125 Qui
2053 3043 2238 3111 enim
2297 3065 2423 3114 nos
2470 3043 2556 3112 ad
2621 3043 2798 3113 divi-

228 3156 410 3204 num
464 3155 671 3201 suum
721 3133 933 3203 erexit
979 3154 1312 3213 amorem,
1365 3143 1430 3201 et
1476 3153 1602 3202 nos
1649 3133 1943 3200 armavit
1990 3131 2075 3200 ad
2126 3130 2386 3202 bellum
2445 3144 2686 3202 contra
2736 3146 2800 3204 te

234 3220 627 3313 gerendum
678 3233 743 3291 et
788 3221 1187 3302 diabolum,
1240 3221 1390 3311 ipse
1435 3233 1501 3290 et
1549 3220 1903 3310 praebebit
1948 3220 2165 3302 vireS,
2218 3233 2284 3290 et
2336 3220 2796 3291 clarissimam

229 3311 491 3382 efficiet
542 3309 920 3379 victoriam.
965 3333 1000 3376 »

324 3403 496 3488 §a
551 3398 671 3467 His
722 3404 973 3487 Martyr
1024 3398 1263 3488 lingua
1312 3397 1528 3467 libera
1576 3407 1807 3488 aperte
1854 3396 2094 3467 dicens
2156 3397 2487 3469 adversus
2544 3404 2800 3489 Tyran-

241 3512 418 3560 num
454 3543 470 3569 ,
523 3485 852 3577 colaphos
902 3488 1096 3577 genis
1159 3485 1528 3557 crudeliter
1591 3486 1927 3576 impactos
1975 3488 2291 3577 accepit,
2364 3500 2430 3557 et
2476 3487 2605 3558 fuit
2650 3488 2801 3578 eJus

235 3578 481 3648 vultus
523 3575 958 3652 vehementer
987 3587 1348 3645 contusus.
1387 3580 1641 3644 Mutata
1676 3587 1777 3646 est
1807 3586 2038 3645 autem
2073 3576 2225 3666 ejus
2259 3576 2519 3646 formae
2548 3577 2794 3668 gratia,

237 3680 304 3737 et
335 3666 718 3737 extinctum
767 3665 897 3734 fuit
950 3664 1133 3733 vocis
1183 3665 1747 3746 instrumentum,
1801 3665 2085 3735 inflictis
2134 3666 2565 3735 continenter
2619 3666 2803 3736 cola-

242 3756 431 3855 phis.
487 3752 582 3824 Ad
631 3754 798 3824 haec
848 3753 1144 3823 habebat
1199 3751 1480 3839 quidem
1532 3751 1811 3822 fratrem
1878 3774 2029 3823 eam
2095 3754 2625 3824 confirmantem
2665 3809 2680 3836 ‚
2734 3765 2801 3825 et

241 3845 674 3924 incitantem,
728 3855 793 3912 et
839 3841 1279 3912 audaciorem
1331 3840 1730 3910 reddentem
1781 3841 1869 3911 ad
1917 3843 2323 3912 certamina.
2378 3848 2536 3912 Erat
2568 3856 2800 3913 autem

240 3932 395 4020 ipsa
444 3952 718 4019 quoque
768 3931 1020 4012 virilis,
1075 3928 1300 4018 quoad
1351 3929 1503 4017 ejus
1554 3930 1704 4000 fieri
1762 3942 2048 4031 poterat,
2102 3944 2168 4001 et
2214 3932 2565 4020 generosis
2614 3931 2804 4021 cogi-

244 4020 623 4092 tationibus
658 4019 1193 4091 imbecillitatem
1248 4028 1536 4088 naturae
1590 4018 1965 4089 reficiebat.
2019 4019 2148 4090 Sed
2204 4020 2372 4090 haec
2429 4042 2564 4089 non
2609 4031 2807 4091 erant

179 4144 185 4154 ·
247 4111 533 4181 omnino
565 4110 865 4181 Praesidi
893 4107 1300 4190 tolerabilia,
1341 4107 1600 4177 videnti
1631 4121 1697 4177 et
1726 4129 1986 4178 meram
2023 4113 2432 4178 Sanctorum
2470 4109 2802 4197 loquendi

249 4194 655 4280 libertatem,
709 4212 774 4268 et
821 4199 1108 4269 minime
1154 4198 1507 4267 cedentem
1561 4196 2023 4270 tolerantiam.
2080 4197 2271 4267 Unde
2317 4198 2523 4268 etiam
2558 4221 2803 4269 rursus

253 4304 426 4380 nova
472 4287 945 4378 excogitantur
992 4299 1377 4367 tormenta;
1433 4285 1757 4373 lebesque
1806 4286 2124 4376 protinus
2177 4298 2460 4377 paratus
2492 4287 2622 4358 fuit
2652 4286 2804 4357 bul·

260 4367 457 4452 liens,
511 4387 586 4444 ut
633 4382 958 4466 Martyres
1004 4377 1364 4466 exciperet.
1420 4379 1497 4444 In
1549 4395 1754 4462 quem
1806 4375 2212 4466 Eulampius
2256 4376 2536 4463 quidem
2587 4375 2805 4446 confi-

260 4455 494 4528 denter
520 4474 621 4530 est
667 4464 1065 4553 ingressus:
1125 4463 1486 4555 Eulampia
1535 4475 1765 4533 autem
1813 4464 1940 4554 (ita
1985 4465 2170 4534 enim
2221 4465 2702 4556 appellabatur
2738 4476 2806 4535 et
