3347 4999
714 323 844 387 450
1395 332 1478 383 ΒΕ
1525 336 1582 383 s.
1635 335 1833 384 ωηο
1882 337 2023 383 Ana.
2075 337 2151 384 ΕΤ
2199 336 2383 385 conr.
2857 320 3033 386 OCT.
3102 324 3181 388 16

624 425 849 517 posita
881 421 1345 512 susceperim,
1380 421 1751 490 clementer
1780 442 1934 492 vero
1972 421 2334 492 titubantia
2358 422 2813 504 correxeritiS,
2845 424 2904 492 si
2939 427 3179 493 Domi-

626 537 758 584 nus
807 511 1192 604 permiserit
1239 509 1454 598 hujus
1485 510 1715 611 operis
1751 521 2016 601 agreste
2058 509 2519 601 pulmentum,
2557 511 3000 601 postmodum
3043 514 3177 582 ali-

624 602 879 691 quibus
916 613 1289 670 metrorum
1338 598 1800 669 condimentis
1848 597 2237 669 infundam.
2275 599 2572 687 Dignum
2623 599 2882 690 quippe
2928 613 3053 682 est,
3096 616 3179 673 ut

625 691 876 762 nostris
924 688 1250 759 laudibus
1309 710 1427 778 per
1472 687 1710 757 orbem
1760 686 2163 767 celebretur,
2208 708 2411 773 quem
2476 687 2561 755 de
2609 689 2929 758 extremis
2976 691 3181 761 orbis

625 781 885 852 finibus
916 778 1000 847 ad
1054 790 1354 847 nostram
1406 775 1696 845 salutem
1759 775 2089 845 Dominus
2135 774 2525 845 destinavit.
2580 780 2757 846 Bene
2825 777 3174 847 valentem

622 885 689 940 et
723 868 934 939 nostri
969 887 1338 935 memorem
1386 864 1858 954 paternitatem
1901 876 2193 935 vestram
2230 863 2297 933 in
2344 876 2698 935 aeternum
2751 880 2988 937 sancta
3023 868 3181 936 Tri-

626 961 806 1029 nitas
845 976 1245 1026 conservare
1291 954 1637 1044 dignetur,
1691 957 1925 1023 Amen.

942 1080 990 1143 Ο
1033 1088 1220 1154 pater,
1270 1095 1306 1138 o
1363 1079 1547 1156 patris
1589 1077 1808 1157 proleS‚
1841 1093 1877 1137 o
1915 1077 2166 1155 spiritus
2192 1078 2371 1151 alme,

1021 1160 1156 1222 Une
1197 1165 1259 1220 et
1286 1160 1445 1220 trine
1490 1157 1670 1229 Deus,
1699 1173 1809 1218 nos
1837 1160 2118 1219 miserate
2151 1174 2311 1235 rege.

945 1239 1036 1301 Me
1067 1247 1164 1302 tua
1189 1237 1348 1314 jussa
1380 1238 1593 1315 ligant,
1640 1243 1741 1299 tua
1775 1254 1874 1300 me
1910 1239 2194 1316 promissa
2223 1239 2603 1316 gubernent:

1021 1318 1242 1379 Luceat
1277 1320 1339 1378 in
1382 1317 1560 1378 dictis
1590 1315 1694 1378 lux
1726 1327 1850 1386 tua,
1882 1333 2126 1394 quaes0,
2161 1319 2330 1379 meis.

944 1398 1010 1459 In
1049 1406 1128 1471 te,
1159 1396 1349 1471 Galle,
1383 1397 1601 1470 Deum,
1634 1397 1696 1457 in
1727 1395 1986 1456 Domino
2015 1401 2096 1468 te,
2128 1395 2314 1471 Galle,
2348 1396 2605 1461 fatebor:

1018 1477 1104 1539 Tu
1139 1492 1245 1553 pro
1289 1493 1386 1538 me
1416 1491 1610 1536 sacras
1637 1474 1827 1536 funde
1858 1490 2060 1552 preces
2090 1475 2377 1538 Domino:

938 1556 1015 1620 Ut
1047 1556 1290 1618 veniam
1327 1557 1519 1625 noxiS,
1551 1554 1727 1615 dictis
1757 1555 2169 1617 moderamina
2207 1563 2502 1632 praestet:

1014 1634 1178 1709 Quod
1213 1641 1417 1710 nocet,
1446 1633 1698 1696 evellat:
1729 1634 1891 1711 quod
1929 1634 2126 1713 juvat,
2158 1635 2510 1713 amplificet.

709 1759 746 1833 ἓ
772 1756 848 1823 1.
903 1755 1068 1819 Cum
1109 1747 1458 1839 praeclara
1484 1748 1902 1819 sanctissimi
1938 1747 2061 1817 viri
2092 1748 2522 1829 columbani,
2561 1750 2681 1837 qui
2709 1762 2774 1820 et
2800 1749 3163 1832 Columba,
3244 1758 3255 1767 ’

617 1840 1043 1911 conversatio
1093 1860 1213 1928 per
1259 1858 1536 1906 omnem
1586 1836 1985 1905 Hiberniam
2035 1836 2326 1906 celebris
2381 1837 2786 1920 haberetur,
2839 1851 2904 1908 et
2956 1839 3169 1910 veluti

614 1927 1054 2019 splendidum
1109 1925 1293 2016 ignei
1334 1923 1499 1995 solis
1537 1924 1750 2011 jubar
1783 1924 2122 2014 singulari
2170 1924 2413 1995 decore
2443 1928 2756 1997 omnium
2796 1928 2864 1996 in
2903 1949 2978 1996 se
3009 1951 3168 2018 pro-

618 2031 883 2087 vocaret
931 2036 1261 2095 amorem,
1321 2013 1526 2083 sicuti
1575 2013 1660 2083 de
1698 2035 1799 2095 eo,
1857 2014 2259 2103 priusquam
2316 2028 2746 2097 nasceretur,
2804 2016 3165 2105 provisum

615 2128 763 2177 esse
813 2104 986 2174 liber
1031 2115 1378 2194 gestorum
1432 2102 1654 2193 ipsius
1705 2102 1995 2193 pleniter
2043 2103 2332 2173 indicat:
2387 2104 2564 2173 inter
2611 2118 2937 2185 caeteros,
3031 2128 3167 2175 uos

615 2194 798 2263 fama
849 2194 1175 2261 virtutum
1225 2192 1374 2281 ejus
1413 2203 1800 2272 attraxerat,
1894 2204 2162 2262 arentes
2216 2191 2392 2262 beati
2434 2192 2608 2263 Galli
2660 2193 2712 2275 ⁸,
2766 2215 2979 2264 secun
3038 2216 3158 2264 um

615 2287 827 2352 Deum
878 2279 1205 2371 religiosi,
1251 2279 1635 2350 secundum
1672 2301 1834 2351 secu
1868 2302 1983 2350 um
2036 2278 2323 2360 nobiles,
2364 2281 2586 2352 filium
2640 2304 2873 2363 suum,
2929 2282 3159 2372 primo

614 2370 852 2441 aetatis
904 2370 1069 2438 ssore
1121 2369 1492 2448 nitentem,
1538 2390 1698 2438 cum
1761 2368 2104 2439 oblatione
2166 2370 2451 2440 Domino
2514 2370 2910 2451 offerenteS‚
2964 2370 3160 2444 illius

614 2458 1006 2550 magisterio
1053 2456 1732 2537 commendaverunt,
1791 2468 1864 2528 ut
1913 2457 1980 2527 in
2027 2457 2363 2548 regularis
2413 2458 2586 2530 vitae
2634 2459 2997 2550 proficeret
3046 2459 3156 2528 di-

616 2549 931 2639 sciplina,
985 2560 1048 2616 et
1106 2549 1281 2616 inter
1320 2546 1655 2637 plurimos
1704 2546 2035 2635 spiritalis
2071 2547 2354 2616 militiae
2385 2561 2772 2630 sectatoreS‚
2825 2549 3163 2618 obedien-

615 2638 747 2708 tiae
794 2651 858 2707 et
905 2636 1218 2706 arctioris
1250 2635 1578 2725 propositi
1613 2635 1996 2706 imitaretur
2041 2635 2377 2725 exempla.
2431 2641 2743 2725 Dumque
2795 2639 3012 2707 bonae
3045 2638 3155 2706 in-

612 2726 789 2797 dolis
825 2725 925 2794 vir
949 2746 1109 2794 caro
1143 2723 1522 2794 nutriretur
1553 2723 1823 2804 affectu,
1866 2747 2116 2814 magno
2145 2724 2472 2794 virtutum
2515 2727 2726 2795 crevit
2751 2740 3151 2816 augmento.

613 2818 922 2905 Superna
971 2835 1245 2901 quoque
1292 2813 1510 2902 gratia
1543 2834 1614 2881 se
1649 2814 2144 2901 praeveniente,
2201 2824 2384 2882 tanto
2420 2815 2648 2884 studio
2696 2814 2969 2884 divinas
2994 2836 3158 2905 epo-

611 2904 774 2974 tavit
822 2903 1235 2992 ScripturaS,
1291 2913 1366 2970 ut
1413 2901 1497 2970 de
1542 2901 1864 2970 thesauro
1919 2924 2045 2971 suo
2090 2922 2259 2971 nova
2310 2900 2609 2990 proferre
2707 2915 2889 2973 osset
2933 2917 2998 2972 et
3047 2926 3156 2973 ve-

613 3005 789 3062 tera:
828 2991 1327 3062 Grammaticae
1354 2990 1554 3059 etiam
1595 2989 1893 3080 regulaS‚
1924 3003 2436 3077 metrorumque
2465 2992 2650 3062 subti
2685 2992 2880 3062 itates
2914 2992 3155 3082 capaci

608 3094 1142 3167 consequeretur
1192 3078 1490 3170 ingenio.
1530 3078 1835 3148 Obscura
1869 3090 2097 3148 autem
2151 3078 2662 3168 scripturarum
2706 3092 2841 3150 tam
2880 3081 3154 3171 sapien-

609 3181 708 3240 ter
743 3170 916 3240 scire
965 3169 1351 3239 volentibus
1399 3166 1747 3246 reseravit,
1803 3181 1879 3237 ut
1910 3167 2166 3248 cuncti,
2219 3167 2337 3254 qui
2388 3168 2538 3257 ejus
2594 3169 3029 3257 prudentiam
3085 3181 3152 3239 et

609 3279 959 3328 sormones
1008 3255 1391 3337 audierant,
1445 3255 1902 3325 admiratione
1936 3277 2092 3326 eum
2145 3268 2210 3326 et
2258 3255 2462 3325 laude
2509 3256 3149 3346 dignissimumju-

607 3346 940 3416 dicarent.
986 3349 1131 3428 Qua
1179 3345 1553 3434 sapientiae
1602 3345 1994 3414 maturitate
2042 3344 2296 3414 factum
2347 3357 2486 3426 est,
2540 3358 2616 3416 ut
2664 3348 3151 3416 universorum

607 3435 963 3504 communi
998 3433 1309 3514 consilio,
1353 3445 1419 3502 et
1466 3433 1784 3521 jussione
1831 3432 2236 3503 Columbani
2300 3432 2614 3514 Abbatis‚
2672 3456 2791 3525 per
2833 3433 3153 3524 singulos

607 3544 840 3595 sacrae
881 3522 1326 3612 promotionis
1349 3522 1607 3611 gradus
1641 3521 2043 3603 ascendenS,
2083 3522 2339 3591 invitus
2369 3521 2731 3593 sacerdotii
2764 3524 3151 3614 susciperet

605 3611 1034 3702 dignitatem.
1074 3614 1272 3700 Erg0,
1318 3610 1487 3679 dum
1539 3610 1755 3679 sacris
1798 3609 2081 3680 instaret
2112 3609 2381 3689 officiis,
2449 3609 2560 3681 die
2611 3624 2955 3699 noctuque
2990 3635 3147 3702 pre-

603 3699 802 3770 cibus
839 3700 1203 3771 Dominum
1239 3698 1531 3788 placavit
1558 3712 1624 3768 et
1658 3698 2004 3786 lacrymis;
2043 3712 2109 3770 et
2146 3698 2432 3789 superni
2466 3701 2882 3791 Inspectoris
2918 3700 3153 3772 oculis

604 3789 874 3879 placere
921 3787 1346 3869 desiderans,
1410 3809 1537 3888 pro
1588 3787 1918 3859 virtutum
1983 3802 2047 3859 et
2097 3788 2271 3857 vitae
2319 3787 2582 3859 meritis
2629 3791 2994 3861 amabatur
3055 3790 3157 3861 ab

603 3877 949 3958 omnibus,
1005 3877 1265 3968 placuit
1303 3876 1667 3949 universis

689 3969 726 4055 ξ
777 3973 866 4039 2.
918 3971 1090 4037 Dum
1143 3967 1309 4035 haec
1356 3981 1724 4057 agerentur
1763 3964 2089 4054 quotidie,
2143 3965 2385 4036 beatus
2428 3964 2895 4037 Columbanus
2924 3971 3151 4037 Evan-

599 4055 889 4214 ξείἰεωη
941 4055 1231 4212 cupiens
1257 4056 1532 4143 assequi
1565 4054 2072 4145 perfectionem,
2125 4067 2202 4125 ut
2227 4052 2541 4125 videlicet
2572 4055 2921 4136 omnibus,
2962 4077 3147 4143 quae

651 4143 917 4225 abebat,
957 4166 1028 4215 re
1062 4145 1238 4225 iotis,
1293 4165 1565 4215 crucem
1625 4167 1823 4215 suam
1882 4143 2165 4230 tolleret,
2217 4157 2283 4213 et
2332 4141 2564 4215 nudus
2613 4145 2978 4213 Dominum
3031 4164 3147 4213 se-

598 4246 959 4321 queretur:
1013 4233 1306 4306 consilio
1341 4254 1465 4305 suo
1513 4235 1837 4324 egitcum
1874 4231 2224 4314 fratribus,
2280 4254 2578 4320 quorum
2629 4231 2899 4301 animos
2948 4229 3147 4300 idem

595 4451 635 4490 G
635 4395 681 4490 ὦ
685 4391 805 4490 12:13,
830 4392 881 4436 in
899 4392 1195 4436 documentis
1217 4391 1443 4445 antiquis.
1472 4394 1721 4442 Genuum,
1752 4391 2011 4442 Gellianus,
2041 4394 2175 4437 Gallo
2209 4394 2388 4445 possim
2419 4393 2713 4441 nominatum
2743 4389 2987 4436 uben-nice
3007 4401 3155 4442 vero.
