<?xml version="1.0" encoding="UTF-8"?>
<!DOCTYPE html PUBLIC "-//W3C//DTD XHTML 1.0 Transitional//EN"
    "http://www.w3.org/TR/xhtml1/DTD/xhtml1-transitional.dtd">
<html xmlns="http://www.w3.org/1999/xhtml" xml:lang="en" lang="en">
 <head>
  <title>
</title>
<meta http-equiv="Content-Type" content="text/html;charset=utf-8" />
  <meta name='ocr-system' content='tesseract 3.04.00' />
  <meta name='ocr-capabilities' content='ocr_page ocr_carea ocr_par ocr_line ocrx_word'/>
</head>
<body>
  <div class='ocr_page' id='page_1' title='image "./historiaeseuvit03lippgoog_0807.png"; bbox 0 0 3347 4999; ppageno 0'>
   <div class='ocr_carea' id='block_1_1' title="bbox 226 325 2684 397">
    <p class='ocr_par' dir='ltr' id='par_1_1' title="bbox 226 325 2684 397">
     <span class='ocr_line' id='line_1_1' title="bbox 226 325 2684 397; baseline 0.002 -5"><span class='ocrx_word' id='word_1_1' title='bbox 226 325 405 393; x_wconf 72' lang='lat'>00‘1&#39;.</span> <span class='ocrx_word' id='word_1_2' title='bbox 456 326 540 391; x_wconf 74' lang='lat'>24</span> <span class='ocrx_word' id='word_1_3' title='bbox 949 339 1033 390; x_wconf 74' lang='lat' dir='ltr'>m:</span> <span class='ocrx_word' id='word_1_4' title='bbox 1076 344 1135 391; x_wconf 83' lang='lat' dir='ltr'>s.</span> <span class='ocrx_word' id='word_1_5' title='bbox 1187 340 1533 392; x_wconf 68' lang='lat' dir='ltr'>svesatsto</span> <span class='ocrx_word' id='word_1_6' title='bbox 1574 342 1803 392; x_wconf 66' lang='lat' dir='ltr'>cotom.</span> <span class='ocrx_word' id='word_1_7' title='bbox 1855 341 2055 393; x_wconf 69' lang='lat' dir='ltr'>susc.</span> <span class='ocrx_word' id='word_1_8' title='bbox 2555 331 2684 397; x_wconf 76' lang='lat'>669</span> 
     </span>
    </p>
   </div>
   <div class='ocr_carea' id='block_1_2' title="bbox 130 426 2793 4422">
    <p class='ocr_par' dir='ltr' id='par_1_2' title="bbox 226 426 2793 675">
     <span class='ocr_line' id='line_1_2' title="bbox 226 426 2793 529; baseline 0.002 -32"><span class='ocrx_word' id='word_1_9' title='bbox 226 428 359 497; x_wconf 84' lang='lat' dir='ltr'>sibi</span> <span class='ocrx_word' id='word_1_10' title='bbox 416 426 632 503; x_wconf 80' lang='lat' dir='ltr'>vellet,</span> <span class='ocrx_word' id='word_1_11' title='bbox 687 450 725 496; x_wconf 92' lang='lat' dir='ltr'>a</span> <span class='ocrx_word' id='word_1_12' title='bbox 775 443 1011 498; x_wconf 89' lang='lat' dir='ltr'>sancto</span> <span class='ocrx_word' id='word_1_13' title='bbox 1062 428 1401 529; x_wconf 74' lang='lat' dir='ltr'>Episcopo</span> <span class='ocrx_word' id='word_1_14' title='bbox 1448 427 1785 497; x_wconf 85' lang='lat' dir='ltr'>divinitus</span> <span class='ocrx_word' id='word_1_15' title='bbox 1832 427 2031 499; x_wconf 87' lang='lat' dir='ltr'>docto</span> <span class='ocrx_word' id='word_1_16' title='bbox 2082 429 2555 501; x_wconf 84' lang='lat' dir='ltr'>beatissimum</span> <span class='ocrx_word' id='word_1_17' title='bbox 2613 439 2793 503; x_wconf 80' lang='lat' dir='ltr'>Mar-</span> 
     </span>
     <span class='ocr_line' id='line_1_3' title="bbox 229 515 2787 674; baseline 0.002 -88"><span class='ocrx_word' id='word_1_18' title='bbox 229 518 451 674; x_wconf 65' lang='grc' dir='ltr'>ῑίηιῗιη</span> <span class='ocrx_word' id='word_1_19' title='bbox 495 515 738 585; x_wconf 78' lang='lat' dir='ltr'>didicit</span> <span class='ocrx_word' id='word_1_20' title='bbox 795 518 1132 607; x_wconf 79' lang='lat' dir='ltr'>migrasse</span> <span class='ocrx_word' id='word_1_21' title='bbox 1174 540 1214 587; x_wconf 91' lang='lat' dir='ltr'>a</span> <span class='ocrx_word' id='word_1_22' title='bbox 1276 531 1431 598; x_wconf 78' lang='lat' dir='ltr'>vita,</span> <span class='ocrx_word' id='word_1_23' title='bbox 1484 531 1549 586; x_wconf 90' lang='lat' dir='ltr'>et</span> <span class='ocrx_word' id='word_1_24' title='bbox 1594 515 2100 587; x_wconf 68' lang='lat' dir='ltr'>deducentibus</span> <span class='ocrx_word' id='word_1_25' title='bbox 2148 519 2423 609; x_wconf 78' lang='lat' dir='ltr'>Angelis</span> <span class='ocrx_word' id='word_1_26' title='bbox 2470 521 2662 592; x_wconf 89' lang='lat' dir='ltr'>abire</span> <span class='ocrx_word' id='word_1_27' title='bbox 2709 523 2787 592; x_wconf 91' lang='lat' dir='ltr'>in</span> 
     </span>
     <span class='ocr_line' id='line_1_4' title="bbox 228 617 1849 675; baseline -0.001 0"><span class='ocrx_word' id='word_1_28' title='bbox 228 627 354 675; x_wconf 74' lang='lat' dir='ltr'>coe</span> <span class='ocrx_word' id='word_1_29' title='bbox 390 625 527 673; x_wconf 89' lang='lat' dir='ltr'>um.</span> <span class='ocrx_word' id='word_1_30' title='bbox 1840 617 1849 628; x_wconf 86' lang='grc'>’</span> 
     </span>
    </p>

    <p class='ocr_par' dir='ltr' id='par_1_3' title="bbox 130 693 2785 2645">
     <span class='ocr_line' id='line_1_5' title="bbox 319 693 2778 790; baseline 0.002 -29"><span class='ocrx_word' id='word_1_31' title='bbox 319 701 355 774; x_wconf 68' lang='lat'>5</span> <span class='ocrx_word' id='word_1_32' title='bbox 399 696 482 762; x_wconf 70' lang='grc' dir='ltr'>ιι.</span> <span class='ocrx_word' id='word_1_33' title='bbox 536 693 833 762; x_wconf 79' lang='lat' dir='ltr'>Tandem</span> <span class='ocrx_word' id='word_1_34' title='bbox 870 693 1195 763; x_wconf 82' lang='lat' dir='ltr'>defuncto</span> <span class='ocrx_word' id='word_1_35' title='bbox 1228 695 1420 763; x_wconf 84' lang='lat' dir='ltr'>beato</span> <span class='ocrx_word' id='word_1_36' title='bbox 1451 694 1795 773; x_wconf 87' lang='lat' dir='ltr'>Severino,</span> <span class='ocrx_word' id='word_1_37' title='bbox 1839 694 2071 764; x_wconf 89' lang='lat' dir='ltr'>Clerus</span> <span class='ocrx_word' id='word_1_38' title='bbox 2105 707 2170 764; x_wconf 90' lang='lat' dir='ltr'>et</span> <span class='ocrx_word' id='word_1_39' title='bbox 2205 696 2509 786; x_wconf 87' lang='lat' dir='ltr'>populus</span> <span class='ocrx_word' id='word_1_40' title='bbox 2537 700 2778 790; x_wconf 80' lang='lat' dir='ltr'>Agrip-</span> 
     </span>
     <span class='ocr_line' id='line_1_6' title="bbox 226 781 2777 873; baseline 0.003 -24"><span class='ocrx_word' id='word_1_41' title='bbox 226 783 433 872; x_wconf 89' lang='lat' dir='ltr'>pinae</span> <span class='ocrx_word' id='word_1_42' title='bbox 465 781 780 852; x_wconf 78' lang='lat' dir='ltr'>Coloniae</span> <span class='ocrx_word' id='word_1_43' title='bbox 823 803 980 852; x_wconf 88' lang='lat' dir='ltr'>eum</span> <span class='ocrx_word' id='word_1_44' title='bbox 1041 784 1170 851; x_wconf 86' lang='lat' dir='ltr'>sibi</span> <span class='ocrx_word' id='word_1_45' title='bbox 1222 782 1426 873; x_wconf 83' lang='lat' dir='ltr'>elegit</span> <span class='ocrx_word' id='word_1_46' title='bbox 1475 783 1886 873; x_wconf 76' lang='lat' dir='ltr'>Episcopum</span> <span class='ocrx_word' id='word_1_47' title='bbox 1916 839 1932 862; x_wconf 89' lang='lat'>,</span> <span class='ocrx_word' id='word_1_48' title='bbox 1978 786 2297 870; x_wconf 90' lang='lat' dir='ltr'>quamvis</span> <span class='ocrx_word' id='word_1_49' title='bbox 2339 786 2777 868; x_wconf 70' lang='lat' dir='ltr'>renitentem.</span> 
     </span>
     <span class='ocr_line' id='line_1_7' title="bbox 224 872 2784 962; baseline 0.002 -22"><span class='ocrx_word' id='word_1_50' title='bbox 224 876 590 958; x_wconf 87' lang='lat' dir='ltr'>Postquam</span> <span class='ocrx_word' id='word_1_51' title='bbox 647 893 810 962; x_wconf 84' lang='lat' dir='ltr'>ergo</span> <span class='ocrx_word' id='word_1_52' title='bbox 855 894 1005 939; x_wconf 87' lang='lat' dir='ltr'>eam</span> <span class='ocrx_word' id='word_1_53' title='bbox 1058 872 1348 961; x_wconf 76' lang='lat' dir='ltr'>adeptus</span> <span class='ocrx_word' id='word_1_54' title='bbox 1396 886 1497 940; x_wconf 88' lang='lat' dir='ltr'>est</span> <span class='ocrx_word' id='word_1_55' title='bbox 1546 872 1774 941; x_wconf 81' lang='lat' dir='ltr'>sedem</span> <span class='ocrx_word' id='word_1_56' title='bbox 1810 926 1826 951; x_wconf 93' lang='lat'>,</span> <span class='ocrx_word' id='word_1_57' title='bbox 1880 887 2132 941; x_wconf 87' lang='lat' dir='ltr'>statum</span> <span class='ocrx_word' id='word_1_58' title='bbox 2198 873 2541 943; x_wconf 76' lang='lat' dir='ltr'>Ecclesiae</span> <span class='ocrx_word' id='word_1_59' title='bbox 2587 875 2784 944; x_wconf 87' lang='lat' dir='ltr'>Colo-</span> 
     </span>
     <span class='ocr_line' id='line_1_8' title="bbox 228 960 2783 1050; baseline 0.003 -23"><span class='ocrx_word' id='word_1_60' title='bbox 228 960 492 1028; x_wconf 86' lang='lat' dir='ltr'>niensis</span> <span class='ocrx_word' id='word_1_61' title='bbox 538 961 844 1046; x_wconf 78' lang='lat' dir='ltr'>quotidie</span> <span class='ocrx_word' id='word_1_62' title='bbox 881 961 944 1028; x_wconf 93' lang='lat' dir='ltr'>in</span> <span class='ocrx_word' id='word_1_63' title='bbox 988 960 1234 1030; x_wconf 84' lang='lat' dir='ltr'>melius</span> <span class='ocrx_word' id='word_1_64' title='bbox 1273 961 1705 1050; x_wconf 84' lang='lat' dir='ltr'>provehebat.</span> <span class='ocrx_word' id='word_1_65' title='bbox 1760 960 1913 1047; x_wconf 87' lang='lat' dir='ltr'>ejus</span> <span class='ocrx_word' id='word_1_66' title='bbox 1948 960 2250 1030; x_wconf 89' lang='lat' dir='ltr'>familiae</span> <span class='ocrx_word' id='word_1_67' title='bbox 2289 963 2523 1031; x_wconf 88' lang='lat' dir='ltr'>cibum</span> <span class='ocrx_word' id='word_1_68' title='bbox 2566 963 2783 1035; x_wconf 87' lang='lat' dir='ltr'>dabat</span> 
     </span>
     <span class='ocr_line' id='line_1_9' title="bbox 130 1048 2785 1139; baseline 0.003 -22"><span class='ocrx_word' id='word_1_69' title='bbox 130 1093 131 1096; x_wconf 58' lang='lat'><em>=</em></span> <span class='ocrx_word' id='word_1_70' title='bbox 218 1061 616 1138; x_wconf 89' lang='lat' dir='ltr'>opportuno</span> <span class='ocrx_word' id='word_1_71' title='bbox 652 1063 976 1135; x_wconf 90' lang='lat' dir='ltr'>tempore.</span> <span class='ocrx_word' id='word_1_72' title='bbox 1009 1071 1165 1120; x_wconf 86' lang='lat' dir='ltr'>oves</span> <span class='ocrx_word' id='word_1_73' title='bbox 1197 1050 1327 1119; x_wconf 88' lang='lat' dir='ltr'>sibi</span> <span class='ocrx_word' id='word_1_74' title='bbox 1363 1048 1655 1119; x_wconf 85' lang='lat' dir='ltr'>creditas</span> <span class='ocrx_word' id='word_1_75' title='bbox 1694 1050 2042 1139; x_wconf 80' lang='lat' dir='ltr'>eleganter</span> <span class='ocrx_word' id='word_1_76' title='bbox 2083 1050 2504 1131; x_wconf 85' lang='lat' dir='ltr'>instituebat,</span> <span class='ocrx_word' id='word_1_77' title='bbox 2543 1053 2785 1124; x_wconf 84' lang='lat' dir='ltr'>modis</span> 
     </span>
     <span class='ocr_line' id='line_1_10' title="bbox 221 1137 2784 1225; baseline 0.001 -18"><span class='ocrx_word' id='word_1_78' title='bbox 221 1137 555 1207; x_wconf 88' lang='lat' dir='ltr'>omnibus</span> <span class='ocrx_word' id='word_1_79' title='bbox 586 1159 622 1205; x_wconf 86' lang='lat' dir='ltr'>a</span> <span class='ocrx_word' id='word_1_80' title='bbox 662 1137 985 1225; x_wconf 88' lang='lat' dir='ltr'>peccandi</span> <span class='ocrx_word' id='word_1_81' title='bbox 1036 1139 1537 1209; x_wconf 85' lang='lat' dir='ltr'>consuetudine</span> <span class='ocrx_word' id='word_1_82' title='bbox 1572 1139 1979 1220; x_wconf 84' lang='lat' dir='ltr'>retrahebat,</span> <span class='ocrx_word' id='word_1_83' title='bbox 2031 1137 2454 1210; x_wconf 73' lang='lat' dir='ltr'>calamitosis</span> <span class='ocrx_word' id='word_1_84' title='bbox 2488 1155 2556 1210; x_wconf 88' lang='lat' dir='ltr'>et</span> <span class='ocrx_word' id='word_1_85' title='bbox 2604 1140 2784 1210; x_wconf 88' lang='lat' dir='ltr'>affli-</span> 
     </span>
     <span class='ocr_line' id='line_1_11' title="bbox 221 1225 2779 1316; baseline 0.001 -21"><span class='ocrx_word' id='word_1_86' title='bbox 221 1227 358 1295; x_wconf 84' lang='lat' dir='ltr'>ctis</span> <span class='ocrx_word' id='word_1_87' title='bbox 405 1225 733 1295; x_wconf 86' lang='lat' dir='ltr'>omnibus</span> <span class='ocrx_word' id='word_1_88' title='bbox 779 1226 1175 1296; x_wconf 78' lang='lat' dir='ltr'>humaniter</span> <span class='ocrx_word' id='word_1_89' title='bbox 1221 1227 1719 1306; x_wconf 73' lang='lat' dir='ltr'>subveniebat,</span> <span class='ocrx_word' id='word_1_90' title='bbox 1787 1228 2029 1297; x_wconf 87' lang='lat' dir='ltr'>urbem</span> <span class='ocrx_word' id='word_1_91' title='bbox 2092 1227 2310 1316; x_wconf 81' lang='lat' dir='ltr'>ipsam</span> <span class='ocrx_word' id='word_1_92' title='bbox 2367 1228 2433 1295; x_wconf 91' lang='lat' dir='ltr'>in</span> <span class='ocrx_word' id='word_1_93' title='bbox 2502 1242 2779 1298; x_wconf 88' lang='lat' dir='ltr'>tantum</span> 
     </span>
     <span class='ocr_line' id='line_1_12' title="bbox 221 1315 2783 1406; baseline 0.001 -21"><span class='ocrx_word' id='word_1_94' title='bbox 221 1336 473 1385; x_wconf 85' lang='lat' dir='ltr'>ornare</span> <span class='ocrx_word' id='word_1_95' title='bbox 521 1315 831 1395; x_wconf 82' lang='lat' dir='ltr'>studens,</span> <span class='ocrx_word' id='word_1_96' title='bbox 888 1328 963 1383; x_wconf 92' lang='lat' dir='ltr'>ut</span> <span class='ocrx_word' id='word_1_97' title='bbox 1009 1318 1096 1385; x_wconf 90' lang='lat' dir='ltr'>ab</span> <span class='ocrx_word' id='word_1_98' title='bbox 1149 1316 1391 1385; x_wconf 88' lang='lat' dir='ltr'>incolis</span> <span class='ocrx_word' id='word_1_99' title='bbox 1436 1338 1643 1384; x_wconf 82' lang='lat' dir='ltr'>aurea</span> <span class='ocrx_word' id='word_1_100' title='bbox 1697 1315 1854 1385; x_wconf 91' lang='lat' dir='ltr'>Colo</span> <span class='ocrx_word' id='word_1_101' title='bbox 1886 1316 1973 1384; x_wconf 78' lang='lat' dir='ltr'>tia</span> <span class='ocrx_word' id='word_1_102' title='bbox 2022 1316 2511 1406; x_wconf 86' lang='lat' dir='ltr'>appellaretur.</span> <span class='ocrx_word' id='word_1_103' title='bbox 2568 1323 2783 1387; x_wconf 85' lang='lat' dir='ltr'>Porro</span> 
     </span>
     <span class='ocr_line' id='line_1_13' title="bbox 224 1404 2780 1493; baseline 0.002 -21"><span class='ocrx_word' id='word_1_104' title='bbox 224 1404 478 1473; x_wconf 88' lang='lat' dir='ltr'>mentis</span> <span class='ocrx_word' id='word_1_105' title='bbox 537 1404 774 1473; x_wconf 84' lang='lat' dir='ltr'>oculos</span> <span class='ocrx_word' id='word_1_106' title='bbox 839 1424 1112 1493; x_wconf 88' lang='lat' dir='ltr'>semper</span> <span class='ocrx_word' id='word_1_107' title='bbox 1179 1407 1506 1474; x_wconf 79' lang='lat' dir='ltr'>referebat</span> <span class='ocrx_word' id='word_1_108' title='bbox 1566 1404 1651 1473; x_wconf 89' lang='lat' dir='ltr'>ad</span> <span class='ocrx_word' id='word_1_109' title='bbox 1727 1404 2089 1474; x_wconf 89' lang='lat' dir='ltr'>Dominum</span> <span class='ocrx_word' id='word_1_110' title='bbox 2130 1459 2145 1484; x_wconf 97' lang='lat'>‚</span> <span class='ocrx_word' id='word_1_111' title='bbox 2212 1406 2780 1493; x_wconf 85' lang='lat' dir='ltr'>quotidianisque</span> 
     </span>
     <span class='ocr_line' id='line_1_14' title="bbox 219 1492 2774 1582; baseline 0.002 -22"><span class='ocrx_word' id='word_1_112' title='bbox 219 1507 472 1561; x_wconf 87' lang='lat' dir='ltr'>auctus</span> <span class='ocrx_word' id='word_1_113' title='bbox 519 1493 778 1582; x_wconf 84' lang='lat' dir='ltr'>gratiae</span> <span class='ocrx_word' id='word_1_114' title='bbox 825 1492 1292 1570; x_wconf 88' lang='lat' dir='ltr'>incrementis,</span> <span class='ocrx_word' id='word_1_115' title='bbox 1338 1495 1476 1562; x_wconf 87' lang='lat' dir='ltr'>ibat</span> <span class='ocrx_word' id='word_1_116' title='bbox 1508 1492 1592 1562; x_wconf 90' lang='lat' dir='ltr'>de</span> <span class='ocrx_word' id='word_1_117' title='bbox 1628 1493 1874 1562; x_wconf 85' lang='lat' dir='ltr'>virtute</span> <span class='ocrx_word' id='word_1_118' title='bbox 1911 1494 1974 1561; x_wconf 92' lang='lat' dir='ltr'>in</span> <span class='ocrx_word' id='word_1_119' title='bbox 2016 1493 2359 1563; x_wconf 83' lang='lat' dir='ltr'>virtutem.</span> <span class='ocrx_word' id='word_1_120' title='bbox 2402 1499 2774 1581; x_wconf 84' lang='lat' dir='ltr'>Postquam</span> 
     </span>
     <span class='ocr_line' id='line_1_15' title="bbox 218 1581 2779 1669; baseline 0.001 -19"><span class='ocrx_word' id='word_1_121' title='bbox 218 1596 455 1650; x_wconf 86' lang='lat' dir='ltr'>autem</span> <span class='ocrx_word' id='word_1_122' title='bbox 495 1581 879 1659; x_wconf 87' lang='lat' dir='ltr'>consenuit,</span> <span class='ocrx_word' id='word_1_123' title='bbox 925 1581 1295 1650; x_wconf 79' lang='lat' dir='ltr'>immodico</span> <span class='ocrx_word' id='word_1_124' title='bbox 1339 1582 1586 1669; x_wconf 88' lang='lat' dir='ltr'>capitis</span> <span class='ocrx_word' id='word_1_125' title='bbox 1633 1581 1866 1650; x_wconf 90' lang='lat' dir='ltr'>dolore</span> <span class='ocrx_word' id='word_1_126' title='bbox 1917 1594 2218 1658; x_wconf 87' lang='lat' dir='ltr'>vexatus,</span> <span class='ocrx_word' id='word_1_127' title='bbox 2277 1604 2464 1652; x_wconf 87' lang='lat' dir='ltr'>more</span> <span class='ocrx_word' id='word_1_128' title='bbox 2500 1605 2625 1653; x_wconf 89' lang='lat' dir='ltr'>suo</span> <span class='ocrx_word' id='word_1_129' title='bbox 2667 1606 2779 1653; x_wconf 89' lang='lat' dir='ltr'>sa·</span> 
     </span>
     <span class='ocr_line' id='line_1_16' title="bbox 221 1669 2778 1758; baseline 0.002 -21"><span class='ocrx_word' id='word_1_130' title='bbox 221 1685 411 1738; x_wconf 86' lang='lat' dir='ltr'>crata</span> <span class='ocrx_word' id='word_1_131' title='bbox 459 1669 780 1738; x_wconf 80' lang='lat' dir='ltr'>circuivit</span> <span class='ocrx_word' id='word_1_132' title='bbox 829 1669 969 1738; x_wconf 88' lang='lat' dir='ltr'>loca</span> <span class='ocrx_word' id='word_1_133' title='bbox 1021 1671 1268 1739; x_wconf 87' lang='lat' dir='ltr'>orandi</span> <span class='ocrx_word' id='word_1_134' title='bbox 1316 1669 1567 1739; x_wconf 89' lang='lat' dir='ltr'>studio.</span> <span class='ocrx_word' id='word_1_135' title='bbox 1623 1676 1928 1758; x_wconf 80' lang='lat' dir='ltr'>Cumque</span> <span class='ocrx_word' id='word_1_136' title='bbox 1966 1670 2049 1739; x_wconf 88' lang='lat' dir='ltr'>ad</span> <span class='ocrx_word' id='word_1_137' title='bbox 2092 1670 2265 1739; x_wconf 80' lang='lat' dir='ltr'>beati</span> <span class='ocrx_word' id='word_1_138' title='bbox 2307 1672 2635 1741; x_wconf 82' lang='lat' dir='ltr'>Gereonis</span> <span class='ocrx_word' id='word_1_139' title='bbox 2670 1694 2778 1743; x_wconf 89' lang='lat' dir='ltr'>so·</span> 
     </span>
     <span class='ocr_line' id='line_1_17' title="bbox 222 1757 2778 1850; baseline 0.001 -24"><span class='ocrx_word' id='word_1_140' title='bbox 222 1759 634 1841; x_wconf 86' lang='lat' dir='ltr'>ciornmque</span> <span class='ocrx_word' id='word_1_141' title='bbox 679 1759 831 1846; x_wconf 84' lang='lat' dir='ltr'>ejus</span> <span class='ocrx_word' id='word_1_142' title='bbox 884 1759 1214 1845; x_wconf 81' lang='lat' dir='ltr'>templum</span> <span class='ocrx_word' id='word_1_143' title='bbox 1248 1813 1263 1838; x_wconf 96' lang='lat'>‚</span> <span class='ocrx_word' id='word_1_144' title='bbox 1320 1759 1496 1827; x_wconf 85' lang='lat' dir='ltr'>male</span> <span class='ocrx_word' id='word_1_145' title='bbox 1547 1758 1918 1828; x_wconf 89' lang='lat' dir='ltr'>valentium</span> <span class='ocrx_word' id='word_1_146' title='bbox 1982 1757 2416 1850; x_wconf 76' lang='lat' dir='ltr'>refrigerium</span> <span class='ocrx_word' id='word_1_147' title='bbox 2455 1813 2470 1839; x_wconf 92' lang='lat'>,</span> <span class='ocrx_word' id='word_1_148' title='bbox 2540 1782 2778 1850; x_wconf 83' lang='lat' dir='ltr'>perve-</span> 
     </span>
     <span class='ocr_line' id='line_1_18' title="bbox 228 1846 2769 1936; baseline 0.002 -23"><span class='ocrx_word' id='word_1_149' title='bbox 228 1847 463 1926; x_wconf 84' lang='lat' dir='ltr'>nisset,</span> <span class='ocrx_word' id='word_1_150' title='bbox 519 1846 711 1915; x_wconf 83' lang='lat' dir='ltr'>flexis</span> <span class='ocrx_word' id='word_1_151' title='bbox 759 1848 1053 1936; x_wconf 82' lang='lat' dir='ltr'>genibus</span> <span class='ocrx_word' id='word_1_152' title='bbox 1097 1847 1159 1914; x_wconf 88' lang='lat' dir='ltr'>in</span> <span class='ocrx_word' id='word_1_153' title='bbox 1201 1851 1603 1917; x_wconf 82' lang='lat' dir='ltr'>Sanctorum</span> <span class='ocrx_word' id='word_1_154' title='bbox 1661 1848 2087 1926; x_wconf 82' lang='lat' dir='ltr'>memoriam,</span> <span class='ocrx_word' id='word_1_155' title='bbox 2135 1847 2257 1915; x_wconf 90' lang='lat' dir='ltr'>ubi</span> <span class='ocrx_word' id='word_1_156' title='bbox 2295 1861 2769 1931; x_wconf 85' lang='lat' dir='ltr'>consueverat,</span> 
     </span>
     <span class='ocr_line' id='line_1_19' title="bbox 225 1934 2776 2026; baseline 0.004 -27"><span class='ocrx_word' id='word_1_157' title='bbox 225 1956 498 2002; x_wconf 81' lang='lat' dir='ltr'>versum</span> <span class='ocrx_word' id='word_1_158' title='bbox 542 1934 735 2003; x_wconf 89' lang='lat' dir='ltr'>illum</span> <span class='ocrx_word' id='word_1_159' title='bbox 779 1935 1007 2004; x_wconf 88' lang='lat' dir='ltr'>dicere</span> <span class='ocrx_word' id='word_1_160' title='bbox 1040 1936 1284 2025; x_wconf 82' lang='lat' dir='ltr'>coepit:</span> <span class='ocrx_word' id='word_1_161' title='bbox 1332 1937 1751 2006; x_wconf 62' lang='lat' dir='ltr'>&amp;nuntiabunt</span> <span class='ocrx_word' id='word_1_162' title='bbox 1796 1938 2034 2006; x_wconf 79' lang='lat' dir='ltr'>Sancti</span> <span class='ocrx_word' id='word_1_163' title='bbox 2059 1938 2126 2005; x_wconf 82' lang='lat' dir='ltr'>in</span> <span class='ocrx_word' id='word_1_164' title='bbox 2160 1939 2385 2026; x_wconf 69' lang='lat' dir='ltr'>ylarii:</span> <span class='ocrx_word' id='word_1_165' title='bbox 2414 1961 2441 2017; x_wconf 89' lang='lat'>,·</span> <span class='ocrx_word' id='word_1_166' title='bbox 2480 1959 2776 2023; x_wconf 81' lang='lat' dir='ltr'>moxque</span> 
     </span>
     <span class='ocr_line' id='line_1_20' title="bbox 229 2023 2767 2115; baseline 0.002 -27"><span class='ocrx_word' id='word_1_167' title='bbox 229 2023 522 2092; x_wconf 72' lang='lat' dir='ltr'>coelitus</span> <span class='ocrx_word' id='word_1_168' title='bbox 569 2044 975 2111; x_wconf 83' lang='lat' dir='ltr'>responsum</span> <span class='ocrx_word' id='word_1_169' title='bbox 1013 2038 1136 2102; x_wconf 81' lang='lat' dir='ltr'>est,</span> <span class='ocrx_word' id='word_1_170' title='bbox 1182 2027 1630 2094; x_wconf 73' lang='lat' dir='ltr'>Leuecabuncur</span> <span class='ocrx_word' id='word_1_171' title='bbox 1675 2026 1746 2094; x_wconf 77' lang='lat' dir='ltr'>in</span> <span class='ocrx_word' id='word_1_172' title='bbox 1795 2026 2123 2095; x_wconf 76' lang='lat' dir='ltr'>cubilibus</span> <span class='ocrx_word' id='word_1_173' title='bbox 2158 2026 2300 2094; x_wconf 74' lang='lat' dir='ltr'>suis</span> <span class='ocrx_word' id='word_1_174' title='bbox 2326 2027 2543 2114; x_wconf 78' lang='lat' dir='ltr'>(Psal.</span> <span class='ocrx_word' id='word_1_175' title='bbox 2587 2029 2767 2115; x_wconf 71' lang='lat'>449).</span> 
     </span>
     <span class='ocr_line' id='line_1_21' title="bbox 227 2111 2775 2202; baseline 0.002 -23"><span class='ocrx_word' id='word_1_176' title='bbox 227 2111 417 2179; x_wconf 85' lang='lat' dir='ltr'>Unde</span> <span class='ocrx_word' id='word_1_177' title='bbox 452 2111 562 2179; x_wconf 88' lang='lat' dir='ltr'>ille</span> <span class='ocrx_word' id='word_1_178' title='bbox 597 2111 947 2188; x_wconf 77' lang='lat' dir='ltr'>intellexit.</span> <span class='ocrx_word' id='word_1_179' title='bbox 980 2113 1229 2201; x_wconf 89' lang='lat' dir='ltr'>spiritu</span> <span class='ocrx_word' id='word_1_180' title='bbox 1272 2115 1376 2182; x_wconf 89' lang='lat' dir='ltr'>Dei</span> <span class='ocrx_word' id='word_1_181' title='bbox 1415 2113 1476 2180; x_wconf 92' lang='lat' dir='ltr'>id</span> <span class='ocrx_word' id='word_1_182' title='bbox 1511 2113 1569 2181; x_wconf 93' lang='lat' dir='ltr'>ei</span> <span class='ocrx_word' id='word_1_183' title='bbox 1610 2112 1968 2193; x_wconf 89' lang='lat' dir='ltr'>revelante,</span> <span class='ocrx_word' id='word_1_184' title='bbox 2013 2112 2131 2181; x_wconf 88' lang='lat' dir='ltr'>iilo</span> <span class='ocrx_word' id='word_1_185' title='bbox 2165 2114 2318 2202; x_wconf 89' lang='lat' dir='ltr'>ipso</span> <span class='ocrx_word' id='word_1_186' title='bbox 2350 2114 2775 2185; x_wconf 77' lang='lat' dir='ltr'>diesaneios</span> 
     </span>
     <span class='ocr_line' id='line_1_22' title="bbox 223 2201 2777 2290; baseline 0.002 -23"><span class='ocrx_word' id='word_1_187' title='bbox 223 2203 554 2288; x_wconf 83' lang='lat' dir='ltr'>Martyres</span> <span class='ocrx_word' id='word_1_188' title='bbox 586 2201 854 2270; x_wconf 82' lang='lat' dir='ltr'>animas</span> <span class='ocrx_word' id='word_1_189' title='bbox 902 2223 1064 2271; x_wconf 90' lang='lat' dir='ltr'>suas</span> <span class='ocrx_word' id='word_1_190' title='bbox 1094 2202 1284 2271; x_wconf 80' lang='lat' dir='ltr'>coelo</span> <span class='ocrx_word' id='word_1_191' title='bbox 1323 2201 1722 2271; x_wconf 88' lang='lat' dir='ltr'>reddidisse.</span> <span class='ocrx_word' id='word_1_192' title='bbox 1762 2203 1858 2270; x_wconf 79' lang='lat' dir='ltr'>Ab</span> <span class='ocrx_word' id='word_1_193' title='bbox 1891 2224 1970 2274; x_wconf 84' lang='lat' dir='ltr'>eo</span> <span class='ocrx_word' id='word_1_194' title='bbox 2002 2222 2165 2289; x_wconf 74' lang='lat' dir='ltr'>ergo</span> <span class='ocrx_word' id='word_1_195' title='bbox 2218 2215 2521 2290; x_wconf 87' lang='lat' dir='ltr'>tempore</span> <span class='ocrx_word' id='word_1_196' title='bbox 2557 2225 2777 2290; x_wconf 88' lang='lat' dir='ltr'>nsque</span> 
     </span>
     <span class='ocr_line' id='line_1_23' title="bbox 223 2288 2778 2380; baseline 0.002 -25"><span class='ocrx_word' id='word_1_197' title='bbox 223 2288 295 2355; x_wconf 89' lang='lat' dir='ltr'>in</span> <span class='ocrx_word' id='word_1_198' title='bbox 336 2310 657 2374; x_wconf 67' lang='lat' dir='ltr'>praesens</span> <span class='ocrx_word' id='word_1_199' title='bbox 688 2289 921 2358; x_wconf 81' lang='lat' dir='ltr'>eodem</span> <span class='ocrx_word' id='word_1_200' title='bbox 975 2290 1086 2357; x_wconf 88' lang='lat' dir='ltr'>die</span> <span class='ocrx_word' id='word_1_201' title='bbox 1132 2291 1524 2376; x_wconf 79' lang='lat' dir='ltr'>quotannis,</span> <span class='ocrx_word' id='word_1_202' title='bbox 1567 2291 1715 2380; x_wconf 90' lang='lat' dir='ltr'>ipso</span> <span class='ocrx_word' id='word_1_203' title='bbox 1764 2304 2028 2380; x_wconf 81' lang='lat' dir='ltr'>agente,</span> <span class='ocrx_word' id='word_1_204' title='bbox 2072 2291 2345 2360; x_wconf 89' lang='lat' dir='ltr'>illorum</span> <span class='ocrx_word' id='word_1_205' title='bbox 2385 2290 2778 2362; x_wconf 87' lang='lat' dir='ltr'>celebratur</span> 
     </span>
     <span class='ocr_line' id='line_1_24' title="bbox 224 2375 2776 2468; baseline 0.002 -23"><span class='ocrx_word' id='word_1_206' title='bbox 224 2375 651 2445; x_wconf 76' lang='lat' dir='ltr'>solemnitas.</span> <span class='ocrx_word' id='word_1_207' title='bbox 708 2379 979 2466; x_wconf 64' lang='lat' dir='ltr'>Accepit</span> <span class='ocrx_word' id='word_1_208' title='bbox 1016 2379 1636 2468; x_wconf 87' lang='lat' dir='ltr'>autem-pulverem</span> <span class='ocrx_word' id='word_1_209' title='bbox 1680 2400 1717 2447; x_wconf 89' lang='lat' dir='ltr'>e</span> <span class='ocrx_word' id='word_1_210' title='bbox 1756 2383 2156 2448; x_wconf 88' lang='lat' dir='ltr'>Sanctorum</span> <span class='ocrx_word' id='word_1_211' title='bbox 2201 2380 2482 2468; x_wconf 90' lang='lat' dir='ltr'>templo,</span> <span class='ocrx_word' id='word_1_212' title='bbox 2515 2395 2580 2449; x_wconf 90' lang='lat' dir='ltr'>et</span> <span class='ocrx_word' id='word_1_213' title='bbox 2615 2403 2776 2449; x_wconf 84' lang='lat' dir='ltr'>san-</span> 
     </span>
     <span class='ocr_line' id='line_1_25' title="bbox 227 2467 2773 2569; baseline 0.002 -34"><span class='ocrx_word' id='word_1_214' title='bbox 227 2479 376 2535; x_wconf 83' lang='lat' dir='ltr'>ctae</span> <span class='ocrx_word' id='word_1_215' title='bbox 415 2467 660 2567; x_wconf 34' lang='lat' dir='ltr'>,Crucis</span> <span class='ocrx_word' id='word_1_216' title='bbox 707 2467 1096 2556; x_wconf 85' lang='lat' dir='ltr'>exprimens</span> <span class='ocrx_word' id='word_1_217' title='bbox 1144 2467 1451 2569; x_wconf 75' lang='lat' dir='ltr'>signum,</span> <span class='ocrx_word' id='word_1_218' title='bbox 1505 2489 1663 2537; x_wconf 89' lang='lat' dir='ltr'>eum</span> <span class='ocrx_word' id='word_1_219' title='bbox 1718 2468 1895 2538; x_wconf 90' lang='lat' dir='ltr'>male</span> <span class='ocrx_word' id='word_1_220' title='bbox 1941 2468 2183 2539; x_wconf 82' lang='lat' dir='ltr'>affecto</span> <span class='ocrx_word' id='word_1_221' title='bbox 2220 2469 2428 2559; x_wconf 88' lang='lat' dir='ltr'>capiti</span> <span class='ocrx_word' id='word_1_222' title='bbox 2471 2491 2599 2539; x_wconf 85' lang='lat' dir='ltr'>suo</span> <span class='ocrx_word' id='word_1_223' title='bbox 2641 2469 2773 2539; x_wconf 88' lang='lat' dir='ltr'>im-</span> 
     </span>
     <span class='ocr_line' id='line_1_26' title="bbox 230 2569 1289 2645; baseline 0 -21"><span class='ocrx_word' id='word_1_224' title='bbox 230 2569 483 2645; x_wconf 81' lang='lat' dir='ltr'>posuit,</span> <span class='ocrx_word' id='word_1_225' title='bbox 528 2576 878 2641; x_wconf 90' lang='lat' dir='ltr'>sanusque</span> <span class='ocrx_word' id='word_1_226' title='bbox 921 2572 1220 2625; x_wconf 82' lang='lat' dir='ltr'>recessit.</span> <span class='ocrx_word' id='word_1_227' title='bbox 1282 2578 1289 2585; x_wconf 91' lang='lat'><strong>·</strong></span> 
     </span>
    </p>

    <p class='ocr_par' dir='ltr' id='par_1_4' title="bbox 211 2644 2772 4307">
     <span class='ocr_line' id='line_1_27' title="bbox 314 2644 2758 2735; baseline -0.003 -20"><span class='ocrx_word' id='word_1_228' title='bbox 314 2645 482 2729; x_wconf 44' lang='lat' dir='ltr'>§a</span> <span class='ocrx_word' id='word_1_229' title='bbox 544 2644 792 2713; x_wconf 87' lang='lat' dir='ltr'>Deinde</span> <span class='ocrx_word' id='word_1_230' title='bbox 854 2644 1175 2732; x_wconf 87' lang='lat' dir='ltr'>pastorali</span> <span class='ocrx_word' id='word_1_231' title='bbox 1231 2666 1387 2717; x_wconf 89' lang='lat' dir='ltr'>eum</span> <span class='ocrx_word' id='word_1_232' title='bbox 1455 2657 1866 2735; x_wconf 84' lang='lat' dir='ltr'>perurgente</span> <span class='ocrx_word' id='word_1_233' title='bbox 1929 2646 2100 2714; x_wconf 66' lang='lat' dir='ltr'>cura</span> <span class='ocrx_word' id='word_1_234' title='bbox 2146 2657 2213 2714; x_wconf 89' lang='lat' dir='ltr'>et</span> <span class='ocrx_word' id='word_1_235' title='bbox 2269 2645 2758 2728; x_wconf 58' lang='lat' dir='ltr'>sollicitudine,</span> 
     </span>
     <span class='ocr_line' id='line_1_28' title="bbox 221 2730 2764 2824; baseline 0.002 -24"><span class='ocrx_word' id='word_1_236' title='bbox 221 2730 381 2801; x_wconf 86' lang='lat' dir='ltr'>fidei</span> <span class='ocrx_word' id='word_1_237' title='bbox 427 2732 682 2823; x_wconf 87' lang='lat' dir='ltr'>fervore</span> <span class='ocrx_word' id='word_1_238' title='bbox 734 2734 1227 2813; x_wconf 85' lang='lat' dir='ltr'>inflammatus,</span> <span class='ocrx_word' id='word_1_239' title='bbox 1271 2732 1354 2801; x_wconf 88' lang='lat' dir='ltr'>ad</span> <span class='ocrx_word' id='word_1_240' title='bbox 1398 2738 1712 2824; x_wconf 87' lang='lat' dir='ltr'>Tungros</span> <span class='ocrx_word' id='word_1_241' title='bbox 1766 2734 2108 2823; x_wconf 80' lang='lat' dir='ltr'>proiectus</span> <span class='ocrx_word' id='word_1_242' title='bbox 2153 2746 2279 2813; x_wconf 88' lang='lat' dir='ltr'>est,</span> <span class='ocrx_word' id='word_1_243' title='bbox 2341 2733 2764 2804; x_wconf 85' lang='lat' dir='ltr'>idololatriae</span> 
     </span>
     <span class='ocr_line' id='line_1_29' title="bbox 222 2821 2771 2912; baseline 0.002 -23"><span class='ocrx_word' id='word_1_244' title='bbox 222 2822 459 2889; x_wconf 86' lang='lat' dir='ltr'>sordes</span> <span class='ocrx_word' id='word_1_245' title='bbox 498 2821 1006 2891; x_wconf 86' lang='lat' dir='ltr'>eliminaturus.</span> <span class='ocrx_word' id='word_1_246' title='bbox 1069 2822 1185 2891; x_wconf 89' lang='lat' dir='ltr'>Ubi</span> <span class='ocrx_word' id='word_1_247' title='bbox 1237 2844 1316 2891; x_wconf 89' lang='lat' dir='ltr'>eo</span> <span class='ocrx_word' id='word_1_248' title='bbox 1369 2823 1693 2912; x_wconf 82' lang='lat' dir='ltr'>pervenit,</span> <span class='ocrx_word' id='word_1_249' title='bbox 1739 2844 1898 2891; x_wconf 90' lang='lat' dir='ltr'>cum</span> <span class='ocrx_word' id='word_1_250' title='bbox 1957 2821 2169 2891; x_wconf 91' lang='lat' dir='ltr'>multa</span> <span class='ocrx_word' id='word_1_251' title='bbox 2211 2823 2614 2891; x_wconf 84' lang='lat' dir='ltr'>auctoritate</span> <span class='ocrx_word' id='word_1_252' title='bbox 2665 2845 2771 2893; x_wconf 91' lang='lat' dir='ltr'>sa·</span> 
     </span>
     <span class='ocr_line' id='line_1_30' title="bbox 220 2909 2772 2989; baseline 0.001 -12"><span class='ocrx_word' id='word_1_253' title='bbox 220 2930 378 2978; x_wconf 90' lang='lat' dir='ltr'>cras</span> <span class='ocrx_word' id='word_1_254' title='bbox 427 2909 720 2978; x_wconf 85' lang='lat' dir='ltr'>babebat</span> <span class='ocrx_word' id='word_1_255' title='bbox 767 2911 1155 2989; x_wconf 87' lang='lat' dir='ltr'>conciones,</span> <span class='ocrx_word' id='word_1_256' title='bbox 1194 2927 1500 2980; x_wconf 86' lang='lat' dir='ltr'>errantes</span> <span class='ocrx_word' id='word_1_257' title='bbox 1543 2911 1911 2980; x_wconf 88' lang='lat' dir='ltr'>reducebat</span> <span class='ocrx_word' id='word_1_258' title='bbox 1961 2910 2026 2977; x_wconf 88' lang='lat' dir='ltr'>in</span> <span class='ocrx_word' id='word_1_259' title='bbox 2083 2910 2305 2981; x_wconf 82' lang='lat' dir='ltr'>viam:</span> <span class='ocrx_word' id='word_1_260' title='bbox 2349 2910 2565 2979; x_wconf 84' lang='lat' dir='ltr'>malos</span> <span class='ocrx_word' id='word_1_261' title='bbox 2617 2910 2772 2979; x_wconf 83' lang='lat' dir='ltr'>bor·</span> 
     </span>
     <span class='ocr_line' id='line_1_31' title="bbox 225 2996 2763 3087; baseline 0 -20"><span class='ocrx_word' id='word_1_262' title='bbox 225 2999 521 3076; x_wconf 89' lang='lat' dir='ltr'>tabatnr,</span> <span class='ocrx_word' id='word_1_263' title='bbox 562 3012 637 3067; x_wconf 91' lang='lat' dir='ltr'>ut</span> <span class='ocrx_word' id='word_1_264' title='bbox 669 3000 800 3067; x_wconf 92' lang='lat' dir='ltr'>cito</span> <span class='ocrx_word' id='word_1_265' title='bbox 839 2999 1359 3087; x_wconf 87' lang='lat' dir='ltr'>resipiscerent;</span> <span class='ocrx_word' id='word_1_266' title='bbox 1414 2999 1653 3075; x_wconf 85' lang='lat' dir='ltr'>bonos,</span> <span class='ocrx_word' id='word_1_267' title='bbox 1708 3011 1782 3067; x_wconf 91' lang='lat' dir='ltr'>ut</span> <span class='ocrx_word' id='word_1_268' title='bbox 1815 2996 2168 3067; x_wconf 87' lang='lat' dir='ltr'>studerent</span> <span class='ocrx_word' id='word_1_269' title='bbox 2202 2998 2376 3068; x_wconf 83' lang='lat' dir='ltr'>effici</span> <span class='ocrx_word' id='word_1_270' title='bbox 2424 2999 2763 3068; x_wconf 81' lang='lat' dir='ltr'>meliores,</span> 
     </span>
     <span class='ocr_line' id='line_1_32' title="bbox 219 3086 2767 3177; baseline 0.001 -22"><span class='ocrx_word' id='word_1_271' title='bbox 219 3091 388 3155; x_wconf 89' lang='lat' dir='ltr'>Cum</span> <span class='ocrx_word' id='word_1_272' title='bbox 449 3104 674 3155; x_wconf 89' lang='lat' dir='ltr'>autem</span> <span class='ocrx_word' id='word_1_273' title='bbox 742 3089 1068 3157; x_wconf 85' lang='lat' dir='ltr'>Dominus</span> <span class='ocrx_word' id='word_1_274' title='bbox 1118 3087 1313 3156; x_wconf 78' lang='lat' dir='ltr'>vellet</span> <span class='ocrx_word' id='word_1_275' title='bbox 1358 3110 1513 3156; x_wconf 83' lang='lat' dir='ltr'>eunt</span> <span class='ocrx_word' id='word_1_276' title='bbox 1566 3087 1646 3155; x_wconf 89' lang='lat' dir='ltr'>ad</span> <span class='ocrx_word' id='word_1_277' title='bbox 1704 3087 2017 3155; x_wconf 85' lang='lat' dir='ltr'>laborum</span> <span class='ocrx_word' id='word_1_278' title='bbox 2070 3086 2406 3173; x_wconf 87' lang='lat' dir='ltr'>capienda</span> <span class='ocrx_word' id='word_1_279' title='bbox 2463 3089 2767 3177; x_wconf 85' lang='lat' dir='ltr'>praemia</span> 
     </span>
     <span class='ocr_line' id='line_1_33' title="bbox 217 3175 2770 3261; baseline 0.001 -17"><span class='ocrx_word' id='word_1_280' title='bbox 217 3197 525 3256; x_wconf 88' lang='lat' dir='ltr'>evocare,</span> <span class='ocrx_word' id='word_1_281' title='bbox 574 3189 646 3244; x_wconf 88' lang='lat' dir='ltr'>ut</span> <span class='ocrx_word' id='word_1_282' title='bbox 683 3197 964 3246; x_wconf 87' lang='lat' dir='ltr'>cursum</span> <span class='ocrx_word' id='word_1_283' title='bbox 1018 3177 1190 3246; x_wconf 85' lang='lat' dir='ltr'>vitae</span> <span class='ocrx_word' id='word_1_284' title='bbox 1224 3176 1492 3245; x_wconf 85' lang='lat' dir='ltr'>felicius</span> <span class='ocrx_word' id='word_1_285' title='bbox 1524 3176 1925 3255; x_wconf 83' lang='lat' dir='ltr'>absolveret,</span> <span class='ocrx_word' id='word_1_286' title='bbox 1964 3175 2262 3261; x_wconf 87' lang='lat' dir='ltr'>quadam</span> <span class='ocrx_word' id='word_1_287' title='bbox 2318 3194 2512 3245; x_wconf 89' lang='lat' dir='ltr'>nocte</span> <span class='ocrx_word' id='word_1_288' title='bbox 2546 3177 2770 3247; x_wconf 71' lang='lat' dir='ltr'>media</span> 
     </span>
     <span class='ocr_line' id='line_1_34' title="bbox 218 3263 2760 3334; baseline 0.001 -2"><span class='ocrx_word' id='word_1_289' title='bbox 218 3265 542 3332; x_wconf 82' lang='lat' dir='ltr'>surrexit.</span> <span class='ocrx_word' id='word_1_290' title='bbox 593 3277 657 3331; x_wconf 93' lang='lat' dir='ltr'>et</span> <span class='ocrx_word' id='word_1_291' title='bbox 687 3285 765 3333; x_wconf 87' lang='lat' dir='ltr'>ex</span> <span class='ocrx_word' id='word_1_292' title='bbox 811 3286 996 3333; x_wconf 84' lang='lat' dir='ltr'>inore</span> <span class='ocrx_word' id='word_1_293' title='bbox 1045 3265 1234 3333; x_wconf 83' lang='lat' dir='ltr'>solus</span> <span class='ocrx_word' id='word_1_294' title='bbox 1273 3263 1353 3332; x_wconf 92' lang='lat' dir='ltr'>ad</span> <span class='ocrx_word' id='word_1_295' title='bbox 1394 3279 1669 3332; x_wconf 89' lang='lat' dir='ltr'>sanctae</span> <span class='ocrx_word' id='word_1_296' title='bbox 1708 3264 1812 3331; x_wconf 86' lang='lat' dir='ltr'>Dei</span> <span class='ocrx_word' id='word_1_297' title='bbox 1852 3264 2214 3333; x_wconf 83' lang='lat' dir='ltr'>Genitricis</span> <span class='ocrx_word' id='word_1_298' title='bbox 2268 3266 2760 3334; x_wconf 85' lang='lat' dir='ltr'>monasterium</span> 
     </span>
     <span class='ocr_line' id='line_1_35' title="bbox 216 3352 2768 3441; baseline 0 -20"><span class='ocrx_word' id='word_1_299' title='bbox 216 3352 464 3421; x_wconf 89' lang='lat' dir='ltr'>orandi</span> <span class='ocrx_word' id='word_1_300' title='bbox 513 3354 721 3420; x_wconf 63' lang='lat' dir='ltr'>causi}</span> <span class='ocrx_word' id='word_1_301' title='bbox 749 3374 820 3420; x_wconf 80' lang='lat' dir='ltr'>se</span> <span class='ocrx_word' id='word_1_302' title='bbox 853 3352 1165 3429; x_wconf 78' lang='lat' dir='ltr'>contulit,</span> <span class='ocrx_word' id='word_1_303' title='bbox 1200 3352 1456 3421; x_wconf 83' lang='lat' dir='ltr'>faciens</span> <span class='ocrx_word' id='word_1_304' title='bbox 1496 3352 1677 3438; x_wconf 89' lang='lat' dir='ltr'>quod</span> <span class='ocrx_word' id='word_1_305' title='bbox 1728 3352 2054 3441; x_wconf 78' lang='lat' dir='ltr'>propbeta</span> <span class='ocrx_word' id='word_1_306' title='bbox 2088 3352 2293 3420; x_wconf 84' lang='lat' dir='ltr'>dicit:</span> <span class='ocrx_word' id='word_1_307' title='bbox 2331 3354 2552 3429; x_wconf 77' lang='lat' dir='ltr'>Media</span> <span class='ocrx_word' id='word_1_308' title='bbox 2582 3364 2768 3427; x_wconf 79' lang='lat' dir='ltr'>nocte</span> 
     </span>
     <span class='ocr_line' id='line_1_36' title="bbox 211 3438 2767 3596; baseline 0.001 -86"><span class='ocrx_word' id='word_1_309' title='bbox 211 3441 575 3529; x_wconf 64' lang='lat' dir='ltr'>sumebam</span> <span class='ocrx_word' id='word_1_310' title='bbox 634 3440 724 3513; x_wconf 79' lang='lat' dir='ltr'>ad</span> <span class='ocrx_word' id='word_1_311' title='bbox 784 3442 1227 3533; x_wconf 72' lang='lat' dir='ltr'>confitendum</span> <span class='ocrx_word' id='word_1_312' title='bbox 1292 3442 1422 3510; x_wconf 69' lang='lat' dir='ltr'>tibi</span> <span class='ocrx_word' id='word_1_313' title='bbox 1469 3464 1670 3530; x_wconf 81' lang='lat' dir='ltr'>super</span> <span class='ocrx_word' id='word_1_314' title='bbox 1717 3442 1990 3596; x_wconf 61' lang='lat' dir='ltr'>{igdicae’a</span> <span class='ocrx_word' id='word_1_315' title='bbox 2034 3438 2544 3533; x_wconf 77' lang='lat' dir='ltr'>justificationis</span> <span class='ocrx_word' id='word_1_316' title='bbox 2611 3454 2767 3513; x_wconf 78' lang='lat' dir='ltr'>tua-e</span> 
     </span>
     <span class='ocr_line' id='line_1_37' title="bbox 217 3527 2765 3618; baseline 0.001 -20"><span class='ocrx_word' id='word_1_317' title='bbox 217 3530 432 3613; x_wconf 79' lang='lat' dir='ltr'>(Psal.</span> <span class='ocrx_word' id='word_1_318' title='bbox 493 3527 665 3615; x_wconf 71' lang='lat'>148).</span> <span class='ocrx_word' id='word_1_319' title='bbox 721 3532 796 3596; x_wconf 93' lang='lat' dir='ltr'>ln</span> <span class='ocrx_word' id='word_1_320' title='bbox 853 3530 999 3615; x_wconf 86' lang='lat' dir='ltr'>ipso</span> <span class='ocrx_word' id='word_1_321' title='bbox 1046 3545 1270 3597; x_wconf 85' lang='lat' dir='ltr'>autem</span> <span class='ocrx_word' id='word_1_322' title='bbox 1319 3530 1556 3598; x_wconf 89' lang='lat' dir='ltr'>itinere</span> <span class='ocrx_word' id='word_1_323' title='bbox 1600 3552 1713 3618; x_wconf 86' lang='lat' dir='ltr'>psa</span> <span class='ocrx_word' id='word_1_324' title='bbox 1755 3530 1929 3598; x_wconf 88' lang='lat' dir='ltr'>lente</span> <span class='ocrx_word' id='word_1_325' title='bbox 1976 3553 2100 3599; x_wconf 87' lang='lat' dir='ltr'>eo:</span> <span class='ocrx_word' id='word_1_326' title='bbox 2164 3535 2252 3600; x_wconf 80' lang='lat' dir='ltr'>Tu</span> <span class='ocrx_word' id='word_1_327' title='bbox 2311 3542 2581 3613; x_wconf 84' lang='lat' dir='ltr'>autem,</span> <span class='ocrx_word' id='word_1_328' title='bbox 2641 3536 2765 3601; x_wconf 88' lang='lat' dir='ltr'>Do·</span> 
     </span>
     <span class='ocr_line' id='line_1_38' title="bbox 216 3618 2762 3710; baseline 0.001 -24"><span class='ocrx_word' id='word_1_329' title='bbox 216 3618 419 3698; x_wconf 82' lang='lat' dir='ltr'>mine,</span> <span class='ocrx_word' id='word_1_330' title='bbox 450 3626 787 3705; x_wconf 76' lang='lat' dir='ltr'>susceptor</span> <span class='ocrx_word' id='word_1_331' title='bbox 810 3640 995 3686; x_wconf 80' lang='lat' dir='ltr'>meus</span> <span class='ocrx_word' id='word_1_332' title='bbox 1015 3641 1104 3698; x_wconf 77' lang='lat' dir='ltr'>es,</span> <span class='ocrx_word' id='word_1_333' title='bbox 1133 3619 1357 3708; x_wconf 71' lang='lat' dir='ltr'>qlorz&#39;a</span> <span class='ocrx_word' id='word_1_334' title='bbox 1382 3641 1555 3698; x_wconf 85' lang='lat' dir='ltr'>mea,</span> <span class='ocrx_word' id='word_1_335' title='bbox 1594 3630 1655 3688; x_wconf 78' lang='lat' dir='ltr'>et</span> <span class='ocrx_word' id='word_1_336' title='bbox 1684 3622 2003 3688; x_wconf 63' lang='lat' dir='ltr'>exaltans</span> <span class='ocrx_word' id='word_1_337' title='bbox 2025 3630 2229 3710; x_wconf 83' lang='lat' dir='ltr'>caput</span> <span class='ocrx_word' id='word_1_338' title='bbox 2259 3642 2476 3689; x_wconf 79' lang='lat' dir='ltr'>meum</span> <span class='ocrx_word' id='word_1_339' title='bbox 2496 3620 2634 3708; x_wconf 75' lang='lat' dir='ltr'>(Ps.</span> <span class='ocrx_word' id='word_1_340' title='bbox 2668 3620 2762 3708; x_wconf 90' lang='lat'>3),</span> 
     </span>
     <span class='ocr_line' id='line_1_39' title="bbox 218 3705 2761 3798; baseline 0 -23"><span class='ocrx_word' id='word_1_341' title='bbox 218 3705 518 3775; x_wconf 88' lang='lat' dir='ltr'>latrones</span> <span class='ocrx_word' id='word_1_342' title='bbox 551 3720 946 3784; x_wconf 80' lang='lat' dir='ltr'>accurrunt,</span> <span class='ocrx_word' id='word_1_343' title='bbox 998 3706 1081 3774; x_wconf 89' lang='lat' dir='ltr'>ad</span> <span class='ocrx_word' id='word_1_344' title='bbox 1126 3707 1919 3796; x_wconf 73' lang='lat' dir='ltr'>jugulandos‘bomines</span> <span class='ocrx_word' id='word_1_345' title='bbox 1963 3708 2229 3789; x_wconf 87' lang='lat' dir='ltr'>intenti,</span> <span class='ocrx_word' id='word_1_346' title='bbox 2275 3730 2593 3798; x_wconf 85' lang='lat' dir='ltr'>magnam</span> <span class='ocrx_word' id='word_1_347' title='bbox 2629 3709 2761 3778; x_wconf 89' lang='lat' dir='ltr'>sibi</span> 
     </span>
     <span class='ocr_line' id='line_1_40' title="bbox 214 3792 2764 3884; baseline 0.001 -20"><span class='ocrx_word' id='word_1_348' title='bbox 214 3817 296 3864; x_wconf 82' lang='lat' dir='ltr'>ex</span> <span class='ocrx_word' id='word_1_349' title='bbox 345 3792 464 3861; x_wconf 88' lang='lat' dir='ltr'>illo</span> <span class='ocrx_word' id='word_1_350' title='bbox 517 3793 835 3883; x_wconf 71' lang='lat' dir='ltr'>praedam</span> <span class='ocrx_word' id='word_1_351' title='bbox 895 3794 1343 3884; x_wconf 86' lang='lat' dir='ltr'>pollicentur,</span> <span class='ocrx_word' id='word_1_352' title='bbox 1396 3818 1718 3882; x_wconf 87' lang='lat' dir='ltr'>unusque</span> <span class='ocrx_word' id='word_1_353' title='bbox 1765 3818 1844 3865; x_wconf 86' lang='lat' dir='ltr'>ex</span> <span class='ocrx_word' id='word_1_354' title='bbox 1897 3794 2032 3865; x_wconf 89' lang='lat' dir='ltr'>illis</span> <span class='ocrx_word' id='word_1_355' title='bbox 2097 3796 2203 3865; x_wconf 90' lang='lat' dir='ltr'>teli</span> <span class='ocrx_word' id='word_1_356' title='bbox 2260 3799 2396 3866; x_wconf 93' lang='lat' dir='ltr'>ictu</span> <span class='ocrx_word' id='word_1_357' title='bbox 2445 3818 2601 3865; x_wconf 90' lang='lat' dir='ltr'>eum</span> <span class='ocrx_word' id='word_1_358' title='bbox 2660 3798 2764 3866; x_wconf 92' lang='lat' dir='ltr'>in-</span> 
     </span>
     <span class='ocr_line' id='line_1_41' title="bbox 218 3882 2761 3974; baseline 0.001 -23"><span class='ocrx_word' id='word_1_359' title='bbox 218 3882 486 3953; x_wconf 83' lang='lat' dir='ltr'>terficit.</span> <span class='ocrx_word' id='word_1_360' title='bbox 542 3882 667 3951; x_wconf 91' lang='lat' dir='ltr'>Sed</span> <span class='ocrx_word' id='word_1_361' title='bbox 717 3903 874 3951; x_wconf 88' lang='lat' dir='ltr'>cnm</span> <span class='ocrx_word' id='word_1_362' title='bbox 932 3884 1098 3952; x_wconf 86' lang='lat' dir='ltr'>nibil</span> <span class='ocrx_word' id='word_1_363' title='bbox 1152 3891 1333 3971; x_wconf 88' lang='lat' dir='ltr'>apud</span> <span class='ocrx_word' id='word_1_364' title='bbox 1384 3905 1539 3953; x_wconf 84' lang='lat' dir='ltr'>enm</span> <span class='ocrx_word' id='word_1_365' title='bbox 1598 3899 1862 3974; x_wconf 88' lang='lat' dir='ltr'>praeter</span> <span class='ocrx_word' id='word_1_366' title='bbox 1909 3884 2295 3973; x_wconf 90' lang='lat' dir='ltr'>simplicem</span> <span class='ocrx_word' id='word_1_367' title='bbox 2357 3899 2604 3954; x_wconf 86' lang='lat' dir='ltr'>vestem</span> <span class='ocrx_word' id='word_1_368' title='bbox 2657 3886 2761 3954; x_wconf 88' lang='lat' dir='ltr'>in-</span> 
     </span>
     <span class='ocr_line' id='line_1_42' title="bbox 218 3970 2761 4063; baseline 0.002 -26"><span class='ocrx_word' id='word_1_369' title='bbox 218 3972 549 4047; x_wconf 81' lang='lat' dir='ltr'>venirent,</span> <span class='ocrx_word' id='word_1_370' title='bbox 589 3970 672 4038; x_wconf 87' lang='lat' dir='ltr'>ad</span> <span class='ocrx_word' id='word_1_371' title='bbox 725 3971 947 4040; x_wconf 89' lang='lat' dir='ltr'>locum</span> <span class='ocrx_word' id='word_1_372' title='bbox 1001 3974 1429 4042; x_wconf 76' lang='lat' dir='ltr'>secretiorem</span> <span class='ocrx_word' id='word_1_373' title='bbox 1483 3995 1736 4063; x_wconf 88' lang='lat' dir='ltr'>eorpus</span> <span class='ocrx_word' id='word_1_374' title='bbox 1784 3974 2099 4043; x_wconf 80' lang='lat' dir='ltr'>exanime</span> <span class='ocrx_word' id='word_1_375' title='bbox 2145 3974 2569 4061; x_wconf 86' lang='lat' dir='ltr'>absportant,</span> <span class='ocrx_word' id='word_1_376' title='bbox 2627 3974 2761 4042; x_wconf 88' lang='lat' dir='ltr'>vir-</span> 
     </span>
     <span class='ocr_line' id='line_1_43' title="bbox 223 4059 2760 4153; baseline 0.004 -30"><span class='ocrx_word' id='word_1_377' title='bbox 223 4059 433 4141; x_wconf 73' lang='lat' dir='ltr'>gultis</span> <span class='ocrx_word' id='word_1_378' title='bbox 479 4060 823 4146; x_wconf 90' lang='lat' dir='ltr'>operiunt,</span> <span class='ocrx_word' id='word_1_379' title='bbox 881 4083 962 4130; x_wconf 90' lang='lat' dir='ltr'>ne</span> <span class='ocrx_word' id='word_1_380' title='bbox 1016 4062 1344 4151; x_wconf 87' lang='lat' dir='ltr'>prodatur</span> <span class='ocrx_word' id='word_1_381' title='bbox 1394 4061 1666 4131; x_wconf 88' lang='lat' dir='ltr'>illorum</span> <span class='ocrx_word' id='word_1_382' title='bbox 1722 4063 2009 4142; x_wconf 78' lang='lat' dir='ltr'>crimen,</span> <span class='ocrx_word' id='word_1_383' title='bbox 2057 4062 2501 4149; x_wconf 82' lang='lat' dir='ltr'>dolentesque</span> <span class='ocrx_word' id='word_1_384' title='bbox 2535 4084 2607 4131; x_wconf 90' lang='lat' dir='ltr'>se</span> <span class='ocrx_word' id='word_1_385' title='bbox 2639 4082 2760 4153; x_wconf 87' lang='lat' dir='ltr'>spe</span> 
     </span>
     <span class='ocr_line' id='line_1_44' title="bbox 220 4144 2753 4242; baseline 0.004 -29"><span class='ocrx_word' id='word_1_386' title='bbox 220 4144 581 4217; x_wconf 79' lang='lat' dir='ltr'>frustratos</span> <span class='ocrx_word' id='word_1_387' title='bbox 629 4170 751 4217; x_wconf 88' lang='lat' dir='ltr'>sua</span> <span class='ocrx_word' id='word_1_388' title='bbox 790 4204 806 4230; x_wconf 93' lang='lat'>,</span> <span class='ocrx_word' id='word_1_389' title='bbox 861 4149 1273 4241; x_wconf 82' lang='lat' dir='ltr'>aufugiunt,</span> <span class='ocrx_word' id='word_1_390' title='bbox 1331 4149 1503 4219; x_wconf 80' lang='lat' dir='ltr'>nibil</span> <span class='ocrx_word' id='word_1_391' title='bbox 1556 4165 1821 4242; x_wconf 89' lang='lat' dir='ltr'>praeter</span> <span class='ocrx_word' id='word_1_392' title='bbox 1858 4166 2210 4220; x_wconf 86' lang='lat' dir='ltr'>cruentam</span> <span class='ocrx_word' id='word_1_393' title='bbox 2263 4150 2753 4222; x_wconf 88' lang='lat' dir='ltr'>conscientiam</span> 
     </span>
     <span class='ocr_line' id='line_1_45' title="bbox 218 4237 2478 4307; baseline 0.005 -5"><span class='ocrx_word' id='word_1_394' title='bbox 218 4252 451 4304; x_wconf 84' lang='lat' dir='ltr'>secum</span> <span class='ocrx_word' id='word_1_395' title='bbox 504 4237 889 4307; x_wconf 80' lang='lat' dir='ltr'>auferentes</span> <span class='ocrx_word' id='word_1_396' title='bbox 932 4238 989 4306; x_wconf 61' lang='lat'>⁴⁸.</span> <span class='ocrx_word' id='word_1_397' title='bbox 2473 4252 2478 4261; x_wconf 88' lang='lat'>&#39;</span> 
     </span>
    </p>

    <p class='ocr_par' dir='ltr' id='par_1_5' title="bbox 309 4326 2757 4422">
     <span class='ocr_line' id='line_1_46' title="bbox 309 4326 2757 4422; baseline 0.002 -28"><span class='ocrx_word' id='word_1_398' title='bbox 309 4326 344 4409; x_wconf 65' lang='grc' dir='ltr'>ξ</span> <span class='ocrx_word' id='word_1_399' title='bbox 391 4331 481 4394; x_wconf 75' lang='grc' dir='ltr'>θ.</span> <span class='ocrx_word' id='word_1_400' title='bbox 540 4331 754 4409; x_wconf 84' lang='lat' dir='ltr'>Mane,</span> <span class='ocrx_word' id='word_1_401' title='bbox 800 4327 1059 4397; x_wconf 87' lang='lat' dir='ltr'>oriente</span> <span class='ocrx_word' id='word_1_402' title='bbox 1090 4327 1222 4410; x_wconf 89' lang='lat' dir='ltr'>die,</span> <span class='ocrx_word' id='word_1_403' title='bbox 1265 4327 1608 4398; x_wconf 82' lang='lat' dir='ltr'>infaustus</span> <span class='ocrx_word' id='word_1_404' title='bbox 1633 4328 1865 4399; x_wconf 88' lang='lat' dir='ltr'>caedis</span> <span class='ocrx_word' id='word_1_405' title='bbox 1895 4330 2047 4419; x_wconf 89' lang='lat' dir='ltr'>ejus</span> <span class='ocrx_word' id='word_1_406' title='bbox 2080 4330 2381 4401; x_wconf 86' lang='lat' dir='ltr'>nuncius</span> <span class='ocrx_word' id='word_1_407' title='bbox 2417 4330 2757 4422; x_wconf 83' lang='lat' dir='ltr'>perfertur</span> 
     </span>
    </p>
   </div>
   <div class='ocr_carea' id='block_1_3' title="bbox 270 4430 2290 4510">
    <p class='ocr_par' dir='ltr' id='par_1_6' title="bbox 270 4430 2290 4510">
     <span class='ocr_line' id='line_1_47' title="bbox 270 4430 2290 4510; baseline 0.004 -21"><span class='ocrx_word' id='word_1_408' title='bbox 270 4448 299 4476; x_wconf 72' lang='lat'>⁸</span> <span class='ocrx_word' id='word_1_409' title='bbox 326 4449 478 4492; x_wconf 71' lang='lat' dir='ltr'>Locus</span> <span class='ocrx_word' id='word_1_410' title='bbox 495 4450 628 4503; x_wconf 72' lang='lat' dir='ltr'>impii</span> <span class='ocrx_word' id='word_1_411' title='bbox 645 4454 867 4498; x_wconf 69' lang='lat' dir='ltr'>facinoris</span> <span class='ocrx_word' id='word_1_412' title='bbox 885 4456 1032 4498; x_wconf 76' lang='lat' dir='ltr'>eum</span> <span class='ocrx_word' id='word_1_413' title='bbox 1049 4453 1190 4499; x_wconf 76' lang='lat' dir='ltr'>hodio</span> <span class='ocrx_word' id='word_1_414' title='bbox 1206 4430 1533 4509; x_wconf 56' lang='lat' dir='ltr'>Grouieelmea,</span> <span class='ocrx_word' id='word_1_415' title='bbox 1550 4466 1637 4498; x_wconf 75' lang='lat' dir='ltr'>neu</span> <span class='ocrx_word' id='word_1_416' title='bbox 1656 4455 1794 4499; x_wconf 65' lang='lat' dir='ltr'>cnuto</span> <span class='ocrx_word' id='word_1_417' title='bbox 1811 4458 1989 4499; x_wconf 66' lang='lat' dir='ltr'>muria</span> <span class='ocrx_word' id='word_1_418' title='bbox 2005 4440 2290 4510; x_wconf 64' lang='lat' dir='ltr'>apponatur.</span> 
     </span>
    </p>
   </div>
  </div>
 </body>
</html>
