3347 4999
726 333 852 398 648
1380 349 1460 395 nn
1508 348 1564 395 s.
1617 347 1882 396 annucio
1928 349 2026 395 nr.
2072 343 2404 397 mauron.
2855 329 3028 396 OCT.
3081 332 3185 396 22

634 435 732 504 eis
779 434 1002 503 lucem
1046 432 1390 523 largire.»
1432 437 1611 503 Haec
1661 454 1796 502 non
1864 432 2072 502 nudis
2119 432 2339 502 solum
2400 431 2669 503 dicebat
2730 432 2988 514 verbis,
3042 434 3177 503 sed

635 536 700 594 et
749 523 1054 592 moribus
1086 520 1561 603 confirmabat,
1623 536 1688 590 et
1741 520 2046 592 fontibus
2094 520 2584 611 lacrymarum.
2645 521 2958 592 Misertus
3001 544 3186 613 ergo

637 617 949 692 SanctuS‚
1010 622 1075 679 et
1134 610 1217 679 ad
1272 610 1497 679 coelos
1549 609 1673 679 ads
1730 610 1978 691 iciens,
2043 610 2164 696 qui
2219 621 2362 678 erat
2406 610 2615 680 coelis
2664 632 2817 680 vere
2863 611 2929 679 di
2986 633 3171 680 nus:

637 723 673 767 «
709 701 915 782 Veni,
953 699 1201 786 inquit,
1257 719 1411 768 vera
1467 698 1610 779 lux,
1698 720 1818 768 esu
1877 697 2169 779 Christe,
2223 709 2287 767 et
2341 699 2526 788 aperi
2579 698 2792 789 hujus
2830 721 2953 768 ocu
2986 721 3087 768 os.
3135 723 3178 766 »

636 789 895 860 Deinde
943 809 1340 869 conversus,
1385 808 1541 856 cum
1591 786 1742 943 effus
1777 787 2105 888 tetigisset
2132 785 2405 856 oculos:
2458 810 2494 853 «
2526 788 2594 856 Si
2636 809 2811 869 vere,
2855 788 3047 867 dixit,
3093 787 3173 857 in

638 878 977 948 Christum
1007 876 1318 956 credidit,
1348 877 1610 966 Phryge
1645 875 1730 956 la,
1763 887 1987 947 statim
2026 875 2246 945 visum
2280 876 2630 965 recipiat.»
2663 880 2829 945 Cum
2875 877 2971 946 sic
3001 898 3078 946 er
3127 899 3180 947 o

638 966 942 1046 dixisset,
983 977 1049 1035 et
1094 964 1314 1035 soluta
1363 978 1464 1033 est
1496 965 1643 1055 ipsa
1686 964 1964 1046 orbitaS,
2007 975 2072 1033 et
2106 965 2325 1053 patuit
2374 985 2596 1034 veram
2632 963 2845 1035 fuisse
2889 966 3036 1052 ejus
3141 1006 3177 1017 -

639 1056 793 1124 dem
831 1055 900 1122 in
934 1054 1302 1124 Christum.
1349 1053 1546 1123 Visus
1579 1054 1762 1121 enim
1813 1054 2168 1123 oculorum
2218 1053 2546 1143 corporis,
2600 1053 3036 1143 significabat
3083 1054 3177 1123 il-

639 1142 1012 1212 luminatos
1050 1163 1196 1211 esse
1234 1142 1505 1234 animae
1551 1141 1809 1211 oculos
1863 1147 2066 1211 Porro
2114 1154 2341 1210 autem
2391 1141 2665 1232 cognita
2695 1154 2797 1212 est
2837 1143 3040 1212 etiam
3091 1145 3169 1211 in

641 1231 821 1301 dono
905 1242 1068 1311 rata,
1123 1231 1402 1300 dicens:
1447 1253 1482 1296 «
1521 1232 1825 1311 Domine,
1858 1252 1985 1320 ago
2022 1230 2141 1299 tibi
2177 1230 2454 1319 gratias,
2492 1230 2672 1317 quod
2722 1230 2895 1299 mihi
2934 1231 3177 1320 dupli-

640 1321 811 1389 citer
886 1341 1077 1388 ucem
1132 1319 1226 1387 sis
1260 1319 1569 1409 largitus.
1617 1318 1739 1387 His
1770 1320 1979 1398 enim,
2028 1318 2147 1405 qui
2199 1319 2515 1388 videntur
2559 1318 2782 1388 oculis
2828 1320 3165 1408 corporis,

640 1407 867 1478 cordis
900 1408 1136 1478 oculos
1171 1406 1371 1497 longe
1408 1406 1576 1475 mihi
1627 1428 1735 1475 ma
1790 1406 1847 1476 is
1881 1406 2233 1495 aperuisti.
2281 1406 2471 1476 Unde
2525 1408 2728 1475 etiam
2783 1408 2951 1476 mihi
2997 1428 3174 1476 con-

639 1497 821 1567 venit
867 1495 1114 1577 dicere,
1153 1517 1329 1583 quae
1368 1506 1527 1564 tuus
1580 1429 1829 1564 David:
1879 1495 2206 1564 Liber-asti
2246 1499 2468 1565 oculos
2514 1517 2691 1565 meos
2729 1518 2774 1564 a
2821 1498 3168 1596 lacrymis,

642 1596 704 1655 et
742 1587 946 1677 pedes
977 1607 1153 1654 meos
1181 1608 1223 1653 ιι
1274 1586 1470 1685 lapsu
1497 1583 1553 1652 *.
1606 1588 1773 1653 Vere
1819 1583 1999 1652 enim
2066 1605 2219 1652 sum
2281 1583 2564 1653 liberata
2615 1583 2701 1653 ab
2749 1583 3163 1663 offenslone,

641 1695 862 1762 neque
918 1695 1197 1764 gressus
1243 1693 1514 1741 animae
1563 1683 1726 1741 sunt
1776 1672 2071 1741 minores
2124 1673 2477 1762 gressibus
2527 1672 2858 1762 corporis.
2901 1696 2937 1740 »
2983 1674 3161 1742 Hinc

643 1762 1022 1832 vehementi
1058 1774 1256 1852 capta
1290 1782 1521 1829 amore
1555 1760 1826 1840 Christi,
1864 1783 2022 1829 cum
2075 1772 2282 1830 totam
2335 1782 2406 1831 se
2451 1761 2854 1831 contulisset
2886 1761 2967 1830 ad
3012 1783 3158 1830 ser-

638 1851 860 1920 vanda
918 1851 1066 1940 ejus
1116 1849 1475 1919 mandata:
1541 1853 1800 1928 «Ecce,
1854 1849 2100 1935 inquit,
2155 1863 2367 1939 pater,
2421 1849 2505 1918 ad
2549 1855 2871 1919 Sanctum
2930 1849 3172 1940 adspi-

639 1939 850 2019 ciens,
900 1938 1371 2029 praesentibus
1405 1937 1512 2006 his
1549 1937 1784 2008 multis
1821 1938 2128 2017 testibus,
2165 1936 2531 2007 dimidium
2584 1960 2891 2008 mearum
2942 1938 3171 2008 iacul-

644 2040 854 2097 tatum
928 2027 1049 2096 tibi
1114 2027 1505 2106 committe,
1560 2037 1636 2095 ut
1700 2025 2075 2095 distribuas
2149 2026 2707 2117 indigentibus.»
2770 2031 2955 2110 Quae
2998 2049 3174 2118 ergo

639 2116 1185 2186 circumsistebat
1233 2113 1623 2195 multitudO,
1679 2114 2012 2183 admirata
2067 2134 2314 2184 novum
2367 2115 2493 2184 hoc
2539 2116 2979 2196 miraculum,
3011 2117 3172 2206 ipsa

638 2224 912 2291 quoque
957 2203 1395 2272 exclamavit:
1469 2207 1822 2292 «Magnus
1877 2223 1972 2279 es,
2040 2206 2216 2271 Deus
2263 2202 2831 2273 Christianorum:
2898 2225 3057 2272 nam
3119 2205 3172 2273 ii

640 2311 915 2379 quoque
965 2291 1232 2382 magnis
1266 2312 1417 2360 vere
1446 2289 1772 2359 fruuntur
1799 2290 2061 2380 gratiis,
2094 2291 2213 2378 qui
2251 2304 2441 2361 tuum
2487 2313 2732 2360 nomen
2771 2295 3170 2362 invocant.»

639 2385 828 2449 Tunc
877 2390 1100 2448 autem
1136 2390 1413 2448 sanctus
1444 2378 1809 2448 Abercius:
1855 2402 1890 2445 «
1928 2383 2117 2460 Ecce,
2157 2380 2404 2466 inquit,
2445 2380 2716 2461 mulier,
2757 2383 3166 2471 cognovisti.

638 2489 844 2557 quam
897 2467 1269 2538 liberaliter
1289 2489 1367 2537 ac
1416 2466 1742 2537 munifice
1774 2467 2097 2539 Dominus
2130 2490 2325 2539 meus
2354 2490 2469 2539 eos
2505 2482 3007 2550 remuneratur,
3043 2472 3171 2559 qui

638 2569 913 2647 sperant
948 2558 1016 2625 in
1065 2558 1320 2646 ipsum.
1374 2555 1553 2625 Vade
1597 2578 1759 2647 ergo
1810 2556 1876 2625 in
1916 2576 2103 2646 pace,
2151 2558 2273 2627 tibi
2326 2559 2637 2628 animum
2689 2560 3067 2640 adhibens,
3106 2573 3179 2629 et

639 2647 740 2717 illi
789 2667 1001 2737 agens
1038 2667 1176 2725 eas,
1231 2665 1405 2745 quas
1440 2666 1565 2745 par
1604 2658 1727 2723 est,
1809 2646 2088 2735 gratias,
2125 2669 2161 2712 »
2212 2652 2389 2717 Haec
2456 2646 2574 2718 ille
2631 2670 2792 2719 cum
2842 2649 3167 2731 dixisset,

638 2734 998 2827 Phrygella
1036 2746 1311 2804 recessu
1341 2733 1617 2821 quidem
1670 2733 1736 2801 in
1792 2734 2219 2822 praesentia:
2276 2757 2517 2806 rursus
2548 2750 2773 2806 autem
2828 2737 3057 2816 rediit,
3106 2750 3173 2806 et

637 2845 793 2893 eum
845 2823 1040 2891 valde
1086 2821 1309 2892 colere
1372 2822 1840 2912 perseveravit.
1906 2827 2117 2911 Atque
2163 2846 2410 2895 rursus
2455 2825 2734 2913 quidem
2793 2847 3173 2915 aggressus

636 2924 737 2982 est
784 2912 1104 2980 Abercius
1151 2922 1545 2981 consuetam
1588 2910 1997 2980 doctrinam.

724 3002 760 3087 ξ
810 3003 938 3070 n.
994 3004 1158 3068 Cum
1210 3009 1435 3068 autem
1485 2999 1666 3085 quod
1719 3000 1787 3068 in
1826 3000 2184 3090 Phrygella
2226 3000 2479 3069 factum
2530 2999 2660 3069 fuit
2709 3001 3160 3083 miraculum,

639 3089 711 3157 in
765 3088 1018 3158 multas
1059 3099 1272 3157 terrae
1306 3098 1528 3177 partes
1574 3088 2017 3177 pervasisset,
2066 3089 2401 3158 accedunt
2449 3089 2530 3158 ad
2581 3110 2739 3159 eum
2794 3101 2929 3161 tres
2979 3105 3170 3160 vetu-

642 3177 769 3255 lae,
815 3198 991 3263 quae
1029 3176 1216 3266 ipsae
1246 3196 1517 3264 quoque
1554 3187 1750 3244 erant
1777 3177 2010 3246 orbate
2056 3177 2300 3257 oculiS,
2346 3177 2688 3246 dicentes:
2734 3205 2759 3239 ι
2796 3184 2929 3248 Nos
2960 3181 3168 3248 etiam

639 3264 985 3336 credimus
1017 3265 1082 3333 in
1133 3270 1394 3345 Jesum,
1448 3264 1566 3351 qui
1617 3285 1652 3333 a
1699 3277 1759 3333 te
1807 3265 2263 3354 praedicatur.
2316 3269 2650 3355 Appareat
2695 3287 2858 3357 ergo
2916 3267 2988 3335 in
3041 3288 3170 3337 nos

638 3374 911 3441 quoque
943 3353 1092 3443 ejus
1119 3352 1502 3433 clementia,
1540 3364 1604 3422 et
1639 3352 1836 3423 nobis
1876 3352 2123 3435 lucem,
2169 3374 2209 3423 o
2238 3353 2339 3421 vir
2385 3353 2812 3436 admirande,
2853 3357 3161 3435 ostende,

640 3442 819 3511 sicut
866 3440 1045 3531 Phry
1095 3440 1287 3510 ellae.
1328 3463 1365 3507 »
1406 3441 1527 3510 Ille
1559 3453 1828 3511 autem:
1874 3464 1909 3507 «
1940 3444 2007 3511 Si
2042 3442 2213 3512 fides
2253 3455 2505 3523 vestra,
2555 3444 2814 3530 inquit,
2860 3466 3017 3513 vera
3058 3455 3164 3512 est

638 3529 707 3598 in
754 3550 984 3599 verum
1131 3551 1273 3609 um,
1340 3530 1516 3599 sicut
1562 3530 1817 3610 dicitis,
1881 3551 2035 3599 eum
2088 3531 2403 3600 videbitis
2450 3530 2676 3601 cordis
2724 3532 2986 3612 oculis,
3029 3532 3156 3618 qui

635 3616 893 3688 cadunt
942 3619 1071 3687 sub
1120 3617 1665 3708 intelligentiam.
1704 3641 1739 3685 »
1788 3624 1967 3688 Haec
1999 3619 2191 3700 dixit,
2243 3631 2504 3689 etcum
2570 3620 2965 3692 sustulisset
3000 3641 3165 3690 ocu·

636 3707 777 3777 los:
818 3729 854 3774 »
909 3707 1189 3776 Domine
1215 3707 1384 3777 Jesu
1419 3708 1703 3788 Christe,
1742 3708 1986 3794 inquit,
2026 3729 2188 3799 rogo
2220 3719 2305 3787 te,
2347 3707 2618 3777 videant
2661 3709 2852 3797 ipsae
2890 3731 3172 3797 quoque

636 3795 858 3866 lucem
915 3808 1067 3866 tuae
1105 3795 1519 3886 agnitionis:
1570 3807 1635 3864 et
1683 3796 1772 3865 ab
1842 3818 1960 3874 ea,
2010 3818 2184 3885 quae
2238 3808 2340 3867 est
2395 3797 2494 3866 eis
2540 3796 2782 3878 offusa,
2838 3798 3176 3868 liberatae

636 3885 958 3976 caligine,
1013 3884 1423 3975 adspiciunt,
1480 3885 1784 3965 Domine,
1828 3884 2056 3953 radios
2106 3898 2259 3955 tuae
2307 3886 2605 3955 veritatis
2640 3906 2676 3952 »
2729 3887 2838 3955 Sic
2876 3900 2980 3957 est
3020 3908 3175 3976 pre·

637 3986 858 4054 catus;
893 3986 958 4042 et
1003 3994 1158 4042 ecce
1207 3973 1473 4053 locum,
1546 3973 1612 4041 in
1664 3994 1802 4061 quo
1852 3972 2159 4053 stabant,
2229 3995 2478 4063 magna
2529 3974 2640 4043 lux
2697 3974 3175 4046 circumfulsit

635 4061 955 4151 desuper;
998 4073 1063 4131 et
1096 4080 1333 4131 omnes
1367 4061 1435 4129 in
1474 4074 1725 4130 terram
1776 4062 2171 4131 ceciderunt
2217 4061 2668 4153 obstupefacti
2719 4064 3124 4153 spectaculo
3157 4121 3174 4146 ,

632 4150 815 4237 quod
856 4163 1121 4239 praeter
1145 4150 1539 4242 opinionem
1590 4163 1929 4220 evenerat.
1968 4155 2108 4219 Non
2149 4164 2293 4220 erat
2321 4163 2547 4221 autem
2602 4151 2741 4233 lux,
2776 4152 3180 4239 cujusmodi

634 4259 713 4307 ea
781 4250 902 4318 est,
978 4260 1153 4326 quae
1221 4240 1403 4308 venit
1479 4261 1558 4308 ex
1626 4238 1767 4310 sole
1842 4250 1907 4308 et
1966 4238 2263 4329 fulgure,
2339 4239 2455 4311 sed
2519 4259 2690 4308 nova
2741 4261 3050 4329 prorsus,
3114 4255 3183 4312 et

633 4396 995 4501 prztffizumpto
1023 4399 1137 4439 baec
1169 4400 1312 4442 verbo
1338 4356 1455 4443 mitt
1487 4410 1544 4442 ox
1571 4400 1757 4441 Psalmo
1788 4400 1879 4448 lu.
1905 4400 1990 4442 sed
2019 4410 2105 4441 neo
2124 4400 2323 4453 integre.
2341 4410 2428 4443 nec
2449 4401 2613 4445 eodem
2635 4410 2795 4450 seusu.
2810 4410 2904 4453 quo
2921 4402 3080 4445 David
3098 4403 3192 4446 uh
