3347 4999
672 366 802 431 262
1446 380 1524 426 na
1573 380 1628 426 S.
1684 378 1948 426 remam
1998 378 2241 425 Pomm.
2852 359 3024 425 OCT.
3083 362 3125 424 8

583 468 729 538 visa
777 477 900 535 est.
963 464 1192 533 Flebat
1247 475 1472 533 autern
1531 486 1683 533 eam
1756 469 2064 533 Romana
2122 462 2609 543 acerbissime,
2664 461 2780 532 sed
2839 473 3125 531 sanctus

585 562 867 626 Nonnus
915 552 1399 624 consolabatur
1449 573 1625 633 eam,
1684 552 1958 622 dicens:
2013 576 2046 618 «
2092 551 2239 621 Noli
2273 552 2457 632 flere,
2499 551 2664 631 filia,
2712 549 2829 622 sed
2894 550 3126 640 potius

586 644 816 730 exulta
866 654 930 711 et
981 642 1253 711 laetare.
1308 640 1580 733 Pelagia
1628 642 1811 711 enim
1847 641 2176 732 optimam
2216 652 2476 730 partem
2508 640 2712 730 elegit
2750 639 2964 708 instar
2989 644 3129 709 Ma-

587 734 752 813 riae,
791 753 999 819 quam
1040 730 1370 800 Dominus
1420 730 1487 798 in
1541 729 1907 821 Evangelio
1943 729 2245 798 Marthae
2279 730 2653 819 anteponit.
2691 752 2724 794 »
2753 728 2931 797 Abiit
2964 750 3126 798 vero

587 821 857 912 Pelagia
918 819 1446 908 sermon-mam,
1500 832 1564 889 et
1612 820 1680 888 in
1751 830 2047 888 montem
2100 817 2365 900 Oliveti,
2421 817 2538 887 ubi
2591 817 2922 887 Dominus
2966 838 3124 907 pre-

584 922 781 979 catus
829 921 979 991 est,
1045 908 1177 977 sibi
1240 906 1564 978 cellulam
1615 907 2018 977 construxit.
2082 912 2221 977 Non
2287 906 2413 977 diu
2462 920 2610 997 post
2656 906 3122 976 Antioclienus

584 999 967 1089 Episcopus
1006 996 1272 1065 dimisit
1312 1018 1351 1064 a
1391 1019 1463 1066 se
1510 996 1849 1067 antistites
1893 1016 2131 1065 omnes
2166 995 2284 1083 qui
2321 996 2403 1065 ad
2447 1017 2604 1065 eum
2644 1006 3003 1077 venerant,
3040 1004 3123 1063 ut

584 1085 844 1177 singuli
892 1085 974 1154 ad
1030 1107 1152 1156 sua
1187 1097 1709 1155 reverterentur.
1747 1084 1993 1185 Elapso
2028 1084 2188 1153 inde
2219 1084 2494 1154 triennii
2525 1095 2643 1153 aut
2676 1081 3125 1170 quadriennii

585 1176 829 1266 spati0,
865 1175 1032 1243 mihi
1068 1173 1318 1243 Jacobo
1349 1174 1604 1264 cupido
1646 1174 1926 1243 incessit
1964 1173 2444 1261 proficiscendi
2484 1171 2976 1261 lerosolymam
3001 1225 3016 1252 ,
3051 1182 3123 1240 et

583 1264 917 1334 adorandi
990 1263 1132 1332 illic
1186 1263 1755 1333 resurrectionem
1809 1262 2077 1332 Domini
2137 1262 2529 1332 Salvatoris.
2583 1267 2678 1332 Ro
2730 1261 2837 1330 avi
2887 1261 3122 1347 itaque

584 1354 998 1443 Episcopum
1035 1373 1290 1431 meum,
1347 1364 1419 1420 ut
1457 1352 1625 1420 mihi
1673 1374 1833 1421 cum
1886 1352 1904 1419 i
1963 1350 2108 1420 sius
2140 1351 2319 1420 bona
2355 1349 2547 1420 venia
2583 1372 2661 1420 eo
2733 1351 2934 1419 iceret
2962 1370 3119 1439 pro·

581 1442 826 1511 ficisci.
863 1440 1167 1510 Assensit
1201 1440 1709 1530 ille,jussitque
1746 1453 1818 1510 ut
1865 1463 1912 1509 u
1966 1441 1984 1509 i
2032 1462 2111 1509 eo
2150 1440 2637 1530 pervenissem,
2695 1439 3115 1525 inquirerem

582 1530 666 1599 de
714 1530 1011 1617 quodam
1066 1528 1270 1598 fratre
1301 1529 1571 1618 Pelagio
1608 1529 1943 1598 monacho
1989 1540 2054 1597 et
2100 1529 2442 1610 eunuchO,
2519 1528 2591 1598 ui
2622 1526 2884 1615 aliquot
2916 1526 3121 1596 annis

581 1618 859 1689 vixisset
901 1617 1250 1688 solitarius
1296 1630 1362 1685 et
1411 1617 1762 1698 inclusuS,
1815 1616 2251 1704 diceremque
2302 1639 2409 1687 me
2468 1616 2667 1686 ilum
2729 1615 2898 1685 velle
2948 1615 3121 1684 invi-

584 1729 753 1775 sere.
809 1707 1063 1777 Poteris
1093 1706 1304 1787 enim,
1343 1706 1587 1793 inquit,
1641 1707 1729 1776 ab
1776 1729 1855 1775 eo
1887 1706 2225 1794 adjuvari.
2269 1710 2447 1776 Haec
2490 1727 2644 1775 vero
2690 1704 3121 1775 subobscure

583 1795 700 1864 ille
749 1795 1021 1864 dicebat
1059 1795 1144 1863 de
1192 1793 1448 1863 ancilla
1490 1794 1598 1863 Dei
1637 1795 1934 1886 Pelagia.

671 1886 706 1971 ξ
753 1889 899 1956 ¹2.
956 1884 1236 1953 Perveni
1288 1882 1500 1973 igitur
1526 1884 2057 1969 aerosolymam‚
2088 1895 2341 1953 etcum
2376 1884 2768 1953 adorassem
2809 1894 3121 1951 sanctam

583 1973 831 2043 Christi
882 1972 1477 2054 resurrectionem,
1522 1972 1733 2042 altera
1768 1973 1878 2043 die
1930 1971 2299 2063 perquisivi
2353 1972 2435 2040 de
2477 1978 2678 2042 Servo
2729 1972 2867 2052 Dei,
2930 1969 3122 2039 Pela-

580 2062 716 2152 gio.
771 2061 1009 2129 Inveni
1047 2073 1274 2129 autem
1318 2059 1518 2129 illum
1574 2060 1640 2129 in
1685 2074 1933 2141 monte,
1968 2060 2088 2129 ubi
2125 2060 2457 2131 Dominus
2487 2062 2727 2140 oravit,
2765 2061 2835 2129 in
2868 2059 3120 2149 exigua

581 2172 797 2236 eaque
838 2149 1145 2236 undique
1192 2148 1520 2219 conclusa
1554 2148 1807 2219 cellula
1855 2150 2238 2239 degentem,
2280 2150 2344 2217 in
2382 2150 2584 2239 cujus
2665 2152 2873 2218 ariete
2911 2168 3118 2237 parva

579 2237 876 2307 fenestra
931 2237 1299 2307 visebatur.
1365 2239 1678 2308 Percussi
1740 2239 1968 2327 itaque
2029 2238 2281 2307 ostium
2332 2237 2607 2308 fenestel
2645 2261 2769 2318 ae;
2818 2257 3113 2323 moxque

579 2326 698 2395 illa
749 2327 1038 2415 aperuit,
1093 2325 1471 2412 vidensque
1522 2349 1627 2396 me
1676 2326 1874 2398 facile
1911 2328 2212 2418 agnovit,
2249 2348 2407 2396 cum
2444 2349 2569 2418 ego
2606 2327 2795 2396 illam
2831 2346 3118 2414 prorsus

583 2435 717 2482 non
770 2436 1236 2506 agnoscerem.
1293 2419 1439 2497 Quo
1504 2416 1690 2485 enim
1753 2429 1948 2508 pacto
1997 2438 2075 2485 co
2131 2416 2319 2485 nosci
2427 2429 2652 2495 osset,
2708 2436 2886 2504 quae
2943 2412 3118 2481 mihi

579 2516 780 2573 antea
820 2505 960 2574 visa
992 2516 1135 2574 erat
1170 2525 1446 2575 summa
1478 2504 1737 2575 formae
1784 2506 2076 2596 eleganti
2170 2519 2235 2574 et
2288 2528 2377 2595 pu
2410 2506 2777 2587 critudine,
2829 2517 2895 2573 at
2928 2525 3115 2571 nunc

580 2613 742 2684 prae
779 2592 991 2663 nimia
1040 2593 1456 2664 abstinentia
1505 2592 1736 2663 vultus
1768 2595 1985 2664 macie
2018 2593 2436 2674 extabuerat,
2476 2595 2659 2665 oculi
2694 2595 2873 2664 intro
2900 2613 3118 2661 reces-

579 2694 832 2762 serant,
868 2695 944 2751 ut
990 2682 1326 2770 quaedam
1373 2703 1708 2752 concavae
1758 2683 1979 2754 fossae
2028 2683 2472 2752 viderentur?
2512 2685 2613 2753 Ait
2645 2705 2798 2753 vero
2832 2681 2917 2751 ad
2960 2701 3111 2749 me:

580 2794 616 2837 «
649 2770 839 2840 Unde
873 2771 1085 2852 venis,
1132 2770 1431 2840 frater?»
1474 2772 1822 2862 Respondi
1875 2793 1982 2841 me
2031 2772 2320 2842 missum
2372 2771 2454 2841 ad
2510 2773 2730 2862 ipsam
2784 2791 2823 2840 a
2878 2774 3119 2839 Nonno

577 2860 921 2949 episcopo.
979 2864 1056 2929 Et
1099 2859 1265 2928 illa:
1302 2883 1337 2924 «
1367 2863 1545 2942 Oret,
1593 2860 1839 2947 inquit,
1882 2882 2003 2951 pro
2039 2881 2167 2940 me,
2221 2861 2386 2947 quia
2427 2883 2656 2930 revera
2699 2871 2980 2932 sanctus
3018 2857 3123 2925 vir

579 2961 759 3018 est.»
802 2953 1084 3044 Moxque
1111 2947 1399 3017 occlusit
1434 2948 1881 3031 fenestellam,
1921 2949 2278 3038 coepitque
2316 2949 2605 3039 psallere
2637 2971 2872 3038 preces
2904 2947 3117 3016 horae

579 3037 860 3107 Tertiae.
910 3042 956 3105 E
1008 3060 1047 3106 o
1099 3049 1459 3127 postquam
1510 3038 1697 3107 oravi
1748 3036 1834 3106 ad
1888 3038 2209 3128 parietem
2270 3037 2559 3108 cellulae
2606 3038 2782 3127 ejus,
2835 3035 3111 3116 recessi,

579 3125 878 3195 multum
913 3148 950 3194 a
993 3127 1192 3216 jutus
1240 3123 1553 3217 angelico
1601 3126 1756 3214 ejus
1803 3139 2202 3227 conspectu.
2258 3132 2595 3196 Reversus
2645 3127 2806 3196 inde
2842 3131 3121 3195 Jeroso·

578 3212 837 3302 lymam
891 3215 1299 3284 monasteria
1354 3215 1805 3304 perlustravi,
1863 3216 2203 3303 invisique
2263 3214 2529 3285 fratreS.
2591 3221 3115 3306 Magnaautem

579 3300 835 3391 Pelagii
884 3301 1067 3371 fama
1117 3303 1184 3371 in
1247 3302 1331 3372 iis
1389 3304 1896 3393 percrebuerat.
1966 3305 2422 3387 Quamobrem
2493 3305 2817 3376 constitui
2868 3321 3115 3371 rursus

579 3389 661 3458 ad
714 3410 864 3458 earn
918 3391 1181 3472 reverti,
1227 3403 1303 3460 ut
1365 3414 1632 3482 possem
1692 3394 1852 3483 ejus
1900 3393 2184 3463 salutari
2236 3394 2547 3464 doctrina
2608 3391 2922 3463 recreari.
2979 3388 3113 3457 Sed

576 3477 697 3547 ubi
734 3477 819 3546 ad
854 3477 1176 3578 cellulam
1225 3480 1375 3569 ejus
1418 3481 1710 3570 pulsavi,
1748 3504 2037 3569 eamque
2088 3482 2495 3552 nominatim
2532 3505 2618 3571 ap
2672 3481 2898 3560 ellavi,
2935 3476 3113 3546 nihil

578 3565 956 3656 respondit.
1024 3571 1330 3654 Cumque
1402 3569 1581 3638 idem
1646 3569 1959 3640 fecissem
2010 3569 2225 3640 altero
2271 3584 2335 3640 et
2384 3572 2579 3642 tertio
2618 3505 2730 3641 gie
2764 3625 2784 3652 ,
2842 3566 3110 3639 nullam

576 3655 731 3743 ejus
775 3676 1002 3725 vocem
1048 3657 1380 3745 persensi.
1436 3658 1583 3727 Dixi
1618 3659 1847 3746 itaque
1895 3656 2080 3748 apud
2132 3681 2279 3728 me:
2336 3682 2372 3725 «
2401 3664 2525 3729 Aut
2575 3660 2810 3731 nullus
2841 3657 2956 3727 hic
2981 3668 3107 3737 est,

576 3757 695 3814 aut
736 3743 851 3813 ille
902 3746 1323 3825 monachus,
1378 3747 1497 3832 qui
1547 3747 1660 3816 hic
1715 3747 1883 3816 mihi
1932 3747 2121 3818 visus
2168 3760 2291 3829 est,
2329 3748 2474 3835 jam
2525 3748 2660 3818 alio
2693 3746 3114 3837 commigra-

576 3833 767 3901 vit.»
806 3833 1085 3902 Interim
1135 3831 1369 3903 divino
1421 3834 1722 3921 quodam
1777 3849 2127 3937 permotus
2176 3836 2507 3906 instinctu
2542 3891 2557 3917 ‚
2612 3837 2787 3920 Quid
2838 3837 2949 3916 si,
3007 3833 3117 3902 in-

577 3943 784 4009 quam
815 3975 830 4003 ‚
888 3943 1008 4012 per
1054 3920 1478 3993 fenestellam
1537 3923 1718 3992 intro
1781 3924 2198 4014 inspiciam?
2244 3925 2518 4016 Inspexi
2568 3948 2641 3994 er
2689 3948 2728 3995 o
2759 3981 2774 4007 ,
2837 3937 2902 3994 et
2971 3921 3116 3991 vidi

576 4032 727 4079 eam
776 4011 1188 4080 exanimem.
1253 4017 1444 4093 Mox,
1497 4013 1780 4083 occlusa
1827 4012 2178 4083 fenestella
2210 4068 2232 4095 ,
2287 4027 2352 4084 et
2393 4014 2538 4084 luto
2575 4015 2642 4083 di
2681 4015 2944 4106 igenter
2992 4011 3117 4081 ob-

576 4111 858 4199 structa,
897 4122 1111 4169 cursu
1156 4100 1325 4172 abeo
1356 4102 1883 4191 Jerosolymam,
1931 4102 2283 4191 referoque
2331 4103 2414 4173 ad
2460 4102 2725 4183 fratres,
2755 4101 3118 4193 Pelagium

576 4187 1006 4287 mirabilium
1056 4211 1341 4279 operum
1394 4191 1429 4225 ²*
1470 4204 1904 4281 patratorem,
1948 4192 2016 4259 in
2070 4192 2356 4262 Domino
2404 4192 2769 4279 quievisse.
2816 4191 3121 4261 Veniunt

577 4288 808 4364 itaque
837 4277 1051 4347 sancti
1089 4290 1311 4367 patres
1349 4302 1507 4350 cum
1549 4280 1786 4350 multis
1818 4279 2244 4350 diversorum
2281 4281 2853 4351 monasteriorum
2886 4278 3121 4349 fratri-

575 4364 732 4447 bu5‚
759 4365 1179 4457 patefaciunt
1216 4366 1502 4438 cellulae
1530 4369 1881 4450 ostiolum,
1918 4381 2232 4440 sanctum
2263 4368 2571 4460 Pelagiae
2611 4367 3120 4461 corpusculum

568 4494 592 4514 ⁹
641 4492 784 4536 Idest.
817 4489 1050 4532 mlx-abilis
1071 4502 1102 4541 p
1115 4494 1403 4535 cenitentiee
1424 4505 1476 4535 ac
1497 4492 1692 4535 virtutis
1712 4505 1866 4545 opero,
1885 4505 1979 4536 non
1999 4499 2159 4536 antem
2177 4496 2408 4540 miracula
2426 4498 2634 4547 patrans.
