3347 4999
169 363 341 430 OCT.
393 364 476 428 24
2503 364 2629 429 697

761 567 1000 668 VITA
1069 569 1145 669 S.
1216 565 1609 668 SENOCH
1680 566 2118 668 ABBATlS

421 806 768 856 aucroass
821 804 1110 856 SANcTo
1166 803 1543 855 Gassaoiuo
1598 807 2030 856 ‘ruaoumvffi
2088 806 2452 855 nrlscoro

819 929 957 997 Lib.
1011 933 1105 998 De
1150 930 1310 997 vicis
1357 933 1662 1010 Patriam,
1721 933 1880 1019 Cap.
1936 940 2037 998 15.

720 1140 909 1197 Obiit
949 1152 1126 1197 anno
1168 1143 1288 1198 5¹76
1326 1172 1402 1182 —
1443 1142 1507 1197 N
1510 1141 1741 1198 atione
1768 1142 2076 1199 'I'aifalus
2102 1140 2154 1200 *.

237 1337 276 1422 ἓ
327 1342 407 1409 1.
460 1334 742 1404 vanitas
811 1333 1219 1415 vanitatum,
1274 1333 1443 1404 dicit
1505 1335 1992 1417 Ecclesiastes,
2044 1347 2110 1404 et
2177 1335 2411 1406 omnia
2448 1334 2715 1407 vanitas

148 1428 395 1510 (Eccle.
427 1423 507 1513 1).
554 1428 800 1493 Verum
833 1436 935 1492 est
975 1445 1162 1514 ergo,
1203 1423 1385 1511 quod
1418 1425 1679 1507 omnia,
1716 1445 1896 1513 quae
1935 1425 2380 1514 geruntur'in
2417 1424 2705 1505 mund0,

149 1525 313 1583 sunt
367 1513 659 1582 vanitas.
697 1511 888 1582 Unde
929 1511 1028 1593 fit,
1072 1527 1146 1583 ut
1194 1513 1415 1584 sancti
1468 1514 1609 1594 Dei,
1663 1535 1840 1601 quos
1890 1512 2130 1583 nullus
2163 1512 2538 1584 libidinum
2597 1535 2711 1584 ae-

146 1614 297 1672 stus
344 1602 654 1682 exussit,
723 1600 963 1672 nullus
1022 1603 1624 1691 concupiscentiae
1683 1602 2049 1693 exagitavit
2108 1602 2479 1685 stimuluS,
2534 1624 2712 1691 quos

146 1690 420 1761 nullum
460 1689 780 1760 luxuriae
827 1712 1118 1759 coenum
1175 1711 1300 1759 nec
1349 1691 1420 1760 in
1474 1692 1645 1781 ipsa,
1701 1705 1779 1761 ut
1839 1692 1932 1761 ita
1984 1690 2238 1772 dicam,
2293 1692 2713 1781 cogitatione

143 1780 451 1861 tentavit,
509 1791 666 1849 astu
700 1779 1052 1849 tentatoris
1099 1779 1283 1858 elati,
1324 1779 1452 1848 visi
1501 1780 1640 1849 sint
1671 1780 1806 1849 sibi
1846 1801 1996 1851 esse
2033 1780 2442 1867 justissimi,
2498 1791 2566 1850 et
2615 1779 2704 1850 ab

143 1869 272 1938 hoc
295 1868 674 1959 jactantiae
707 1868 1167 1938 cothurnosae
1208 1868 1474 1958 perflati
1508 1869 1906 1958 superciliO,
1946 1868 2228 1959 saepius
2283 1868 2705 1939 corruerint.

144 1962 571 2044 Factumque
608 1967 710 2026 est
742 1958 858 2036 ita,
914 1970 991 2026 ut
1032 1978 1208 2044 quos
1262 1978 1395 2026 non
1449 1956 1661 2026 valuit
1711 1958 2052 2047 maj0rum
2121 1957 2498 2028 criminum
2561 1959 2709 2048 gla-

141 2045 303 2117 dius
352 2045 727 2125 trucidare,
769 2046 936 2115 levis
970 2046 1285 2116 vanitatis
1317 2045 1555 2116 fumus
1589 2045 1901 2117 addictos
1934 2046 2135 2115 facile
2186 2046 2700 2136 pessumdaret:

142 2135 324 2206 sicut
354 2149 421 2205 et
482 2135 629 2224 ipse
669 2134 824 2216 ille,
879 2134 965 2203 de
1004 2157 1141 2222 quo
1207 2156 1392 2204 nunc
1466 2134 1667 2204 nobis
1726 2156 1952 2205 sermo
2029 2133 2310 2205 futurus
2359 2147 2487 2216 est,
2539 2157 2702 2205 cum

142 2224 386 2294 multis
423 2223 795 2293 virtutibus
846 2224 1212 2305 floruisset,
1270 2244 1442 2313 pene
1482 2224 1548 2291 in
1582 2222 1702 2293 illo
1735 2225 2173 2314 arrogantiae
2223 2225 2552 2295 barathro
2586 2226 2707 2295 ob-

145 2326 348 2383 rutus
395 2313 863 2393 occubuisset,
894 2313 954 2381 si
993 2333 1152 2382 eum
1205 2334 1340 2381 non
1373 2311 1752 2382 exhortatio
1774 2312 2066 2384 fratrum
2103 2312 2417 2383 fidelium
2451 2326 2708 2384 attenta

146 2413 656 2493 recuperasset.

233 2493 272 2580 ξ
324 2496 415 2563 2.
473 2491 696 2582 Igitur
742 2490 986 2561 beatus
1027 2489 1287 2560 Senoch
1341 2489 1593 2560 Pictavi
1624 2488 1695 2525 *³*
1744 2489 1929 2581 pagi,
1966 2511 2172 2577 quem
2226 2489 2700 2582 'theiphaliam

150 2594 452 2662 vocant,
508 2578 852 2649 oriundus
899 2578 1029 2649 fuit
1058 2634 1073 2661 ,
1134 2591 1200 2649 et
1244 2599 1616 2649 conversus
1663 2578 1747 2649 ad
1802 2582 2169 2650 Dominum
2204 2635 2220 2662 ,
2273 2582 2709 2667 clericusque

142 2669 369 2741 factus
401 2723 423 2750 ,
484 2668 978 2738 monasterium
1028 2667 1162 2738 sibi
1211 2668 1531 2738 instituit.
1588 2669 1864 2752 Reperit
1910 2669 2095 2738 enim
2150 2670 2331 2740 intra
2382 2669 2707 2739 territorii

138 2758 468 2830 Turonici
502 2757 608 2793 *⁴¹⁶
643 2758 1016 2833 terminum
1058 2758 1348 2846 parietes
1381 2758 1728 2845 antiquos,
1763 2778 1940 2844 quos
1966 2756 2348 2829 eruderans
2379 2781 2420 2828 a
2453 2759 2703 2839 ruiniS,

135 2847 607 2919 habitationes
653 2845 904 2937 dignas
951 2847 1230 2937 aptavit,
1269 2847 1656 2936 reperitque
1706 2847 1801 2915 ibi
1851 2846 2255 2927 oratorium,
2303 2847 2373 2915 in
2422 2868 2561 2933 quo
2612 2846 2705 2915 fe-

135 2938 426 3008 rebatur
472 2934 810 3006 celebrem
851 2948 1161 3006 nostrum
1194 2956 1430 3005 orasse
1470 2935 1840 3007 Martinum
1875 2960 1891 3001 z
1944 2936 2127 3023 quod
2182 2934 2498 3025 diligenti
2540 2957 2710 3005 cura

132 3025 652 3116 compositum,
705 3038 928 3096 erecto
976 3024 1199 3104 altari,
1255 3024 1620 3110 loculoque
1669 3024 1739 3091 in
1794 3044 1873 3092 eo
1923 3024 2009 3093 ad
2064 3022 2494 3112 recipiendas
2543 3027 2709 3093 San-

130 3127 411 3185 ctorum
447 3113 774 3200 reliquias
812 3126 1237 3204 praeparato,
1272 3113 1359 3183 ad
1390 3110 1944 3182 benedicendum
1980 3111 2225 3182 invitat
2256 3112 2502 3202 Episco
2555 3134 2701 3181 um.

129 3204 348 3275 Affuit
398 3215 561 3272 tunc
611 3202 1053 3292 Euphronius
1102 3202 1342 3272 beatus
1390 3202 1797 3291 Episcopus,
1843 3200 1988 3287 qui,
2035 3212 2432 3271 consecrato
2473 3223 2514 3270 a
2549 3202 2702 3284 tari,

126 3314 297 3364 eum
355 3291 766 3360 Diaconatus
826 3292 1084 3361 honore
1142 3288 1444 3359 donavit.
1499 3288 1869 3358 celebratis
1919 3290 2132 3379 igitur
2187 3290 2413 3362 Missis
2451 3345 2466 3372 ‚
2530 3312 2691 3360 cum

125 3377 499 3471 capsulam
545 3378 992 3467 reliquiarum
1045 3379 1116 3447 in
1166 3376 1393 3448 loculo
1432 3390 1766 3466 cuperent
1812 3377 2174 3459 collocare,
2226 3379 2445 3449 extitit
2493 3401 2709 3468 capsa

127 3466 495 3562 prolixior,
541 3488 665 3537 nec
700 3467 912 3557 recipi
941 3468 1012 3536 in
1056 3465 1358 3536 loculum
1374 3478 1680 3624 1poterat.
1715 3471 1904 3536 Tunc
1942 3479 2323 3557 prostratus
2357 3468 2705 3538 Diaconus

126 3578 301 3630 cum
358 3556 525 3646 ipso
593 3556 954 3626 Sacerdote
1021 3576 1283 3646 pronus
1331 3577 1369 3624 a
1467 3555 1842 3625 orationem
1882 3610 1897 3637 ‚
1970 3556 2316 3647 lacrymas
2429 3557 2709 3628 recibus

127 3649 397 3719 mixtas
424 3644 690 3727 effudit,
744 3644 1179 3732 obtinuitque
1224 3647 1453 3734 petita.
1493 3644 1740 3714 Mirum
1792 3644 2028 3715 dictu!
2083 3645 2175 3715 ita
2216 3646 2368 3716 locu
2403 3668 2487 3715 us
2535 3646 2710 3714 divi·

127 3739 335 3808 nitus
383 3734 876 3823 amplificatuS,
921 3731 1347 3824 capsulaque
1402 3734 1775 3804 constricta
1822 3748 1945 3814 est,
2000 3747 2077 3803 ut
2124 3733 2193 3803 in
2243 3757 2402 3806 eum
2455 3734 2710 3824 spatio·

120 3826 418 3898 sissime
454 3845 590 3892 non
641 3822 794 3892 sine
826 3822 1285 3892 admiratione
1321 3824 1766 3913 reciperetur.

221 3918 262 4003 ξ
313 3917 408 3984 8.
463 3917 537 3982 ln
594 3911 722 3981 hoc
781 3911 928 3983 loco
976 3911 1295 3981 collectis
1331 3911 1554 3981 tribus
1619 3911 2025 3991 monachis,
2081 3910 2371 3981 Domino
2425 3909 2710 3980 assidue

127 4002 507 4083 serviebat,
545 4012 610 4071 et
639 4002 705 4069 in
742 4001 988 4091 primis
1020 4011 1206 4070 arcto
1256 4000 1430 4070 vitae
1473 4000 1741 4069 tramite
1774 4000 2158 4081 incedebat,
2196 4000 2483 4090 exiguos
2514 3999 2708 4070 cibos

129 4104 201 4161 et
254 4104 501 4159 tenues
537 4091 849 4181 potiones
897 4112 1205 4160 sumens.
1254 4089 1508 4160 Diebus
1545 4100 1775 4158 autem
1814 4089 2400 4180 Quadragesimae
2433 4101 2712 4158 sanctae

127 4179 534 4249 addebatur
586 4190 1037 4268 augmentum
1099 4177 1580 4260 abstinentiae,
1633 4178 1947 4248 ciborum
1990 4177 2482 4247 diminutione.
2537 4182 2704 4248 Nam

184 4335 213 4362 ¹·
246 4335 421 4383 Taifali·
453 4337 659 4387 populus
686 4337 789 4378 erat
819 4346 846 4378 e
868 4336 1133 4378 Gothorum
1152 4336 1315 4387 stirpe.
1335 4333 1462 4376 Vitta
1479 4336 1686 4377 nefando
1705 4346 1813 4377 eum
1831 4334 2156 4386 inquinabant.
2176 4337 2339 4387 Ipsum
2358 4335 2576 4378 meminit
2598 4338 2703 4376 Am·

128 4389 333 4430 munus
353 4388 672 4429 Marcellinus.

189 4441 250 4468 *¹⁸
287 4437 481 4488 Gallice,
504 4444 665 4483 Poteou.

187 4493 276 4522 *η
310 4495 532 4535 Turonum
552 4496 671 4536 urbs
688 4495 965 4546 principuus
987 4498 1090 4536 erat
1108 4504 1228 4546 quae
1247 4502 1373 4538 num
1395 4494 1565 4546 gallice
1585 4495 1784 4537 vocatur
1805 4497 1963 4545 Touo-e.
