3347 4999
193 349 368 416 OCT.
420 350 493 414 2⁴
887 368 965 414 na
1011 368 1103 416 ss.
1157 368 1402 416 nasum
1447 370 1521 415 ar
1570 368 1873 417 somnus
1920 371 2037 418 nn.
2513 358 2628 423 641

196 558 579 648 Siqebertus
622 557 987 627 monachus
1035 559 1542 639 GemblacensiS,
1590 562 1714 651 qui
1741 563 1992 630 claruit
2040 586 2213 632 anno
2251 564 2495 633 salutis
2534 577 2726 647 1110,

286 651 385 715 ita
431 648 695 735 scripsit
722 648 793 715 in
829 669 948 716 suo
992 646 1332 727 Chronico,
1373 649 1552 717 circa
1582 671 1836 718 annum
1875 653 2143 720 Domini
2168 662 2322 731 453,
2375 653 2736 725 admodum

287 737 690 804 consentiens
738 735 1080 816 historiae,
1134 759 1337 827 quam
1383 758 1500 806 nos
1531 759 1743 827 supra
1765 741 2158 828 posuimus:
2201 742 2402 810 immo
2450 742 2542 811 ad
2582 766 2736 813 ver-

289 823 442 891 bum
491 827 561 892 in
598 824 998 914 quibusdam
1045 846 1193 893 eam
1231 835 1520 894 secutus.

286 984 321 1068 ξ
373 987 533 1054 96.
588 983 928 1053 Omnibus
975 982 1175 1053 bellis
1221 983 1555 1055 famosius
1604 984 1735 1055 suit
1767 985 2052 1068 bellurn,
2081 987 2739 1075 quod'candidatus

200 1082 595 1140 sanctarum
648 1071 970 1142 undecim
1030 1071 1323 1142 millium
1378 1073 1749 1163 virginium
1801 1076 2138 1147 exercitus
2188 1076 2504 1159 bellavit,
2559 1077 2735 1149 duce

200 1163 440 1229 sancta
488 1159 753 1250 virgine
806 1160 1085 1230 Ursula:
1138 1183 1313 1249 quae
1354 1162 1497 1231 filia
1542 1162 1752 1232 unica
1799 1164 1946 1233 Noti
1999 1164 2419 1235 nobilissimi
2467 1167 2739 1236 Britan-

201 1270 447 1318 norum
503 1249 875 1340 principiS,
928 1271 1085 1318 cum
1160 1250 1472 1320 nondum
1532 1250 1794 1322 nubilis
1840 1274 1880 1320 a
1926 1251 2070 1322 filio
2119 1252 2486 1343 cujusdam
2538 1254 2732 1327 feris-

199 1337 362 1407 simi
414 1338 683 1427 tyranni
733 1337 817 1407 ad
872 1338 1149 1428 nuptias
1195 1352 1644 1428 expeteretur,
1697 1353 1760 1410 et
1848 1354 2058 1411 atrem
2097 1364 2299 1411 suum
2344 1365 2425 1412 su
2480 1365 2553 1412 er
2600 1343 2729 1414 hoc

196 1427 463 1494 anxiari
518 1426 772 1497 videret
802 1427 951 1517 (qui
1001 1431 1214 1497 Deum
1268 1429 1634 1510 metuebat,
1689 1429 1746 1499 si
1795 1363 2011 1499 iiliam
2063 1434 2196 1499 Deo
2234 1430 2380 1519 jam
2464 1443 2726 1502 evotam

200 1514 459 1584 nubere
507 1528 798 1606 cogeret,
849 1528 915 1584 et
964 1528 1334 1605 tyrannum
1374 1516 1676 1598 timebat,
1716 1517 1775 1588 si
1821 1518 1883 1588 ei
1922 1517 2137 1587 filiam
2173 1518 2592 1612 denegaret),
2630 1519 2735 1590 di-

201 1603 460 1674 vinitus
494 1603 831 1705 inspirata
879 1605 1146 1674 nutanti
1211 1605 1383 1696 patri
1425 1605 1666 1687 suasit,
1702 1617 1779 1675 ut
1808 1620 1873 1676 et
1922 1621 2213 1697 tyranno
2260 1609 2729 1692 assentiretur,

192 1692 280 1761 ea
329 1706 553 1762 tamen
607 1692 709 1761 illi
774 1715 896 1783 pro
948 1694 1124 1763 osita
1192 1691 1607 1775 conditione,
1662 1707 1741 1764 ut
1800 1695 1947 1785 ipse
1993 1708 2058 1766 et
2106 1709 2445 1784 tyrannus
2493 1695 2729 1768 decem

199 1780 502 1880 virgines
549 1803 796 1872 genere
830 1837 845 1862 ,
924 1804 1119 1852 orma
1164 1795 1231 1852 et
1267 1795 1480 1852 aetate
1515 1782 1807 1864 electaS,
1861 1784 1995 1855 sibi
2056 1783 2439 1868 traderent,
2490 1797 2556 1855 et
2597 1799 2735 1857 tam

202 1870 359 1950 sibi,
402 1890 609 1956 quam
659 1869 956 1961 singulis
989 1870 1265 1940 illarum
1316 1870 1504 1940 mille
1537 1872 1836 1962 virgines
1869 1873 2415 1945 subscriberent:
2447 1887 2514 1945 et
2545 1896 2733 1947 com-

201 1958 459 2048 paratis
499 1958 583 2027 ad
614 1981 977 2028 numerum
1017 1960 1326 2060 ipsarum
1361 1959 1681 2029 undecim
1725 1960 2066 2044 trieribus,
2099 1961 2416 2033 inducias
2450 1963 2733 2033 triennii

199 2046 336 2116 sibi
382 2046 626 2117 darent
663 2047 745 2116 ad
797 2047 1188 2118 exercitium
1243 2047 1654 2138 virginitatis
1702 2070 1904 2119 suae:
1944 2072 2116 2120 novo
2148 2073 2275 2122 usa
2300 2051 2614 2134 consilio,
2654 2061 2731 2122 ut

197 2150 322 2204 aut
367 2135 770 2206 difficultate
821 2136 1205 2228 propositae
1243 2136 1658 2207 conditionis
1697 2137 2010 2208 animum
2058 2139 2208 2229 ejus
2259 2162 2298 2209 a
2346 2162 2418 2210 se
2477 2152 2732 2213 averte-

201 2236 324 2303 ret,
378 2236 496 2293 aut
544 2224 673 2295 hac
737 2225 1246 2315 opportunitate
1304 2247 1546 2295 omnes
1606 2248 1890 2296 coaevas
1952 2249 2112 2297 suas
2160 2250 2393 2299 secum
2446 2234 2577 2299 Deo
2626 2229 2732 2299 di-

199 2325 410 2381 caret.
450 2318 526 2383 Et
572 2335 651 2382 ex
699 2313 827 2384 hoc
861 2312 1200 2393 condicto,
1245 2313 1631 2404 virginibus
1666 2314 1989 2385 trieribus
2020 2328 2085 2385 et
2114 2316 2509 2407 sumptibus
2542 2339 2733 2388 com-

251 2401 493 2483 aratiS,
549 2424 670 2491 per
718 2402 1091 2472 triennium
1139 2401 1298 2472 belli
1354 2402 1736 2489 praeludia,
1789 2403 2057 2474 cunctis
2106 2405 2522 2478 mirantibus
2556 2462 2572 2490 ,
2625 2428 2734 2476 ce-

199 2422 577 2560 fibrarum.
633 2490 931 2561 Tandem
984 2492 1112 2562 sub
1162 2513 1301 2561 uno
1347 2491 1483 2573 die,
1537 2505 1781 2592 agente
1827 2507 2049 2575 ventO,
2091 2493 2175 2563 ad
2238 2508 2514 2584 portum
2580 2494 2733 2567 Gal-

199 2576 356 2659 liae,
396 2579 515 2665 qui
550 2579 692 2648 Tila
740 2579 1015 2661 dicitur,
1068 2593 1134 2650 et
1173 2578 1333 2650 inde
1380 2580 1726 2651 Coloniam
1779 2582 2113 2672 appulsae
2159 2597 2345 2653 sunt.
2383 2583 2624 2670 Ibique
2651 2606 2734 2655 ex

194 2667 435 2757 Angeli
472 2669 733 2738 monitu
767 2673 1054 2738 Romam
1107 2668 1482 2751 tendentes,
1537 2669 1621 2740 ad
1673 2671 1915 2742 urbem
1966 2670 2298 2742 Basileam
2344 2673 2659 2752 navibus,
2694 2694 2734 2741 a

195 2754 461 2825 Basilea
507 2762 794 2827 Romam
847 2778 1067 2844 usque
1101 2756 1394 2848 pedibus
1435 2758 1798 2848 profectae,
1837 2757 2075 2829 eodem
2110 2760 2323 2830 eundi
2358 2773 2589 2831 tenore
2615 2766 2735 2830 Co-

195 2842 454 2913 loniam
505 2857 668 2915 sunt
714 2868 1064 2927 reversae,
1131 2846 1218 2915 ab
1266 2847 1540 2917 Hunnis
1600 2847 1909 2936 undique
1955 2849 2333 2919 obsessam.
2384 2852 2432 2917 A
2479 2848 2735 2935 quibus

194 2946 487 3003 cunctae
551 2935 1050 3024 martyrizatae,
1098 2956 1271 3004 novo
1327 2947 1393 3004 et
1441 2936 1746 3007 mirabili
1799 2936 2000 3006 modo
2049 2936 2609 3026 triumpharunt,
2671 2949 2735 3007 et

197 3020 544 3092 Coloniam
593 3023 935 3113 sanguine
980 3036 1047 3093 et
1093 3023 1452 3114 sepultura
1492 3027 1618 3094 sua
1667 3024 2030 3094 clariorem
2084 3024 2553 3095 reddiderunt.

278 3182 362 3242 Ex
410 3183 503 3243 his
545 3183 845 3260 Sigcberti
892 3184 1096 3246 verbis
1141 3185 1300 3247 haud
1348 3185 1598 3247 obscure
1641 3185 1842 3262 colligi
1891 3194 2098 3265 potest,
2144 3186 2491 3259 Historiam,
2549 3204 2730 3264 quam

199 3278 308 3323 nos
369 3262 467 3323 bic
528 3263 815 3333 edimus,
856 3271 1000 3325 ante
1060 3265 1191 3340 ejus
1232 3271 1490 3325 aetatem
1527 3265 1649 3342 jam
1693 3267 1970 3340 scriptam
2015 3265 2221 3328 ruisse.
2266 3265 2517 3328 Possent
2559 3267 2730 3330 multi

194 3340 298 3403 alii
343 3341 514 3402 citari
551 3358 765 3413 graves
804 3345 1152 3421 scriptores,
1198 3345 1304 3421 qui
1351 3345 1566 3404 harum
1597 3347 2119 3406 sanctissimarum
2153 3345 2480 3421 virginum
2510 3350 2733 3426 partim

193 3421 379 3481 etiam
425 3421 657 3497 prolixe
706 3421 1145 3492 meminerunt,
1196 3430 1258 3483 et
1312 3431 1545 3484 nostrae
1593 3422 1884 3487 historiae
1927 3424 2392 3502 adstipulantur,
2435 3430 2534 3488 sed
2589 3428 2733 3489 baec

193 3499 527 3560 sufficiunt.
573 3498 943 3562 Haberemus
983 3509 1193 3562 autem
1243 3501 1637 3578 proculdubio
1684 3503 1853 3582 plura
1895 3504 1973 3565 de
2016 3511 2137 3566 tam
2196 3505 2499 3581 praeclaro
2541 3515 2599 3568 et
2633 3507 2734 3568 ad—

193 3580 478 3720 zniraudo
520 3580 830 3657 virginum
870 3579 1170 3652 exercitu,
1219 3581 1332 3642 nisi
1379 3581 1774 3644 barbarorum
1807 3584 2036 3645 crebris
2063 3585 2516 3663 irruptionibus
2538 3585 2732 3648 multa

241 3662 618 3736 eperiissent.

364 4552 603 4611 surius
633 4581 655 4596 -
694 4552 860 4616 Vuae
888 4521 992 4618 ss.
1023 4586 1047 4599 -
1073 4551 1200 4617 vol.
1228 4551 1302 4613 x.
2501 4551 2577 4614 41
