3347 4999
135 308 329 376 OCT.
381 308 420 372 3
836 325 914 370 nr:
964 322 1018 370 s,
1074 319 1362 372 cumano
1410 324 1651 370 Anaua
1701 322 2035 373 BaomeNffl
2525 309 2608 374 97

137 420 534 500 suppetunt
580 408 805 488 vires,
860 408 1241 478 sanctitatis
1301 408 1472 477 mihi
1538 406 1732 477 nulla
1788 420 1950 478 sunt
2005 430 2236 499 opera.
2305 411 2703 483 Innocentis

142 501 331 567 vitae
380 495 691 587 regulam
740 517 901 566 cum
957 498 1102 586 ipse
1146 518 1278 565 non
1324 496 1455 565 sim
1506 508 1962 577 consectatus,
2017 498 2210 567 nulla
2258 498 2442 598 apud
2477 520 2587 568 me
2621 499 2703 570 fi-

140 587 360 656 ducia
410 599 507 655 est
543 598 722 655 recte
755 585 1095 676 fungendi
1127 585 1645 656 Ecclesiasticae
1671 585 2197 676 gubernationis
2225 587 2631 658 ministerio.
2664 611 2701 654 »

139 677 244 766 Ad
297 697 446 745 eam
498 674 1007 744 excusationem
1060 674 1265 762 legati
1292 674 1840 762 responderunt:
1879 697 1914 740 «
1952 679 2077 743 Per
2111 675 2453 744 Christum
2498 688 2558 746 te
2601 698 2706 746 ro-

141 787 405 854 gamus
453 778 518 833 et
565 764 1012 844 obtestamur,
1049 762 1495 832 dilectissime
1518 778 1736 864 pater,
1774 777 1840 833 et
1878 765 2199 833 sacerdos
2241 764 2572 855 piissime,
2604 766 2707 835 uti

146 876 239 921 ne
290 852 623 943 gravatim
678 852 1039 922 nobiscum
1110 851 1607 941 proficiscar1S‚
1661 864 1727 921 et
1774 851 1860 921 ad
1911 865 1973 921 te
2029 852 2433 923 sustinentis
2483 852 2702 923 Eccle-

152 943 301 1012 siae
340 940 817 1032 gubernacula
864 939 1175 1009 accedas.
1228 945 1371 1010 Non
1428 957 1486 1010 te
1535 940 1718 1021 latet,
1763 943 1851 1010 ab
1890 940 2128 1011 eodem
2173 940 2310 1010 dici
2358 941 2698 1031 Apostolo,

146 1043 229 1100 ut
261 1032 474 1100 omnis
504 1032 738 1099 anima
760 1030 1201 1120 potestatibus
1225 1030 1726 1098 sublimioribus
1748 1030 2018 1099 subdita
2048 1032 2135 1099 sit
2159 1030 2276 1120 (ad
2307 1035 2503 1100 Rom.
2533 1029 2702 1120 x111):

152 1141 284 1190 nec
335 1118 508 1188 illud
561 1131 623 1188 te
671 1118 868 1208 fugit,
914 1116 1096 1204 quod
1129 1117 1216 1187 ab
1243 1117 1409 1187 coeli
1435 1118 1737 1207 janitore
1765 1117 2063 1189 dicitur:
2100 1121 2255 1190 Sive
2308 1120 2475 1209 Περί
2512 1121 2714 1210 quasi

147 1210 634 1300 praecellenti.-
673 1209 814 1277 sive
847 1207 1146 1286 ducibus,
1186 1217 1307 1276 etc.
1358 1206 1443 1296 (I.
1485 1211 1622 1276 Pet.
1658 1206 1763 1294 11).
1816 1211 2043 1294 Neque
2093 1229 2247 1277 vero
2297 1207 2361 1276 id
2416 1228 2540 1277 nos
2589 1230 2707 1297 pe·

156 1299 402 1376 timus,
465 1310 541 1365 ut
600 1296 954 1386 religionis
1002 1294 1267 1365 cultum
1319 1294 1618 1376 deseras,
1673 1294 1773 1366 vel
1831 1310 1904 1365 ut
1951 1295 2410 1366 lenocinantis
2461 1295 2706 1366 mundi

156 1387 368 1456 luxus
406 1388 711 1475 repetas:
770 1385 884 1453 sed
931 1397 1006 1454 ut
1052 1407 1131 1453 ex
1182 1383 1309 1453 hac
1359 1406 1652 1454 caverna
1691 1409 1727 1454 e
1783 1407 2035 1466 ressus,
2082 1384 2473 1474 exemplum
2514 1407 2709 1475 prae-

156 1478 327 1546 beas
360 1487 591 1543 sancte
626 1473 896 1542 vivendi
930 1471 1282 1554 fratribuS‚
1328 1487 1445 1543 tua
1492 1494 1622 1563 ope
1672 1496 1750 1543 va
1783 1472 1867 1543 de
1916 1473 2415 1564 indigentibus.
2468 1479 2546 1543 Et
2586 1497 2711 1564 par

155 1577 285 1644 est,
318 1561 558 1632 fortem
584 1585 663 1632 ac
698 1574 1056 1636 strenuum
1087 1564 1201 1630 Dei
1234 1561 1520 1632 militem
1558 1584 1692 1632 non
1729 1563 1911 1631 intra
1946 1562 2345 1634 monasterii
2378 1561 2710 1633 abscondi

162 1651 478 1732 latibula,
518 1650 633 1720 sed
690 1651 917 1740 potius
951 1650 1019 1719 in
1062 1651 1290 1740 ipsum
1325 1651 1728 1721 certaminis
1760 1674 2087 1742 campum
2120 1651 2187 1719 in
2247 1651 2416 1732 redi,
2451 1667 2516 1721 et
2548 1674 2715 1721 curn

163 1742 364 1811 hoste
407 1762 657 1810 manus
704 1761 1085 1810 conserere.
1136 1743 1267 1809 Nec
1311 1739 1434 1809 tibi
1485 1754 1601 1810 tua
1630 1740 1846 1810 unius
1878 1740 2079 1810 debet
2120 1763 2193 1810 sa
2229 1764 2308 1810 us
2343 1740 2704 1810 sufficere:

160 1831 282 1900 sed
334 1828 538 1898 etiam
589 1828 925 1898 fraternae
964 1837 1262 1915 a’equum
1298 1840 1399 1898 est
1433 1827 1638 1899 saluti
1677 1829 2057 1919 providere,
2096 1851 2255 1899 cum
2294 1831 2518 1919 possis
2553 1851 2711 1920 pro-

162 1919 363 1987 desse
414 1915 676 1996 multiS,
733 1928 878 1986 tum
928 1917 1131 1986 verbo
1179 1916 1696 2000 exhortationiS,
1754 1932 1899 1989 tum
1952 1918 2309 2008 religionis
2334 1930 2399 1988 et
2442 1918 2711 2008 pietatis

164 2004 506 2093 exemplo.
581 2005 888 2075 Christus
938 2006 1007 2074 in
1058 2005 1425 2095 Evangelio
1488 2006 1695 2077 dicit:
1751 2012 1994 2077 Luceat
2044 2011 2174 2077 lum
2220 2019 2444 2077 vestra
2490 2029 2714 2077 coram

171 2094 584 2163 hominibus:
612 2106 708 2163 et:
738 2100 939 2164 Nemo
966 2097 1240 2165 lucerna
1272 2097 1597 2178 accendit,
1637 2107 1698 2167 et
1724 2098 1912 2187 ponit
1936 2097 2056 2165 sub
2081 2097 2301 2166 modio
2324 2097 2588 2190 (Matth.
2621 2094 2708 2185 v).

168 2183 297 2253 Sed
326 2181 491 2269 quid
523 2182 756 2253 multis
777 2206 951 2273 opus
976 2195 1078 2252 est
1104 2183 1360 2253 verbis?
1384 2185 1660 2255 Noveris
1687 2207 1806 2274 pro
1832 2197 2038 2266 cert0,
2075 2184 2287 2276 hujus
2316 2184 2716 2254 inobedien-

171 2274 305 2341 tiae
357 2271 685 2341 rationem
740 2285 799 2342 te
849 2271 1280 2343 redditurum
1334 2274 1405 2341 in
1442 2272 1553 2342 die
1584 2272 1777 2344 illius
1812 2274 2148 2344 tremendi
2179 2274 2539 2355 examini5‚
2581 2274 2714 2343 nisi

167 2373 234 2431 et
286 2361 537 2429 nostris
587 2360 930 2450 precibuS,
968 2373 1034 2429 et
1062 2360 1353 2431 fratrum
1404 2362 1613 2432 saluti
1664 2385 1922 2433 morem
2013 2384 2188 2444 eras,
2226 2364 2519 2433 maxime
2553 2383 2713 2431 cum

170 2451 273 2521 sic
326 2447 483 2519 velit
534 2454 731 2519 Deus.
785 2455 952 2519 Tum
1006 2449 1109 2519 vir
1156 2463 1439 2522 sanctus
1474 2450 1907 2541 lacrymanS,
2001 2452 2156 2522 ixit:
2205 2474 2240 2518 «
2273 2456 2715 2522 Decreveram

170 2538 453 2626 quidem
504 2538 851 2611 solitarius
899 2538 1168 2629 degere,
1220 2552 1286 2610 et
1314 2557 1486 2610 'mea
1533 2555 1814 2631 peccata
1863 2541 2191 2631 lacrymis
2239 2540 2714 2620 diluerezsed

172 2641 251 2698 ut
300 2626 516 2708 video,
571 2627 775 2697 velim
830 2626 1068 2709 nolim,
1105 2650 1312 2719 cogor
1360 2628 1556 2700 illurn
1614 2630 1945 2721 propositi
1994 2631 2291 2721 rigorem
2347 2630 2714 2700 remittere.

172 2718 401 2803 Neque
449 2717 632 2787 enim
684 2739 900 2787 ausus
950 2738 1103 2785 sum
1158 2718 1385 2786 venire
1432 2731 1672 2789 contra
1712 2718 2132 2789 voluntatem
2168 2719 2307 2795 Dei,
2351 2741 2473 2788 nec
2504 2718 2718 2788 debeo

175 2805 381 2874 Ducis
422 2806 620 2892 jussa
667 2818 733 2874 et
766 2817 1023 2875 vestras
1054 2807 1411 2895 aspernari
1455 2830 1714 2897 preces.
1755 2813 1993 2897 Itaque
2035 2820 2238 2897 prout
2277 2805 2716 2887 serentvireS,

172 2894 461 2965 fratrum
519 2894 905 2964 necessitati
955 2893 1322 2965 subvenire
1369 2898 1735 2967 constituo.
1810 2902 1887 2967 Et
1936 2918 2121 2966 nunc
2173 2896 2320 2964 sine
2371 2917 2561 2965 mora
2610 2894 2723 2964 ibo

178 2983 566 3063 vobiscum,
621 2982 897 3052 tentabo
943 2982 1127 3070 quod
1169 2984 1472 3074 jubetis:
1531 2998 1749 3075 potest
1801 2990 1975 3054 Deus
2072 2984 2351 3053 erficere
2382 3039 2398 3065 ,
2451 2983 2634 3071 quod
2684 3007 2725 3053 a

178 3095 286 3142 me
335 3071 484 3140 fieri
536 3093 669 3141 non
725 3084 1037 3162 potest.»
1087 3072 1210 3144 His
1256 3073 1536 3157 auditis,
1595 3076 1767 3144 mire
1822 3085 2025 3163 gratu
2055 3086 2261 3143 antur
2311 3073 2554 3164 legati,
2610 3095 2724 3164 pe-

177 3161 341 3229 dum
414 3160 849 3250 pastoritium
917 3159 1199 3231 tradunt
1256 3162 1319 3230 ei
1383 3162 1449 3231 in
1519 3185 1819 3242 manus,
1873 3162 2090 3231 animi
2141 3162 2293 3251 ejus
2344 3184 2719 3232 moerorem

178 3249 663 3339 hujuscemodi
713 3272 1028 3321 sermone
1077 3249 1300 3321 levare
1345 3265 1723 3322 conantur:
1778 3251 1895 3339 Eja
1946 3263 2177 3341 pastor
2233 3252 2669 3322 sanctissime
2703 3307 2718 3331 ,

181 3353 452 3408 matura
485 3338 846 3495 cproficisci
911 3338 996 3407 ad
1047 3338 1222 3408 ovile
1273 3339 1393 3409 tibi
1457 3340 1954 3421 commissum,
2007 3353 2073 3410 et
2119 3340 2378 3411 summi
2431 3340 2723 3431 pastoris

182 3426 395 3498 fretus
442 3450 480 3496 a
523 3427 805 3517 jutorio,
848 3426 1169 3517 luporum
1208 3427 1422 3499 rictus
1455 3427 1718 3499 fortiter
1748 3431 2060 3499 coercere
2093 3430 2371 3512 enitere,
2408 3452 2492 3499 ne
2524 3429 2715 3510 forte,

182 3515 360 3603 quod
414 3516 616 3597 absit,
669 3529 975 3587 errantes
1022 3516 1331 3587 oviculae
1364 3518 1450 3587 ab
1486 3517 1627 3587 illis
1659 3517 2096 3588 devorentur.
2136 3519 2390 3588 Deinde
2423 3540 2582 3589 eum
2619 3540 2724 3589 se-

184 3627 341 3675 cum
370 3604 815 3686 abducentes,
847 3627 979 3675 non
1009 3604 1273 3693 absque
1306 3606 1701 3676 incredibili
1732 3607 2129 3679 Broniensis
2154 3608 2482 3677 ecclesiae
2504 3607 2719 3687 luctu,

185 3694 493 3764 celeriter
542 3693 1001 3783 Ursidongum
1054 3705 1412 3784 repetunt:
1467 3709 1532 3765 et
1578 3718 1741 3765 cum
1775 3697 1838 3766 ei
1868 3718 1949 3766 ex
1980 3719 2335 3767 sacrorum
2377 3718 2723 3767 canonum

188 3783 629 3874 praescriptO,
686 3781 1163 3855 Ecclesiastica
1211 3781 1579 3854 donatione
1617 3783 1941 3855 Abbatiae
1988 3784 2180 3855 illius
2228 3783 2724 3877 supellectilem

186 3893 459 3942 omnem
489 3870 983 3971 assignassent,
1015 3870 1341 3941 Abbatem
1373 3893 1531 3942 eum
1567 3874 2023 3944 constituunt.
2063 3879 2140 3944 At
2170 3874 2285 3945 ille
2317 3874 2727 3945 clericorum

191 3960 328 4031 illic
377 3960 774 4050 degentium
825 3982 961 4030 non
1012 3959 1189 4029 bona
1244 3960 1379 4031 vita
1426 3963 1821 4033 accuratius
1871 3964 2300 4055 investigata,
2336 3985 2496 4034 cum
2524 3964 2729 4033 etiam

193 4063 389 4119 antea
437 4061 603 4119 teter
649 4045 824 4149 odor
869 4047 1090 4118 malae
1140 4048 1419 4120 illorum
1467 4050 1692 4121 famae
1732 4051 1817 4121 ad
1869 4052 2100 4142 ipsum
2156 4052 2460 4144 perlatus
2507 4064 2727 4133 esset,

191 4136 581 4208 consultum
630 4137 1068 4217 existimavit,
1124 4150 1200 4207 ut
1247 4138 1333 4208 ab
1383 4139 1501 4210 illa
1551 4140 1845 4211 ecclesia
1889 4140 2445 4211 excluderentur.
2492 4147 2569 4211 In
2620 4163 2734 4211 eo-

196 4248 343 4296 rum
402 4240 632 4296 autem
700 4224 927 4296 locum
992 4225 1347 4298 substituit
1404 4228 1689 4321 dignam
1743 4235 1875 4300 Deo
1926 4230 2427 4302 monachorum
2478 4228 2730 4300 sodali-

199 4325 421 4384 tatem.

284 4409 319 4484 ἓ
370 4407 531 4475 ²8.
585 4408 726 4474 Non
779 4402 903 4475 diu
955 4417 1106 4494 post
1172 4404 1768 4481 animadvertens.
1822 4427 1959 4475 non
2023 4405 2164 4477 illic
2215 4407 2452 4478 haberi
2503 4428 2734 4479 sacras

348 4523 588 4582 surius
618 4554 637 4566 -
681 4521 847 4583 Vitae
874 4524 988 4585 SS.
1018 4554 1042 4568 ·
1073 4521 1202 4585 Vol.
1232 4521 1306 4585 X.
2534 4525 2568 4585 7
