3347 4999
184 333 358 400 OCT.
411 334 484 399 3-t
853 353 932 399 nr.
979 352 1035 400 s.
1073 351 1466 400 wouteauso
1504 354 1601 400 m».
1643 351 2063 402 ιιΑτιεΡοΝεΝ.
2513 337 2629 403 75⁴

179 448 379 507 esset.
433 441 565 506 Nec
615 436 729 506 ille
792 450 1018 507 tamen
1069 438 1157 507 ab
1212 437 1624 508 eruditionis
1685 437 2084 507 excellentia
2132 439 2368 509 animo
2427 440 2725 509 intume-

179 526 433 608 scebat,
474 546 596 595 nec
629 548 789 615 prae
814 547 886 596 se
915 525 1088 596 alios
1127 527 1607 597 contemnebat
1638 549 1652 593 :
1708 526 1825 598 sed
1861 549 2019 596 cum
2057 527 2386 597 omnibus
2417 528 2486 597 in
2522 527 2728 598 domo

179 615 452 685 Domini
492 614 883 684 sectabatur
915 636 1150 704 pacem
1187 626 1251 684 et
1283 615 1750 686 concordiam.

271 712 308 784 ἓ
338 706 425 775 ⁴2.
479 708 603 773 Per
640 703 820 772 idem
861 714 1131 794 tempus
1162 725 1241 773 eo
1276 704 1345 773 in
1381 703 1531 774 loco
1570 703 1861 795 degebat
1892 703 2102 774 studii
2145 705 2357 774 causa
2387 705 2727 776 Henricus

176 793 487 881 quidam,
526 791 781 863 illustri
815 797 1231 862 Francorum
1266 804 1333 863 et
1358 797 1725 863 Svevorum
1756 806 2114 864 stemmate
2136 793 2390 863 claruS.
2423 798 2489 864 Is
2527 794 2729 864 wolf-

178 903 483 974 gangum
525 881 896 972 praecipuo
925 880 1060 950 sibi
1090 903 1322 951 amore
1348 881 1770 963 devincienS‚
1811 882 2061 952 obnixe
2093 903 2251 952 eum
2291 882 2722 972 precabatur,

180 983 255 1040 ut
281 992 516 1040 secum
548 968 1003 1059 Herbipolim,
1041 969 1247 1060 vulgo
1280 970 1802 1061 Wirceburgum
1842 971 1900 1053 ⁴²,
1942 970 2516 1061 proficisceretur.
2556 970 2725 1059 Ejus

179 1059 364 1130 enim
417 1059 692 1128 Henrici
735 1057 942 1128 frater
987 1063 1261 1149 Boppo,
1307 1058 1646 1130 Ecclesiae
1702 1059 2288 1151 wirceburgensis
2345 1065 2392 1129 Ε
2449 1061 2728 1150 iscopus

181 1161 348 1228 erat,
403 1159 468 1216 et
517 1147 940 1238 Stephanum
991 1148 1362 1235 quemdam
1414 1148 1691 1218 doctum
1729 1149 1976 1231 virum,
2021 1171 2101 1219 ex
2140 1148 2334 1218 Italia
2422 1150 2726 1219 octrinae

179 1239 391 1308 causa
422 1239 744 1316 accitum,
787 1234 1064 1308 scholae
1093 1235 1528 1327 praefecerat,
1569 1237 1690 1324 qui
1723 1258 1964 1308 omnes
1992 1237 2132 1307 illic
2170 1237 2411 1308 litteris
2443 1259 2721 1328 operam

171 1327 343 1400 ‚dare
370 1324 667 1395 volentes
699 1338 1016 1395 accurate
1044 1324 1370 1395 erudiret.
1407 1330 1713 1414 Cumque
1747 1325 1815 1395 in
1856 1326 2177 1416 precibus
2208 1327 2355 1406 suis
2389 1332 2726 1397 Henricus

183 1414 617 1506 persisteret,
681 1436 1096 1501 omnemque
1144 1415 1640 1488 humanitatem
1680 1469 1695 1496 ,
1749 1437 1925 1502 quae
1975 1414 2239 1485 homini
2299 1415 2606 1486 studioso
2661 1426 2726 1484 et

183 1502 543 1593 peregrino
596 1502 1004 1593 praestanda
1057 1515 1279 1584 esset,
1347 1503 1748 1594 wolfgango
1799 1503 2173 1573 liberaliter
2233 1504 2719 1594 polliceretur,

181 1592 456 1663 tandem
499 1591 601 1662 illi
652 1592 968 1660 assensit.
1029 1592 1385 1661 Venientes
1433 1593 1648 1683 igitur
1699 1593 1951 1683 pariter
1987 1593 2537 1684 Wirceburgum‚
2579 1598 2723 1662 Ste-

183 1681 490 1770 phanum
527 1680 1086 1771 ludimagistrum
1138 1680 1438 1763 adeunt,
1499 1694 1702 1769 atque
1748 1681 1818 1750 in
1868 1682 2016 1770 ejus
2065 1703 2138 1751 se
2185 1681 2468 1751 tradunt
2513 1681 2723 1751 disci-

184 1769 471 1859 plinam,
527 1768 854 1838 fruuntur
908 1791 990 1838 ue
1028 1768 1436 1857 aliquandiu
1476 1771 1627 1860 ejus
1677 1769 2146 1840 benevolentia
2184 1782 2248 1839 et
2294 1770 2544 1840 favore.
2593 1769 2721 1839 Sed

179 1881 338 1928 cum
382 1857 609 1928 locum
646 1879 849 1945 quem
906 1880 1019 1927 am
1068 1857 1135 1926 in
1193 1858 1645 1948 praelectione
1690 1859 1761 1895 μ
1789 1858 2090 1946 quadam
2128 1881 2262 1928 non
2296 1859 2463 1930 satis
2510 1859 2726 1949 expli-

178 1958 383 2025 caret,
425 1945 888 2016 adolescentes
938 1947 1028 2015 ita
1067 1960 1145 2017 ut
1192 1947 1375 2016 soliti
1422 1960 1616 2017 erant
1650 2004 1666 2026 ,
1720 1947 1802 2016 ad
1848 1947 2332 2038 wolfgangum
2370 1959 2716 2035 tamquam

178 2035 620 2106 eruditiorem
652 2034 1361 2125 perspicacioremque
1391 2057 1462 2105 se
1487 2035 1874 2117 conferunt,
1908 2058 2185 2124 unoque
2217 2058 2459 2106 omnes
2490 2037 2723 2106 animo

179 2126 265 2194 ab
307 2147 385 2195 eo
420 2136 660 2215 petunt
691 2123 918 2194 locum
963 2123 1160 2193 illum
1197 2123 1326 2193 sibi
1364 2125 1636 2213 exponi.
1690 2129 1766 2194 At
1797 2124 1935 2205 ille,
1979 2138 2056 2195 ut
2093 2138 2236 2195 erat
2272 2125 2624 2195 humanus
2656 2137 2721 2193 et

181 2214 353 2283 bene
397 2213 678 2300 perituS,
717 2234 850 2281 non
883 2211 1106 2281 solum
1146 2211 1211 2281 id
1300 2214 1604 2294 raestitit,
1643 2212 1823 2300 quod
1863 2226 2140 2303 rogatus
2170 2227 2337 2297 erat,
2370 2214 2487 2284 sed
2521 2214 2722 2302 quid-

176 2302 343 2390 quid
398 2300 499 2370 illi
549 2300 698 2369 loco
747 2302 965 2369 inerat
1012 2299 1247 2370 difficu
1282 2301 1477 2381 tatis,
1539 2301 1926 2371 luculenter
1972 2302 2341 2373 edisseruit
2386 2316 2452 2373 et
2488 2301 2719 2393 expla—

179 2389 389 2459 navit.
430 2388 502 2458 ld
541 2389 661 2458 ubi
715 2389 1103 2478 Stephanus
1138 2388 1615 2480 ludimagister
1650 2389 1944 2472 rescivit,
1985 2392 2087 2461 ira
2120 2404 2530 2473 commotus
2567 2414 2719 2482 gra-

176 2477 345 2548 viter
384 2476 531 2560 illi,
597 2498 679 2547 ne
734 2476 1309 2567 praelectionibus
1370 2479 1516 2550 suis
1571 2479 1885 2563 adesset,
1940 2480 2312 2551 interdixit.
2365 2486 2577 2569 Atque
2628 2481 2714 2550 ita

176 2566 529 2657 malignus
559 2566 801 2647 hostis,
833 2566 961 2635 hac
986 2572 1253 2656 arrepta
1282 2569 1661 2651 occasione,
1699 2582 1831 2639 tam
1864 2591 1985 2660 per
2014 2592 2107 2651 se,
2140 2591 2348 2658 quam
2382 2592 2501 2660 per
2532 2591 2718 2639 com—

173 2654 390 2746 plices
426 2677 633 2736 suos,
697 2677 970 2725 servum
1022 2657 1137 2725 Dei
1178 2678 1484 2745 premere
1539 2670 1605 2728 et
1657 2657 2030 2728 obscurare
2077 2671 2366 2729 conatus
2412 2671 2533 2727 est.
2590 2658 2714 2727 Sed

173 2745 357 2814 sicut
388 2745 672 2813 flamma
723 2743 941 2813 multo
991 2756 1346 2816 ventorum
1390 2748 1560 2816 flatu
1602 2769 1734 2816 non
1797 2746 2019 2817 solum
2061 2769 2193 2816 non
2245 2746 2670 2837 extinguitur
2698 2802 2713 2828 ,

173 2833 292 2905 sed
346 2833 568 2923 magis
622 2833 978 2923 magisque
1009 2847 1301 2925 augetur
1332 2858 1346 2916 ;
1401 2835 1491 2905 ita
1526 2834 1742 2905 divini
1778 2856 2024 2904 sensus
2056 2835 2284 2916 ardor,
2322 2836 2438 2922 qui
2478 2835 2564 2904 ab
2613 2834 2717 2904 in-

171 2934 379 2992 eunte
426 2934 639 2991 aetate
691 2922 758 2990 in
814 2933 1080 3011 pectore
1132 2922 1509 3015 wolfgangi
1560 2923 1962 3004 incaluerat,
2021 2923 2210 2992 nullo
2260 2924 2713 2993 tentationum

171 3011 398 3081 imbre
444 3011 753 3099 extingui
805 3013 1042 3100 potuit.
1097 3016 1309 3100 Atque
1355 3036 1432 3081 ex
1481 3033 1560 3081 eo
1625 3026 1927 3101 ternpore
1985 3012 2115 3101 (ut
2173 3012 2318 3102 ipse
2364 3010 2559 3081 fateri
2609 3035 2717 3082 so-

174 3099 379 3180 lebat,
437 3099 625 3169 testis
673 3121 837 3168 sane
867 3099 1004 3169 fide
1051 3100 1558 3201 dignissimus),
1623 3121 1757 3169 non
1801 3100 2084 3169 homine
2142 3099 2427 3184 docente
2475 3100 2718 3172 didicit

172 3209 425 3257 arcana
477 3189 1013 3277 Scripturarum,
1068 3189 1185 3258 sed
1237 3201 1422 3259 tanto
1470 3189 1604 3260 subi
1638 3189 1853 3259 sensit
1903 3189 2232 3277 majorem
2278 3189 2536 3280 ingenii
2574 3189 2712 3258 vim

169 3287 239 3345 et
289 3277 778 3366 perspicaciam
816 3277 1206 3359 accessisse,
1242 3289 1498 3365 quanto
1530 3276 1854 3347 hibernos
1887 3276 2065 3349 soles
2090 3276 2326 3348 aestivi
2359 3291 2711 3368 superant.

263 3365 300 3450 ἕ
346 3370 432 3436 ὅ.
488 3368 657 3433 Eum
708 3386 871 3454 ergo
904 3364 971 3433 in
1009 3364 1289 3435 modum
1325 3366 1426 3434 vir
1469 3366 1582 3434 Dei
1620 3365 2045 3454 quotidianis
2096 3367 2421 3436 virtutum
2466 3380 2713 3438 auctus

170 3451 593 3553 profectibus
624 3462 689 3522 et
729 3452 1192 3534 incrementiS,
1247 3453 1472 3543 seipso
1519 3454 1586 3523 in
1640 3454 1788 3525 dies
1833 3455 2163 3525 evadebat
2211 3455 2597 3538 robustior,
2651 3466 2717 3526 et

157 3561 309 3629 Jam
351 3561 417 3608 tn
454 3539 658 3610 corde
697 3563 821 3611 suo
859 3540 1194 3628 quasdam
1242 3543 1702 3613 meditabatur
1737 3556 1801 3613 et
1841 3543 2250 3635 disponebat
2278 3546 2715 3614 ascensiones

168 3630 242 3698 in
279 3627 451 3698 valle
483 3628 947 3718 lacrymarum
976 3653 992 3709 ;
1026 3643 1091 3699 et
1118 3630 1250 3699 nisi
1279 3632 1484 3700 amici
1514 3632 1787 3702 Henrici
1825 3633 2145 3721 precibus
2175 3645 2479 3703 retentus
2507 3646 2707 3714 esset,

164 3739 328 3788 cum
363 3739 500 3805 quo
523 3716 623 3818 illi
660 3740 913 3808 magna
936 3720 1526 3790 eratconsuetudo
1550 3733 1614 3790 et
1638 3721 2095 3802 familiaritaS,
2138 3721 2476 3791 mundum
2512 3721 2713 3811 plane

163 3818 696 3896 contempSisset
757 3807 1181 3878 universum.
1254 3809 1382 3878 Sed
1427 3808 1599 3878 illud
1657 3810 1892 3880 animo
1928 3832 2205 3880 versans
2237 3866 2253 3892 ,
2306 3809 2713 3880 charitatem

164 3917 305 3965 non
344 3916 671 3980 quaerere
696 3917 875 3982 quae
907 3918 1034 3967 sua
1062 3908 1246 3978 sunt,
1285 3897 1402 3968 sed
1435 3919 1612 3986 quae
1645 3898 1953 3979 alteriuS‚
1992 3898 2075 3968 ad
2113 3912 2385 3989 tempus
2414 3898 2708 3980 distulit,

161 3984 350 4069 quod
405 3997 635 4074 postea
686 3987 1002 4076 prompta
1049 3986 1265 4055 animi
1305 3986 1661 4057 devotione
1690 3987 2079 4078 complevit.
2134 3992 2277 4057 Non
2312 3986 2528 4057 multo
2560 3997 2715 4077 post

160 4073 505 4143 Henricus
559 4074 646 4143 ab
687 4073 947 4143 Othone
995 4079 1239 4165 Magno
1300 4080 1720 4166 Imperatore
1768 4076 2232 4146 Trevirensem
2286 4076 2392 4112 ’Ψ
2444 4075 2712 4167 accepit

161 4160 654 4253 Episcopatum
694 4218 709 4244 ,
771 4174 982 4250 utque
1020 4184 1099 4233 eo
1151 4185 1383 4235 secum
1427 4166 1598 4247 iret,
1663 4163 2139 4256 wolfgangum
2198 4168 2448 4255 magna
2495 4164 2713 4234 animi

219 4303 243 4326 ⁴*
273 4304 561 4353 Germanice,
586 4309 885 4358 Wareaeboury.
909 4309 958 4348 tn
981 4307 1205 4350 Bantius
1228 4319 1388 4359 regno.

162 4357 388 4453 Μῖἶωῠντέἰ
398 4360 447 4452 18ιὲ
464 4359 755 4466 gleffiggii‘ceis
782 4364 1078 4404 documentis
1105 4373 1132 4403 ι
1161 4365 1298 4404 Perta
1332 4362 1551 4406 collectis
1577 4361 1815 4415 editisque
1843 4365 2057 4412 habetur.
2088 4365 2317 4417 agebatur
2346 4366 2458 4407 tuuc
2479 4366 2531 4406 ae
2550 4367 2713 4417 »utpute

221 4464 304 4493 *θ’
334 4466 486 4508 Germ.
507 4470 649 4517 Trior.
667 4469 778 4520 gau.
800 4468 974 4522 Tremo,
997 4465 1098 4512 ital.
1121 4471 1310 4518 Tum-t,
1331 4468 1381 4512 in
1397 4472 1621 4514 Bomoi·
1637 4471 1879 4514 Rhenum.
