3347 4999
745 322 873 387 656
1404 339 1483 385 ns
1530 340 1587 385 s.
1640 336 1904 385 annucio
1952 339 2050 385 Er.
2096 321 2428 385 ntzaAroc.
2880 315 3048 387 OCT.
3097 323 3172 388 22

655 446 814 494 cum
861 445 1011 493 eam
1065 422 1343 493 vidisset
1395 423 1494 492 sic
1542 422 1878 502 affectam,
1929 435 1993 492 et
2041 422 2193 510 ejus
2255 435 2432 493 esset
2491 421 2815 491 misertus
2849 477 2865 503 ,
2926 423 3170 513 puellae

661 534 942 583 manum
1011 512 1365 602 praebens,
1420 525 1769 598 tamquam
1847 509 2185 601 profundo
2232 532 2474 581 somno
2532 533 2963 601 oppressam,
3030 534 3161 582 eam

657 599 819 670 facit
866 623 1145 689 surgere
1191 622 1399 670 sanae
1448 601 1699 669 mentis
1752 601 2160 690 compotem.
2214 605 2292 669 Et
2348 621 2720 670 conversus
2775 601 2861 668 ad
2929 602 3167 670 Fausti·

661 711 862 758 nam:
902 712 939 755 (ι
971 694 1162 770 Ecce,
1216 689 1460 776 inquit,
1512 689 1705 760 adest
1756 689 1875 759 tibi
1930 688 2156 777 puella
2206 710 2425 775 neque
2477 688 2610 757 vita
2671 688 2955 777 privata,
2991 702 3051 757 et
3096 688 3168 757 li-

658 778 820 848 bera
856 779 943 847 ab
979 778 1241 848 insultu
1275 778 1651 849 daemonis.
1688 801 1724 844 »
1760 782 2121 865 Postquam
2157 799 2231 846 er
2279 801 2320 845 o
2357 790 2570 845 mater
2603 778 2701 848 sic
2735 776 2910 846 vidit
2942 777 3158 858 filiam,

658 888 801 936 eam
840 867 1217 958 complexa,
1270 880 1335 937 et
1392 889 1551 957 prae
1599 865 1852 956 gaudio
1898 866 2198 936 fundens
2273 887 2614 955 act-ymas,
2668 887 2919 956 genam
2979 887 3167 954 genae

660 954 1011 1045 imposuit,
1063 971 1129 1027 et
1175 978 1251 1027 os
1296 957 1422 1038 ori,
1484 969 1549 1025 et
1597 955 1922 1025 manibus
1972 978 2219 1026 manus
2278 955 2649 1036 conseruit,
2701 970 2766 1024 et
2818 954 3024 1025 veluti
3067 977 3164 1024 cu·

662 1044 860 1133 piens
906 1066 1057 1115 eam
1100 1045 1514 1115 intrinsecus
1553 1044 2091 1134 apprehendere,
2125 1058 2381 1114 etcum
2433 1043 2622 1113 nuda
2664 1043 2816 1134 ipsa
2867 1041 3163 1134 congredi

661 1133 918 1215 anima,
970 1134 1314 1205 nesciebat
1360 1133 1530 1221 ,quid
1597 1147 1847 1224 ageret.
1912 1137 2076 1203 Cum
2139 1147 2365 1203 autem
2419 1132 2648 1224 puella
2706 1132 2988 1220 quidem
3039 1132 3161 1220 jam

665 1235 841 1291 recte
888 1244 959 1293 se
1007 1222 1306 1304 haberet,
1350 1235 1667 1293 sanctum
1727 1222 2082 1293 Abercium
2123 1222 2715 1293 vehementissime
2765 1221 3025 1311 rogavit
3053 1225 3162 1288 Im·

712 1312 982 1392 eratrix‚
1033 1335 1115 1381 ne
1178 1323 1520 1382 recusaret
1556 1311 1644 1380 ab
1691 1333 1770 1382 ea
1830 1311 2139 1401 accipere
2190 1312 2840 1390 remunerationem,
2881 1311 2990 1379 cui
3038 1309 3158 1398 ipse

694 1399 793 1469 uit
824 1423 1029 1470 causa
1065 1422 1174 1470 ma
1232 1423 1353 1470 nae
1384 1414 1449 1470 et
1498 1401 1919 1470 necessariae
1967 1401 2246 1490 gratiae.
2302 1399 2423 1469 Ille
2469 1414 2696 1469 autem
2744 1400 3066 1489 pecuniae
3092 1417 3158 1464 ne
3277 1477 3278 1480 Ἴ

665 1488 994 1559 sustinuit
1041 1424 1319 1577 quidgem
1364 1488 1573 1558 ullam
1625 1489 1768 1558 fieri
1825 1490 2264 1570 mentionem,
2299 1487 2574 1558 dicens:
2629 1511 2665 1555 «
2694 1488 2872 1572 Quid
2910 1488 2968 1556 ei
3012 1506 3156 1575 opus

666 1575 872 1646 fuerit
906 1577 1242 1667 pecuniis,
1278 1578 1392 1649 cui
1430 1577 1625 1667 panis
1662 1591 1729 1647 et
1766 1600 1944 1665 aqua
1975 1593 2076 1647 est
2106 1577 2370 1648 lautum
2406 1591 2471 1646 et
2502 1576 2951 1667 magnifieum
2991 1593 3158 1664 pran·
3277 1623 3278 1636 ,

666 1665 911 1734 dium?
952 1689 986 1734 »
1029 1666 1197 1737 Petit
1234 1680 1486 1742 autem,
1544 1680 1616 1735 ut
1652 1688 1861 1768 prope
1898 1667 2315 1756 Hierapolim
2364 1678 2720 1735 extruatur
2760 1665 3069 1735 balneum
3101 1660 3155 1728 in
3277 1675 3278 1696 ³

666 1776 854 1845 agro,
907 1756 1029 1843 qui
1061 1769 1163 1825 est
1196 1769 1470 1845 propter
1506 1755 1823 1835 fluvium,
1877 1756 1999 1824 ubi
2046 1755 2193 1844 ipse
2253 1755 2469 1825 oravit
2525 1754 2718 1824 flexis
2768 1753 3070 1845 genibuS‚
3105 1760 3159 1817 et

668 1856 844 1913 terra
882 1844 1114 1915 emisit
1151 1844 1370 1914 fontes
1401 1866 1735 1931 aquarum
1777 1843 2199 1925 calidarum;
2235 1857 2298 1912 et
2339 1855 2414 1912 ut
2449 1843 2809 1924 mendicis,
2855 1842 2967 1929 qui
2999 1849 3158 1909 erant

667 1932 739 2001 in
772 1953 850 2001 ea
887 1933 1179 2014 civitate,
1236 1933 1564 2004 darentur
1596 1946 1694 2001 ter
1738 1931 1922 2001 mille
1966 1932 2171 2003 modii
2221 1932 2572 2001 frumenti.

754 2023 791 2108 ξ
843 2026 998 2094 28.
1064 2026 1244 2091 Haec
1290 2021 1496 2092 simul
1550 2034 1754 2108 atque
1814 2021 2074 2091 audivit
2126 2021 2554 2110 Imperatrix,
2625 2020 2964 2099 lubenter,
3024 2034 3156 2083 con·

667 2110 869 2191 cedit,
908 2110 1091 2197 quod
1141 2109 1361 2180 fuerat
1396 2110 1720 2201 petitum:
1775 2126 1840 2180 et
1871 2108 2349 2180 Cornelianum
2386 2110 2725 2199 praetorio
2773 2106 3151 2178 Praefectum

666 2220 872 2285 quam
917 2199 1222 2289 primum
1283 2200 1593 2279 accersit,
1646 2213 1712 2268 et
1764 2199 1947 2269 'ubet
1994 2198 2077 2268 ad
2141 2221 2217 2267 ea
2270 2198 2678 2287 praestanda
2711 2252 2729 2279 ,
2795 2218 2966 2284 quae
3023 2200 3152 2291 sunt

760 2288 901 2368 tita,
956 2309 1159 2357 omne
1218 2287 1543 2358 adhibere
1613 2300 1723 2357 stu
1779 2289 1954 2366 ium,
2009 2309 2093 2356 ne
2140 2288 2274 2358 cito
2385 2287 2835 2357 romissorum
2900 2295 3146 2373 gratiam

668 2309 935 2444 ffibetet
985 2390 1050 2444 et
1087 2375 1404 2445 obscuret
1461 2375 1744 2444 tarditas
1794 2375 2180 2445 ministerii.
2234 2381 2323 2444 Ta
2354 2398 2390 2445 e
2435 2389 2538 2446 est
2587 2375 2956 2471 hominum·
2993 2370 3149 2456 inge-

669 2464 890 2545 nium,
941 2479 1005 2534 et
1055 2464 1141 2535 ita
1192 2476 1354 2535 sunt
1414 2463 1658 2534 affecti.
1713 2463 1807 2534 Iis
1875 2463 2225 2535 lubentius
2285 2465 2786 2554 gratificamur,
2844 2483 2956 2550 qut
3003 2456 3148 2527 dona

669 2552 991 2623 dubitant
1035 2554 1179 2623 acci
1234 2575 1367 2633 ere,
1412 2575 1617 2640 quam
1657 2553 1764 2634 iis,
1803 2554 1921 2639 qui
1971 2567 2133 2623 sunt
2186 2554 2483 2654 prompti
2531 2554 2615 2623 ad
2667 2547 3144 2641 accipiendum:

670 2642 811 2711 hos.
841 2642 1119 2730 quidem
1211 2643 1643 2733 espicientes,
1688 2641 1867 2729 quod
1934 2642 2290 2711 videantur
2333 2644 2491 2711 victi
2521 2665 2565 2711 a
2613 2640 3044 2712 muneribus:
3088 2627 3146 2696 tl·

669 2731 893 2801 lorum
930 2744 1155 2801 autem
1185 2730 1673 2820 amplectentes
1699 2731 1915 2800 animi
1952 2729 2526 2821 magnitudinem.
2559 2731 2938 2799 Praefectus
2961 2732 3143 2823 autem

670 2821 1007 2909 praetorio
1083 2819 1257 2889 nihil
1328 2833 1733 2901 cunctatuS,
1808 2819 2054 2889 emittit
2132 2819 2578 2890 architectum
2651 2819 2743 2889 ad
2811 2807 3143 2914 Praestdem

668 2909 1026 2999 Phrygiae,
1079 2909 1198 2996 qui
1246 2922 1389 2978 erat
1443 2908 1561 2978 illo
1620 2920 1954 2997 tempore,
2012 2920 2086 2977 ut
2136 2907 2464 2997 pecunias
2530 2907 2617 2977 ab
2674 2930 2757 2978 eo
2815 2904 3140 2993 acciperet,

665 2999 945 3083 quantis
982 3020 1159 3087 opus
1205 3010 1348 3067 erat
1393 2997 1478 3067 ad
1529 2996 1852 3066 balneum
1905 2995 2398 3066 extruendum:
2437 3009 2504 3066 et
2542 3012 2640 3068 ter
2691 2995 2883 3066 mille
2929 2983 3142 3058 mod10⁵

667 3085 993 3155 frumenti
1043 3086 1483 3159 distribueret
1518 3087 1963 3175 pauperibus,
2000 3086 2121 3172 qui
2168 3098 2361 3156 erant
2405 3084 2781 3174 Hierapoli.
2832 3086 3139 3171 Postquam

668 3190 894 3245 autem
946 3175 1076 3245 fuit
1133 3174 1494 3266 impositus
1558 3175 1719 3245 finis
1780 3174 2068 3254 balne0‚
2132 3174 2314 3261 quod
2364 3174 2880 3251 aedificabatur,
2938 3165 3013 3234 ab
3052 3154 3141 3227 illo

671 3277 972 3351 tempore
1021 3285 1153 3332 non
1201 3264 1567 3334 vocabatur
1615 3263 1920 3353 amplius
1982 3262 2173 3334 locus
2229 3262 2343 3332 ille
2375 3269 2566 3353 Ager,
2615 3263 2740 3350 qui
2780 3272 2879 3332 est
2917 3258 3138 3351 ρι’(ξβῑίῗῐ

669 3351 985 3430 fluvium,
1039 3351 1155 3421 sed
1204 3357 1375 3443 Ager
1421 3352 1831 3423 calidarum.
1876 3352 2150 3421 Duravit
2196 3364 2421 3421 autem
2476 3351 2665 3421 illius
2714 3350 3022 3420 frumenti
3056 3331 3136 3400 dt-

669 3440 988 3510 stributio
1034 3462 1254 3526 usque
1296 3441 1380 3511 ad
1419 3454 1724 3531 tempora
1758 3440 1950 3531 impii
1985 3440 2281 3511 Juliani.
2326 3439 2450 3509 Ille
2498 3461 2823 3526 namque,
2855 3417 3130 3522 qu0m0d⁰

668 3527 802 3597 alia
852 3528 1054 3609 bona,
1110 3528 1202 3597 ita
1253 3530 1378 3599 hoc
1443 3551 1717 3617 quoque
1777 3529 2092 3600 invidens
2141 3528 2591 3610 Christianis,
2636 3529 2863 3599 statim
2925 3522 3128 3589 cesfflfss

675 3616 836 3687 facit
877 3617 1522 3709 suppeditationem.

757 3709 793 3795 ξ
845 3711 997 3779 24.
1064 3710 1351 3777 Sanctus
1407 3729 1568 3796 ergo
1615 3706 1983 3787 AberciuS,
2056 3718 2134 3776 ut
2191 3705 2275 3774 ad
2325 3727 2480 3775 eum
2534 3716 2972 3775 revertamur,
3013 3697 3134 3788 pum

669 3795 876 3886 longo
911 3809 1213 3885 tempore
1258 3795 1499 3866 fuisset
1534 3808 1839 3866 versatus
1885 3818 2045 3865 cum
2097 3795 2448 3875 RomaniS,
2489 3808 2555 3864 et
2605 3814 2841 3866 sanam
2890 3781 3025 3855 fidet
3058 3787 3137 3866 Γᾷ·

670 3885 924 3955 tionem
990 3884 1382 3954 tradidisset
1433 3883 1753 3954 Ecclesiis
1812 3884 2353 3954 Christianorum
2384 3938 2400 3965 ,
2454 3883 2637 3953 videt
2688 3867 3032 3977 aliquando
3084 3872 3138 3922 ¹11

670 3976 933 4044 somnis
979 3973 1217 4043 adesse
1268 3973 1660 4054 Dominum,
1700 3973 2058 4043 etdicere:
2113 3993 2152 4039 «
2200 3977 2501 4063 Oportet,
2554 3994 2594 4041 o
2652 3972 2904 4044 Aberct,
2956 3970 3007 4025 te
3043 3964 3139 4013 0¹¹·

669 4084 816 4131 ram
865 4085 1136 4150 quoque
1198 4084 1433 4154 gerere
1545 4063 1833 4142 artium,
1886 4084 2063 4148 quae
2129 4073 2291 4131 sunt
2361 4064 2427 4128 in
2483 4058 2701 4150 Syria.
2756 4083 2791 4128 »
2837 4058 2882 4123 Α
2944 4047 3140 4132 8⁰¹⁰f¹⁰

667 4172 831 4240 ergo
863 4152 1216 4232 excitatus,
1266 4152 1427 4240 petit
1463 4174 1502 4221 a
1599 4151 2065 4240 Imperatrice,
2129 4163 2207 4221 ut
2242 4172 2400 4220 eum
2453 4148 2772 4219 dimittat.
2835 4138 2949 4211 Illa
2989 4135 3139 4196 emm

666 4260 828 4308 eum
878 4239 1223 4311 detinebat
1272 4240 1891 4321 vehementissime,
1947 4239 2199 4310 timens
2253 4260 2337 4309 ne
2378 4252 2736 4340 postquam
2769 4231 2876 4332 ille
2913 4221 3140 4293 absces-

670 4327 892 4410 sisset,
931 4328 1309 4399 libertatem
1362 4342 1753 4400 assecutum
1785 4327 2258 4407 daemonium,
2297 4326 2513 4398 filiam
2554 4348 2788 4397 rursus
2821 4304 3140 4387 tnvaderet·

674 4421 923 4487 Verum
960 4418 1042 4499 is,
1078 4440 1263 4500 cum,
1307 4418 1486 4505 quod
1540 4418 1625 4489 ad
1689 4417 1754 4488 id
1822 4418 2175 4502 attinebat,
2226 4417 2549 4510 jussisset
2607 4436 2752 4486 eam
2807 4421 2941 4479 esse
2993 4390 3142 4460 b011⁰
