3347 4999
689 266 816 329 752
1260 284 1337 328 oa
1385 284 1440 328 S.
1482 282 1871 329 wopa-caneo
1913 284 2011 328 ar.
2050 283 2464 330 aartsrouau.
2829 263 3005 331 01:1¹.
3053 268 3116 331 31

600 365 1034 436 contentione
1084 367 1363 467 rogavit.
1407 370 1485 435 At
1526 366 1640 435 ille
1672 366 2081 453 aliquandiu
2128 366 2479 436 difficilem
2530 388 2605 437 se
2647 367 2984 456 praebuit,
3022 368 3126 437 sed

602 477 757 525 cum
797 455 1068 525 tandem
1122 455 1375 524 videret
1422 476 1492 525 se
1541 456 1715 524 bene
1766 477 1898 524 non
1955 477 2150 545 posse
2202 478 2472 546 negare,
2531 455 2749 526 noluit
2795 477 2946 525 esse
2996 479 3125 543 per-

607 543 819 612 vicax.
869 544 1191 634 adjunxit
1225 544 1435 634 igitur
1465 566 1535 612 se
1570 544 1672 613 illi
1715 544 1930 631 huJus
1962 566 2235 632 quoque
2267 545 2531 613 itineris
2569 545 2917 614 comitem.
2971 550 3128 615 Turn

605 654 760 702 vero
803 632 1073 723 praesul
1115 632 1231 702 ille
1272 632 1679 702 venerabilis
1729 656 1834 701 ma
1894 656 2058 702 num
2101 633 2317 702 animi
2353 633 2687 713 studium,
2734 654 3039 703 amorem
3076 653 3134 706 et

605 721 1144 792 benevolentiam
1173 777 1190 802 ,
1244 743 1379 809 qua
1422 721 1617 791 illurn
1659 743 1862 812 comp
1893 722 2264 803 ectebatur,
2314 744 2385 790 re
2435 723 2582 810 ipsa
2625 721 2977 791 declarare
3024 746 3136 792 cu-

606 810 822 900 piens,
869 810 1210 902 ejusmodi
1261 810 1658 881 sacerdotiis
1707 811 1846 880 sive
1882 810 2233 880 beneficiis
2280 811 2765 882 ecclesiasticis
2811 824 2879 880 et
2912 810 3134 902 digni·

604 899 859 969 tatibus
882 921 1041 968 cum
1078 897 1348 969 afficere
1385 898 1617 981 voluit,
1658 911 1733 968 ut
1775 921 1894 989 per
1920 921 2191 969 omnem
2228 899 2593 969 dioecesim
2636 900 2856 988 ipsius
2896 922 3137 970 secun-

601 987 769 1056 dum
812 992 898 1058 ab
945 1009 1026 1058 eo
1076 987 1300 1058 locum
1353 988 1709 1068 obtineret,
1754 988 2065 1076 aliosque
2102 1010 2340 1058 omnes
2389 988 2790 1058 auctoritate
2828 988 3133 1059 anteiret.

603 1081 848 1146 Verum
904 1075 1019 1146 ille
1078 1077 1301 1146 bonus
1342 1077 1587 1147 Christi
1636 1097 1909 1157 servus,
1958 1076 2200 1146 mundi
2250 1077 2461 1166 hujus
2522 1077 2797 1145 inanem
2848 1076 3133 1167 gloriam

604 1164 898 1255 fugiens,
946 1187 1352 1255 semperque
1410 1165 1498 1235 ob
1545 1164 1782 1235 oculos
1840 1187 2116 1236 versans
2165 1165 2333 1235 illud
2394 1165 2906 1255 Apostolicum:
2958 1168 3141 1236 Nihil

603 1257 959 1324 intulimus
1005 1256 1075 1324 in
1115 1255 1234 1324 hoc
1279 1255 1604 1323 mundum
1633 1309 1648 1335 ,
1705 1255 1891 1323 haud
1939 1255 2237 1335 dubium,
2290 1257 2454 1345 qnia
2500 1277 2618 1323 nec
2664 1258 2943 1342 auferre
2988 1257 3142 1346 quid

599 1366 979 1434 possumus·
1017 1356 1104 1424 et,
1164 1343 1298 1422 Qui
1343 1346 1576 1413 volunt
1630 1344 1870 1412 divites
1919 1345 2092 1434 fieri,
2150 1344 2453 1412 incidunt
2501 1346 3041 1413 intentationem
3084 1355 3141 1413 et

603 1433 674 1500 in
709 1436 1024 1524 laqueum
1062 1433 1318 1502 diaboli
1349 1436 1439 1516 (l.
1491 1434 1652 1501 Tim.
1700 1431 1833 1520 v1);
1886 1445 2070 1500 tanto
2120 1430 2376 1502 honore
2424 1453 2495 1500 se
2527 1430 2920 1500 affirmabat
2971 1432 3140 1502 indi·

603 1541 846 1610 gnum.
884 1521 1182 1589 Tandem
1221 1542 1375 1590 vero
1412 1521 1476 1589 in
1514 1521 1639 1589 hoc
1665 1521 1894 1602 cessit,
1932 1533 2007 1590 ut
2043 1534 2383 1609 pateretur
2414 1519 2859 1589 scholasticos
2897 1542 3140 1609 pueros

604 1621 669 1677 et
700 1608 1166 1679 adolescentes
1199 1630 1365 1679 suae
1403 1631 1611 1679 curae
1656 1609 2127 1678 commendari
2161 1632 2175 1676 ε
2232 1609 2562 1678 nimirum
2603 1608 2925 1697 prudenti
2974 1633 3141 1679 usus

603 1697 917 1778 consilio,
958 1712 1033 1768 ut
1068 1698 1496 1788 praeclarum
1532 1697 1885 1767 doctrinae
1934 1697 2289 1776 talentum,
2347 1698 2482 1787 ipsi
2529 1719 2571 1766 a
2610 1697 2897 1767 Domino
2943 1698 3146 1768 tradi·

609 1798 780 1864 tum,
825 1786 980 1858 aliis
1031 1787 1455 1877 impertiens,
1513 1787 1692 1856 sicut
1743 1787 1965 1855 bonus
2004 1799 2068 1856 et
2100 1785 2325 1856 fidelis
2370 1785 2851 1876 dispensator,
2902 1787 3146 1857 uberes

604 1874 686 1943 ad
730 1875 1094 1944 Dominum
1129 1898 1336 1946 suum
1390 1874 1664 1944 referret
1704 1874 1989 1944 fructus.
2044 1880 2170 1944 Pro
2220 1875 2304 1943 iis
2350 1888 2576 1944 autem
2620 1873 2912 1944 docendi
2966 1875 3148 1946 labo·

609 1963 801 2032 ribus
846 1964 1016 2032 nihil
1058 1965 1258 2043 lucri,
1299 1963 1706 2051 nullamque
1757 1963 2137 2032 mercedem
2183 1964 2484 2053 recipere
2518 1963 2775 2043 voluit;
2828 1963 2949 2032 sed
2994 1986 3148 2054 ope-

609 2074 751 2120 ram
815 2052 1048 2133 dedit,
1105 2070 1175 2123 ut
1226 2053 1398 2122 alios
1451 2067 1676 2140 posset
1726 2051 2169 2132 lucrifacere;
2225 2073 2388 2131 nec,
2442 2065 2521 2122 ut
2572 2051 2880 2141 plerique
2930 2053 3149 2122 solent

606 2139 968 2218 didascali,
1012 2142 1394 2231 Satyricum
1430 2140 1605 2211 illud
1646 2141 2131 2211 decantantes:
2184 2145 2382 2210 Nosse
2419 2145 2650 2210 volunt
2689 2164 2935 2221 omnes,
2982 2165 3151 2211 mer-

604 2229 826 2297 cedem
855 2232 1109 2300 solvere
1138 2252 1327 2299 nemo
1349 2254 1373 2298 .·
1402 2251 1441 2298 a
1473 2231 1717 2317 quovis
1743 2230 2111 2317 quicquam
2139 2230 2381 2321 exegit,
2417 2229 2686 2327 tametsi
2715 2252 2755 2299 a
2788 2230 3152 2318 permultis

606 2337 688 2385 co
738 2332 989 2386 eretur.

691 2339 737 2492 g
778 2410 869 2476 Β.
928 2411 1129 2475 Porro
1185 2419 1411 2476 autem
1455 2420 1823 2494 antequam
1865 2419 2042 2477 esset
2094 2405 2473 2476 sacerdotio
2510 2406 2821 2475 initiatus
2849 2461 2864 2488 ,
2911 2429 2953 2475 a
3002 2430 3153 2477 car·

613 2493 820 2565 nibus
868 2494 1223 2576 abstinuit,
1272 2517 1393 2565 nec
1427 2510 1641 2565 vestes
1679 2497 1909 2587 magni
1956 2496 2149 2586 pretii
2198 2495 2495 2584 expetiit,
2556 2494 2831 2584 vigitiis,
2859 2496 3154 2597 jejuniis

608 2596 677 2653 et
731 2585 1049 2674 precibus
1083 2583 1374 2655 libenter
1405 2584 1768 2665 incubuit,
1823 2585 2159 2654 secularia
2207 2586 2476 2675 negotia
2528 2585 2616 2654 ita
2669 2598 3027 2666 tractavit,
3081 2598 3157 2655 ut

606 2693 892 2762 corpore
926 2727 941 2754 ‚
998 2695 1131 2743 non
1183 2675 1415 2743 animo
1451 2728 1466 2754 ,
1523 2672 1660 2742 illis
1707 2688 1884 2743 esset
1933 2673 2351 2763 implicatus.
2392 2673 2868 2744 Adolescentes
2897 2728 2913 2753 ,
2974 2696 3151 2761 quos

607 2761 1022 2831 erudiendos
1061 2763 1387 2853 suscepit,
1446 2784 1576 2831 non
1629 2761 1852 2832 solum
1894 2761 2296 2832 liberalibus
2334 2761 2747 2852 disciplinis,
2790 2761 2909 2831 sed
2943 2763 3155 2832 etiam

611 2850 813 2920 bonis
863 2852 1172 2922 moribus
1206 2850 1550 2921 instruxit.
1604 2850 1784 2920 Adeo
1819 2864 2044 2920 autem
2080 2872 2153 2920 se
2190 2850 2274 2919 ad
2317 2850 2820 2941 discipulorum
2864 2864 3152 2940 captum

609 2939 1171 3019 accommodavit,
1229 2952 1303 3010 ut
1351 2961 1509 3009 cum
1561 2940 2043 3029 capacioribus
2082 2935 2470 3009 difficiliora
2500 2960 2811 3026 quaeque
2858 2961 3044 3027 quae
3083 2939 3156 3008 in

608 3028 1009 3098 auctoribus
1057 3041 1122 3098 et
1167 3028 1556 3118 disciplinis
1598 3050 1747 3099 sese
1786 3029 2128 3109 offerrent,
2181 3028 2646 3117 explicuisset,
2693 3048 2849 3096 mox
2898 3028 2987 3097 ad
3041 3051 3160 3098 ru-

610 3115 838 3185 diores
887 3139 958 3187 se
992 3131 1296 3197 verteret,
1340 3131 1404 3186 et
1442 3117 1661 3186 instar
1704 3118 1993 3187 nutricis
2042 3117 2256 3186 lacteo
2303 3117 2456 3186 cibo
2492 3138 2608 3186 eos
2659 3115 2992 3199 reficeret,
3036 3116 3161 3203 qui

611 3204 935 3274 solidiora
985 3228 1226 3294 capere
1277 3206 1572 3276 necdum
1625 3219 1923 3295 possent.
1979 3205 2044 3274 Si
2080 3207 2202 3293 qui
2235 3219 2460 3275 autem
2500 3207 2567 3274 in
2600 3205 2753 3293 ejus
2785 3204 3160 3294 discipulis

610 3307 838 3362 essent
871 3295 1052 3362 tenui
1091 3292 1387 3374 fortuna,
1439 3308 1506 3363 et
1552 3294 1880 3365 humanis
1921 3294 2198 3365 auxiliis
2237 3293 2565 3376 destituti,
2601 3315 2716 3363 eos
2752 3316 2887 3362 non
2926 3294 3160 3364 solum

617 3380 859 3450 litteris
926 3383 1364 3463 instituebat,
1416 3382 1534 3451 sed
1583 3383 1786 3453 etiam
1852 3382 2198 3473 corporeis
2257 3381 2520 3452 fovebat
2583 3382 2960 3452 alimentis.
3016 3387 3164 3452 Hac

617 3491 770 3538 vero
802 3469 954 3558 ejus
1006 3471 1269 3540 vivendi
1322 3470 1582 3540 ratione
1641 3471 1890 3561 partim
1948 3471 2207 3554 oculis,
2266 3471 2510 3561 partim
2566 3471 2922 3541 auditione
2970 3493 3166 3542 com-

618 3560 828 3649 perte,
883 3560 1221 3629 Henricus
1253 3560 1848 3650 Archiepiscopus·
1878 3574 2022 3630 tum
2057 3582 2179 3650 per
2216 3560 2567 3649 seipsum,
2619 3573 2760 3629 tum
2816 3581 2935 3649 per
2983 3559 3167 3629 alios

614 3669 777 3717 suos
824 3647 1198 3717 familiares
1240 3648 1642 3718 hortabatur
1676 3671 1833 3718 eum
1869 3702 1885 3728 ,
1938 3661 2015 3718 ut
2046 3648 2322 3736 aliquod
2380 3647 2477 3716 vel
2531 3647 2992 3728 clericorum,
3054 3647 3164 3716 vel

617 3738 1112 3807 monachorum
1147 3737 1552 3807 coenobium
1590 3736 1968 3827 regendum
2007 3737 2407 3827 susciperet.
2447 3736 2570 3806 Ille
2612 3759 2765 3806 vero
2810 3758 2994 3805 more
3027 3757 3166 3805 suo

613 3848 762 3896 eam
812 3841 1206 3915 praetexens
1253 3825 1786 3906 excusationem,
1829 3825 2015 3914 quod
2054 3826 2244 3895 omni
2284 3825 2543 3895 honore
2584 3826 2725 3895 indi
2785 3847 2914 3894 nus
2944 3837 3158 3901 esset,

615 3914 891 3984 tandem
930 3928 1152 3984 tamen
1191 3914 1508 4005 Episcopi
1558 3915 1962 3985 auctoritate
2000 3927 2066 3984 et
2102 3926 2460 4005 praecepto
2507 3936 2760 4006 compu
2794 3935 2933 3995 suS,
2985 3934 3171 3983 con—

613 4004 831 4073 sensit
869 4003 1276 4074 clericorum
1312 4024 1461 4073 esse
1504 4008 1836 4074 Decanus.

709 4098 747 4172 ἓ
794 4096 871 4162 ⁵2.
925 4097 1068 4162 Hoc
1098 4113 1255 4162 vero
1295 4092 1552 4166 honore
1598 4104 1918 4183 suscepto
1965 4092 2060 4162 ita
2106 4114 2178 4162 se
2223 4092 2645 4182 comparavit
2693 4093 2794 4162 vir
2842 4105 3161 4171 sanctuS,

618 4192 693 4248 ut
734 4180 1067 4268 improbis
1115 4194 1181 4251 et
1213 4180 1616 4273 irreligiosis
1654 4194 1832 4250 esset
1865 4180 2106 4251 terrori
2138 4194 2203 4250 et
2251 4179 2626 4261 formidini,
2682 4180 2883 4251 bonis
2918 4195 2984 4251 et
3025 4180 3169 4271 piis

616 4268 862 4337 amori.
919 4270 1149 4339 Eflecit
1195 4284 1421 4340 autem
1453 4269 1636 4361 apud
1691 4269 1848 4339 illos
1881 4283 2021 4339 tum
2076 4270 2309 4347 minis,
2355 4283 2491 4338 tum
2547 4270 3016 4351 suasionibuS,
3058 4281 3166 4349 ut,

617 4355 798 4443 quod
837 4359 1031 4447 prius
1066 4380 1199 4428 non
1234 4358 1556 4441 fecerant,
1585 4359 1943 4430 communi
1974 4362 2214 4429 mensa
2241 4371 2306 4429 et
2337 4358 2736 4429 dormitorio
2764 4371 3162 4437 uterentur,
