3347 4999
244 359 419 425 OCT.
473 359 512 422 ὅ
764 327 773 334 ’
1005 374 1084 419 na
1117 373 1211 420 ss.
1248 371 1512 419 Pucino
1558 372 1634 419 ar
1682 371 1882 420 socus
1929 374 2041 420 uu.
2584 356 2714 421 203

241 459 574 539 insulam,
629 458 712 528 ad
767 458 1265 528 monasterium
1318 456 1495 525 beati
1544 456 1871 545 martyris
1921 456 2180 525 Placidi
2235 459 2799 542 restaurandum,

241 564 305 620 et
338 563 558 619 cortes
591 569 670 617 ac
713 547 911 616 villas
960 544 1241 615 Tertulli
1292 545 1564 635 patricii
1611 545 2128 635 gubernandas.

328 641 364 726 ξ
417 641 560 709 2¹2.
615 637 745 719 Qui
798 635 1184 725 praeceptis
1217 633 1796 714 obsecundanteS,
1844 633 2012 703 dum
2063 633 2146 702 ad
2205 633 2512 704 Siciliam
2563 658 2805 724 perve-

238 739 515 807 nerunt,
570 747 803 796 servos
845 725 1021 795 beati
1090 723 1413 812 martyris
1481 722 2211 793 Placidi-evocantes.
2267 722 2625 793 dixerunt:
2686 729 2808 796 Ubi

235 818 555 908 posuistis
592 820 818 884 lumen
867 814 1124 893 mundi,
1163 822 1226 881 et
1267 813 1569 882 decorem
1621 814 2035 882 cassinensis
2076 813 2396 882 ecclesiae
2442 815 2804 883 Placidum

236 908 458 997 patris
504 904 851 974 Benedicti
893 903 1360 992 discipulum?
1408 902 1610 971 dicite
1656 902 1843 970 nobis
1887 902 2007 970 ubi
2048 902 2249 992 panis·
2295 902 2556 991 requiei
2594 904 2797 991 jacet,

238 996 359 1064 ubi
403 995 702 1063 coelestis
751 995 950 1082 Reyis
991 991 1379 1061 abscondita
1427 1001 1523 1059 est
1567 992 1861 1081 pecunia
1885 1014 1914 1069 ,·
1962 1002 2028 1059 et
2077 989 2292 1059 multa
2358 989 2466 1058 his
2512 989 2798 1060 similia.

212 1083 349 1153 *Illi
385 1095 616 1152 autem
666 1080 1160 1170 respondentes
1228 1078 1574 1159 dixerunt,
1630 1078 1789 1149 illos
1850 1077 1937 1146 ad
1986 1079 2349 1148 ecclesiam
2407 1079 2625 1148 sancti
2675 1085 2805 1149 Ba-

166 1215 171 1219 ·
242 1171 489 1264 ptistae
525 1171 815 1240 Joannis
862 1191 1036 1250 esse,
1088 1180 1155 1236 et
1203 1167 1458 1246 locum,
1500 1168 1567 1236 in
1619 1188 1758 1253 quo
1809 1166 2132 1238 Placidus
2163 1167 2412 1237 Christi
2449 1167 2640 1239 testis
2689 1190 2804 1238 se-

239 1260 480 1352 pultus
518 1259 814 1348 jacebat,
868 1256 1340 1327 ostenderunt.
1396 1257 1568 1339 Qui,
1624 1268 1904 1327 ruentes
1952 1256 2024 1325 in
2091 1268 2345 1326 terram
2378 1310 2394 1337 ,
2454 1279 2615 1327 cum
2668 1270 2800 1327 tre·

241 1370 435 1418 more
471 1362 536 1416 et
568 1347 825 1438 gaudio
868 1369 1142 1436 magno,
1181 1358 1499 1416 sanctum
1538 1345 1938 1434 sepulcrum
1969 1345 2356 1415 deosculari
2393 1359 2795 1435 coeperunt,

244 1438 593 1525 exequias,
645 1450 724 1506 ut
755 1437 848 1505 ita
894 1435 1147 1514 dicam,
1189 1449 1467 1524 agentes
1506 1436 1708 1521 quasi
1735 1433 2018 1520 quidam
2052 1435 2290 1524 Angeli
2340 1435 2574 1504 carnei
2609 1436 2803 1506 beato

246 1527 537 1616 martyri
573 1525 873 1606 Placido,
920 1525 988 1593 in
1040 1524 1248 1611 cujus
1299 1522 1619 1613 passione
1668 1523 1842 1592 coeli
1875 1533 2274 1613 patuerunt,
2327 1524 2566 1613 Angeli
2603 1525 2801 1594 iucu-

242 1617 571 1696 buerunt‚
625 1614 942 1684 homines
990 1613 1494 1692 exultaverunt,
1546 1627 1726 1683 terra
1758 1611 2004 1681 laetata
2051 1624 2174 1683 est.
2215 1612 2535 1683 videntes
2570 1612 2802 1701 itaque

243 1705 490 1775 fratres
539 1703 965 1794 sepulcrum,
1008 1701 1078 1770 in
1126 1723 1265 1788 quo
1321 1701 1679 1780 Placidus,
1734 1713 1927 1790 pater
1977 1702 2504 1781 sanctissimus,
2562 1724 2803 1772 recon-

244 1794 433 1864 ditus
471 1804 639 1872 erat,
682 1814 845 1860 cum
895 1791 1210 1881 singultu
1235 1803 1299 1860 et
1342 1790 1669 1878 lacrymis
1708 1790 2126 1871 clamabant,
2166 1791 2513 1860 dicentes:
2572 1793 2804 1861 «Viro-

244 1904 401 1952 rum
438 1880 896 1960 sanctissime,
960 1881 1081 1966 qui
1131 1880 1414 1970 superni
1465 1879 1671 1970 Regis
1720 1878 2015 1949 vallatus
2067 1879 2481 1960 munimine,
2556 1880 2804 1951 mundi

246 1969 668 2040 conculcasti
729 1968 1137 2058 principem,
1203 1968 1544 2038 intercede
1596 1990 1718 2059 pro
1767 1967 1969 2039 nobis
2035 1967 2118 2037 ad
2177 1969 2567 2049 Dominum,
2621 1991 2799 2056 qua·

247 2072 450 2130 tenus
508 2057 646 2127 tuis
691 2057 1235 2147 suffragantibus
1287 2057 1572 2139 meritiS‚
1645 2079 1768 2146 per
1813 2069 1930 2127 tua
1981 2056 2268 2146 vestigia
2317 2057 2632 2128 incedere
2662 2113 2677 2138 ‚
2730 2070 2803 2130 et

247 2147 503 2217 coelica
554 2146 808 2236 gaudia
845 2167 1090 2237 capere
1130 2145 1507 2216 valeamus.
1543 2169 1579 2212 »
1630 2150 1814 2215 Haec
1846 2158 1911 2216 et
1954 2144 2170 2215 multa
2207 2146 2344 2216 alia
2376 2168 2535 2216 cuin
2587 2146 2804 2216 dixis-

249 2248 424 2315 sent,
465 2234 668 2321 quasi
711 2234 1158 2325 corporaliter
1187 2256 1347 2304 eum
1385 2234 1715 2314 viderent,
1775 2234 2104 2323 lacrymis
2154 2256 2590 2322 nequaquam
2647 2258 2802 2323 par-

253 2325 523 2404 cebant,
561 2324 705 2394 sine
734 2324 1246 2394 intermissione
1272 2338 1587 2393 sanctum
1633 2323 2115 2394 deosculantes
2164 2324 2589 2413 sepulcrum.
2624 2324 2806 2397 Odor

247 2415 431 2484 enim
486 2410 783 2503 paradisi
833 2414 1188 2493 suavitate,
1242 2427 1317 2482 ut
1355 2413 1450 2483 ita
1497 2413 1753 2486 dicam.
1806 2433 1886 2482 ex
1936 2411 2257 2504 sepulcro
2306 2414 2658 2495 manabat,
2705 2415 2804 2483 ir-

250 2504 572 2593 rigabant
620 2504 965 2591 lacrymis,
1005 2503 1395 2593 levigabant
1445 2502 2000 2593 ingemiscenteS‚
2049 2503 2632 2573 exosculabantur
2679 2504 2803 2573 de·

251 2592 605 2662 lectantes.
651 2593 1025 2680 Episcopus
1077 2613 1377 2678 namque
1417 2597 1770 2661 Messanae
1803 2591 2124 2673 civitatis,
2163 2592 2287 2661 ubi
2338 2592 2552 2682 patris
2585 2598 2801 2662 Bene-

251 2681 416 2752 dicti
467 2679 843 2769 discipulos
872 2680 959 2750 ad
997 2680 1492 2750 monasterium
1544 2680 2079 2750 restaurandum
2129 2693 2193 2750 et
2234 2695 2456 2752 cortes
2503 2703 2582 2750 ac
2691 2703 2804 2751 os-

248 2770 590 2841 sessiones
624 2768 1108 2858 gubernandas
1158 2769 1424 2838 venisse
1470 2769 1829 2858 comperit,
1872 2768 1955 2838 ad
1991 2790 2110 2839 eos
2141 2769 2467 2839 accedere
2502 2783 2614 2839 stu
2670 2771 2799 2850 uit,

251 2858 701 2945 salutansque
748 2860 811 2927 in
864 2859 1101 2929 osculo
1150 2868 1413 2938 sancto,
1467 2858 1740 2928 dicebat
1795 2856 1880 2928 ad
1931 2880 2080 2929 eos:
2144 2881 2181 2926 «
2214 2864 2356 2928 Non
2413 2881 2660 2945 passus
2694 2870 2801 2929 est

247 2953 430 3017 Deus
476 2969 685 3037 opera
745 2961 942 3035 atque
1004 2947 1273 3017 labores
1338 2948 1553 3038 patris
1600 2948 2051 3028 sanctissimi,
2108 2951 2243 3016 Deo
2308 2946 2795 3031 dilectissimi,

249 3037 535 3118 Placidi,
590 3035 930 3126 perditum
980 3036 1109 3117 iri,
1164 3036 1284 3105 sed
1331 3036 1534 3123 quasi
1585 3049 1739 3127 post
1787 3036 2467 3124 transmigrationem
2519 3037 2802 3106 Israelis

250 3126 336 3195 de
368 3131 546 3214 Aegy
603 3138 692 3205 to,
749 3124 1036 3195 restituit
1082 3124 1248 3196 filiis
1312 3130 1505 3202 Sem,
1562 3146 1951 3216 possessam
2004 3146 2040 3193 a
2092 3124 2522 3196 chananaeis
2577 3126 2804 3215 regio-

252 3236 412 3284 nem
456 3219 546 3283 Pa
575 3213 869 3284 aestinae
925 3214 1302 3304 propriam,
1354 3214 1613 3301 quibus
1667 3225 1943 3303 propter
2007 3213 2430 3284 naturalium
2493 3214 2798 3284 filiorum

249 3304 403 3393 ejus
450 3324 652 3392 opus,
709 3318 889 3392 pater
934 3324 1175 3374 eorum
1226 3303 1467 3373 haeres
1526 3302 1813 3382 mundi,
1866 3323 2027 3370 cum
2083 3302 2487 3385 juramento
2534 3303 2801 3373 confir-

258 3392 470 3461 mavit
518 3391 1017 3462 distribmionis
1074 3404 1585 3470 testamentum,
1654 3404 1733 3462 ut
1783 3388 1977 3459 nullo
2039 3389 2420 3478 aliquando
2495 3402 2805 3483 tempore

258 3480 641 3570 diriperent
681 3480 966 3550 invicem
1031 3482 1523 3571 possessiones,
1578 3492 1651 3550 ut
1700 3490 1860 3549 ante
1913 3479 2397 3551 cataclismum
2450 3480 2794 3563 fecerant,

254 3583 321 3639 et
362 3568 836 3656 iniquitatibus
882 3581 949 3639 et
996 3569 1460 3660 sanguinibus
1511 3581 1760 3639 terram
1811 3570 2391 3650 contaminarent,
2448 3569 2540 3639 ita
2589 3583 2654 3639 et
2689 3592 2804 3640 su-

253 3680 378 3749 per
425 3656 815 3728 beatissime
859 3657 1134 3728 Placido
1185 3671 1374 3748 patre
1438 3668 1672 3728 nostro
1719 3657 1913 3748 justa
1961 3658 2350 3728 retribuens
2417 3657 2576 3729 fecit
2626 3664 2803 3729 Deus

254 3761 509 3828 noster,
565 3747 1082 3817 transmittendo
1129 3747 1373 3817 fratres
1410 3746 1566 3834 ejus
1613 3759 1680 3817 et
1728 3745 1908 3817 filios
1957 3747 2044 3815 ad
2118 3748 2617 3817 monasterium
2719 3769 2801 3819 u-

253 3835 694 3906 bernandum
763 3857 816 3906 ez
886 3835 1467 3913 restaurandum,
1521 3846 1586 3904 et
1656 3848 1877 3905 cortes
1924 3848 1989 3905 et
2067 3835 2543 3925 possessiones
2610 3835 2801 3905 ilius

252 3924 671 3994 retinendas.
708 3924 958 3995 Etenim
986 3925 1184 4013 juxta
1217 3924 1669 4014 Scripturam‚
1701 3925 1768 3993 in
1808 3924 2066 3995 multas
2105 3925 2585 4015 generationes
2623 3929 2801 3994 Deus

254 4015 438 4083 bona
478 4014 742 4094 tribuit,
797 4014 919 4099 qui
967 4014 1354 4082 secundum
1410 4013 1784 4083 Mosaicum
1838 4014 2104 4084 obitum
2159 4013 2484 4103 spiritum
2538 4013 2804 4084 Placidi

254 4103 554 4172 restituit
602 4103 794 4172 Patri.
849 4100 1203 4188 Siquidem
1253 4102 1371 4172 ille
1418 4102 1720 4172 audivit:
1760 4102 2063 4172 Ascende
2114 4102 2183 4171 in
2221 4115 2550 4181 montem,
2603 4116 2668 4172 et
2703 4102 2802 4173 ibi

257 4212 544 4260 morere.
601 4193 750 4273 Hic,
791 4192 933 4272 Exi,
989 4191 1237 4277 inquit,
1292 4214 1331 4260 a
1382 4193 1664 4263 Cassino
1715 4190 2014 4261 Placide.
2067 4196 2146 4261 Et
2201 4204 2352 4280 post
2402 4190 2799 4281 paululum,

263 4279 537 4349 Siciliae
582 4281 874 4351 insulam
947 4279 1385 4381 ingrediens,
1443 4302 1562 4381 per
1612 4280 2022 4368 martyrium
2073 4301 2397 4351 carneam
2474 4280 2804 4351 transibis

259 4366 466 4437 vitam
518 4381 722 4456 atque
754 4368 1303 4459 corruptibilem.
1358 4374 1583 4459 Igitur
1632 4375 1808 4438 Deus
1844 4390 2041 4438 verax
2091 4380 2216 4447 est,
2251 4382 2317 4439 et
2366 4368 2802 4458 impossibile

258 4467 363 4524 est
411 4459 684 4527 mentiri
746 4463 973 4528 Deum.
1032 4459 1140 4528 Sic
1211 4458 1462 4528 accidit
1511 4457 1786 4528 Placido
1860 4457 2256 4529 beatissimo
2327 4458 2529 4549 patri.
2601 4463 2802 4526 Facta
