3347 4999
212 348 392 416 OCT.
447 351 532 415 28
2537 346 2664 411 727

816 541 1161 618 BEATI
1231 538 1582 617 PETRI
1655 537 2149 616 DAMIANI

1076 768 1348 837 SERMO
1397 767 1887 835 HISTORICUS

424 988 524 1088 lN
592 986 1250 1091 FESTlVlTA'l'E
1327 985 1406 1085 S.
1474 984 1882 1086 FlDELlS
1953 982 2475 1086 MARTYRlS
2516 972 2554 1011 *

926 1228 1176 1283 Passus
1218 1228 1323 1281 est
1363 1239 1496 1282 sec.
1541 1225 1639 1280 1v
1668 1253 1746 1265 -
1785 1224 2027 1280 Italus.

300 1432 337 1517 ς
385 1435 464 1501 1.
514 1429 760 1508 NostiS,
805 1427 1048 1497 fratres
1096 1425 1462 1505 carissimi,
1497 1426 1658 1512 quia
1696 1424 1953 1493 idcirco
2001 1424 2084 1492 ad
2136 1422 2519 1493 audiendas
2567 1428 2742 1492 Mar·

208 1532 440 1610 tyrum
517 1517 764 1586 Christi
814 1516 1133 1586 victorias
1183 1514 1571 1602 frequenter
1642 1535 1723 1583 ex
1791 1512 2219 1582 institutione
2268 1512 2741 1583 Ecclesiastica

209 1606 683 1686 convenimus,
729 1617 803 1675 ut
849 1604 1017 1674 dum
1052 1624 1289 1673 eorum
1352 1604 1562 1694 gestis
1610 1601 2046 1681 instruimur,
2104 1600 2186 1669 ad
2240 1623 2543 1671 amorem
2594 1624 2740 1672 coe·

208 1695 397 1766 lestis
449 1695 726 1782 patriae,
779 1715 986 1781 quam
1050 1691 1337 1762 viriliter
1382 1693 1806 1761 decertantes
1856 1689 2081 1779 adepti
2133 1702 2317 1770 sunt,
2363 1689 2740 1761 ferventius

208 1785 707 1854 accendamur:
752 1783 1059 1869 dumque
1099 1781 1254 1850 illos
1302 1781 1629 1851 audimus
1676 1779 1897 1850 edicta
1940 1784 2227 1869 Regum,
2271 1778 2496 1850 minas
2544 1780 2740 1868 prin-

205 1874 466 1962 cipum,
522 1872 892 1942 tribunalia
932 1871 1251 1961 judicum
1304 1880 1843 1948 contemnentes,
1920 1880 2014 1936 tot
2061 1867 2563 1957 suppliciorum
2626 1890 2739 1959 ge·

207 1983 371 2032 nera
421 1962 866 2052 percurrisse,
914 1959 1163 2050 pudeat
1202 1960 1542 2050 ingenuos
1572 1957 1879 2026 fidelium
1922 1955 2193 2026 animos
2233 1954 2472 2026 saltem
2505 1958 2738 2026 carnis

205 2072 373 2121 suae
420 2050 600 2119 vitiis
648 2071 782 2120 non
834 2048 1186 2119 obsistere.
1242 2047 1645 2117 Pudendum
1701 2066 1998 2133 namque
2029 2055 2153 2124 est,
2191 2045 2290 2115 sic
2324 2045 2732 2117 bellatorum

206 2139 452 2209 Christi
501 2152 807 2228 spectare
840 2138 1178 2217 victoriaS‚
1230 2150 1308 2206 ut
1354 2136 1519 2206 dum
1572 2134 1745 2205 alios
1787 2133 2327 2220 triumphalibus
2377 2134 2594 2206 titulis
2633 2136 2739 2203 in-

203 2228 516 2319 signitoS,
556 2227 776 2317 spolia
838 2248 917 2295 ex
965 2225 1279 2295 hostibus
1332 2237 1673 2313 reportare
1722 2222 2217 2324 conspicimus,
2274 2224 2405 2313 ipsi
2445 2224 2515 2294 in
2569 2245 2735 2315 pace

205 2316 584 2385 domestica
652 2314 1175 2403 surrepentibus
1244 2313 1470 2394 vitiis,
1522 2312 1708 2383 velut
1772 2311 2262 2383 insidiantibus
2325 2313 2735 2383 adversariis

201 2404 537 2473 enerviter
593 2404 1154 2472 succumbamus.
1233 2406 1437 2471 Porro
1485 2413 1714 2470 autem
1767 2402 1943 2471 beati
1996 2414 2329 2490 martyres
2365 2457 2380 2482 ,
2425 2415 2490 2473 et
2542 2414 2734 2473 ante-

199 2514 411 2580 quam
465 2492 533 2561 in
570 2491 941 2561 certamine
988 2491 1398 2592 sanguinem
1435 2489 1822 2573 funderent,
1861 2490 2154 2561 diversis
2185 2492 2476 2563 floruere
2517 2491 2731 2563 virtu-

207 2581 416 2651 tibus.
470 2581 675 2651 Nobis
731 2592 1005 2681 amem,-
1037 2601 1201 2681 quia
1260 2602 1382 2670 pro
1429 2579 1825 2682 defensione
1871 2580 2030 2650 fidei
2085 2582 2255 2649 mori
2307 2602 2441 2682 non
2494 2603 2735 2681 possu-

205 2692 385 2751 mus,
429 2681 907 2740 consummata
948 2682 1224 2739 victoria
1253 2682 1377 2751 est,
1425 2691 1481 2738 si
1513 2691 1579 2738 in
1616 2683 2009 2739 sanctarum
2047 2682 2562 2739 conversatione
2597 2691 2732 2738 vir-

201 2772 425 2829 tutum
470 2759 691 2828 vivere
737 2757 1169 2841 studeamuS,
1204 2771 1281 2828 ut
1326 2758 1487 2828 inde
1549 2780 1673 2828 nos
1726 2760 2040 2848 protinus
2093 2757 2586 2828 transferamur
2644 2757 2730 2827 ad

201 2869 518 2938 regnum,
572 2846 758 2917 unde
790 2846 890 2916 illi
941 2869 1249 2918 meruere
1291 2848 1725 2938 martyrium.
1783 2852 1875 2915 Ex
1915 2847 2089 2915 vitae
2128 2846 2386 2936 quippe
2437 2845 2722 2927 meritiS,

254 2991 281 3018 ⁸
308 2994 374 3032 De
393 2992 437 3033 S.
455 2988 615 3032 Fidele
635 2991 694 3030 M.
714 2992 842 3038 haec,
856 3001 976 3041 quae
994 2993 1272 3041 sequuntur,
1297 2989 1344 3031 in
1369 2992 1510 3032 Libro
1531 2991 1606 3032 88.
1627 2992 1712 3031 PP.
1732 2989 1966 3030 Ecclesiae
1989 2990 2367 3037 Novocomensis.
2387 2991 2475 3031 sub
2503 2991 2579 3031 die
2608 3000 2728 3031 xxix

198 3045 420 3091 octobris,
449 3046 704 3085 habentur:
738 3046 760 3066 ⁴·
786 3045 906 3085 Cum
935 3042 1256 3085 Diocletianus
1287 3046 1559 3095 Imperator.
1595 3042 1718 3089 odio,
1750 3043 1876 3093 quod
1903 3043 2116 3088 habebat.
2136 3043 2185 3083 in
2206 3043 2447 3084 Christum
2468 3044 2732 3089 Dominum.

197 3098 394 3148 perdere
414 3103 461 3139 et
481 3100 671 3148 penitus
687 3099 877 3140 abolere
894 3109 1064 3139 nomen
1084 3100 1403 3139 Christianum
1425 3098 1729 3148 decrevisset,
1746 3095 2087 3137 communicata
2108 3095 2292 3147 imperii
2321 3094 2731 3138 administratione

198 3152 495 3198 Maximiano,
525 3153 608 3201 qui
639 3153 800 3192 eadem
833 3150 1016 3192 insania
1051 3153 1315 3198 tenebatur,
1349 3148 1668 3191 Nicomediam
1707 3160 1759 3189 se
1795 3147 2011 3196 contulit,
2030 3147 2187 3199 ibique
2206 3151 2415 3191 omnium
2434 3149 2731 3202 superiorum

195 3203 477 3255 principum,
505 3206 836 3246 crudelitatem
868 3203 917 3245 in
954 3205 1327 3246 Christianarum
1359 3202 1686 3253 persecutione
1718 3205 1856 3252 longe
1888 3202 2144 3252 superavit.
2182 3205 2329 3253 Quem
2358 3203 2501 3245 animi
2517 3205 2730 3245 furorem

198 3260 464 3298 aemulatus
496 3254 818 3305 Maximianus,
854 3259 954 3309 ipse
991 3256 1242 3298 Mediolani
1277 3257 1554 3299 Christianis
1583 3268 1634 3298 se
1652 3256 1839 3296 hostem
1855 3255 2218 3298 infestissimum
2237 3258 2466 3298 exhibuit.
2487 3259 2584 3298 Hac
2604 3258 2731 3300 enim

197 3314 464 3360 temporum
494 3308 760 3356 calamitate
796 3308 985 3356 Fidelis,
1017 3310 1293 3352 Maximiano
1325 3311 1385 3350 ob
1418 3307 1602 3360 generis
1633 3311 1899 3350 claritatem
1933 3314 1982 3350 et
2014 3312 2225 3361 corporis
2258 3312 2401 3352 robur
2420 3313 2562 3360 atque
2579 3312 2727 3352 animi

197 3366 440 3409 virtutem.
477 3362 600 3404 inter
631 3363 758 3405 viros
791 3366 1024 3405 militares
1059 3366 1196 3406 valde
1229 3374 1366 3404 carus
1388 3375 1414 3404 a
1435 3365 1572 3404 beato
1599 3363 1813 3403 Materno
1843 3364 2179 3405 Mediolanensi
2212 3366 2439 3415 Episcopo
2456 3362 2726 3415 baptizatus

200 3418 288 3458 est.
319 3415 496 3457 Fidelis
513 3419 685 3466 itaque,
702 3420 751 3457 et
766 3417 851 3457 sua
871 3421 1053 3467 sponte,
1073 3420 1119 3457 et
1138 3418 1291 3457 sancti
1310 3417 1514 3458 Materni
1531 3414 1833 3457 suasionibus
1854 3414 2098 3464 incitatus.
2117 3416 2421 3462 Christianos.
2441 3419 2522 3468 qui
2546 3420 2596 3458 in
2623 3418 2722 3458 vin·

195 3470 324 3511 culis
359 3470 507 3515 erant,
533 3470 755 3519 frequens
783 3468 1030 3516 invisebat.
1059 3474 1301 3520 sumptum
1327 3468 1680 3519 suppeditabat,
1712 3472 1761 3510 et
1786 3472 1944 3511 omnia
1961 3472 2151 3520 pietatis
2173 3468 2466 3519 Christianae
2486 3469 2639 3512 omcia
2657 3474 2728 3513 eis

195 3523 471 3565 exhibebat:
501 3523 714 3573 nihilque
744 3526 897 3573 magis
928 3525 1191 3573 exoptabat,
1221 3534 1362 3573 quam
1388 3525 1442 3563 ut
1469 3534 1550 3564 eos
1579 3523 1628 3564 in
1648 3519 1916 3565 libertatem
1936 3528 2181 3566 assereret.
2202 3526 2550 3566 communicato
2570 3523 2728 3574 itaqua

196 3587 308 3618 cum
334 3576 512 3617 sanctis
546 3576 842 3626 carpophoro
872 3578 920 3617 et
947 3577 1126 3617 Exanto
1152 3578 1365 3624 consilio,
1405 3579 1593 3617 sanctos
1625 3576 1800 3617 Christi
1829 3580 2058 3627 martyres
2077 3579 2302 3625 Cassium,
2323 3581 2371 3619 et
2390 3576 2557 3625 socios,
2574 3580 2656 3627 qui
2677 3578 2727 3618 in

192 3630 404 3672 vinculis
433 3628 728 3675 tenebantur.
754 3640 779 3670 e
807 3631 1073 3671 carceribus
1100 3631 1274 3671 eduxit.
1294 3633 1352 3670 Et
1370 3633 1423 3671 ut
1442 3628 1570 3672 illius
1590 3632 1779 3680 tyranni
1797 3634 2179 3680 persecutionum
2199 3635 2519 3682 tempestates,
2535 3641 2656 3682 quae
2678 3633 2727 3672 in

195 3685 302 3725 dies
327 3683 652 3724 vehementius
683 3684 1018 3729 excitabantur,
1048 3681 1320 3729 declinaret.
1346 3684 1540 3725 Comum
1576 3693 1627 3724 se
1658 3694 1765 3724 cum
1793 3684 1894 3725 illis
1920 3686 2136 3731 contulit,
2164 3685 2243 3726 ubi
2265 3683 2538 3735 aliquandiu
2559 3684 2726 3725 oratio-

195 3736 340 3779 nibus
368 3739 418 3778 et
440 3733 640 3786 ,iejuniis
672 3740 905 3783 vacantes.
934 3739 1078 3777 vitam
1110 3739 1243 3777 extra
1273 3738 1515 3779 hominum
1540 3738 1854 3787 frequentiam
1884 3736 2025 3779 simul
2057 3740 2308 3780 duxerunt.
2336 3740 2542 3779 Audiens
2561 3740 2727 3787 postea

192 3791 373 3833 ridelis
393 3791 738 3836 Maximianum.
754 3788 939 3841 cognita
956 3800 1117 3831 eorum
1135 3789 1258 3842 iuga,
1274 3792 1604 3832 vehementius
1622 3791 1953 3832 exacerbatum
1974 3790 2208 3833 satellites
2222 3793 2282 3833 ad
2296 3802 2377 3833 eos
2398 3789 2729 3841 insequendos.

192 3847 245 3886 et
261 3843 612 3885 interficiendos
629 3841 830 3890 misisse,
846 3844 951 3884 vale
970 3845 1132 3884 dicans
1151 3844 1308 3890 sociis,
1324 3844 1580 3885 conscensa
1599 3841 1828 3890 navicula,
1847 3845 2253 3886 Summolocanum
2270 3847 2428 3886 vicum
2448 3844 2496 3884 in
2515 3848 2723 3885 extrema

193 3896 325 3939 Latii
353 3898 410 3938 ad
436 3899 808 3947 septentrionem
836 3908 917 3938 ora
943 3899 1197 3939 contendit.
1232 3900 1332 3946 Quo
1364 3900 1411 3938 in
1447 3899 1550 3940 loco
1579 3909 1606 3938 a
1634 3899 2016 3948 persecutoribus
2043 3900 2411 3949 comprehensus
2432 3899 2654 3943 tentatur,
2671 3899 2727 3938 ut

193 3954 317 3993 Deos
335 3952 590 3992 veneratus
610 3952 667 3990 ad
687 3953 1020 4002 Imperatorem
1039 3951 1226 3997 rediret.
1245 3949 1502 4002 propositis
1531 3949 1574 3992 ei
1602 3951 1873 3995 honoribus.
1899 3956 1947 3992 et
1977 3950 2143 4002 gratia,
2171 3962 2311 4001 qnam
2341 3952 2447 3992 inde
2476 3948 2727 3992 maximam

193 4007 325 4046 esset
342 4005 846 4055 consecuturuszquod
863 4006 904 4046 si
925 4005 1144 4045 renueret
1159 4004 1325 4051 facere,
1344 4015 1395 4045 se
1413 4005 1585 4046 habere
1615 4003 1664 4045 in
1694 4005 1940 4051 mandatis,
1965 4007 2019 4045 ut
2044 4014 2154 4046 eum
2184 4006 2353 4054 quovis
2382 4006 2725 4046 tormentorum

196 4067 364 4108 genere
396 4059 730 4099 discruciatum
762 4060 996 4099 necarent.
1033 4058 1203 4099 Verum
1236 4056 1414 4099 Fidelis
1447 4059 1497 4099 in
1528 4059 1638 4099 fidei
1658 4060 1924 4098 constantia
1941 4059 2207 4105 roboratus,
2229 4069 2337 4100 cum
2356 4069 2441 4100 nec
2463 4056 2727 4107 promissis.

192 4120 282 4152 nec
302 4112 457 4158 minis,
473 4114 556 4152 aut
575 4112 833 4151 terroribus
852 4112 1242 4157 commoveretur.
1259 4121 1345 4152 nec
1364 4109 1463 4151 um
1480 4110 1667 4153 ratione
1686 4112 1729 4152 ei
1748 4109 2017 4160 persuaderi
2037 4114 2213 4161 posset.
2243 4114 2298 4152 ut
2330 4109 2563 4154 idolorum
2593 4120 2727 4152 sacra

195 4166 460 4217 suscipiens
492 4166 731 4206 Christum
761 4167 969 4214 negaret.
1001 4166 1155 4215 primo
1184 4165 1392 4206 fustibus
1419 4166 1711 4212 debilitatur,
1731 4170 1831 4205 tum
1853 4164 2026 4206 acriter
2044 4164 2212 4207 multis
2239 4163 2347 4206 aliis
2363 4167 2613 4215 torquetur
2633 4166 2729 4205 tor-

196 4219 385 4264 mentis,
402 4222 450 4260 et
467 4219 654 4259 demum
672 4220 722 4259 in
742 4215 917 4259 Christi
938 4218 1232 4259 confessione
1262 4215 1536 4268 persistens.
1565 4215 1687 4259 datis
1719 4219 1924 4259 libenter
1957 4219 2234 4264 cervicibus.
2258 4216 2416 4260 securi
2444 4219 2720 4268 percutitur.

194 4272 314 4320 mus
329 4281 515 4313 sacrum
532 4281 718 4322 corpus.
735 4273 944 4322 quodibi
962 4273 1202 4319 sepultum
1221 4273 1270 4312 in
1289 4272 1504 4318 obscuro.
1522 4272 1571 4312 et
1589 4270 1783 4322 ignobili
1803 4273 1908 4312 loco
1919 4273 2123 4321 jacebat.
2140 4275 2248 4322 post
2275 4273 2430 4314 multa
2458 4275 2722 4322 temporum

193 4326 434 4367 enrricula
449 4324 634 4367 cuidam
653 4330 842 4366 sanctae
862 4327 1051 4366 mulieri
1068 4323 1296 4367 divinitus
1316 4326 1581 4366 admonitae
1599 4323 1965 4372 manifestatum,
1983 4326 2193 4368 Ubaldus
2208 4327 2467 4377 Episcopus
2484 4322 2722 4366 comensis

191 4375 535 4482 rixis-titii
549 4375 2488 4484 ‘’inmiti-zmirna&§.tegrinsensidiffissa-*lius‘aaut
2514 4379 2728 4482 ἒῗέἓῖίέἰ

369 4459 378 4469 ⁰
540 4461 551 4480 1
1111 4461 1123 4478 D
1633 4460 1646 4479 1
2489 4461 2501 4479 Ι

193 4483 442 4527 immutato
459 4483 653 4528 honoris
672 4484 833 4529 Sancti
850 4484 993 4528 cansa
1012 4487 1166 4533 titulo.
1184 4487 1229 4527 8.
1251 4486 1426 4527 Fidelis
1444 4487 1633 4528 nomine
1651 4490 1965 4537 nuncupatur.
1990 4515 2011 4537 ,
