3347 4999
716 298 844 417 632
1309 367 1389 414 nit
1437 367 1529 413 ss.
1584 365 1831 413 misum
1877 367 1953 413 nr
2002 365 2304 416 sociAaus
2351 368 2465 415 ini.
2852 348 3023 416 OCT.
3078 350 3149 414 2⁴

623 453 937 525 Domino.
1013 450 1135 520 His
1184 449 1485 531 auditis,
1542 450 1745 539 legati
1788 449 1931 537 jam
1993 451 2191 538 quasi
2255 453 2604 541 compotes
2654 451 2789 521 voti
2856 452 2988 533 sui,
3042 474 3164 541 per

623 542 831 622 viam,
883 562 1019 629 qua
1071 551 1413 619 venerant,
1457 540 1617 629 prae
1669 539 1758 610 eti
1809 539 2049 609 itinere
2096 539 2359 610 alacres
2409 540 2660 609 reversi
2708 552 2871 610 sunt
2915 540 2999 610 ad
3039 539 3162 611 do-

624 630 894 700 minum
928 651 1159 711 suum,
1215 639 1447 718 utpote
1478 649 1598 718 pro
1676 649 1805 698 ona
1857 627 2194 718 legatione
2236 628 2563 699 honorem
2605 630 2981 718 accepturi,
3013 629 3160 721 glo-

622 719 796 789 riam
848 730 913 787 et
967 718 1403 808 praemium:
1468 717 1931 807 expositisque
1981 738 2101 807 per
2145 717 2455 787 ordinem
2511 716 2851 787 mandatis
2884 772 2900 799 ,
2977 732 3162 809 patre

629 808 758 876 ‘am
792 805 1188 886 laetissimo,
1219 805 1498 895 juvenis
1535 827 1697 896 prae
1735 805 1992 876 amoris
2029 804 2508 895 magnitudine
2549 806 2829 877 modum
2868 808 3158 877 excessit

613 830 940 966 laetitiae.
996 896 1239 965 Audita
1297 895 1528 983 itaque
1558 948 1575 976 ,
1628 907 1704 965 ut
1752 894 1849 975 fii,
1893 898 2079 964 tanta
2127 894 2539 965 exultatione
2584 895 3013 996 principum,
3066 895 3163 966 sa-

621 996 809 1055 ctum
860 997 962 1054 est
1009 983 1215 1054 totius
1264 984 1459 1074 regni
1506 981 1824 1075 generale
1871 982 2280 1073 tripudium.
2334 982 2733 1054 Conditione
2782 984 2998 1084 igitur
3036 1008 3160 1054 nu-

621 1073 916 1162 ptiarum
961 1072 1251 1142 libenter
1282 1087 1582 1163 accepta,
1610 1071 1891 1159 juvenis
1929 1072 2151 1161 coepit
2194 1072 2365 1161 patri
2403 1072 2760 1143 ardentius
2809 1074 3156 1157 insistere,

622 1175 701 1232 ut
739 1162 825 1232 ad
878 1160 1436 1232 satisfaciendum
1486 1160 1758 1262 puellae
1804 1159 2186 1241 desideriis,
2247 1182 2365 1250 per
2412 1160 2744 1262 Baptismi
2791 1182 3159 1232 consecra-

621 1251 875 1321 tionem
913 1249 1182 1341 legibus
1214 1250 1443 1319 statim
1483 1249 1869 1319 initiaretur
1910 1248 2335 1319 Christianis.
2371 1249 2638 1320 Indicto
2662 1250 2867 1319 etiam
2901 1250 2985 1320 ad
3032 1274 3155 1321 no·

622 1361 777 1409 vam
831 1338 1143 1408 militiam
1182 1360 1354 1408 novo
1400 1337 1693 1417 delectu,
1735 1337 1994 1426 ubique
2088 1359 2162 1406 er
2194 1336 2333 1407 duo
2372 1360 2580 1427 regna
2612 1340 2959 1426 quaesitae
2990 1353 3152 1409 sunt

621 1428 964 1517 ingenuae
1011 1440 1075 1496 et
1123 1426 1472 1517 speciosae
1523 1427 1858 1516 virgines:
1924 1425 2006 1495 ad
2065 1438 2398 1514 uctaeque
2452 1426 2535 1496 ad
2602 1427 2970 1517 palatium,
3026 1450 3148 1516 pro

624 1516 1135 1606 magnificentia
1170 1515 1380 1606 regali
1432 1515 1838 1586 muliebrem
1890 1528 2304 1616 acceperunt
2350 1528 2694 1585 ornatum.
2730 1520 2863 1586 Nec
2899 1515 3148 1585 minori

619 1616 926 1695 sumptu,
979 1617 1045 1673 et
1090 1604 1452 1690 utriusque
1499 1604 1700 1695 Regis
1749 1603 1899 1694 pari
1944 1603 2326 1693 diligentia,
2380 1604 2658 1673 navium
2711 1604 2894 1674 stetit
2940 1604 3155 1675 fabri-

618 1705 882 1763 catura.
922 1692 1048 1762 Alii
1095 1693 1276 1761 enim
1314 1692 1504 1782 ligna
1538 1693 1605 1762 in
1653 1692 1845 1763 silvis
1882 1692 2214 1772 caedunt,
2253 1691 2368 1760 alii
2405 1693 2488 1761 ad
2525 1692 2688 1762 litus
2722 1693 3156 1774 convehunt;

618 1781 738 1850 alii
800 1783 1115 1862 carinas,
1185 1781 1303 1850 alii
1369 1794 1664 1851 transtra
1717 1780 2100 1861 fabricant,
2167 1780 2286 1850 alii
2349 1780 2653 1851 tabulata
2709 1782 2952 1872 gracili
3001 1783 3165 1871 jun·

617 1883 811 1941 ctura
851 1882 1206 1961 coaptant;
1260 1869 1377 1938 alii
1429 1871 1638 1951 liuiic,
1692 1869 1812 1940 alii
1862 1868 2057 1940 illum
2108 1881 2426 1939 ornatum
2465 1924 2480 1950 ,
2554 1891 2769 1952 auro,
2836 1886 3153 1960 argento,

617 1981 816 2040 aere,
870 1959 1217 2029 coloribus
1280 1959 1798 2049 sculpturisque
1847 1970 2293 2048 praeparant;
2360 1958 2793 2048 singulisque
2854 1980 2979 2049 pro
3030 1984 3163 2031 sua

618 2062 761 2118 arte
807 2061 872 2116 et
919 2047 1145 2118 officio
1183 2048 1677 2139 satagentibus,
1720 2047 2026 2116 certatim
2086 2047 2345 2133 ubique
2399 2045 2699 2116 fervebat
2744 2068 2947 2136 opus.

704 2139 856 2236 58.
904 2136 1234 2206 Concordi
1284 2138 1300 2204 i
1360 2138 1495 2206 itur
1519 2136 1812 2206 duorum
1839 2140 2099 2227 Regum
2137 2135 2389 2214 studio,
2418 2135 2616 2225 juxta
2668 2135 2960 2236 regalem
3005 2157 3159 2206 ma-

616 2224 1081 2314 gnificentiam
1136 2224 1293 2293 miri
1323 2247 1425 2294 ice
1461 2223 1754 2313 perfecta
1793 2224 2035 2306 classe,
2066 2224 2541 2313 completoque
2573 2224 3156 2294 electissimaruni

617 2312 965 2403 virginum
1016 2312 1349 2401 disposito
1397 2314 1728 2383 ‘divinitus
1779 2334 2087 2393 numero,
2143 2312 2319 2382 inter
2354 2313 2753 2382 innumeras
2799 2312 3156 2383 nobilissi-

580 2422 769 2475 .mae
810 2403 1169 2491 prosapiae
1220 2401 1507 2491 puellaS,
1580 2402 1898 2482 Pinnosa,
1955 2400 2234 2470 maximi
2288 2398 2651 2489 cujusdam
2720 2402 2923 2472 Ducis
2972 2401 3148 2483 filia,

616 2502 752 2559 tam
852 2513 1052 2560 eriere
1097 2513 1304 2578 quam
1376 2490 1702 2560 virtutum
1759 2489 1985 2560 indole
2033 2489 2365 2560 emicuit:
2418 2512 2596 2578 quae
2644 2490 2949 2561 secunda
2991 2506 3151 2581 post

616 2584 794 2648 Ursu
827 2602 936 2649 am
977 2580 1178 2666 quasi
1225 2579 1552 2670 magistra
1605 2579 1889 2648 militiae
1923 2578 2280 2670 virginalis
2309 2577 2461 2660 fuit,
2496 2601 2702 2667 quam
2743 2593 2932 2669 pater
2962 2581 3148 2681 ejus,

613 2680 692 2737 ut
740 2668 967 2738 nobile
1017 2690 1164 2757 par,
1212 2667 1393 2737 filiae
1427 2667 1710 2757 speciali
1737 2667 2124 2738 dilectionis
2159 2668 2424 2738 foedere
2463 2667 2768 2737 sociavit.
2808 2670 3154 2739 Omnibus

613 2756 828 2857 igitur
875 2756 1242 2848 magnifice
1289 2756 1628 2847 perfectis,
1682 2756 1999 2827 condicta
2030 2755 2142 2827 die
2175 2757 2518 2847 virgineae
2550 2757 2865 2827 cobortes
2894 2757 2981 2826 ad
3022 2763 3154 2828 Re-

608 2866 843 2946 ginam
894 2857 1382 2926 convenerunt,
1435 2860 1500 2915 et
1546 2845 1745 2933 quasi
1783 2845 1866 2914 ad
1912 2845 2219 2915 navalem
2271 2843 2678 2936 palaestram
2723 2846 3146 2929 succinctae,

599 2933 909 3024 jubentis
960 2934 1328 3025 imperium
1399 2933 1856 3025 praestolatae
1892 2946 2076 3004 sunt.
2130 2940 2319 3004 Tunc
2368 2934 2563 3004 beata
2627 2933 2816 3024 virgo
2867 2935 3144 3016 Ursula,

606 3022 790 3109 quod
832 3023 955 3093 diu
1001 3022 1456 3105 desiderabat,
1509 3023 1814 3113 virgineo
1863 3022 2109 3093 vallata
2177 3023 2479 3093 exercitu
2509 3076 2526 3104 ,
2581 3022 2788 3092 hilari
2839 3022 3031 3093 vultu
3077 3037 3149 3094 et

605 3110 841 3180 animo
893 3111 1192 3201 primum
1243 3110 1509 3182 debitas
1551 3116 1682 3182 Deo
1731 3111 2107 3203 gratiarum
2159 3112 2461 3183 actiones
2508 3111 2833 3193 exsolvit;
2892 3112 3150 3182 deinde

604 3201 801 3287 quasi
841 3200 1197 3272 fidissimis
1236 3200 1824 3271 commilitonibus
1856 3200 2026 3285 suia,
2080 3200 2351 3271 consilii
2402 3200 2510 3270 sui
2559 3222 2888 3271 arcanum
2943 3201 3149 3271 inno-

607 3288 759 3368 tuit,
797 3310 1048 3377 easque
1096 3289 1164 3359 in
1208 3288 1424 3358 divini
1463 3289 1750 3371 timoris,
1805 3290 2019 3359 immo
2064 3289 2228 3377 quia
2280 3289 2570 3380 perfecta
2618 3289 2922 3358 charitas
2954 3288 3142 3359 foras

605 3376 810 3446 mittit
862 3377 1168 3446 timorem
1203 3433 1220 3457 ,
1274 3378 1340 3447 in
1396 3377 1610 3447 divini
1676 3378 1932 3448 amoris
1980 3378 2485 3448 observantiam
2541 3377 2674 3468 piis
2721 3377 3139 3448 exhortatio-

606 3464 814 3535 nibus
852 3466 1147 3535 erudivit
1192 3478 1257 3536 et
1303 3467 1785 3537 corroboravit.
1831 3466 2172 3536 Puellares
2196 3479 2421 3537 autem
2455 3466 2656 3536 cunei
2686 3465 3141 3537 saluberrima

601 3553 903 3644 Reginae
950 3575 1114 3625 suae
1158 3556 1416 3625 monita
1462 3557 1744 3626 arrectis
1793 3555 2080 3625 auribus
2127 3556 2526 3626 avidissime
2558 3555 2941 3637 audientes,
2989 3576 3142 3625 coi·-

597 3641 821 3730 daque
867 3664 1028 3714 cum
1080 3644 1402 3716 manibus
1448 3644 1532 3713 ad
1583 3644 1848 3715 coelum
1903 3643 2223 3727 levantes,
2274 3645 2471 3733 quasi
2514 3645 2659 3734 jam
2709 3643 2994 3714 militari
3029 3667 3146 3714 sa—

595 3744 949 3803 cramento
996 3732 1391 3821 conjuratae
1455 3734 1521 3801 in
1584 3732 1974 3813 Christum,
2029 3731 2115 3802 ad
2156 3735 2391 3804 omnia
2439 3733 2711 3802 divinae
2781 3732 3144 3822 religionis

596 3823 850 3891 munia·
884 3821 1312 3892 devotionem
1364 3844 1558 3892 suam
1612 3820 2159 3912 spoponderunt,
2214 3824 2589 3909 mutquue
2633 3820 2986 3892 alacritate
3037 3844 3146 3891 se·

595 3908 784 3999 ipsas
825 3911 890 3979 in
937 3910 1065 3981 hoc
1117 3910 1423 3981 studium
1474 3910 1863 3981 cohortatae
1911 3925 2120 3982 sunt:
2174 3923 2407 4001 utpote
2452 3910 2711 3998 quibus
2771 3911 2919 4002 jam
2975 3924 3146 3980 tunc

592 4019 710 4069 cor
747 4021 968 4070 unum
1020 4012 1084 4069 et
1118 3999 1350 4069 anima
1398 4021 1538 4070 una
1586 4012 1755 4081 erat,
1796 4003 2237 4089 supernaque
2267 3998 2638 4070 dulcedine
2668 4003 3137 4092 praegustata,

595 4086 667 4156 in
719 4089 1070 4159 mentibus
1115 4110 1353 4159 earum
1407 4088 1712 4160 mundus
1760 4102 1825 4158 et
1871 4087 2091 4180 gloria
2130 4089 2280 4180 eJus
2328 4088 2641 4158 viluerat.

690 4177 727 4262 ἓ
774 4180 870 4247 θ.
922 4181 1078 4248 Post
1126 4176 1292 4247 baec
1330 4175 1489 4247 dato
1537 4177 1762 4267 signo,
1799 4177 1965 4264 quia
2014 4198 2201 4247 mare
2231 4177 2415 4248 conti
2518 4200 2634 4247 um
2676 4189 2841 4256 erat,
2885 4175 3143 4266 raptim

602 4263 688 4334 ad
740 4285 945 4337 naves
992 4265 1397 4349 convolant,
1452 4279 1878 4336 armamenta
1943 4265 2332 4356 explicant,
2385 4289 2420 4336 a
2456 4279 2739 4353 tumque
2786 4276 3140 4366 petenteS,

602 4351 807 4422 modo
858 4354 1335 4436 concursibuS,
1368 4354 1571 4425 modo
1618 4353 2078 4436 discursibus,
2116 4353 2459 4425 interdum
2492 4353 2752 4445 fugam,
2786 4353 3141 4425 interdum

598 4440 859 4514 bellum
926 4442 1258 4512 simulant
1294 4497 1310 4524 ,
1362 4443 1692 4532 omnique
1754 4443 2075 4514 ludorum
2144 4464 2390 4534 genere
2449 4443 2896 4525 exercitatae,
2954 4442 3137 4516 nibil
