3347 4999
698 381 825 445 638
1294 397 1372 444 na
1420 397 1511 445 ss.
1567 396 1810 444 nasum
1857 397 1933 443 m·
1962 393 2280 445 -socumus
2329 398 2442 444 nn.
2831 380 3001 447 OCT.
3055 384 3135 447 21

610 483 976 573 agnitione
1007 503 1155 551 esse
1186 481 1560 572 respondit,
1591 503 1750 550 cum
1793 503 1942 581 eg0,
1988 481 2333 569 inquiens,
2363 482 2688 562 carnalis,
2724 483 2976 572 peccati
3006 485 3145 555 sim

612 571 879 661 legibus
913 570 1240 640 obnoxia:
1276 582 1350 640 tu
1383 585 1609 639 autem
1655 569 1800 658 jam
1841 592 1907 638 in
1942 568 2254 639 ordinem
2295 569 2710 641 coelicorum
2754 587 3143 664 assumpta,

613 661 816 729 totius
864 660 959 728 sis
1007 659 1469 749 corruptionis
1516 658 1765 727 aliena.
1819 663 1987 728 Tum
2048 657 2205 728 illa:
2245 681 2282 725 «
2323 660 2644 741 Noveris‚
2709 660 2933 748 inquit
2963 716 2979 742 ,
3037 684 3149 732 me

608 770 820 818 unam
872 770 953 818 ex
1000 769 1195 816 sacro
1244 747 1751 818 Coloniensium
1803 746 2150 837 virginum
2204 768 2492 817 numero
2525 747 2762 830 fuisse,
2797 771 2975 837 quae
3006 750 3153 821 illis

609 838 675 905 in
728 858 945 927 agone
993 836 1240 907 Christi
1291 835 1906 927 triumphantibuS,
1961 840 2101 905 una
2152 848 2347 905 nocte
2394 838 2764 926 supervixi,
2798 840 3145 926 sequenti·

606 948 740 1012 que
778 926 889 994 die
939 925 1177 995 mortis
1222 923 1501 1015 cupida,
1555 924 1736 995 ultro
1800 946 1907 993 me
1959 924 2408 996 carnificibus
2454 925 2712 995 obtuli:
2778 927 3017 1014 sicque
3075 928 3144 998 in

606 1014 870 1084 Christo
920 1014 1242 1094 moriens,
1291 1034 1413 1083 nec
1447 1034 1714 1083 sorores
1744 1034 1945 1112 ‘meas
1981 1013 2279 1094 deserui,
2319 1036 2443 1083 nec
2470 1014 2792 1085 socialem
2825 1017 3143 1117 martyrii

605 1124 925 1174 coronam
979 1103 1205 1172 amisi.
1245 1107 1482 1189 Itaque
1526 1123 1685 1172 cum
1740 1100 2014 1171 illarum
2066 1102 2548 1192 gloriosissimi
2600 1104 2933 1174 transitus
2961 1105 3144 1175 diem

603 1191 836 1262 debita
873 1192 1019 1282 jam
1072 1190 1429 1261 devotione
1494 1202 1628 1260 tota
1693 1189 1966 1260 Colonia
2016 1203 2412 1272 veneretur,
2470 1192 2603 1261 mei
2668 1194 2971 1264 nominis
3020 1216 3149 1264 nec

607 1281 831 1353 brevis
878 1280 1114 1367 aliqua
1162 1279 1392 1350 adhuc
1441 1278 1820 1349 recordatio
1866 1279 2117 1369 agitur.
2156 1279 2450 1350 Proinde
2498 1302 2686 1350 nunc
2735 1283 3037 1364 veniens,
3075 1282 3145 1352 id

604 1370 727 1441 tibi
777 1369 1069 1459 injungo
1118 1368 1569 1449 obedientiae,
1630 1389 1768 1456 quo
1817 1368 2483 1450 sanctimonialibuS,
2546 1369 2631 1440 ad
2682 1392 2965 1462 corpora
3019 1393 3148 1441 no·

604 1470 744 1528 stra
813 1457 1048 1528 devote
1092 1456 1637 1537 excubantibuS,
1690 1456 2071 1527 denuncies
2116 1479 2197 1527 ex
2261 1479 2413 1539 me,
2469 1470 2545 1527 ut
2592 1481 2753 1528 cum
2818 1481 3129 1529 sororum

605 1568 913 1617 mearum
981 1546 1470 1637 triumphalem
1523 1545 1812 1638 gloriam
1864 1544 2255 1628 celebrant,
2314 1547 2622 1636 proxima
2672 1547 2970 1636 sequenti
3018 1547 3135 1616 die

602 1648 668 1706 et
708 1636 877 1705 mihi
912 1635 1175 1722 aliquid
1214 1634 1669 1705 venerationis
1702 1634 2141 1724 impendant:
2176 1635 2338 1721 quia
2378 1634 2664 1705 minime
2697 1637 2798 1705 eis
2834 1636 3131 1726 expedit,

604 1737 680 1795 ut
744 1726 924 1793 inter
970 1745 1254 1807 omneS,
1299 1745 1476 1812 quae
1525 1722 1665 1793 illic
1717 1735 2035 1812 pausant,
2103 1724 2235 1791 mei
2287 1736 2549 1792 tantum
2602 1725 2904 1794 nominis
2958 1746 3150 1794 reve·

603 1814 820 1884 rentia
870 1812 1061 1883 nulla
1103 1813 1213 1882 sit.
1256 1817 1559 1900 Cumque
1598 1812 1716 1881 illa
1752 1811 1835 1880 de
1870 1810 2149 1882 nomine
2182 1812 2336 1901 ejus
2371 1813 2769 1899 requireret,
2798 1814 3000 1905 jussa
3035 1827 3141 1885 est

602 1924 642 1970 a
693 1902 955 1992 virgine
1000 1901 1292 1971 frontem
1341 1900 1493 1988 ejus
1533 1900 1809 1981 intueri,
1875 1913 1951 1970 ut
1982 1900 2111 1969 hoc
2143 1901 2275 1973 sibi
2314 1922 2558 1971 nomen
2603 1900 2813 1972 fuisse
2862 1902 3147 1973 indubi-

601 2003 824 2061 tanter
871 1990 1099 2070 sciret,
1152 1989 1332 2077 quod
1387 1989 1529 2058 illic
1575 2002 1928 2060 exaratum
1979 1988 2340 2059 inveniret.
2393 1990 2630 2059 Paruit
2679 1990 2819 2071 illa,
2876 1991 3146 2062 viditet

604 2078 664 2148 le
717 2080 790 2159 it,
847 2078 1300 2166 discretisque
1360 2078 1673 2169 syllabis,
1739 2079 2053 2153 Cor-dala,
2093 2078 2415 2148 distincte
2462 2078 2795 2168 scriptum
2852 2078 3143 2149 invenit.

668 2102 726 2255 ξ
776 2174 920 2240 ²1.
961 2167 1244 2237 Famula
1284 2167 1496 2257 igitur
1543 2167 1656 2237 Dei
1705 2166 1788 2236 ad
1829 2167 2386 2238 sanctimoniales
2424 2166 2739 2236 divinum
2776 2168 3143 2238 oraculum

603 2255 859 2337 retulit,
914 2254 1391 2342 creditumque
1435 2268 1560 2336 est,
1616 2277 1696 2325 ac
1750 2255 2076 2345 deinceps
2125 2267 2498 2336 statutum,
2565 2267 2640 2325 ut
2690 2278 2847 2325 cum
2918 2257 3151 2347 pridie

600 2344 954 2414 beatarum
1008 2344 1353 2435 virginum
1406 2343 1767 2414 celebritas
1815 2343 2066 2435 agitur,
2120 2366 2417 2432 sequens
2465 2343 2612 2415 dies
2660 2357 2937 2414 sanctae
2986 2350 3150 2415 Cor-

602 2432 808 2503 dulae
844 2431 1172 2504 laudibus
1220 2432 1685 2523 impendatur.
1722 2432 1846 2504 Sed
1912 2452 1994 2503 ne
2040 2433 2152 2503 cui
2210 2433 2378 2504 visio
2427 2432 2595 2503 haec
2654 2434 2852 2521 quasi
2903 2434 3152 2506 minus

599 2523 1051 2603 auctoritatis,
1106 2521 1506 2592 ludificante
1554 2522 1824 2593 somnio
1871 2521 2108 2602 dubia,
2173 2522 2424 2592 habere
2473 2521 2807 2603 videatur,
2874 2525 3155 2595 revocet

599 2610 684 2682 ad
735 2612 1137 2682 memoriam
1178 2666 1193 2692 ,
1245 2611 1407 2698 quia
1455 2623 1520 2682 et
1565 2617 1804 2682 Petrus
1873 2609 2224 2681 dormiens
2254 2666 2270 2693 ,
2325 2612 2394 2680 in
2469 2610 2662 2681 disco
2713 2612 3145 2683 vocationem

597 2701 908 2792 gentium
950 2699 1142 2781 vidit,
1184 2712 1249 2770 et
1280 2699 1536 2770 Paulus
1576 2701 1800 2771 virum
1837 2698 2271 2770 Macedonem
2310 2700 2378 2768 in
2422 2699 2731 2790 Illyriam
2781 2722 2854 2771 se
2886 2723 3146 2772 vocau-

598 2802 734 2860 tem
787 2811 921 2860 non
973 2788 1235 2860 dubius
1280 2789 1564 2869 audivit,
1619 2801 1686 2859 et
1733 2788 2162 2878 patriarchae
2209 2788 2426 2858 nostri
2473 2788 2755 2872 scilicet,
2827 2793 3025 2860 Isaac
3072 2804 3147 2861 et

594 2878 827 2959 Jacob,
874 2879 1126 2969 loseph
1173 2899 1469 2966 quoque,
1523 2878 1791 2948 Gedeon
1843 2888 2047 2964 atque
2094 2876 2353 2958 Daniel,
2416 2877 2632 2947 multa
2683 2900 2935 2969 magna
2983 2901 3145 2949 coe·-

596 2966 872 3038 lestium
920 2968 1403 3069 mysteriorum
1455 2978 1883 3058 sacramenta
1935 2966 2294 3048 viderunt,
2349 2965 2526 3055 Magi
2575 2965 2779 3036 etiam
2844 2966 2931 3037 de
2979 2990 3149 3038 mu-

598 3056 809 3127 tando
856 3055 1083 3127 reditu
1121 3055 1541 3126 dormientes
1586 3054 1810 3125 edocti
1858 3065 2041 3124 sunt.
2099 3059 2256 3145 Ipse
2313 3075 2589 3141 quoque
2627 3055 2960 3125 nutritius
3011 3061 3149 3126 Do-

596 3145 795 3227 mini,
856 3144 1137 3235 Joseph,
1183 3144 1270 3215 ab
1317 3143 1571 3235 Angelo
1619 3142 2016 3222 admonitus
2053 3143 2261 3213 estin
2315 3143 2578 3214 somnis
2623 3143 2688 3212 in
2749 3148 3141 3235 Aegyptum

593 3231 873 3323 fugere:
926 3234 1380 3320 extinctisque
1475 3231 1987 3303 ersecutoribus
2035 3231 2306 3313 Christi,
2377 3244 2654 3322 propter
2715 3247 2971 3302 metum
3016 3239 3147 3302 Ar-

595 3320 821 3390 chelai
869 3322 1196 3392 Nazareth
1246 3342 1396 3391 sece
1448 3342 1582 3402 ere,
1636 3321 1870 3407 ibique
1921 3319 2253 3390 habitare.
2301 3318 2429 3390 Sed
2469 3320 2634 3407 quid
2675 3320 2785 3390 his
2816 3322 3137 3391 assertio·

595 3408 806 3479 nibus
839 3432 1017 3500 opus
1046 3423 1170 3491 est,
1207 3433 1365 3481 cum
1419 3409 1680 3480 famula
1738 3408 1893 3489 Dei,
1940 3409 2054 3479 cui
2104 3408 2424 3479 revelatio
2472 3408 2639 3478 haec
2690 3424 2966 3481 ostensa
2999 3422 3131 3491 est,

596 3509 734 3567 tam
783 3497 1074 3569 celebris
1112 3499 1309 3578 vitae,
1360 3510 1636 3586 tamque
1684 3509 1959 3567 sanctae
1999 3497 2538 3568 conversationis
2584 3496 2827 3580 fuerit,
2877 3511 2951 3569 ut
2978 3497 3131 3587 ipsa

594 3608 719 3688 pro
767 3587 1151 3659 certissimo
1199 3586 1502 3658 veritatis
1542 3587 1932 3658 testimonio
1981 3585 2301 3658 habenda
2350 3586 2493 3657 sit?
2534 3590 2648 3656 Est
2694 3587 2880 3656 enim
2934 3586 3129 3657 locus

592 3697 664 3745 1n
718 3677 1008 3746 Saxonia
1048 3681 1280 3758 Herse,
1341 3676 1572 3763 ibique
1620 3698 1841 3763 usque
1889 3674 2094 3745 hodie
2141 3675 2440 3778 gloriosa
2496 3674 3133 3746 sanctimonialium

590 3766 1055 3858 congregatim
1094 3765 1215 3837 ubi
1257 3777 1494 3836 sancta
1532 3763 1652 3834 illa
1689 3777 1847 3836 nata
1878 3777 1943 3835 et
1991 3776 2272 3845 nutrita,
2332 3775 2603 3854 peracto
2652 3764 3143 3840 sanctissimae

591 3853 765 3924 vitae
812 3877 1048 3936 cursu,
1092 3876 1276 3925 nunc
1324 3853 1773 3944 corporaliter
1819 3854 1887 3922 in
1932 3875 2100 3943 pace
2145 3853 2474 3940 quiescit:
2536 3853 2852 3940 quamvis
2901 3853 3139 3923 ultimi

593 3944 925 4034 temporis
972 3943 1085 4015 sui
1143 3943 1578 4029 aliquantum
1632 3943 1703 4011 in
1764 3956 2014 4022 monte,
2068 3962 2206 4029 quo
2253 3941 2495 4012 civitas
2542 3941 2760 4032 Iburg
2806 3942 2934 4011 sita
2983 3953 3135 4024 est,

590 4031 664 4100 in
698 4032 935 4102 eadem
972 4032 1330 4104 sanctitate
1374 4030 1694 4121 exegerit.
1733 4032 1956 4120 Hujus
2005 4031 2181 4100 vitae
2225 4043 2292 4101 et
2337 4030 2722 4101 sanctitatis
2773 4042 2865 4100 tot
2927 4042 3139 4100 testes

591 4134 777 4202 sunt,
815 4133 982 4208 quot
1026 4121 1130 4191 vel
1171 4120 1376 4191 hodie
1414 4125 1625 4190 Herse
1670 4120 2233 4190 sanctimoniales
2278 4132 2465 4202 sunt,
2525 4119 2625 4190 vel
2685 4116 2937 4189 abinde
2985 4117 3145 4188 fue-

589 4220 786 4277 runt:
847 4221 913 4279 et
959 4210 1395 4291 verissimae,
1450 4220 1685 4300 utpote
1732 4213 1865 4278 Deo
1913 4208 2141 4281 verbis
2194 4208 2558 4279 hominum
2631 4206 3131 4298 adstipulante.

593 4299 818 4382 Usque
857 4297 1060 4369 hodie
1106 4299 1289 4370 enim
1334 4296 1419 4368 ad
1472 4297 1818 4369 tumulum
1869 4297 2020 4387 ejus
2080 4297 2472 4385 frequenter
2534 4294 2845 4366 redditur
2892 4295 3132 4366 lumen

591 4384 839 4467 caecis,
872 4409 1157 4545 gressus
1186 4386 1481 4467 claudiS,
1518 4387 1783 4456 infirmi
1820 4386 1903 4456 ad
1941 4410 2147 4457 usum
2190 4387 2367 4457 vitae
2401 4397 2834 4476 reparantur,
2899 4398 2967 4456 et
3012 4386 3137 4457 ob-

592 4472 764 4545 sessi
829 4496 866 4545 a
977 4474 1326 4547 immundi
1386 4475 1750 4566 spiritibus
1806 4476 2301 4548 emundantur.
2365 4474 2660 4565 Ideoque
2730 4486 3147 4566 competens
