3347 4999
161 331 349 396 01:1¹.
403 331 484 396 24
802 349 878 394 ns
934 350 988 394 s.
1044 349 1291 394 mmm
1340 349 1529 396 naar.
1580 349 1657 396 m·
1705 346 1903 397 sociis
1952 349 2099 397 ems
2504 333 2631 397 683

170 439 316 503 Rex
349 430 882 502 crudelissimus
914 454 1074 502 cum
1111 431 1570 502 admiratione
1602 431 1805 502 talem
1845 454 2076 502 vocem
2111 433 2452 504 emiserit:
2489 439 2722 517 «Qua-

167 521 308 590 lem
360 519 688 590 omnibus
728 519 865 589 fere
916 521 1320 591 hominibus
1367 543 1665 591 errorem
1722 521 2011 590 immisit
2057 520 2427 602 Galilaeus,
2483 536 2560 593 ut
2597 525 2718 611 qui

169 609 277 679 vel
335 610 550 699 ipsam
609 625 895 678 mortem
968 623 1408 680 contemnere
1460 611 1925 700 persuaserit,
1976 622 2042 679 et
2090 630 2214 699 pro
2263 609 2383 680 illo
2435 611 2723 701 prodere

162 721 343 769 suas
390 699 662 767 animas
700 711 766 766 et
811 699 1146 787 corpora?
1176 720 1211 764 »

261 795 300 868 ἓ
353 793 498 860 12.
552 788 831 856 Interim
885 800 1111 855 autem
1164 786 1503 873 quaedam
1554 808 1829 874 quoque
1876 786 2160 869 femina,
2197 809 2377 875 quae
2415 788 2592 858 duas
2631 789 2716 858 fi-

166 877 307 946 lias
344 875 661 954 habebat,
714 888 780 944 et
831 876 1090 965 primas
1143 888 1367 965 partes
1415 875 1593 945 inter
1629 898 1770 956 eas,
1822 897 2000 963 quae
2046 889 2244 946 erant
2297 876 2364 945 in
2416 877 2711 958 civitate,

161 965 574 1038 obtinebat.
629 963 968 1055 longeque
1022 964 1406 1053 praestabat
1451 963 1610 1033 aliis
1669 985 1959 1055 genere,
2012 965 2274 1035 divitiis
2307 1020 2322 1046 ,
2389 964 2610 1055 gloria
2656 981 2723 1035 et

165 1052 676 1145 pulcritudine,
729 1067 932 1139 atque
982 1052 1049 1121 in
1094 1052 1389 1142 juvenili
1437 1053 1666 1122 adhuc
1715 1066 1933 1123 aetate
1965 1053 2172 1124 vidua
2197 1053 2436 1124 relicta
2469 1053 2715 1136 fuerat,

162 1146 555 1213 insectatur
600 1148 1025 1232 Tyrannum.
1071 1141 1195 1212 Ille
1244 1156 1470 1212 autem
1524 1142 1752 1212 statim
1795 1142 1996 1233 jubet
2041 1144 2190 1212 suis
2239 1143 2603 1221 ministris,
2642 1156 2723 1213 ut

157 1255 328 1303 eam
380 1231 465 1300 ad
525 1252 601 1299 se
645 1229 996 1300 adducant
1052 1251 1211 1302 cum
1286 1231 1543 1301 honore
1608 1244 1676 1300 et
1726 1232 2102 1301 reverentia
2132 1286 2147 1311 ,
2196 1243 2263 1301 et
2306 1231 2369 1301 ei
2420 1230 2724 1302 efficiant

155 1319 618 1392 commodum
669 1318 960 1389 aditum.
1014 1318 1140 1389 Illa
1191 1341 1348 1389 vero
1394 1320 1519 1389 etsi
1572 1320 1699 1390 hoc
1752 1320 1955 1390 modo
2002 1320 2486 1400 adduceretur,
2518 1341 2721 1411 aegre

156 1408 435 1480 ferebat
483 1422 710 1476 tamen
761 1429 835 1477 se
881 1408 968 1478 ab
1010 1408 1305 1478 aliarum
1370 1408 1743 1478 mulierum
1793 1408 2034 1480 abesse
2085 1420 2261 1478 mart
2313 1410 2437 1479 rio.
2492 1409 2717 1479 Tertio

158 1513 401 1569 autem
452 1496 567 1566 die
617 1509 765 1586 post
791 1496 1202 1583 jussionem.
1238 1518 1397 1565 cum
1437 1499 1694 1567 honore
1723 1496 1808 1567 ad
1851 1503 2102 1587 Regem
2148 1497 2235 1566 ad
2292 1498 2522 1568 ucitur
2554 1520 2715 1568 cum

170 1586 485 1658 filiabus.
535 1583 656 1654 Ille
688 1607 843 1655 vero
879 1585 1147 1674 placide
1184 1607 1333 1654 eam
1387 1585 1688 1665 intuens,
1719 1600 1785 1656 et
1822 1609 1971 1655 eam
2014 1586 2102 1655 ab
2138 1586 2333 1656 initio
2374 1586 2719 1674 incipiens

163 1677 496 1747 allicere:
552 1696 586 1740 «
626 1679 856 1754 Fama,
914 1674 1164 1761 inquit,
1234 1675 1617 1745 annunciat
1663 1688 1730 1744 te
1775 1697 1926 1744 esse
1962 1674 2365 1755 modestam,
2395 1689 2711 1744 ornatam

158 1779 231 1835 et
287 1762 738 1853 prudentem:
782 1764 951 1851 quin
994 1763 1197 1832 etiam
1254 1764 1397 1851 ipse
1446 1762 1682 1833 vultus
1726 1778 1792 1832 et
1830 1764 2197 1853 adspectus
2245 1763 2372 1833 sert
2402 1764 2512 1844 iis,
2537 1786 2715 1851 quae

162 1854 529 1933 dicuntur,
584 1852 1081 1922 testimonium.
1130 1857 1480 1921 Praeterea
1530 1867 1760 1922 autem
1814 1852 1923 1922 vul
1978 1874 2019 1921 o
2065 1851 2282 1922 fertur
2335 1867 2397 1922 te
2441 1873 2716 1940 quoque

162 1963 325 2012 esse
363 1962 612 2031 genere
642 1938 927 2020 claram,
964 1954 1031 2010 et
1059 1941 1417 2010 abundare
1446 1940 1731 2021 divitiiS,
1773 1954 1839 2010 et
1881 1874 2004 2010 ligi
2045 1962 2178 2011 non
2216 1940 2453 2010 deesse
2484 1941 2719 2041 splen-

163 2033 440 2101 dorem.
494 2034 586 2098 Ne
632 2051 797 2120 ergo
840 2030 1188 2117 quomodo
1236 2029 1484 2100 stultae
1513 2082 1529 2109 ,
1580 2051 1758 2117 quas
1803 2050 1930 2120 ego
1997 2029 2318 2120 perdidi,
2372 2043 2717 2099 sustineas

170 2122 328 2210 ipsa
376 2139 651 2206 quoque
701 2123 913 2187 Deum
963 2118 1193 2187 dicere
1239 2140 1397 2188 eum
1462 2119 1584 2204 qui
1644 2118 1776 2188 fuit
1836 2118 2255 2190 crucifixus:
2308 2118 2438 2187 suit
2484 2132 2713 2189 autem

167 2209 387 2278 homo
437 2227 663 2286 vorax,
702 2220 770 2277 et
816 2207 955 2275 vini
1010 2220 1296 2297 potator,
1350 2207 1759 2293 amicusque
1809 2206 2340 2308 publicanorum
2376 2221 2441 2276 et
2475 2229 2717 2296 pecca-

166 2314 399 2367 torum
441 2350 457 2375 ,
509 2308 574 2365 et
623 2316 747 2363 nec
810 2296 1051 2385 patriis
1101 2295 1229 2366 fuit
1276 2308 1640 2365 contentus
1692 2295 2000 2386 legibus:
2055 2296 2170 2366 sed
2227 2297 2326 2366 tui
2377 2295 2716 2366 nobilitati

164 2385 436 2456 faciens
483 2384 984 2464 convenientia,
1039 2384 1374 2454 renuncia
1421 2384 1702 2472 quidem
1754 2389 2131 2455 Nazareno:
2174 2399 2240 2455 et
2274 2385 2441 2455 velis
2484 2384 2713 2456 nobis-

160 2496 328 2544 cum
382 2474 661 2555 sentire,
697 2486 762 2543 et
796 2473 1004 2545 simul
1035 2497 1194 2543 cum
1241 2472 1501 2563 Regina
1535 2474 1788 2544 versari
1820 2474 1889 2543 in
1919 2474 2131 2565 regia.
2170 2475 2280 2545 Sic
2312 2475 2496 2545 enim
2534 2476 2715 2544 vives

161 2564 501 2653 deinceps
550 2563 837 2633 liberius
868 2616 884 2641 ,
937 2576 1001 2632 et
1063 2561 1343 2632 liberata
1397 2586 1437 2632 a
1486 2562 1688 2632 malis
1741 2584 1920 2651 quae
1972 2564 2294 2634 oriuntur
2346 2585 2427 2634 ex
2493 2564 2714 2633 vidui-

169 2665 330 2730 tate,
390 2653 612 2743 magis
661 2653 915 2741 poteris
969 2650 1129 2721 aliis
1173 2673 1369 2742 opem
1423 2651 1620 2721 serre.
1669 2654 1863 2723 Venit
1908 2653 2096 2722 enim
2157 2652 2242 2721 ad
2297 2675 2421 2721 nos
2470 2651 2704 2723 sama.

169 2746 183 2810 i
282 2762 366 2811 ae
412 2757 641 2811 autem
686 2763 793 2810 res
826 2763 1102 2828 quoque
1142 2752 1501 2821 testantur,
1556 2740 1741 2828 quod
1804 2763 1964 2810 cum
2014 2754 2081 2810 et
2129 2763 2418 2831 magnas
2459 2739 2715 2809 habeas

159 2765 449 2901 <liftinas
479 2884 495 2907 ‚
546 2842 613 2899 et
662 2830 1001 2919 plurimas
1067 2829 1428 2900 facultates
1485 2829 1837 2918 acceperis
1884 2851 1924 2897 a
1975 2829 2404 2918 maioribus,
2459 2844 2526 2897 et
2573 2829 2714 2897 sint

166 2919 372 2991 multi
422 2920 541 3006 qui
593 2919 716 2988 tibi
764 2922 1086 2999 serviant,
1147 2918 1391 3008 pudori
1451 2932 1677 2988 tamen
1729 2931 1794 2987 et
1858 2919 2087 2987 virtuti
2136 2917 2465 2987 omnibus
2530 2929 2714 3004 post-

166 3009 441 3099 positiS,
495 3009 565 3077 in
621 3007 885 3078 nullius
914 3008 1201 3077 alterius
1249 3007 1376 3077 viri
1409 3028 1495 3077 ne
1522 3007 1592 3076 in
1631 3017 2078 3097 conspectum
2119 3006 2401 3094 quidem
2440 3005 2709 3082 venisti,

166 3098 303 3166 nisi
355 3098 533 3185 eim,
585 3099 702 3183 qui
756 3097 886 3167 fuit
935 3097 1057 3166 tibi
1106 3095 1169 3166 le
1222 3096 1413 3166 itimo
1444 3095 1864 3181 conjunctus
1907 3094 2372 3164 matrimonio.
2402 3099 2495 3164 Ne
2526 3115 2714 3163 nunc

156 3208 353 3277 ergo,
412 3207 495 3255 ne
537 3207 722 3255 nunc
753 3186 915 3342 lhoe
952 3207 1080 3275 ego
1119 3186 1163 3254 ti
1223 3186 1243 3252 i
1281 3184 1604 3341 consulo?
1639 3183 2181 3273 pulcritudinem
2222 3196 2433 3262 tuam,
2494 3196 2559 3251 et
2598 3183 2715 3269 jn-

163 3288 543 3355 ventutem,
594 3288 661 3343 et
705 3274 753 3343 fi
786 3275 1008 3344 iarum
1064 3274 1164 3343 vir
1217 3274 1523 3342 initatem
1595 3272 1886 3342 ictorum
1927 3271 2251 3342 manibus
2294 3271 2704 3351 tradideris,

158 3385 347 3450 quae
399 3363 620 3452 tnagis
667 3362 1085 3433 contumelia
1131 3385 1170 3431 a
1250 3362 1488 3441 ciunt,
1538 3381 1751 3448 quam
1807 3360 2150 3449 puniunt:
2206 3360 2321 3431 sed
2373 3360 2714 3431 desistens

165 3450 509 3523 crucifixo
547 3449 838 3541 gloriam
885 3449 1224 3529 tribuere,
1269 3462 1337 3518 et
1387 3450 1638 3519 nostris
1683 3449 1937 3520 cedens
1986 3449 2259 3541 legibus
2288 3503 2309 3531 ,
2363 3463 2431 3520 et
2482 3450 2602 3519 tibi
2650 3462 2717 3518 et

163 3540 410 3611 liberis
460 3539 778 3628 prospice
823 3560 999 3626 quae
1046 3553 1211 3608 sunt
1256 3537 1481 3609 utilia.
1522 3561 1558 3605 »

252 3632 293 3718 ἓ
326 3631 475 3702 18.
514 3632 717 3697 Beata
755 3642 982 3698 autem
1023 3626 1141 3696 illa
1168 3629 1482 3716 apposite
1534 3640 1600 3697 et
1630 3626 1899 3697 erudite
1935 3627 2404 3718 respondens:
2460 3650 2497 3693 «
2541 3632 2708 3696 Cum

157 3740 352 3797 eum,
411 3716 660 3803 inquit,
703 3739 744 3786 o
780 3722 944 3798 Rex,
981 3738 1185 3804 quem
1221 3729 1561 3807 oporteret
1603 3716 1964 3796 honorare,
2001 3728 2080 3786 ut
2115 3717 2238 3804 qui
2291 3717 2412 3786 tibi
2448 3714 2715 3785 dederit

165 3807 572 3899 potentiam,
624 3818 692 3875 et
724 3805 900 3875 hanc
936 3826 1344 3897 purpuram,
1380 3818 1447 3875 et
1482 3806 1610 3876 hoc
1647 3804 1995 3886 diadema,
2041 3805 2259 3875 immo
2292 3826 2451 3874 vero
2485 3804 2708 3894 ipsam

159 3916 441 3984 quoque
472 3895 867 3976 essentiam,
908 3907 975 3965 et
1014 3894 1246 3975 vitam,
1294 3908 1647 3981 tamquam
1687 3893 1800 3964 Dei
1837 3893 2052 3964 Filius
2097 3906 2163 3963 et
2197 3898 2400 3973 Deus,
2442 3893 2714 3981 ingrato

164 3986 401 4055 animo
438 3996 910 4076 contemptum
952 3982 1202 4054 audaci
1253 3982 1496 4074 lingua
1534 3983 1793 4071 injuria
1827 3981 2114 4063 afficias„
2169 4003 2304 4052 non
2343 3983 2594 4051 timens
2628 4001 2713 4050 ne

163 4071 427 4143 fulmen
459 4073 805 4163 dejectum
861 4085 922 4142 te
967 4074 1355 4151 comburat,
1396 4085 1463 4143 et
1511 4094 1621 4141 me
1653 4071 1991 4142 honorare
2027 4071 2217 4152 velis,
2256 4084 2553 4141 vestrum
2585 4091 2713 4162 ego

169 4159 497 4232 honorem
534 4182 882 4233 summam
918 4160 1100 4232 duco
1147 4161 1632 4252 ignominiam.
1679 4165 1877 4231 Cessa
1919 4159 2230 4251 gladium
2293 4160 2359 4229 in
2411 4158 2709 4248 teipsum

168 4248 545 4338 impellere.
613 4251 801 4321 Absit
860 4264 1093 4321 autem
1126 4303 1146 4329 ,
1201 4263 1278 4321 ut
1323 4273 1451 4339 ego
1497 4273 1538 4320 a
1586 4248 1707 4320 tali
1766 4248 2010 4319 lauder
2077 4248 2316 4339 lingua
2345 4303 2362 4328 ,
2413 4269 2593 4336 quae
2640 4269 2712 4319 se

167 4339 457 4407 armavit
504 4354 743 4411 contra
796 4344 1030 4410 Deum.
1082 4344 1312 4426 Neque
1374 4361 1454 4409 eo
1507 4337 1888 4428 procedam·
1921 4338 2310 4419 amentiae,
2362 4350 2437 4407 ut
2486 4358 2714 4407 verser

163 4444 326 4493 cum
376 4426 463 4497 iis
508 4430 628 4515 qui
680 4434 811 4500 Deo
858 4444 1020 4501 sunt
1065 4428 1237 4499 adeo
1286 4428 1598 4509 inimici,
1650 4440 1718 4500 et
1773 4427 1843 4496 in
1909 4439 2341 4517 peccatorum
2407 4425 2710 4496 habitem
