3347 4999
693 319 823 384 296
1277 335 1355 382 nii
1404 335 1459 382 s,
1513 332 1822 382 mnovico
1872 332 2235 381 BRRTRANDO
2284 332 2464 382 conr.
2882 315 3056 382 OCT.
3108 318 3159 382 9

603 420 942 493 tremendi
977 419 1298 489 sacrificii
1330 420 1703 490 elevatione
1729 441 1885 488 cum
1918 424 1983 488 S.
2009 423 2199 488 Petro
2227 432 2525 507 martyre
2554 440 2631 488 ex
2661 418 2924 489 intimis
2955 441 3157 509 prae-

604 511 860 581 cordiis
899 509 1204 577 divinam
1241 509 1658 597 Majestatem
1694 519 2043 577 exoraret:
2098 513 2198 577 Da
2244 509 2436 588 mihi,
2482 510 2777 589 Domine,
2819 518 2891 576 ut
2922 530 3043 597 pro
3087 519 3158 578 te

601 602 878 678 moriar,
934 598 1494 689 quemadmodum
1539 620 1661 688 pro
1693 620 1797 665 me
1827 598 2002 666 mori
2041 599 2336 666 voluisti.
2391 601 2467 665 In
2521 610 2889 686 prospectu
2936 596 3152 665 etiam

605 687 933 778 imaginis
986 687 1203 757 sancti
1265 687 1596 756 vincentii
1666 698 1842 754 mart
1898 687 1990 754 ris
2042 685 2301 755 eisdem
2369 686 2605 774 poenis
2653 698 2718 755 et
2780 685 3156 774 suppliciis

606 777 862 863 quibus
910 776 1058 865 ipse
1113 775 1393 844 certavit
1443 787 1509 843 et
1555 774 1737 854 vicit,
1792 796 1829 842 a
1884 775 1972 844 ici
2034 774 2464 843 vehementer
2512 774 2792 863 optavit.
2845 773 3155 845 Audiens

605 887 860 955 poenas
908 865 1164 950 quibus
1216 885 1336 953 pro
1399 863 1531 932 lide
1594 863 1842 932 Christi
1892 864 2016 931 sua
2074 875 2288 933 aetate
2347 862 2562 949 aliqui
2619 863 2912 952 gloriose
2961 862 3151 931 diem

605 953 996 1023 clauserant
1042 965 1447 1032 extremum,
1486 975 1566 1022 ex
1607 950 1951 1041 profundo
1998 952 2227 1022 cordis
2262 953 2329 1020 in
2354 951 2582 1041 jubilo
2611 974 3007 1041 erumpens,
3047 951 3156 1020 eis

605 1064 764 1112 cum
818 1041 1167 1112 similibus
1202 1041 1500 1111 victoriis
1543 1041 1700 1110 totis
1748 1040 2128 1111 visceribus
2169 1063 2241 1110 se
2271 1041 2532 1110 socium
2561 1041 2767 1131 jungi
2796 1041 3152 1130 cupiebat.

697 1138 735 1212 ἓ
782 1134 865 1201 S.
917 1130 1164 1199 Eadem
1184 1129 1530 1199 ‘charitate
1561 1131 1762 1198 etiam
1824 1150 1986 1219 erga
2021 1130 2408 1219 proximum
2441 1129 2714 1210 ardens,
2753 1130 3150 1198 animarum

608 1219 850 1289 solatia
894 1232 959 1288 et
1068 1240 1424 1307 rogressus
1481 1219 1637 1288 totis
1686 1218 1950 1289 viribus
1992 1218 2450 1308 promovebat.
2506 1224 2849 1306 Frequens
2897 1217 3026 1287 suit
3072 1218 3152 1286 in

607 1242 1158 1378 confessionibus
1205 1306 1592 1389 audiendis,
1650 1329 1771 1397 pro
1820 1306 2113 1377 aliorum
2149 1306 2375 1396 culpis
2415 1307 2799 1396 expiandis,
2834 1306 3031 1376 duris
3072 1327 3154 1376 se

605 1395 900 1498 flagellis
930 1396 1244 1476 caedenS,
1280 1396 1534 1482 quibus
1557 1396 1924 1465 mulierem
1965 1397 2285 1466 honestae
2312 1396 2575 1485 (quoad.
2607 1395 2954 1483 seculum)
2978 1416 3151 1464 con-

603 1485 910 1565 ditionis,
956 1485 1159 1574 cujus
1193 1481 1518 1575 peccandi
1552 1483 2121 1554 consuetudinem
2157 1539 2172 1564 ,
2242 1490 2372 1553 Deo
2424 1483 2782 1564 revelante,
2838 1495 3143 1563 noverat,

603 1574 960 1643 revocavit.
1008 1572 1526 1643 Adolescentula
1560 1573 1767 1643 etiam
1820 1594 1903 1642 ne
1943 1573 2259 1654 caderet,
2314 1573 2743 1643 orationibus
2791 1584 2855 1641 et
2908 1572 3150 1661 poenis

603 1686 643 1732 a
679 1668 810 1731 Deo
842 1662 1161 1732 obtinuit.
1208 1662 1418 1730 Pestis
1471 1674 1774 1752 tempore
1813 1683 2287 1748 quoscumque
2337 1662 2688 1731 mendicos
2736 1660 2971 1731 obvios
3022 1660 3149 1730 ha-

602 1751 866 1822 buisset
905 1751 988 1819 ad
1039 1763 1447 1819 conventum
1479 1755 1545 1819 S.
1584 1755 1816 1819 Annae
1847 1750 2189 1839 Albaydae
2229 1772 2650 1837 quamquam
2687 1751 2917 1838 inopia
2957 1749 3154 1818 labo-

604 1853 892 1919 rantem,
931 1840 1054 1908 ubi
1090 1852 1254 1908 tunc
1291 1860 1548 1907 munus
1582 1840 1825 1928 agebat
1852 1839 2251 1927 superioris,
2294 1839 2699 1908 reficiendos
2729 1838 3142 1919 adducebat,

601 1929 829 1998 dicere
863 1927 1105 1997 solitus
1141 1932 1350 1995 Deum
1394 1949 1752 2015 nunquam
1791 1928 1922 1997 sibi
1954 1927 2257 1996 fideliter
2279 1927 2735 1997 servientibus
2768 1927 3028 1996 deesse.
3065 1931 3147 1995 In

605 2018 751 2086 vias
781 2030 846 2086 et
905 2029 1168 2085 montes
1217 2015 1642 2103 procedens,
1693 2030 1874 2105 peste
1913 2017 2243 2086 extinctos
2283 2016 2640 2107 sepultura
2689 2016 3011 2084 donabat.
3065 2020 3147 2084 In

603 2103 1046 2175 xenodochiis
1085 2118 1150 2174 et
1185 2103 1508 2174 domibus
1544 2106 1856 2173 infirmos
1889 2127 2090 2195 saepe
2128 2105 2455 2184 invisens,
2503 2126 2739 2174 eorum
2777 2104 3142 2193 plurimoS,

603 2196 967 2283 imponens
999 2194 1098 2261 eis
1134 2214 1405 2271 manus,
1455 2206 1517 2262 et
1555 2215 1676 2282 pro
1708 2194 1806 2263 eis
1839 2193 2241 2283 deprecanS‚
2290 2193 2564 2263 sanitati
2604 2193 2932 2264 restituit:
2971 2192 3152 2262 inter

607 2304 807 2369 quos,
850 2302 983 2350 non
1034 2282 1182 2349 sine
1229 2281 1525 2351 evidenti
1569 2284 1924 2363 miraculo,
1978 2281 2343 2371 religiosus
2378 2283 2480 2351 vir
2522 2282 2926 2351 Franciscus
2972 2280 3152 2349 Alle-

604 2391 878 2446 manus,
923 2370 1067 2458 jam
1124 2372 1322 2439 morti
1375 2370 1768 2460 proximuS‚
1822 2394 1861 2440 a
1921 2374 2111 2440 beato
2167 2370 2503 2441 Ludovico
2541 2371 2626 2440 de
2676 2369 3150 2459 recuperanda

603 2457 993 2528 valetudine
1042 2460 1287 2529 certior
1335 2457 1596 2540 factus,
1645 2459 1852 2548 paulo
1905 2472 2053 2549 post
2104 2461 2387 2530 omnino
2429 2459 2601 2530 liber
2655 2458 3025 2529 convaluit.
3066 2464 3147 2527 In

605 2547 929 2617 sedandis
987 2547 1164 2617 odiis
1217 2561 1281 2617 et
1338 2548 1864 2617 reconciliandis
1924 2550 2175 2619 animis
2218 2570 2632 2640 magnopere
2685 2549 2888 2618 etiam
2933 2547 3147 2635 hujus

603 2636 731 2704 viri
771 2637 1070 2706 charitas
1102 2637 1370 2716 enituit,
1423 2637 1492 2704 in
1527 2659 1800 2706 carcere
1846 2639 2048 2707 etiam
2094 2637 2382 2707 detentis
2420 2651 2539 2707 aut
2576 2651 2788 2707 morte
2820 2635 3142 2716 addictis,

601 2745 731 2813 ope
760 2739 824 2794 et
857 2725 1114 2794 auxilio
1152 2747 1285 2794 non
1319 2726 1572 2807 deerat,
1609 2747 1903 2812 quorum
1947 2725 2177 2815 plures
2209 2748 2246 2794 e
2288 2727 2583 2796 miseriis
2617 2740 2681 2796 et
2725 2725 3002 2816 injustis
3038 2746 3150 2795 ve-

602 2814 995 2883 xationibus
1038 2814 1212 2882 miro
1254 2813 1454 2882 inodo
1492 2828 1556 2882 et
1590 2816 1890 2884 suaviter
1922 2814 2253 2884 liberavit.

694 2910 730 2983 ἓ
781 2907 876 2972 θ.
929 2902 1050 2971 His
1084 2903 1196 2970 Dei
1235 2914 1300 2970 et
1326 2903 1617 2990 proximi
1656 2904 1911 2973 amoris
1944 2902 2309 2973 ardoribus
2366 2904 2713 2983 incensuS,
2768 2903 2837 2972 in
2892 2914 3141 2972 terram

522 3029 529 3036 ·
601 2990 1149 3080 alienigenarum
1190 2992 1496 3081 gentium
1551 3012 1704 3059 vere
1745 2991 2019 3082 sapiens
2070 2992 2485 3082 pertransire
2532 2992 2854 3072 decrevit,
2912 3004 2987 3061 ut
3032 2995 3150 3059 In-

600 3078 846 3148 dorum
884 3081 1154 3150 animas
1209 3084 1336 3147 Deo
1384 3079 1790 3148 lucraretur.
1831 3085 1878 3149 Α
1909 3102 2046 3166 quo
2081 3101 2204 3149 nec
2250 3080 2630 3150 amicorum
2670 3079 2767 3149 vel
2820 3079 3138 3158 fratrum,

602 3180 720 3236 aut
769 3189 1079 3236 sororum
1131 3168 1420 3248 artibus,
1478 3168 1798 3257 precibus
1826 3167 1923 3237 vel
1961 3168 2285 3258 lacrymis
2324 3169 2654 3238 dimoveri
2689 3169 2941 3259 potuit;
2994 3189 3148 3236 om-

604 3255 813 3324 nibus
859 3256 1044 3324 enim
1097 3260 1348 3344 magna
1397 3278 1554 3325 cum
1607 3257 1825 3326 animi
1873 3257 2338 3327 submissione
2368 3279 2502 3326 non
2541 3259 2688 3326 sine
2719 3258 2994 3328 fletibus
3025 3277 3145 3324 va-

604 3341 908 3411 ledicens
943 3396 958 3422 ,
1021 3343 1333 3431 pedestre
1379 3344 1508 3413 iter
1554 3344 2043 3415 occidentalem
2108 3346 2375 3415 Indiam
2428 3368 2663 3415 versus
2712 3346 3023 3434 arripuit,
3076 3355 3149 3414 et

603 3430 940 3519 Hispalim
978 3437 1225 3501 Novam
1262 3432 1296 3468 ⁴
1344 3433 1721 3534 ingressuS,
1770 3435 2096 3504 omnibus
2128 3434 2608 3516 aedificationi,
2648 3435 2889 3504 solatio
2920 3445 2985 3502 et
3021 3456 3146 3502 au-

602 3519 768 3587 xilio
822 3521 888 3586 in
951 3522 1581 3609 opportunitatibus
1631 3522 1781 3592 suit.
1835 3528 1912 3591 In
1964 3545 2099 3609 qua
2149 3524 2255 3592 sui
2320 3523 2597 3593 Ordinis
2654 3523 3049 3614 religiosum
3102 3543 3146 3590 a

603 3606 889 3709 cadente
919 3608 1299 3709 ponderosa
1342 3609 1640 3679 trochlea
1673 3611 2076 3711 gravissime
2116 3611 2405 3692 laesum,
2446 3611 2725 3681 vulnere
2764 3614 2942 3698 aqua
2978 3611 3138 3689 loto,

603 3718 703 3765 sic
740 3708 1015 3766 sanitati
1053 3709 1383 3786 pristinae
1432 3699 1772 3780 restituit,
1817 3713 1893 3769 ut
1951 3700 2322 3789 postridie,
2383 3701 2797 3769 mirantibus
2843 3700 3140 3778 cunctis,

603 3806 690 3854 ne
724 3786 1082 3886 vestigium
1121 3785 1401 3872 quidem
1436 3786 1779 3858 cicatricis
1806 3791 2224 3878 apparuerit.
2260 3787 2537 3879 Appulit
2566 3790 2649 3858 ad
2685 3789 3147 3877 Carthagenae

605 3885 905 3973 portum,
955 3875 1190 3961 ibique
1241 3875 1309 3943 in
1364 3889 1703 3945 conventu
1754 3882 1817 3946 S.
1856 3878 2136 3967 Josepbi
2188 3878 2295 3946 sui
2329 3877 2605 3946 Ordinis
2654 3879 3027 3956 habitavit;
3080 3889 3150 3946 et

599 3960 764 4029 inde
795 3962 879 4031 ad
924 3963 1230 4032 diversos
1278 3963 1607 4033 Indorum
1665 3965 1957 4055 populos
2007 3966 2263 4035 missus
2295 3967 2804 4056 evangelizavit,
2840 3965 3148 4035 incolen-

600 4050 786 4121 tibus
839 4051 1101 4122 scilicet
1147 4052 1514 4131 Tubaram,
1571 4054 1956 4144 Cipacoam,
2010 4054 2371 4124 Paulatum
2405 4110 2419 4136 ,
2468 4056 2805 4144 Monpoix,
2852 4060 3140 4132 Sertam,

602 4142 666 4207 S.
709 4140 1030 4222 Marthae,
1064 4146 1465 4222 Turcarum,
1498 4143 1873 4211 Tenerifem
1903 4155 1967 4211 et
1991 4142 2147 4212 aliis
2178 4166 2192 4223 ;
2225 4144 2457 4229 ibique
2486 4144 2681 4234 plura
2709 4157 2774 4214 et
2803 4141 3149 4213 mirabilia

598 4230 1034 4316 perpetravit.
1062 4230 1711 4300 OrationibusaDeo
1732 4231 2027 4301 obtinuit
2053 4243 2127 4302 ut
2154 4232 2393 4322 lingua
2426 4235 2553 4302 sua
2572 4233 2888 4323 hispana,
2911 4234 2980 4301 in
3051 4253 3149 4302 ua

596 4327 803 4385 natus
824 4330 990 4397 erat,
1025 4318 1579 4409 evangelizando,
1612 4320 1874 4406 absque
1895 4320 2260 4410 interprete
2286 4320 2782 4411 intelligeretur
2808 4322 2895 4390 ab
2922 4327 2997 4390 In
3061 4322 3145 4391 is.

645 4441 671 4464 θ
698 4439 896 4493 Sivo'yli'a.
