3347 4999
164 311 356 378 OCT.
408 313 492 377 24
896 330 975 376 nc
1023 330 1078 375 s.
1132 326 1454 376 nctoato
1498 328 1762 377 »utensi
1811 331 2009 378 msc.
2501 316 2615 380 67t

162 414 497 484 Germani
536 413 1142 484 Autissiodorensis
1181 413 1517 482 Ecclesiae
1564 415 1596 449 ⁴*
1658 415 1974 504 Episcopi
2023 414 2391 505 discipulo,
2438 430 2503 486 et
2553 417 2718 488 libe-

161 504 443 572 ratibus
489 503 901 593 disciplinis,
938 517 1003 571 et
1042 503 1254 572 sacris
1306 502 1546 571 litteris
1577 505 1846 592 egregie
1879 519 1979 573 est
2019 504 2399 574 institutus.
2439 510 2715 576 Germa·

163 614 315 660 nus
361 592 649 660 enimin
700 591 969 682 ⁴Anglia,
1009 592 1165 661 sive.
1196 591 1546 660 Britannia
1578 592 1842 679 'maj0ri
1899 592 2417 683 Pelagianomm
2468 595 2715 664 consu-

159 682 341 750 tavit
391 681 750 759 baeresim,
792 684 1011 767 eaque
1058 685 1478 769 compressa,
1528 680 1729 749 rediit
1783 681 1864 749 ad
1920 680 2148 750 sedem
2201 705 2425 751 suam.
2475 688 2710 754 Postea

157 791 333 837 vero
384 771 620 838 beatus
671 775 984 846 Samson,
1034 791 1191 838 cum
1251 789 1522 857 semper
1583 785 1762 840 esset
1818 770 2073 839 divinis
2126 771 2329 839 rebus
2379 772 2706 853 intentuS,

153 872 233 926 et
290 856 601 946 religioni
666 859 1029 947 praecipue
1098 856 1442 937 addictus,
1506 880 1541 926 a
1593 857 1784 927 Clero
1845 873 1911 928 et
1960 859 2213 948 populo
2283 857 2540 929 electus
2610 873 2714 931 est

155 948 581 1035 Episcopus,
626 959 693 1015 et
723 968 762 1015 a
808 946 1221 1032 quibusdam
1258 947 1411 1035 ejus
1457 948 1682 1034 gentis
1735 947 2191 1032 praesulibuS,
2234 947 2390 1016 licet
2425 949 2703 1029 invituS,

142 1037 360 1125 juxta
413 1050 805 1104 sanctorum
862 1041 1131 1103 Patrum
1184 1035 1461 1104 decreta
1510 1049 1611 1104 est
1641 1037 2022 1107 ordinatus.
2070 1041 2312 1106 Factus
2353 1059 2506 1105 vero
2556 1039 2712 1125 Epi-

151 1146 450 1207 scopus,
510 1126 778 1193 beatum
834 1123 1265 1212 Maglorium‚
1334 1124 1532 1195 bonis
1599 1141 1915 1195 ornatum
1987 1127 2320 1206 moribus,
2387 1127 2704 1216 jejuniiS,

156 1212 455 1302 vigiliis,
501 1214 955 1301 precibusque
993 1211 1295 1282 studiose
1329 1227 1705 1293 vacantem,
1739 1215 2047 1300 corporis
2079 1236 2354 1301 quoque
2401 1216 2710 1284 castitate

146 1301 657 1389 conspicuum,
711 1299 795 1369 ad
851 1299 1271 1370 inferendam
1342 1322 1615 1370 mensae
1667 1303 1976 1383 Domini,
2030 1318 2096 1373 et
2141 1304 2225 1372 ad
2297 1304 2709 1390 dispensan-

149 1391 331 1461 dam
408 1390 652 1457 vivifici
731 1391 1037 1477 corporis
1105 1389 1257 1477 ejus
1317 1392 1897 1460 consecrationem
1959 1391 2091 1480 (sic
2155 1392 2338 1461 enim
2408 1391 2709 1478 loquitur

150 1486 443 1557 Auctor,
479 1479 1063 1564 quemadmodum
1114 1478 1316 1546 etiam
1371 1480 1606 1548 beatus
1655 1481 2076 1560 AmbrosiuS,
2114 1502 2190 1549 ex
2223 1480 2436 1571 gestis
2485 1480 2706 1549 sancti

152 1568 517 1638 Laurentii
565 1568 886 1654 martyris
932 1566 1267 1652 quaedam
1318 1567 1539 1635 citans
1589 1570 1654 1635 in
1723 1568 2013 1656 Officiis)
2079 1569 2452 1638 Diaconum
2518 1570 2706 1638 ordi-

152 1656 382 1736 navit,
428 1677 726 1743 eumque
770 1656 859 1725 ob
923 1656 1239 1724 meritum
1300 1656 1679 1726 sanctitatis
1747 1659 1897 1746 ejus
1976 1671 2355 1727 reverenter
2397 1658 2695 1727 babuit.

148 1744 398 1816 Voluit
441 1745 669 1824 etiam,
724 1758 801 1812 ut.
849 1744 913 1811 in
954 1760 1253 1832 tempore
1295 1744 1476 1834 plebi
1515 1745 1667 1833 ejus
1713 1746 2147 1836 dispensaret
2193 1745 2425 1827 tritici,
2474 1746 2537 1815 id
2574 1759 2700 1828 est,

151 1834 356 1904 verbi
400 1832 642 1911 divini,
700 1854 1118 1902 mensuram.

251 1923 294 2008 ξ
347 1928 431 1990 ⁰2.
479 1925 639 1990 Cum
695 1935 920 1990 autem
984 1921 1106 1989 diu
1156 1921 1222 1989 in
1271 1942 1351 1989 ea
1406 1935 1607 2010 gente
1655 1935 1962 1992 versatus
2022 1933 2201 1991 esset
2263 1922 2705 1992 beatissimus

150 2016 483 2088 Samson,
536 2024 602 2077 et
654 2010 934 2098 optimis
994 2009 1378 2098 exemplis,
1449 2012 1874 2080 salutaribus
1935 2011 2509 2091 institutionibus,
2578 2034 2701 2081 nec

152 2099 417 2192 paucis
478 2098 829 2167 miraculis
877 2099 937 2167 ei
992 2097 1480 2185 praeluxisset‚
1558 2100 1828 2168 tandem
1903 2099 2233 2168 divinitus
2308 2113 2698 2189 permotuS,

155 2209 438 2256 memor
485 2186 759 2254 illorum
819 2187 1084 2255 Domini
1148 2187 1544 2256 verborum:
1611 2193 1856 2257 Euntes
1918 2191 1987 2256 in
2048 2189 2368 2258 mundum
2431 2191 2704 2258 univer-

153 2298 345 2350 sam,
414 2277 634 2345 docete
701 2298 922 2344 omnes
968 2286 1237 2364 aeruca,
1313 2277 1733 2367 baptizantes
1780 2300 1886 2346 eos
1933 2279 2003 2345 in
2061 2279 2325 2347 nomine
2372 2279 2597 2346 Patris
2638 2288 2701 2348 et

147 2364 342 2435 Filii
385 2375 446 2433 et
475 2366 770 2453 Spiritus
797 2367 1033 2434 Sancti
1057 2365 1324 2522 5Mattlz.
1365 2365 1615 2454 xxv11t);
1651 2364 1955 2434 valefecit
1998 2365 2172 2453 plebi
2217 2388 2406 2448 suae,
2444 2381 2698 2437 etcum

151 2455 366 2524 beato
420 2453 745 2543 Maglorio
801 2454 1058 2522 nonnul
1098 2454 1291 2540 isque
1338 2454 1607 2523 clericis
1644 2469 1727 2529 wet
1778 2453 1969 2524 laicis
2003 2456 2072 2524 in
2114 2455 2534 2526 Britanniam
2577 2454 2699 2523 mi-

151 2564 402 2613 norem
456 2542 522 2576 ¹⁴*
577 2542 1019 2631 praedicandi
1081 2564 1291 2611 causa
1345 2544 1626 2632 trajecit.
1685 2544 1806 2613 Ubi
1857 2565 2017 2613 cum
2051 2598 2067 2626 ,
2140 2560 2382 2636 agente
2430 2544 2699 2613 childe-

152 2633 361 2702 berto
425 2635 840 2700 Francorum
910 2637 1134 2721 Rege,
1212 2632 1523 2722 Episcopi
1579 2632 2037 2701 ministerium
2108 2634 2523 2723 accepisset,
2581 2653 2700 2720 per

147 2742 440 2792 omnem
495 2721 842 2810 regionem
897 2718 1083 2788 illam
1137 2718 1338 2810 longe
1392 2721 1659 2809 lateque
1706 2721 1958 2790 diffusa
2003 2734 2107 2791 est
2153 2721 2333 2790 sama
2398 2721 2701 2789 nominis

144 2810 339 2898 ejuS,
396 2808 487 2877 ita
537 2823 609 2877 ut
676 2808 876 2895 plura
952 2807 1396 2896 majoraque,
1451 2825 1526 2877 ut
1577 2810 1644 2877 in
1694 2810 1844 2896 ejus
1906 2810 2116 2900 gestis
2170 2810 2480 2889 habetur,
2556 2807 2698 2877 illic

151 2896 499 2968 miracula
551 2897 864 2978 ediderit,
918 2919 1124 2984 quam
1168 2913 1347 2966 ante.
1404 2897 1634 2967 Multis
1682 2914 1906 2967 autem
1971 2898 2143 2966 vitae
2189 2898 2394 2966 annis
2435 2897 2694 2966 ibidem

148 2986 447 3063 exactis,
490 2987 749 3072 quibus
795 2988 853 3055 ei
906 3008 1185 3075 semper
1215 2986 1524 3056 Christus
1560 2987 1778 3055 vivere
1825 2985 1975 3065 suit,
2015 2984 2181 3056 febri
2230 2986 2498 3054 tandem
2543 3007 2696 3053 cor-

151 3091 402 3162 reptus
447 3073 800 3153 decubuit,
844 3076 1281 3162 sentiensque
1316 3075 1606 3144 vicinam
1646 3075 2007 3144 imminere
2050 3088 2360 3144 mortem.
2417 3074 2693 3143 beatum

150 3162 567 3252 Maglorium
621 3177 686 3232 et
733 3162 1069 3233 Ecclesiae
1117 3179 1281 3234 suae
1343 3163 1583 3233 fratres
1630 3162 1715 3231 ad
1774 3186 1846 3233 se
1914 3177 2128 3244 vocat,
2189 3162 2355 3232 dicit
2405 3162 2544 3231 illis
2583 3184 2696 3231 ve-

153 3255 353 3322 nisse
403 3263 673 3339 tempus
732 3252 1162 3341 migrationis
1208 3274 1420 3332 suae,
1472 3252 1704 3337 aitque
1759 3251 1841 3319 ad
1907 3253 2178 3323 beatum
2243 3250 2688 3342 Maglorium:

152 3365 189 3409 (ι
226 3339 425 3417 Novi,
496 3338 701 3408 frater
746 3340 1124 3418 carissime,
1182 3353 1244 3409 te
1304 3353 1453 3426 post
1498 3339 1856 3409 decessum
1912 3362 2137 3409 meum
2205 3340 2415 3430 hujus
2463 3337 2695 3409 Eccle-

150 3432 302 3515 siae
338 3441 692 3515 ‚pastorem
744 3427 908 3497 fore.
954 3432 1196 3497 Hortor
1240 3428 1468 3519 igitur,
1525 3440 1599 3497 ut
1648 3428 1715 3496 in
1766 3429 1983 3498 divini
2024 3429 2281 3500 amoris
2308 3428 2501 3499 cultu
2542 3450 2694 3518 pro-

153 3518 545 3609 positoque,
613 3516 710 3584 uti
772 3517 1080 3605 coepisti,
1137 3518 1357 3608 magis
1408 3517 1764 3605 magisque
1833 3518 2267 3598 inardescas,
2317 3530 2382 3587 et
2456 3517 2691 3587 lumen

147 3605 494 3676 divinitus
551 3603 873 3673 baustum
941 3627 1074 3673 non
1148 3626 1361 3693 ponas
1430 3607 1559 3677 sub
1614 3606 1889 3683 modio.
1942 3606 2059 3676 sed
2110 3629 2321 3694 super
2368 3606 2693 3675 candela-

150 3695 389 3772 brum,
429 3706 502 3761 ut
535 3692 827 3769 videant.
861 3693 979 3780 qui
1010 3694 1074 3761 in
1111 3694 1315 3763 domo
1349 3696 1454 3762 Dei
1491 3708 1677 3764 sunt.
1715 3695 2043 3783 Equidem
2091 3695 2446 3776 bactenuS‚
2490 3706 2693 3783 prout.

155 3784 496 3853 Dominus
544 3780 754 3862 dedit,
812 3804 930 3868 pro
982 3782 1240 3852 viribus
1292 3782 1633 3853 laboravi:
1691 3796 1759 3852 tu
1816 3806 2014 3872 porro
2053 3783 2398 3878 ‘Dominici
2457 3783 2688 3872 gregis

158 3873 279 3942 tibi
351 3870 706 3939 commissi
769 3892 974 3939 curae
1016 3870 1389 3962 invigilato,
1468 3886 1534 3940 et
1581 3871 1920 3941 sollicitus
1986 3885 2175 3954 esto,
2223 3884 2299 3941 ut.
2365 3870 2692 3939 merearis

151 3959 572 4044 quandoque
620 3981 654 4028 a
697 3960 1028 4028 bonorum
1078 3960 1389 4029 omnium
1436 3960 2301 4049 recompensatoreaudire
2344 3980 2574 4029 vocem
2612 3957 2690 4025 il-

155 4046 293 4114 lam
327 4048 939 4132 jucnndissimam:
990 4052 1198 4139 Enye.
1232 4072 1416 4119 serve
1447 4051 1608 4119 bone
1639 4059 1702 4117 et
1738 4051 1980 4138 fidelis,
2023 4051 2190 4140 qaia
2226 4072 2428 4137 saper
2465 4069 2692 4134 pauca

154 4137 360 4224 suisti
381 4137 622 4223 fidelis.
665 4159 877 4209 supra
906 4130 1126 4206 malta
1164 4148 1226 4206 te
1256 4140 1678 4216 constituam,
1727 4141 1907 4207 intra
1946 4141 2016 4207 in
2060 4138 2391 4229 qaudiam
2427 4136 2694 4205 Domini

159 4225 265 4290 tui
290 4224 555 4312 (Matth.
592 4225 763 4315 xxv).
797 4230 975 4296 Haec
1023 4247 1183 4295 cum
1233 4227 1541 4297 audisset
1572 4226 1812 4298 beatus
1845 4226 2215 4318 Maglorius
2260 4240 2325 4296 et
2370 4226 2512 4307 alii,
2565 4223 2688 4313 qui

215 4383 243 4410 ⁸
273 4380 478 4429 Scilicet.
498 4388 716 4430 Auxere-a.

216 4434 272 4463 ⁸*
298 4437 539 4480 Brttannta
558 4440 706 4482 minor
725 4446 800 4484 eat
818 4442 997 4484 Galliae
1015 4440 1272 4494 provincia,
1289 4440 1366 4484 cui
1386 4443 1605 4493 Rutaque
1622 4450 1794 4483 nomen
1813 4442 1904 4486 est.
