3347 4999
160 290 366 357 OCT.
432 292 478 355 9
1061 309 1138 353 nr.
1188 309 1242 353 s.
1298 308 1560 354 GISLENO
1609 308 1905 357 coxi-sss.
2541 293 2667 357 309

157 416 424 480 quem,
475 405 758 482 cogente
811 393 1187 482 Dagoberto
1238 406 1303 460 et
1366 392 1832 482 pontificibuS‚
1896 394 2190 464 triennio
2251 394 2389 464 sere
2460 395 2755 464 invitum

157 494 511 553 tenuerat
546 481 993 571 Trajectensis
1038 482 1074 514 ⁴
1116 481 1588 571 EpiscopatuS‚
1624 481 1943 550 visitandi
1987 494 2053 551 et
2090 483 2496 552 consolandi
2536 483 2757 574 gratia

157 573 456 641 veniret
489 569 574 638 ad
628 571 901 639 beatum
946 568 1329 650 Gislenum,
1374 583 1439 639 et
1469 570 1555 638 ab
1593 592 1672 638 eo
1705 570 2080 639 honorilice
2130 585 2518 661 susceptus,
2567 594 2757 641 more

162 683 305 731 suo
348 660 647 750 optimis
693 659 1129 728 sermonibus
1183 681 1418 728 eorum
1487 660 1607 745 qui
1665 658 1976 739 aderant,
2034 660 2306 729 animos
2354 674 2751 742 recreasset,

154 751 479 839 jamque
528 748 615 817 ab
665 748 804 815 illis
852 747 1308 817 deduceretur
1349 748 1676 817 Elnonem
1719 749 2188 836 proficiscens,
2244 748 2485 817 beatus
2538 749 2758 819 Gisle-

161 861 315 908 nus
357 837 590 907 multo
625 837 846 927 coepit
881 858 1188 906 moerore
1219 836 1423 916 affici,
1464 836 1647 923 quod
1692 838 1794 905 vir
1840 850 2123 906 sanctus
2170 837 2342 906 nihil
2386 837 2759 907 alimoniae

161 927 321 996 illic
366 924 779 1016 accepisset.
823 925 949 994 Sed
982 947 1141 994 cum
1181 925 1350 993 nihil
1398 926 1698 1006 haberet,
1754 925 1935 1012 quod
1979 927 2041 995 ei
2090 939 2488 1015 apponeret,
2544 947 2756 1012 seque

160 1015 555 1086 humiliter
601 1013 788 1102 apud
837 1013 1035 1083 illum
1086 1026 1462 1093 excusaret,
1510 1014 1852 1086 stantibus
1902 1015 2041 1085 illis
2098 1015 2183 1084 ad
2244 1015 2537 1084 fluvium
2591 1015 2754 1084 Hai-

163 1128 319 1175 nau
350 1104 488 1173 ubi
539 1104 730 1171 navis
776 1104 1211 1192 exspectabat
1260 1117 1573 1172 sanctum
1619 1105 2063 1194 Episcopum,
2124 1105 2335 1194 piscis
2385 1105 2633 1193 ingens
2684 1104 2754 1172 in

168 1209 446 1264 terram
510 1193 741 1261 exiliit.
798 1195 953 1260 Orta
1005 1191 1146 1259 illic
1196 1204 1337 1260 tum
1396 1194 1505 1275 pia
1563 1194 1907 1262 contentio
1965 1205 2089 1273 est,
2157 1206 2395 1261 sancto
2448 1193 2757 1263 Amando

167 1295 463 1353 tantum
535 1280 649 1349 Dei
714 1302 969 1350 munus
1018 1281 1193 1349 beati
1267 1280 1520 1350 Gisleni
1631 1283 1904 1351 recibus
1975 1281 2459 1362 adscribente,
2515 1294 2758 1351 contra

167 1394 342 1441 vero
399 1371 601 1440 beato
650 1368 923 1439 Gisleno
969 1369 1038 1438 id
1090 1369 1306 1439 sancti
1342 1377 1550 1439 Aman
1611 1371 1626 1438 i
1685 1371 1946 1440 meritis
1983 1370 2347 1440 tribuente.
2403 1375 2548 1440 Mox
2597 1371 2757 1459 Epi-

171 1482 462 1550 scopus
500 1481 540 1527 a
584 1458 914 1528 fratribus
961 1458 1044 1527 ad
1101 1459 1592 1528 monasterium
1648 1459 2020 1539 reducitur,
2056 1471 2120 1529 et
2168 1460 2229 1528 ei
2272 1481 2511 1528 mensa
2558 1480 2752 1549 prae-

233 1562 513 1619 aratur.
550 1553 835 1637 Sumpto
859 1547 1035 1627 cibo,
1078 1549 1354 1616 recessit
1391 1546 1887 1618 miraculorum
1923 1547 2142 1638 gloria
2184 1547 2476 1618 illustris
2505 1552 2759 1617 Aman-

168 1572 313 1709 ἕως
369 1637 783 1727 Episcopus.
839 1642 1044 1705 Porro
1116 1636 1309 1705 beato
1350 1636 1622 1705 Gisleno
1680 1638 2015 1728 templum
2067 1636 2463 1707 inchoatum
2529 1636 2754 1706 absol-

169 1749 340 1796 vere
393 1726 754 1816 cupiente,
811 1727 1233 1814 Dagobertus
1285 1731 1420 1794 Rex
1498 1725 1659 1794 illac
1730 1727 1855 1796 iter
1923 1725 2233 1796 facturus
2281 1739 2447 1795 erat.
2503 1725 2579 1794 Id
2631 1726 2755 1795 ubi

168 1816 471 1885 rescivit
521 1816 622 1883 vir
687 1813 839 1893 Dei,
897 1813 1273 1884 honorifice
1333 1815 1394 1882 ei
1446 1813 1717 1883 obviam
1772 1814 2150 1903 processit,
2213 1815 2537 1905 precibus
2588 1836 2752 1884 eum

179 1904 495 1973 Domino
566 1901 1085 1972 commendans.
1146 1908 1318 1971 Eum
1392 1925 1545 1972 vero
1614 1908 1751 1972 Rex
1800 1903 2173 1974 clementer
2220 1903 2638 1984 resalutavit,
2691 1915 2756 1973 et

177 1991 673 2063 exosculatum
731 1992 1011 2080 rogavit,
1066 2005 1141 2060 ut
1194 2013 1313 2080 pro
1367 1992 1662 2079 peccatis
1729 1992 1952 2079 ipsius
2010 1992 2373 2063 Dominum
2425 1992 2757 2082 depreca-

181 2094 432 2151 retur:
473 2080 846 2165 divinoque
901 2080 1232 2150 instinctu
1284 2094 1672 2169 permotuS‚
1727 2085 2117 2151 Hornutum
2167 2094 2232 2150 et
2283 2081 2756 2170 Ursidungum

184 2170 474 2239 Christo
506 2181 570 2237 et
604 2190 796 2238 servo
843 2168 996 2256 ejus
1046 2170 1320 2239 Gisleno
1360 2191 1517 2238 cum
1562 2169 1890 2239 omnibus
1938 2192 2016 2238 eo
2066 2169 2571 2258 pertinentibus
2624 2170 2758 2238 lar-

179 2260 383 2348 gitus
436 2270 560 2327 est.
617 2258 784 2325 Inde
818 2271 1042 2326 autem
1090 2258 1391 2338 recessit,
1457 2270 1521 2325 et
1571 2257 1891 2327 Gislenus
1940 2260 2149 2327 tantis
2196 2272 2441 2328 auctus
2498 2258 2758 2327 benefi-

182 2348 348 2425 ciis,
400 2345 468 2413 in
523 2346 638 2414 Dei
687 2349 948 2415 cultum
989 2346 1218 2415 studio
1267 2346 1642 2416 ardentiori
1678 2347 2021 2428 incubuit,
2058 2347 2314 2437 gratias
2365 2347 2461 2416 illi
2513 2371 2546 2417 a
2602 2369 2750 2417 ens.

275 2438 313 2523 ξ
365 2438 447 2505 ¹2.
503 2434 823 2505 Absoluta
858 2448 1085 2505 autem
1133 2437 1408 2506 oratorii
1466 2448 1838 2517 structura,
1881 2450 2161 2528 rogante
2210 2437 2405 2506 beato
2453 2438 2567 2507 Gis
2598 2459 2751 2519 en0,

182 2523 623 2596 sanctissimi
675 2525 1039 2594 Pontifices
1104 2526 1458 2596 Amandus
1506 2539 1571 2595 et
1619 2526 2010 2606 Autbertus,
2069 2527 2135 2594 in
2190 2526 2519 2596 honorem
2581 2529 2757 2616 Apo-

181 2613 529 2684 stolorum
590 2635 775 2682 more
823 2612 1286 2683 ecclesiastico
1323 2613 1495 2682 illud
1551 2615 1996 2684 celeberrime
2030 2615 2461 2684 dedicarunt.
2514 2620 2606 2683 Ea
2635 2615 2755 2684 de-

182 2702 539 2772 dicatione
593 2707 889 2791 peracta,
947 2702 1202 2792 populo
1244 2702 1530 2771 salutari
1581 2704 2090 2793 praedicatione
2125 2717 2340 2791 pasto,
2380 2716 2445 2772 et
2491 2704 2560 2770 in
2615 2702 2753 2772 fide

180 2792 655 2869 corroboratO,
713 2792 1163 2881 impensaque
1192 2791 1580 2881 Episcopali
1612 2793 2112 2873 benedictione,
2167 2793 2462 2879 quisque
2510 2791 2594 2860 ad
2624 2814 2754 2860 sua

184 2902 514 2950 reversus
573 2885 827 2966 esnln
882 2881 967 2949 iis
1016 2879 1300 2967 quidam
1371 2885 1608 2951 Comes
1660 2881 1950 2951 illustris
2009 2880 2422 2969 MalgariuS.
2478 2879 2753 2970 praedi-

187 2971 521 3039 cantibus
570 2969 952 3058 Episcopis‚
1007 2970 1213 3039 corde
1240 2983 1700 3059 compunctus
1733 2985 1856 3051 est,
1900 2982 1965 3038 et
2013 2968 2463 3039 fallacissimo
2489 2968 2754 3039 mundo

187 3059 536 3128 nuncium
587 3058 963 3138 remittenS,
1009 3058 1311 3128 Autberti
1355 3059 1597 3148 Episco
1653 3060 1671 3126 i
1727 3058 2051 3128 manibus
2116 3070 2354 3127 tonsus
2385 3070 2510 3138 est,
2565 3070 2631 3126 et
2681 3058 2750 3127 in

185 3147 334 3216 Alto
390 3161 621 3216 monte
674 3148 1131 3217 monasticum
1182 3147 1473 3217 indutus
1522 3148 1606 3216 ha
1665 3148 1836 3216 itum
1909 3146 2247 3227 inclusus,
2309 3159 2543 3216 sancte
2589 3145 2756 3215 vixit

184 3257 413 3323 usque
463 3234 545 3303 ad
600 3234 863 3303 obitum
916 3258 1150 3305 suum.
1206 3237 1370 3323 Ejus
1411 3257 1620 3305 uxore
1655 3247 1840 3305 caste
1888 3235 1955 3303 in
1995 3234 2291 3304 seculari
2340 3235 2578 3305 habitu
2631 3234 2754 3304 de-

189 3338 420 3414 gente,
475 3335 539 3392 et
575 3322 717 3392 filio
770 3323 1047 3413 praedia
1100 3338 1380 3394 strenue
1413 3325 1867 3415 gubernante,
1915 3325 2154 3394 beatus
2180 3322 2502 3394 Gislenus
2550 3345 2590 3392 a
2628 3329 2750 3392 Do-

187 3414 382 3483 mino
433 3412 831 3482 admonitus
880 3426 1003 3493 est,
1049 3425 1126 3482 ut
1172 3435 1321 3482 eam
1368 3413 1715 3494 inviseret,
1746 3425 1811 3481 et
1848 3434 1924 3482 ea
1974 3435 2150 3499 quae
2197 3412 2282 3482 ad
2333 3414 2607 3482 animae
2641 3435 2755 3483 sa-

187 3499 404 3571 lutem
441 3501 802 3590 pertinent,
835 3501 1203 3592 diligenter
1232 3503 1293 3570 ei
1328 3501 1732 3582 inculcaret,
1771 3501 2179 3589 doceretque
2211 3524 2361 3571 eam
2407 3501 2751 3571 mundum

187 3604 652 3668 contemnere,
708 3589 930 3657 solum
982 3591 1328 3660 Christum
1364 3591 1880 3679 concupiscere,
1934 3613 2137 3677 quem
2192 3612 2448 3670 amare,
2504 3602 2569 3659 et
2601 3591 2753 3677 ejus

189 3678 575 3776 praeceptis
598 3677 899 3756 obedire,
924 3701 1153 3749 revera
1190 3679 1408 3747 vivere
1432 3692 1555 3749 est.
1584 3679 1764 3748 Fecit
1788 3679 2110 3750 Gislenus
2136 3679 2474 3759 alacriter,
2501 3692 2578 3748 ut
2607 3692 2753 3748 erat

182 3787 450 3851 JussuS,
508 3767 901 3853 sitientique
941 3768 1215 3837 animae
1263 3782 1577 3837 aeternae
1619 3769 1794 3838 vitae
1845 3768 2091 3858 pocula
2124 3767 2402 3838 abunde
2457 3766 2745 3837 obtulit:

200 3857 457 3940 quibus
507 3854 965 3925 waldetrudis
1012 3856 1142 3945 (sic
1181 3856 1364 3925 enim
1413 3858 1813 3947 vocabatur)
1848 3857 2069 3927 sobrie
2111 3856 2484 3936 inebriata,
2540 3867 2749 3926 totam

192 3964 261 4010 se
310 3944 397 4014 ad
436 3945 707 4013 virtutis
741 3955 806 4013 et
834 3945 1171 4014 bonorum
1224 3966 1510 4034 operum
1552 3946 1782 4015 studia
1816 3945 2387 4015 accommodavit.
2422 3943 2547 4013 Sed
2583 3965 2745 4013 cum

195 4033 492 4103 necdum
548 4033 825 4102 haberet
871 4032 1142 4113 cellam,
1197 4035 1264 4102 in
1317 4056 1454 4121 qua
1503 4034 1633 4102 sub
1675 4034 2056 4104 monastica
2085 4033 2459 4123 disciplina
2490 4055 2746 4121 corpus

196 4138 397 4188 suum
448 4134 847 4202 maceraret,
883 4122 1158 4192 interim
1195 4122 1381 4192 circa
1413 4122 1737 4209 frequens
1779 4123 2241 4193 ministerium
2272 4144 2431 4190 cum
2478 4121 2745 4191 Martha

199 4212 707 4298 occupabatur:
774 4210 1079 4297 viditque
1151 4223 1345 4280 nocte
1411 4211 1711 4298 quadam
1788 4212 2063 4282 beatum
2145 4211 2604 4301 Gaugericum
2673 4211 2742 4277 in

201 4295 457 4367 visione
506 4301 637 4370 sibi
686 4300 968 4369 calicem
1022 4298 1162 4368 vini
1211 4322 1368 4369 cum
1404 4300 1746 4390 fragmine
1780 4300 1980 4390 panis
2029 4299 2280 4369 blande
2329 4321 2407 4369 ac
2455 4299 2746 4370 comiter

253 4419 277 4445 ¹¹
305 4421 570 4473 mrnjectum
588 4427 761 4474 Mosae,
777 4427 902 4468 idest
921 4426 1211 4469 maestricht.
1231 4447 1282 4456 —
1301 4428 1369 4468 De
1390 4428 1432 4467 Β.
1454 4427 1661 4467 Amando
1683 4428 1777 4468 vide
1794 4426 2001 4473 Surium.
2022 4427 2123 4466 Vol.
2143 4426 2204 4472 11,
2222 4435 2325 4476 pag.
2349 4427 2441 4467 159.
