3347 4999
254 347 427 414 OCT.
482 349 566 412 20
1145 363 1225 411 DE
1274 367 1328 412 s.
1383 362 1658 411 Aarssmo
1718 366 1912 411 mar.
2591 351 2718 413 585

253 449 374 537 qui
426 460 778 529 vocantur,
833 447 1050 518 fontes
1097 449 1153 531 ⁴,
1207 448 1545 536 quaedam
1603 447 2039 518 imbecillitas
2089 448 2149 517 ei
2203 461 2477 538 repente
2528 450 2802 532 accidit,

256 560 384 607 nec
455 550 716 628 poterat
773 537 1067 608 ulterius
1134 537 1476 627 progredi.
1548 542 1913 625 Postquam
1984 548 2211 606 autem
2275 538 2488 609 sensit
2550 561 2622 608 se
2660 540 2807 630 jam

255 627 436 696 male
488 628 763 707 habere,
797 639 862 695 et
911 648 1045 695 non
1082 628 1420 696 victurum
1477 647 1627 696 esse
1675 625 2001 714 ampliuS,
2042 625 2436 696 Antiochiae
2470 628 2808 718 Episcopo

257 715 616 785 celerrime
655 716 985 785 accersito
1032 716 1302 802 Euzojo,
1342 716 1510 804 petit
1534 727 1608 784 ut
1636 715 2039 805 baptizetur.
2090 718 2354 783 Etcum
2394 715 2802 805 baptizatus,

255 822 503 905 parum
559 804 799 873 fuisset
847 816 1216 893 supersteS‚
1270 802 1413 873 illic
1472 826 1508 873 e
1565 804 1700 872 vita
1747 802 2131 895 excedit**,
2186 825 2345 871 cum
2407 804 2811 894 imperasset

253 906 559 1050 integros
582 892 1047 983 quadraginta
1075 915 1317 973 annos,
1357 893 1593 983 viginti
1625 892 1905 979 quidem
1931 914 2089 961 cum
2120 905 2329 980 patre,
2358 892 2548 962 solus
2577 905 2806 963 autem

255 1004 328 1052 re
362 1003 582 1068 iquoS.

344 1073 382 1158 ἓ
429 1077 560 1143 11.
618 1074 783 1139 Cum
819 1091 976 1139 eum
1012 1081 1239 1139 autem
1283 1069 1668 1139 deflevisset
1701 1068 2062 1148 exercitus,
2101 1082 2165 1138 et
2187 1070 2376 1157 justa
2404 1069 2463 1139 ei
2503 1069 2798 1152 fecisset,

256 1160 325 1228 in
369 1181 529 1228 arca
564 1172 966 1248 posuerunt,
1005 1181 1162 1228 cum
1197 1181 1450 1249 corpus
1498 1158 1987 1228 instruxissent
2028 1158 2137 1239 iis,
2176 1180 2351 1246 quae
2400 1157 2620 1228 solent
2657 1159 2809 1228 fleri

256 1247 342 1317 ad
379 1248 530 1328 hoc,
572 1260 645 1315 ut
683 1246 907 1327 duret,
960 1261 1025 1316 et
1072 1268 1230 1316 cum
1284 1248 1351 1316 in
1403 1269 1687 1317 currum
1725 1247 2243 1336 imposuissent,
2291 1247 2598 1317 tulerunt
2640 1252 2808 1317 Con-

260 1335 825 1425 stantinopolim,
881 1358 1038 1405 cum
1093 1337 1390 1426 propriis
1437 1337 1650 1405 armis
1701 1336 2181 1422 unusquisque
2219 1358 2378 1405 eum
2444 1351 2806 1423 sequentes

257 1427 328 1494 in
380 1426 614 1494 eodem
668 1440 937 1507 ornatu,
991 1447 1237 1512 quem,
1292 1426 1457 1494 dum
1509 1425 1805 1504 viveret,
1861 1424 2156 1494 habebat
2205 1424 2379 1493 inter
2430 1426 2800 1514 principes.

259 1520 472 1601 Atque
520 1514 567 1582 ii
616 1512 896 1599 quidem
967 1528 1301 1583 venerunt
1349 1513 2010 1603 Constantinopolim
2047 1567 2062 1593 ‚
2132 1513 2462 1583 ducentes
2525 1536 2798 1604 corpus.

257 1604 454 1672 Venit
501 1615 726 1672 autem
779 1616 843 1671 et
888 1601 1244 1684 Julianus,
1300 1601 1744 1693 proficiscens
1783 1624 1861 1671 ex
1897 1601 2197 1690 Illyrico,
2241 1602 2473 1692 etjam
2521 1602 2809 1672 firmiter

260 1706 497 1762 tenens
544 1691 948 1761 universum
987 1692 1385 1780 imperium,
1432 1690 1625 1761 nullo
1681 1704 1834 1781 post
1875 1702 2161 1760 mortem
2213 1692 2586 1761 Constantii
2638 1713 2808 1761 auso

256 1782 313 1850 ei
369 1803 532 1870 repu
594 1802 778 1848 nare.
833 1784 996 1849 Cum
1050 1793 1277 1849 autem
1332 1779 1626 1849 serretur
1672 1802 1927 1869 corpus
1975 1779 2044 1848 in
2091 1779 2421 1869 templum
2459 1780 2807 1870 Apostolo-

256 1892 438 1949 rum,
494 1804 613 1938 uhi
670 1890 876 1957 prope
927 1882 1187 1959 patrem
1239 1891 1395 1937 eum
1448 1881 1644 1938 erant
1696 1868 2011 1957 posituri,
2067 1867 2393 1937 Julianus
2434 1869 2578 1957 ipse
2617 1891 2803 1958 prae-

257 1957 549 2027 cedebat
593 1957 866 2039 lectum,
921 1957 1130 2046 capiti
1191 1956 1418 2027 ablato
1465 1957 1877 2026 diademate.
1943 1961 2307 2043 Postquam
2368 1970 2593 2026 autem
2645 1980 2803 2027 eum

260 2045 721 2135 sepelierunt,
767 2046 912 2135 jam
965 2046 1246 2116 veniens
1296 2047 1365 2115 in
1417 2046 1678 2135 regiam
1715 2100 1730 2126 ,
1780 2058 1943 2114 tunc
1994 2067 2235 2116 rursus
2287 2046 2614 2136 imposuit
2663 2045 2807 2115 dia·

258 2135 502 2215 dema,
570 2147 635 2203 et
683 2156 909 2203 rerum
964 2135 1354 2225 potiebatur
1387 2190 1402 2215 ,
1457 2134 1646 2204 solus
1686 2134 1830 2225 jam
1884 2138 2349 2204 Romanorum
2401 2134 2803 2205 universum

258 2222 550 2312 adeptus
584 2223 977 2312 imperium.
1037 2227 1202 2292 Cum
1252 2244 1414 2314 ergo
1461 2225 1863 2293 excessisset
1897 2222 2356 2303 ConstantiuS,
2399 2223 2464 2291 in
2508 2245 2647 2305 θος,
2686 2225 2807 2310 qui

257 2313 628 2391 restabant,
675 2324 740 2381 et
788 2312 1084 2381 maxime
1132 2312 1250 2398 qui
1305 2324 1579 2401 propter
1627 2311 1959 2380 invidiam
2021 2311 2475 2401 praebuerant
2521 2333 2803 2382 causam

256 2399 432 2469 Galli
484 2401 874 2482 occisionis,
930 2399 1072 2470 irae
1107 2422 1271 2471 suae
1314 2400 1639 2470 fervorem
1693 2399 1990 2470 ostendit
2033 2400 2389 2469 Julianus.
2442 2406 2520 2470 Et
2576 2402 2801 2472 statim

254 2489 546 2559 Eusebio
578 2488 859 2576 quidem
912 2490 1304 2579 Praeposito
1337 2502 1546 2581 caput
1596 2488 1864 2570 adimit,
1903 2489 2085 2577 quod
2141 2490 2425 2559 omnino
2462 2490 2807 2561 videretur

258 2577 407 2648 suis
455 2577 828 2648 calumniis
875 2578 1068 2648 Gallo
1129 2579 1407 2649 caedem
1460 2579 1876 2660 adornasse3
1928 2579 2219 2649 Paulum
2272 2592 2499 2648 autem
2557 2580 2805 2669 Hispa-

258 2689 453 2748 num,
509 2667 632 2754 qui
680 2679 823 2737 erat
855 2689 1038 2738 unus
1070 2688 1149 2737 ex
1200 2667 1447 2737 scribis
1495 2668 1962 2758 Imperatoris,
2009 2667 2216 2737 tradit
2256 2667 2426 2757 igni,
2471 2670 2687 2755 utqui
2733 2669 2802 2735 in

254 2755 523 2826 Gallum
568 2755 788 2825 suerat
851 2758 1094 2827 acerbe
1143 2756 1472 2826 invectus.
1525 2757 1776 2826 Ambos
1827 2778 2127 2842 namque
2175 2755 2666 2824 Chalcedonam
2698 2756 2806 2792 *Ψ*

255 2844 490 2925 misit,
544 2858 610 2914 et
679 2843 820 2914 illic
868 2857 1242 2932 utrumque
1306 2867 1433 2915 suo
1495 2845 1721 2914 affecit
1769 2844 2137 2935 supplicio.
2206 2843 2550 2914 Interfecit
2595 2844 2800 2914 etiam

262 2933 725 3003 Gaudentium
779 2937 1030 3003 Ducem
1084 2934 1422 3004 exercitus
1470 2933 1755 3014 Africae,
1812 2946 1877 3003 et
1922 2933 2258 3020 quosdam
2308 2932 2518 3013 alios,
2575 2934 2695 3020 qui
2741 2934 2803 3002 ei

254 3021 781 3092 insultaverant.
822 3022 947 3092 Sed
984 3044 1101 3094 eos
1144 3022 1423 3109 quidem
1479 3023 1703 3112 puniit
1754 3043 1872 3111 per
1919 3021 2224 3091 litteras:
2280 3021 2524 3090 Christi
2573 3034 2801 3090 autem

253 3113 646 3200 martyrem,
702 3123 766 3180 et
813 3109 1054 3181 fortem
1095 3112 1428 3181 Athletam
1481 3111 1882 3190 Artemium,
1938 3111 2085 3199 ipse
2133 3131 2254 3199 per
2302 3132 2373 3180 se
2410 3109 2843 3180 Antiochiae·

253 3219 582 3288 praesens
619 3212 1044 3288 praesentem
1091 3222 1213 3289 pro
1267 3214 1368 3270 ter
1417 3199 1665 3269 Christi
1713 3197 2211 3269 confessionem
2256 3198 2637 3268 inhumane
2675 3221 2802 3288 pu-

249 3286 427 3367 niit,
481 3300 547 3357 et
592 3309 720 3368 ea,
778 3308 983 3373 quam
1036 3287 1213 3358 habe
1264 3300 1372 3370 at,
1427 3288 1719 3376 privavit
1765 3299 2093 3378 potestate
2123 3342 2138 3369 ,
2195 3309 2329 3358 non
2379 3285 2604 3359 ferens
2650 3288 2801 3377 ejus

251 3374 530 3445 dicendi
581 3374 960 3446 libertatem
992 3387 1058 3445 et
1088 3377 1571 3446 constantiam.
1624 3376 1943 3445 Julianus
1976 3375 2186 3457 enim,
2224 3398 2411 3456 cum,
2465 3389 2541 3446 ut
2578 3390 2803 3446 osten-

250 3485 404 3534 sum
457 3476 594 3546 est,
649 3468 1116 3535 Romanorum
1187 3477 1595 3555 usurpasset
1647 3466 2018 3554 imperium
2054 3520 2069 3546 ,
2125 3467 2421 3534 maxime
2481 3465 2801 3535 studebat

248 3553 557 3644 gentium
586 3573 884 3623 errorem
922 3554 988 3621 in
1023 3575 1225 3623 suum
1261 3553 1486 3624 locum
1527 3554 1900 3623 restituere.
1945 3558 2020 3622 In
2049 3576 2290 3624 omnes
2315 3555 2544 3642 itaque
2574 3566 2799 3644 partes

248 3642 527 3711 mittens
558 3639 840 3723 litteraS‚
864 3641 1152 3729 jubebat
1178 3642 1461 3712 deorum
1501 3640 1753 3732 templa
1778 3655 1843 3711 et
1874 3642 2116 3712 altaria
2148 3654 2463 3733 prompto
2492 3657 2557 3713 et
2584 3641 2797 3713 alacri

246 3730 463 3800 animi
497 3729 727 3800 studio
758 3730 1005 3813 extrui,
1039 3742 1104 3799 et
1132 3752 1610 3817 quoscumque
1643 3730 1953 3801 redditus
1984 3737 2275 3822 Magnus
2307 3732 2796 3802 Constantinus

245 3818 560 3889 attribuit
597 3818 930 3901 ecclesiia,
966 3832 1031 3890 et
1070 3818 1217 3909 ejus
1250 3819 1441 3889 filius
1471 3821 1931 3902 Constantius,
1966 3842 2081 3891 eos
2110 3819 2388 3902 ademit,
2427 3834 2492 3889 et
2521 3818 2796 3909 templis

243 3907 669 3977 consecravit
700 3907 1069 3990 idolorum,
1107 3930 1231 3998 pro
1265 3908 1646 3999 EpiscopiS,
1701 3908 2123 3999 Presbyteris
2154 3920 2220 3978 et
2254 3909 2591 3989 DiaconiS,
2632 3929 2794 3979 con-

244 3997 538 4068 stituens
586 3996 920 4080 aedituoS‚
975 4019 1391 4087 aspersores,
1449 3998 1804 4068 sacrificos
1850 4013 1915 4067 et
1961 3996 2413 4087 canephoros,
2474 4009 2541 4067 et
2585 4017 2795 4084 quae-

244 4106 545 4173 cumque
595 4085 876 4156 nomina
910 4107 1136 4176 nugae
1173 4086 1545 4175 imponunt
1578 4085 1970 4176 gentilium.
2021 4091 2202 4155 Haec
2241 4085 2520 4172 quidem
2557 4098 2623 4154 et
2654 4085 2788 4154 alia

245 4170 504 4243 fiebant
542 4174 1152 4265 Constantinopoli.

299 4366 322 4388 ⁹
351 4363 538 4409 Scilicet
564 4369 901 4421 Mopsus-mem.
1506 4370 1562 4398 ¹⁸¹*
1589 4371 1723 4411 Anno
1754 4371 1847 4412 361.

298 4419 382 4447 ”¹¹
410 4421 537 4469 Quae
565 4424 615 4461 tn
642 4423 879 4473 Bithynia,
911 4423 1318 4473 constantinopoli
1337 4423 1516 4469 contra.
1542 4421 1771 4470 exsurgit.
1805 4425 1841 4463 A
1875 4420 2043 4464 Tui-cis
2076 4424 2377 4473 nuncupatur
2409 4423 2682 4465 nudi-Revi.
2703 4422 2790 4468 rbi.

239 4480 363 4516 mne
383 4475 472 4520 451,
488 4475 744 4518 concilium
767 4479 1123 4519 oecumenicum
1141 4478 1362 4528 quintum
1380 4476 1671 4518 celebratum
1691 4474 1784 4517 mit
1802 4477 1860 4517 ad
1881 4474 2014 4527 xmpii
2033 4477 2258 4527 Eutychis
2271 4487 2457 4519 errores
2481 4478 2785 4518 damnandos.
