3347 4999
182 365 355 432 OCT.
411 365 448 429 3
855 384 930 427 m:
981 383 1036 428 s.
1089 381 1378 428 ommno
1427 382 1667 428 ABBATE
1718 381 2048 429 BRONIENSI
2515 367 2626 430 101

268 472 304 556 ἓ
349 471 523 539 3⁰.
576 472 699 535 Per
744 466 874 536 hoc
911 480 1184 556 tempus
1218 465 1617 556 Arnulphus
1666 466 1966 536 Marchio
2001 465 2361 536 Flandriae
2402 467 2722 537 domina-

176 560 403 638 batur,
457 555 560 625 vir
607 555 803 625 valde
848 555 1220 644 opulentus
1268 555 1510 642 quovis
1559 576 1808 645 genere
1855 553 2291 636 divitiarum,
2338 558 2438 625 uti
2489 556 2728 627 hodie-

176 668 311 735 que
357 646 568 715 claret
624 645 692 713 in
758 644 989 714 ditiori
1037 645 1188 735 ejus
1236 642 1491 713 sobole.
1546 648 1613 712 Is
1670 643 1906 713 morbo
1956 644 2365 733 gravissimo
2416 657 2719 726 vexatus,

174 736 443 806 nullam
493 755 573 803 ex
623 733 828 804 tantis
875 734 1125 823 opibus
1163 732 1227 800 ei
1276 732 1498 823 potuit
1544 732 1875 802 adhibere
1921 733 2375 803 curationem.
2413 739 2616 804 Recte
2651 735 2722 804 in

172 846 334 895 eum
383 822 750 911 quadraret
799 843 1035 893 versus
1081 820 1227 890 ille:
1282 826 1491 911 Aeger
1537 820 1728 890 dives
1775 821 1981 891 habet
2031 843 2354 892 nummos
2391 876 2406 903 ,
2461 844 2535 892 se
2584 845 2722 892 non

176 912 383 983 habet
429 913 687 1002 ipsum.
743 909 1097 1000 Perpetuis
1142 910 1325 980 enim
1370 909 1860 981 cruciamentis
1907 910 2317 981 conficiebat
2363 932 2524 981 eum
2585 912 2718 981 cal·
2772 963 2778 968 .

174 1001 404 1081 culuS,
460 1000 746 1070 morbus
796 999 1272 1080 intolerabilis,
1326 999 1570 1068 urinae
1621 1010 1887 1070 meatus
1934 999 2324 1069 obstruens.
2356 998 2551 1069 Multi
2574 1000 2729 1086 qui-

174 1092 334 1160 dem
364 1089 447 1158 ad
477 1111 634 1159 eum
671 1088 1085 1158 advolabant
1116 1087 1387 1168 medici,
1420 1109 1618 1157 suam
1658 1088 1969 1177 peritiam
2003 1088 2276 1178 egregie
2300 1089 2721 1178 jactitanteS,

174 1192 254 1249 ut
300 1179 561 1248 scilicet
608 1201 647 1248 a
698 1178 1069 1268 pecunioso
1119 1177 1400 1246 homine
1447 1198 1776 1246 nummos
1822 1189 1887 1246 et
1936 1175 2162 1246 lautas
2209 1175 2453 1268 epulas
2483 1181 2729 1247 emun-

174 1280 438 1359 gerent.
515 1267 795 1356 Ajebant
861 1266 961 1335 illi
1036 1265 1372 1336 incisione
1433 1287 1610 1355 opus
1658 1286 1832 1345 esse,
1886 1277 1951 1334 et
1999 1265 2149 1335 sine
2217 1287 2297 1334 ea
2348 1265 2612 1336 nullam
2664 1266 2728 1334 ei

174 1379 380 1448 posse
421 1356 569 1425 fieri
622 1355 1063 1425 medicinam.
1121 1353 1245 1424 Sed
1301 1354 1622 1445 princeps
1673 1355 1953 1434 verimS,
2012 1376 2120 1435 ne,
2177 1354 2344 1424 dum
2398 1355 2574 1424 vitae
2623 1376 2727 1423 re-

173 1446 409 1515 media
456 1457 707 1535 captat,
764 1444 968 1513 vitam
1016 1465 1299 1534 prorsus
1348 1443 1638 1523 amittat,
1697 1464 1830 1512 non
1885 1442 2143 1533 patitur
2177 1466 2248 1513 se
2279 1442 2426 1512 ulla
2465 1444 2729 1513 ratione

173 1534 417 1605 incidi.
471 1539 677 1604 Porro
726 1533 978 1602 medici
1026 1533 1340 1601 animum
1374 1532 1437 1600 ei
1470 1531 1724 1601 addere
1756 1532 2078 1612 volenteS‚
2120 1532 2238 1601 illo
2270 1533 2721 1622 inspectante,

172 1624 555 1694 octodecim
606 1622 843 1692 eodem
897 1622 1171 1691 affectos
1223 1622 1462 1691 morbo
1514 1620 1931 1701 inciderunt,
1962 1641 2216 1708 eosque
2241 1642 2502 1704 omneS,
2536 1621 2728 1690 dern-

174 1727 310 1804 pto
344 1733 509 1794 un0,
562 1713 680 1798 qui
733 1722 1046 1780 mortuus
1092 1721 1215 1790 est,
1271 1709 1458 1780 brevi
1507 1723 1865 1780 curarunt.
1922 1709 2046 1778 Sed
2115 1708 2230 1778 ille
2276 1732 2463 1779 unus
2509 1732 2545 1778 e
2597 1711 2730 1779 vita

173 1803 479 1882 ablatuS,
535 1800 733 1869 facile
782 1798 1215 1869 confirmavit
1259 1799 1533 1868 comitis
1581 1800 1922 1880 animum,
1977 1819 2061 1867 ne
2110 1820 2182 1867 se
2232 1809 2577 1888 pateretur
2626 1800 2730 1866 in-

172 1890 339 1960 cidi.
395 1887 693 1959 Ta'ndem
748 1893 879 1957 Deo
927 1909 1124 1956 suam
1178 1887 1278 1956 illi
1336 1887 1628 1978 gratiam
1682 1888 2077 1977 aspirante,
2124 1887 2207 1956 ad
2262 1908 2334 1956 se
2382 1909 2722 1967 reversuS,

176 2001 401 2069 spem,
456 1998 665 2065 quarn
718 1976 1103 2047 inconsulte
1150 1976 1222 2044 in
1274 1975 1636 2045 hominum
1690 1988 1832 2045 arte
1882 1988 2226 2065 posuerat,
2276 1978 2344 2045 in
2395 1998 2473 2045 eo
2521 1974 2730 2045 collo·

175 2081 331 2146 cat,
388 2067 508 2153 qui
573 2066 801 2135 omnia
853 2077 1049 2135 curat
1099 2065 1244 2134 solo
1295 2085 1634 2135 sermone.
1690 2069 1949 2135 Hausto
1997 2077 2226 2134 autem
2275 2065 2455 2135 bono
2523 2064 2731 2133 odore

175 2157 402 2225 famae
453 2155 631 2225 beati
680 2154 985 2234 Gerardi,
1031 2155 1430 2243 praesertim
1462 2157 1540 2223 ex
1576 2152 2088 2223 illuminatione
2114 2176 2353 2224 caecae
2387 2153 2723 2234 mulieriS,

181 2244 531 2315 submisse
562 2242 934 2313 admodum
978 2264 1096 2332 per
1129 2243 1417 2312 celerem
1455 2243 1788 2312 nuncium
1823 2264 1978 2312 eum
2017 2255 2233 2333 rogat,
2275 2255 2351 2313 ut
2383 2242 2468 2312 ad
2497 2243 2726 2343 ipsum

174 2334 413 2402 venire
460 2354 546 2402 ne
585 2344 926 2423 gravetur.
965 2332 1161 2401 Venit
1192 2331 1332 2411 ille,
1369 2344 1434 2400 et
1482 2333 1810 2422 princeps
1858 2331 2236 2401 honorifice
2275 2344 2576 2402 Occurrit
2614 2354 2724 2400 ve·

174 2422 422 2503 menti,
474 2442 791 2509 eumque,
847 2433 923 2490 ut
1021 2443 1098 2489 ar
1145 2434 1321 2501 erat,
1375 2419 1877 2513 officiosissime
1923 2421 2211 2512 excipit:
2267 2420 2529 2490 indicat
2569 2442 2726 2489 cum

176 2512 328 2581 laer
382 2511 511 2581 mis
553 2511 773 2581 morbi
823 2531 978 2580 acer
1032 2509 1300 2579 itatem:
1340 2520 1675 2601 orat‚‘pro
1724 2510 1875 2599 ipso
1929 2515 2133 2580 Deum
2187 2511 2726 2601 omnipotentem

178 2613 257 2669 ut
357 2611 734 2689 eprecetur.
789 2603 865 2669 At
911 2600 1014 2667 vir
1046 2598 1199 2678 oei,
1243 2622 1279 2664 «
1316 2598 1523 2668 Crede
1564 2597 1735 2668 mihi
1772 2649 1784 2677 ‚
1851 2599 2098 2686 inquit,
2169 2601 2264 2668 mi
2321 2598 2549 2679 frater,
2593 2621 2727 2667 non

174 2711 306 2789 ego
356 2700 581 2757 tantae
615 2688 790 2757 mihi
833 2688 1103 2757 virtutis
1149 2699 1268 2757 aut
1304 2688 1529 2756 meriti
1569 2688 1893 2758 conscius
1925 2709 2107 2768 sum,
2143 2702 2219 2756 ut
2247 2700 2326 2757 tu
2350 2690 2726 2775 quicquam

173 2777 520 2867 ejusmodi
572 2798 611 2846 a
662 2798 768 2845 me
829 2777 1109 2845 homine
1159 2775 1493 2846 vilissimo
1535 2798 1676 2845 rem
1730 2788 1865 2844 tam
1918 2775 2271 2845 difficilem
2322 2776 2425 2845 exi
2481 2799 2580 2845 as.
2651 2776 2720 2845 Si

171 2868 278 2935 vis
328 2865 724 2956 perfectam,
765 2865 1053 2935 Domino
1091 2865 1464 2941 committe,
1510 2864 1878 2933 medelam.
1918 2888 1954 2931 »
2005 2870 2081 2933 At
2105 2884 2336 2933 comes
2374 2885 2410 2933 e
2465 2866 2721 2933 iverso:

175 2980 211 3021 «
271 2956 523 3035 Sentio,
578 2955 825 3041 inquit,
882 2954 977 3023 mi
1026 2966 1242 3043 pater,
1290 2953 1457 3041 quid
1491 2953 1697 3022 velis:
1736 2954 2166 3022 occasionem
2201 2953 2502 3038 quaeris,
2541 2974 2624 3021 ne
2652 2950 2721 3019 id

173 3044 349 3113 mihi
404 3055 701 3132 praestes
734 3043 965 3112 officii.
1024 3042 1148 3113 Sed
1201 3064 1456 3129 quaeso
1507 3054 1592 3123 te,
1634 3042 2097 3131 praepotentis
2144 3040 2254 3109 Dei
2305 3041 2728 3142 benignitate

173 3132 417 3211 fretus,
462 3153 547 3202 ne
594 3132 767 3200 mihi
814 3131 1093 3201 differas
1133 3131 1400 3200 adferre
1441 3130 1825 3200 remedium
1868 3185 1881 3210 ,
1935 3129 2121 3215 quod
2170 3151 2205 3199 e
2257 3152 2297 3200 o
2345 3130 2727 3200 certissime

175 3222 353 3290 mihi
405 3223 471 3289 in
521 3233 708 3290 tanta
756 3219 1015 3291 doloris
1063 3220 1429 3290 acerbitate
1478 3241 1599 3311 per
1645 3231 1801 3288 tuas
1852 3239 2088 3319 preces
2120 3219 2204 3287 ad
2243 3231 2526 3289 uturum
2581 3217 2727 3309 pol-

173 3310 412 3378 liceor.
465 3309 637 3389 Noli,
694 3310 1018 3388 obsecro,
1072 3308 1536 3379 inhumanum
1590 3320 1652 3376 te
1703 3305 1877 3376 mih1
1926 3306 2296 3389 exhibere,
2354 3307 2469 3377 sed
2525 3309 2730 3377 mise-

176 3419 326 3469 rere
377 3399 537 3479 mei,
592 3398 894 3467 hominis
948 3397 1369 3479 moribundi,
1423 3409 1500 3467 ut
1548 3398 1647 3466 tui
1697 3417 1970 3483 quoque
2021 3401 2197 3466 Deus
2247 3397 2726 3465 misereatur.»

266 3489 487 3574 §31
543 3491 787 3556 Beatus
823 3487 922 3555 vir
969 3488 1069 3556 sic
1118 3486 1474 3576 respondit
1524 3484 1666 3555 laer
1720 3486 1973 3554 manti:
2027 3508 2062 3551 «
2121 3490 2212 3555 Ne
2246 3485 2541 3554 videaris
2589 3483 2730 3553 fru-

173 3589 317 3647 stra
366 3597 407 3645 a
463 3597 571 3644 me
628 3576 903 3664 petiisse
958 3575 1377 3656 remedium,
1429 3572 1662 3644 indica
1716 3595 1754 3643 o
1804 3574 1951 3655 tibi,
2005 3574 2170 3661 quid
2241 3573 2478 3644 facias.
2540 3574 2728 3643 Jacta

174 3685 451 3754 semper
489 3663 558 3731 in
611 3664 976 3734 Dominum
1030 3665 1402 3755 cogitatum
1456 3675 1648 3731 tuum
1681 3717 1696 3742 ‚
1749 3677 1814 3731 et
1860 3663 2024 3750 quia
2078 3662 2317 3732 multis
2357 3675 2605 3732 auctus
2654 3684 2727 3730 es

175 3753 461 3833 divitiis,
500 3752 764 3839 aliquid
796 3775 876 3822 ex
909 3753 994 3823 iis
1026 3765 1304 3842 erogato
1332 3753 1399 3819 in
1440 3772 1801 3841 pauperes,
1838 3764 1904 3821 et
1940 3753 2192 3842 poteris
2222 3750 2496 3822 abolere
2529 3773 2730 3820 enor-

178 3844 483 3912 mitatem
536 3841 872 3912 scelerum
924 3854 1230 3912 tuorum.
1283 3846 1564 3930 Propter
1611 3854 1889 3931 peccata
1929 3843 2112 3910 enim
2165 3839 2510 3910 interdum
2541 3840 2729 3929 ejus-

178 3931 365 4001 modi
417 3929 598 4000 mala
638 3930 986 4000 accidunt.
1044 3930 1166 4000 Ubi
1219 3951 1375 3999 vero
1426 3931 1552 3998 hac
1602 3931 1865 3999 ratione
1915 3930 2256 3999 Christum
2317 3928 2442 3997 tibi
2492 3930 2728 4019 propi·

177 4022 348 4090 tium
402 4018 808 4096 reddideris,
861 4020 1062 4089 etiarn
1115 4030 1416 4109 optatam
1467 4018 1702 4089 licebit
1750 4040 2155 4108 recuperare
2204 4016 2582 4088 salutem.»
2635 4017 2728 4086 Ad

177 4109 348 4178 haec
378 4130 646 4178 comes:
688 4131 723 4174 «
758 4108 1240 4178 Gratissimum
1293 4120 1416 4185 est,
1472 4109 1720 4194 inquit,
1773 4108 1954 4196 quod
2000 4107 2321 4186 hortaris,
2363 4127 2552 4177 serve
2584 4106 2723 4186 Dei,

182 4197 385 4267 modo
419 4197 677 4287 possim
718 4196 964 4268 Christi
1009 4197 1300 4286 experiri
1348 4197 1813 4267 clementiam.
1861 4201 1938 4266 Et
1983 4218 2139 4267 ecce
2188 4196 2408 4264 instar
2445 4195 2726 4265 Zachaei

182 4285 371 4356 illius
418 4285 849 4377 Evangelici,
914 4285 1289 4356 dimidium
1355 4287 1696 4356 bonorum
1752 4306 2058 4354 meorum
2111 4283 2199 4353 do
2251 4284 2723 4374 pauperibuS‚

186 4375 243 4445 si
290 4388 515 4444 tamen
583 4374 798 4465 sopiri
862 4386 1067 4462 queat
1134 4375 1419 4445 morbus
1482 4374 1976 4455 saevissimus,
2033 4394 2142 4443 me
2202 4373 2449 4444 misere
2516 4372 2730 4460 depa-

186 4485 472 4534 scens.»
505 4463 760 4534 Deinde
810 4463 1145 4554 praecipit
1192 4463 1589 4535 domesticis
1638 4463 1811 4543 suiS,
1865 4475 1941 4532 ut
1987 4461 2284 4532 fideliter
2332 4462 2549 4531 sancti
2601 4461 2728 4528 viri
