3347 4999
194 331 381 398 01:1¹..-
419 333 506 397 22
947 352 1026 398 ως
1074 351 1129 398 s.
1182 347 1449 398 Annnclo
1494 350 1592 397 nr.
1634 345 1970 397 mnenon.
2506 333 2634 401 659

190 437 379 504 mille
409 456 670 504 aureae.
704 436 980 504 »Inscri
1043 435 1130 504 tio
1176 436 1450 521 quidem
1506 434 1606 503 sic
1655 456 1725 504 se
1775 434 2067 503 habebat
2099 434 2182 503 ad
2236 435 2548 517 verbum,
2604 438 2722 509 sed

187 537 461 681 hettinus
502 546 607 646 ⁴³¹*
625 544 709 592 ea*
746 457 1033 611 aliquit?
1058 525 1370 606 detraxit,
1409 536 1475 594 et
1510 523 1753 606 effecit,
1791 536 1866 594 ut
1902 523 2213 593 nonnihil
2261 539 2492 616 postea
2540 525 2719 597 desi-

236 627 542 681 erarelut·
614 662 628 678 .

274 704 309 787 ξ
347 704 470 771 28
539 705 693 789 Ipse
730 700 998 770 tandem
1039 723 1194 770 num
1232 702 1667 790 Presbyteros
1698 696 1904 770 simul
1938 715 2002 770 et
2038 701 2390 783 Diaconos,
2428 714 2493 771 et
2524 725 2722 789 quos·

184 788 685 859 dnmvocasset
723 797 803 859 e'x
855 790 1140 878 populo:
1181 813 1216 856 «
1251 791 1496 865 Filioli,
1538 791 1783 875 inquit,
1838 791 2011 859 mihi·
2040 791 2317 876 quidem
2347 792 2490 880 jain
2530 793 2721 863 adest

186 881 369 947 vitae
396 878 581 959 linis,
615 891 677 947 et
726 879 917 951 abeo.
963 901 1003 948 o
1036 903 1193 968 grex
1240 881 1409 948 milti
1451 879 1730 959 dilecte;
1775 880 1943 948 abeo
1978 879 2059 948 ad
2103 879 2164 947 id
2195 934 2210 958 ,
2254 880 2437 967 quod
2484 881 2581 950 vel
2633 881 2719 952 ab

183 968 465 1040 ineunte
496 983 712 1042 aetate
743 968 1245 1050 desiderabam,
1293 970 1465 1038 vitae
1505 989 1758 1058 genus:
1790 981 1854 1037 et
1886 969 1967 1037 ad
2006 990 2189 1050 eum,
2225 969 2426 1053 cujus
2458 990 2582 1059 ego
2615 991 2721 1038 so-

178 1057 321 1127 lius
359 1074 585 1138 teneor
621 1057 978 1127 desiderio.
1018 1075 1081 1125 et
1115 1058 1316 1146 cnjus
1346 1057 1578 1127 divino
1619 1079 1852 1125 amore
1886 1058 2316 1127 vehementer
2352 1057 2713 1138 incendor;

180 1151 352 1217 alteo
386 1168 540 1214 euin
585 1147 875 1215 visurus.
918 1146 1117 1217 Vobis
1146 1162 1372 1216 autem
1402 1145 1979 1231 considerandum
2011 1162 2133 1226 est,
2168 1169 2536 1232 quemnam
2571 1147 2719 1216 sitis

183 1237 377 1305 vohis·
400 1236 676 1304 electuri
709 1237 1147 1324 Episcopum,
1179 1235 1297 1321 qui
1324 1250 1389 1305 et
1416 1258 1532 1305 vos
1567 1247 1715 1325 post
1746 1257 1850 1303 me
1885 1248 2136 1323 pascet,
2167 1249 2230 1303 et
2253 1236 2454 1322 ‘cujus
2488 1257 2717 1305 vocem

185 1325 423 1411 pulcre
470 1324 751 1394 audient
805 1347 989 1393 meae
1027 1347 1207 1403 oves,
1254 1346 1452 1410 quae,
1494 1340 1567 1393 ut
1600 1329 1729 1393 Deo
1765 1323 2005 1412 placet,
2046 1325 2132 1392 ab
2162 1345 2240 1392 eo
2279 1340 2717 1413 pascentur.»

183 1419 364 1483 Haec
395 1438 549 1481 cuin
583 1418 873 1482 Sanctus
904 1414 961 1480 ei
1005 1412 1308 1494 dixisset,
1350 1413 1448 1481 illi
1488 1437 1645 1481 cum
1690 1434 1904 1502 pauca
1950 1414 2125 1481 inter
2159 1434 2230 1481 se
2259 1414 2720 1481 communiter

185 1502 391 1572 locuti
442 1516 691 1580 essent,
745 1501 1422 1590 Arcltipresbyterum
1478 1501 1842 1580 Ecclesiae,
1896 1502 2006 1570 oui
2042 1502 2245 1571 etiam
2288 1523 2532 1570 notnen
2570 1515 2717 1571 erat

181 1592 532 1669 Abercius,
572 1592 1031 1660 communiter
1067 1591 1441 1680 elegerunt.
1487 1590 1879 1673 Quinetiam
1926 1612 2082 1659 cum
2137 1591 2284 1679 ipse
2341 1611 2617 1677 quoque
2655 1591 2719 1660 ei

181 1687 308 1751 sua
360 1682 689 1749 sententia
739 1680 1217 1748 confirmasset
1285 1681 1791 1766 Episcopatunt‚
1855 1679 1916 1747 ei
1968 1679 2263 1766 imponit
2318 1690 2720 1758 ntanus;·et

182 1793 341 1839 cum
382 1768 877 1838 benedixisset:
914 1791 949 1835 «
987 1774 1108 1848 Tu,
1152 1769 1393 1855 inquit,
1435 1789 1474 1837 o
1515 1769 1776 1847 Abel-ei,
1817 1789 2003 1836 nunc
2041 1769 2420 1856 Episcopus
2466 1767 2717 1837 consti-

184 1861 418 1936 tueris,
464 1863 592 1926 Deo
638 1858 864 1934 dante,
899 1871 963 1925 et
998 1880 1103 1926 me
1141 1879 1437 1943 quoqne,
1471 1872 1809 1943 quantum
1851 1868 1955 1925 est
2004 1856 2070 1923 in
2111 1877 2257 1924 mea
2306 1870 2652 1944 potestate.
2679 1879 2715 1923 »

183 1947 439 2016 Deinde
484 1969 641 2014 cum
707 1946 915 2014 simul
972 1968 1130 2014 cuin
1192 1946 1413 2016 oculis
1467 1967 1715 2015 manus
1765 1946 1830 2013 in
1892 1945 2117 2015 coelos
2165 1944 2599 2025 sustulisset,
2651 1955 2717 2014 et

180 2041 390 2104 Deum
420 2047 702 2115 orasset,
746 2036 994 2122 spiritu
1029 2035 1187 2103 hinc
1222 2034 1493 2113 recedit,
1527 2048 1593 2103 et
1629 2033 1872 2102 transit
1897 2033 1981 2103 ad
2021 2033 2392 2114 Christum,
2428 2033 2512 2103 ad
2550 2033 2717 2102 cho·

181 2144 293 2192 ros
342 2124 1265 2213 Angelorumtransmissus,
1309 2123 1425 2209 qni
1481 2146 1550 2192 re
1613 2128 1768 2196 ,vera
1812 2122 2063 2191 vixerat
2105 2135 2178 2191 ut
2227 2128 2318 2191 An
2377 2122 2548 2191 elus.
2585 2127 2714 2191 *Po-

182 2212 393 2312 pulus
441 2230 694 2289 autem,
747 2213 864 2298 qui
937 2213 1286 2281 habitabat
1322 2212 1690 2292 civitatem,
1764 2225 2224 2301 congregatus
2282 2233 2317 2279 a
2435 2232 2713 2280 sacrum

181 2299 350 2369 illud
408 2302 528 2368 viri
569 2324 843 2386 corpus,
882 2324 1039 2370 cum
1090 2301 1183 2368 illi
1236 2322 1428 2369 sacra
1483 2300 1842 2369 cecinisset
1909 2301 2199 2380 cantica,
2245 2315 2309 2368 et
2358 2314 2711 2384 tamqnam

181 2410 621 2457 communem
674 2389 975 2474 aliquem
1028 2389 1423 2458 thesaurum
1476 2388 1911 2468 sustulisset,
1964 2388 2283 2478 deposuit
2333 2388 2398 2456 in
2454 2387 2708 2478 lapide,

180 2477 819 2568 vigesintosecundo
872 2478 1126 2547 mensis
1157 2478 1487 2548 Octobris.
1531 2479 1779 2548 Deinde
1816 2501 1974 2549 cum
2012 2501 2196 2559 eum,
2250 2477 2371 2564 qui
2420 2477 2507 2547 ab
2564 2477 2714 2578 ipso

180 2582 533 2653 act-eperat
561 2569 1069 2655 Episcopatutn,
1104 2569 1170 2635 in
1201 2569 1349 2652 ejus
1385 2569 1702 2637 thronum
1740 2568 2206 2648 deduxissent,
2251 2582 2715 2636 communiter

182 2656 717 2747 magnificat-unt¹
768 2661 999 2732 Deum,
1036 2657 1152 2743 qui
1206 2674 1305 2725 est
1339 2679 1547 2741 supet·
1581 2658 1900 2726 thronum
1940 2656 2197 2746 gloriae
2234 2656 2467 2745 regni:
2501 2674 2710 2740 quein

179 2744 372 2813 decet
406 2746 634 2813 omnis
667 2745 904 2828 honor,
931 2746 1151 2836 gloria
1181 2760 1245 2815 et
1273 2744 1603 2828 adoratio,
1643 2769 1829 2816 nunc
1862 2758 1927 2817 et
1958 2767 2251 2836 semper,
2283 2761 2348 2813 et
2382 2744 2449 2811 in
2482 2741 2717 2813 secula

179 2833 601 2915 seculorum,
636 2839 870 2904 Ainea.

174 2996 421 3090 “samace
442 2997 626 3088 «ἔίεδιιο,
643 2997 845 3038 multum
865 2994 989 3038 inter
1008 2994 1246 3046 Eruditm,
1263 2997 1321 3038 de
1341 2997 1429 3037 hoc
1447 2993 1698 3050 Epitaphio
1718 2995 2014 3046 disputatum
2033 2992 2148 3041 mim
2179 3003 2264 3036 nec
2284 2992 2419 3035 litem
2437 2999 2718 3047 componere

288 3060 313 3089 e
342 3061 367 3090 e
395 3060 446 3091 se
472 3077 482 3090 .
