3347 4999
692 306 820 371 326
1368 323 1446 370 ns
1493 322 1549 371 s.
1605 322 1874 369 ΡΑυιιΝο
1922 321 2120 370 muse.
2173 321 2355 370 asoa.
2833 301 3005 400 OCT.
3066 302 3165 367 10

605 406 916 477 humano
966 406 1224 496 generi,
1281 406 1460 492 quod
1519 406 1794 496 pretiosi
1828 428 1949 476 san
2006 406 2192 476 uinis
2234 407 2342 476 sui
2390 405 2724 476 effusione
2765 427 2804 473 a
2854 404 3169 475 vinculis

608 495 996 565 diabolicae
1043 495 1456 585 captivitatis
1504 495 1784 585 eripuit,
1840 518 1955 564 mu
1994 498 2058 564 ta
2108 494 2566 585 providentia,
2624 494 2877 582 quibus
2929 493 3169 564 salva-

603 600 822 665 retur,
884 584 1276 674 propinavit
1326 583 1661 653 remedia:
1714 596 2058 671 quatenus
2106 584 2212 652 sui
2266 584 2567 653 nominis
2616 582 2986 674 agnitione,
3041 582 3165 651 di·

604 695 800 743 verso
853 673 1056 742 modo
1096 728 1112 753 ,
1211 672 1487 743 entibus
1555 672 2060 753 innotescente,
2113 686 2482 742 creatorem
2550 694 2756 742 suum
2832 683 3165 761 suscepto

605 761 1030 833 Christianae
1095 760 1143 833 fi
1197 761 1259 830 ei
1326 774 1777 851 agnoscerent
1837 775 2302 832 sacramento:
2355 760 2535 849 quod
2586 760 2867 848 quidem
2922 761 2985 829 iu
3040 782 3166 828 ve-

605 862 784 920 strae
833 850 1093 941 gloriae
1143 850 1462 921 sensibus
1510 850 1785 921 coelesti
1838 849 2164 920 collatum
2221 872 2503 921 munere
2553 851 2845 940 mystica
2896 870 3163 939 purga-

603 938 812 1010 tionis
864 951 1123 1009 vestrae
1170 961 1241 1008 re
1293 939 1594 1008 eneratio
1647 953 1953 1029 patenter
2002 940 2252 1009 innuit.
2310 944 2551 1029 Magno
2600 959 2761 1029 ergo
2814 936 3162 1027 largitatis

603 1028 1002 1098 Dominicae
1050 1029 1222 1099 bene
1251 1027 1383 1097 icio
1435 1049 1627 1097 mens
1677 1039 1908 1098 nostra
1960 1027 2215 1129 gaudio
2248 1028 2594 1108 exultavit,
2649 1026 2829 1115 quod
2883 1026 3162 1096 scintil-

604 1115 743 1187 lam
794 1116 1210 1187 orthodoxae
1261 1116 1612 1207 religionis
1663 1117 1731 1185 in
1787 1129 1988 1186 vestri
2025 1116 2352 1217 dignatus
2384 1130 2483 1189 est
2517 1116 2961 1186 conversione
2991 1138 3162 1185 suc·

600 1204 918 1276 cendere.
973 1211 1065 1276 Ex
1110 1227 1246 1293 qua
1301 1227 1369 1274 re
1421 1228 1555 1275 non
1592 1205 1815 1276 solum
1908 1205 2137 1275 loriost
2175 1206 2494 1296 conjugis
2531 1206 2755 1286 vestri,
2800 1205 3012 1273 immo
3044 1217 3155 1273 to-

603 1294 741 1364 tius
789 1294 1014 1385 gentis
1062 1295 1459 1385 suppositae
1500 1294 1693 1365 vobis
1729 1228 2247 1385 intelligentiam
2289 1295 2354 1362 in
2392 1316 2693 1363 amorem
2733 1294 2841 1362 sui
2874 1292 3159 1387 facilius

604 1382 1094 1455 inflammaret.
1177 1382 1557 1453 Didicimus
1617 1404 1917 1469 namque
1967 1382 2415 1453 referentibus
2467 1383 2616 1462 his»,
2669 1383 2789 1469 qui
2838 1387 2921 1452 ad
2976 1404 3149 1462 nos,

604 1470 890 1561 gloriosi
943 1472 1068 1555 filii
1099 1473 1310 1543 nostri
1338 1471 1730 1541 Audubaldi
1771 1472 1949 1561 regis
1978 1471 2397 1542 laudabilem
2427 1472 2940 1543 conversionem
2972 1493 3158 1539 nun-

603 1561 887 1641 cianteS,
945 1573 1421 1651 pervenerunt,
1466 1560 1649 1648 quod
1700 1561 1903 1630 etiam
1958 1573 2172 1631 vestra
2224 1561 2466 1651 gloria,
2515 1560 2937 1631 Christianae
2986 1559 3157 1629 fidei

602 1662 924 1740 suscepto
962 1650 1267 1720 mirabili
1317 1662 1770 1729 sacramento,
1812 1650 1941 1740 piis
1974 1662 2039 1719 et
2076 1655 2201 1720 Deo
2241 1650 2510 1740 placitis
2534 1649 2796 1740 jugiter
2819 1648 3156 1738 operibus

604 1736 975 1811 enitescat:
1028 1739 1116 1809 ab
1168 1737 1506 1808 idolorum
1559 1738 1762 1808 etiam
1813 1738 2031 1819 cultu,
2087 1761 2205 1808 seu
2257 1738 2599 1817 fanorum,
2654 1739 3156 1827 auguriorum-

602 1848 739 1912 que
765 1826 1132 1898 -illecebris
1184 1849 1253 1898 se
1287 1826 1650 1926 diligenter
1685 1827 2044 1909 abstineat,
2083 1841 2147 1897 et
2173 1828 2262 1898 ita
2299 1828 2366 1896 in
2410 1849 2640 1897 amore
2672 1826 3155 1916 Redemptoris

603 1914 713 1984 sui
765 1915 1185 1986 immutilata
1234 1915 1590 1985 devotione
1642 1917 2013 2005 persistens
2064 1916 2392 2003 invigilet,
2448 1931 2522 1987 ut
2577 1914 2663 1985 ad
2712 1915 3150 1984 dilatandam

608 2003 1064 2074 Christianam
1138 2003 1343 2074 fidem
1408 2004 1909 2075 incessabiliter
1979 2027 2109 2075 non
2160 2005 2442 2075 desistat
2511 2026 2788 2093 operam
2840 2024 3152 2073 commo-

603 2091 797 2161 dare.
856 2097 1161 2179 Cumque
1209 2093 1292 2162 de
1325 2091 1624 2182 glorioso
1671 2094 1966 2185 conjuge
2016 2108 2233 2164 vestro
2287 2108 2563 2184 paterna
2614 2093 2912 2163 charitas
2964 2092 3155 2161 solli-

603 2180 734 2249 cite
786 2181 1253 2270 perquisisset,
1306 2182 1781 2272 cognovimuS,
1836 2182 2013 2270 quod
2067 2197 2349 2252 eatenus
2397 2182 2887 2253 abominandis
2940 2180 3150 2252 idolis

602 2270 931 2350 serviens,
962 2269 1046 2339 ad
1086 2269 1601 2359 suscipiendam
1654 2293 1883 2340 vocem
1941 2272 2513 2362 praedicatorum,
2564 2292 2760 2342 suam
2798 2270 3152 2339 distulerit

604 2356 1069 2427 obedientiam
1134 2358 1475 2429 exhibere.
1546 2364 1692 2442 Qua
1740 2382 1819 2431 ex
1868 2382 1939 2429 re
1990 2383 2120 2431 non
2185 2361 2451 2430 modica
2505 2361 2702 2429 nobis
2750 2358 3148 2428 amaritudo

603 2458 924 2535 congesta
975 2460 1076 2518 est
1123 2447 1208 2518 ab
1255 2470 1357 2529 eo,
1409 2449 1590 2536 quod
1648 2471 1804 2539 pars
1853 2450 2158 2540 corporis
2195 2450 2419 2530 vestri,
2452 2450 2539 2538 ab
2569 2471 2603 2518 a
2662 2448 2923 2518 nitione
2953 2469 3149 2518 sum-

603 2555 757 2604 mae
803 2550 869 2605 et
917 2535 1313 2606 individuae
1349 2539 1697 2607 Trinitatis
1733 2541 2062 2609 remansit
2109 2552 2450 2609 extranea.
2495 2543 2589 2608 Un
2647 2562 2682 2606 e
2719 2538 3019 2626 paternis
3049 2535 3150 2605 of-

602 2623 785 2694 ficiis
837 2638 1092 2695 vestrae
1126 2625 1464 2716 gloriosae
1501 2625 1990 2697 Christianitati
2027 2644 2325 2698 nostram
2363 2627 2968 2698 commonitionem
3010 2647 3147 2694 non

600 2711 1007 2785 distulimus
1056 2714 1567 2796 conferendam,
1621 2716 2086 2797 adhortantes,
2144 2731 2485 2804 quatenus
2534 2716 2807 2785 divinae
2851 2715 3147 2805 inspira·

602 2802 811 2872 tionis
854 2803 1144 2881 imbuta,
1199 2802 1576 2883 subsidiis,
1624 2804 2016 2894 importune
2064 2819 2129 2874 et
2174 2819 2561 2894 opportune
2608 2803 2955 2893 agendum
3009 2823 3148 2872 non

599 2889 921 2972 differas,
977 2906 1053 2961 ut
1099 2905 1164 2961 et
1213 2891 1404 2981 ipse,
1463 2890 1831 2962 Salvatoris
1884 2894 2095 2963 nostri
2148 2894 2417 2963 Domini
2466 2900 2632 2964 Jesu
2682 2892 2931 2963 Christi
2979 2912 3143 2961 coo-

603 2994 881 3067 perante
934 2980 1257 3071 potentia,
1313 2979 1857 3050 Christianorum
1931 3004 2218 3052 numero
2267 2981 2630 3072 copuletur
2662 3036 2677 3063 ,
2732 2994 2808 3050 ut
2858 2979 3149 3070 perinde

602 3070 1046 3139 intemeratae
1095 3068 1437 3139 societatis
1471 3068 1741 3140 foedere
1756 3071 1918 3160 jura
1953 3085 2183 3141 teneas
2217 3072 2554 3141 maritalis
2575 3070 2927 3140 consortii.
2960 3068 3146 3139 Scri·-

604 3171 798 3246 ptum
853 3179 1152 3244 namque
1199 3173 1335 3228 est:
1388 3163 1602 3229 Erunt
1637 3159 1767 3228 duo
1810 3161 1877 3228 in
1910 3183 2110 3230 carne
2139 3183 2302 3229 una.
2339 3159 2693 3243 Quomodo
2722 3178 2885 3250 ergo
2915 3157 3150 3227 unitas

597 3245 792 3315 vobis
840 3245 1352 3332 conjunctionis
1400 3247 1626 3317 inesse
1672 3247 1811 3316 dici
1866 3250 2132 3337 poterit,
2188 3249 2243 3317 si
2293 3272 2334 3318 a
2382 3261 2642 3317 vestrae
2702 3246 2861 3316 fidei
2913 3245 3151 3334 splen-

598 3332 788 3411 dore,
847 3334 1266 3424 interpositis
1294 3334 1717 3405 detestabilis
1749 3338 2002 3406 erroris
2032 3338 2356 3417 tenebris,
2396 3337 2801 3406 remanserit
2833 3334 2942 3405 ille
2972 3333 3150 3402 alie—

601 3425 786 3491 nus?
821 3423 1011 3493 Unde
1057 3424 1348 3493 orationi
1399 3424 1728 3493 continuo
1779 3425 2128 3506 insistens,
2185 3448 2225 3495 a
2274 3425 2795 3515 longanimitate
2826 3422 3147 3493 coelestis

597 3509 1027 3592 clementiae,
1069 3510 1605 3582 illuminationis
1655 3512 1847 3584 illius
1880 3514 2213 3584 beneficia
2249 3515 2618 3605 impetrare
2651 3536 2784 3584 non
2827 3512 3145 3588 desinas:

598 3611 676 3668 ut
726 3598 1061 3680 videlicet,
1115 3622 1290 3687 quos
1338 3600 1689 3691 copulatio
1727 3603 2026 3674 carnalis
2062 3604 2346 3673 affectus
2379 3626 2597 3674 unum
2633 3600 3152 3690 quodammodo

595 3709 862 3777 corpus·
903 3688 1301 3759 exhibuisse
1351 3703 1799 3771 monstratur,
1839 3691 1966 3762 hos
1998 3713 2271 3780 quoque
2302 3692 2531 3763 unitas
2562 3691 2720 3762 fidei
2755 3692 2958 3762 etiam
2998 3703 3154 3779 post

602 3776 812 3867 hujus
861 3779 1034 3848 vitae
1083 3778 1448 3847 transitum
1487 3832 1503 3859 ‚
1558 3778 1627 3847 in
1710 3796 2036 3871 perpetua
2085 3782 2405 3851 societate
2462 3793 2838 3851 conservet.
2900 3779 3153 3848 Insiste

597 3887 781 4022 ergO,
823 3865 1118 3956 gloriosa
1158 3866 1327 3947 filia,
1383 3878 1448 3935 et
1498 3869 1796 3938 summis
1845 3870 2210 3940 conatibus
2246 3869 2575 3939 duritiam
2621 3869 2851 3939 cordis
2895 3867 3148 3957 ipsiuS,

597 3975 669 4024 re
705 3954 919 4045 igiosa
973 3955 1366 4026 divinorum
1425 3971 1943 4046 praeceptorum
1999 3959 2468 4029 insinuatione
2525 3957 3160 4029 molliresumrno-

600 4065 760 4133 pere
808 4045 1164 4115 dematura
1205 4098 1219 4125 ,
1276 4042 1651 4115 infundens
1700 4048 2022 4118 sensibus
2070 4049 2253 4137 ejuS,
2308 4060 2643 4135 quantum
2695 4047 2785 4116 sit
2848 4044 3160 4135 praecla-

603 4154 788 4213 rum,
843 4134 1023 4221 quod
1076 4133 1419 4204 credendo
1468 4137 1831 4224 suscepisti
1885 4136 2317 4227 mysterium,
2370 4148 2791 4223 quantumve
2824 4136 2911 4205 sit
2939 4132 3164 4203 admi-

594 4221 850 4303 rabile‚
902 4222 1083 4309 quod
1148 4236 1379 4291 renata
1449 4225 1835 4310 praemium
1889 4225 2219 4313 consequi
2276 4224 2611 4294 meruisti.
2672 4223 3154 4314 Frigiditatem

589 4310 823 4379 cordis
872 4311 1115 4400 ipsius,
1156 4312 1385 4381 Sancti
1436 4312 1736 4401 Spiritus
1786 4314 2325 4384 annunciatione
2356 4311 2735 4383 succende:
2774 4325 3156 4399 quatenus,

590 4411 822 4470 amoto
879 4407 1149 4490 torpore
1225 4399 1795 4491 perniciosissimi
1861 4402 2134 4485 cultuS,
2194 4402 2468 4471 divinae
2529 4401 2688 4471 fidei
2747 4400 2935 4471 calor
2995 4401 3165 4489 e'jus

1645 4623 1666 4654 ἃ
