3347 4999
713 333 839 396 544
1512 345 1591 394 nn
1640 348 1693 394 s.
1751 347 2000 395 moxona
2049 348 2234 394 mar.
2836 328 3008 394 OCT.
3070 330 3158 393 18

629 433 938 504 videlicet
989 432 1213 503 nolam
1293 431 1326 467 ⁴²
1384 431 1724 514 ferream,
1781 433 1845 502 in
1900 433 2025 502 viri
2080 433 2189 502 Dei
2261 433 2643 522 praesentia
2706 456 2745 503 a
2813 454 3016 521 porco
3064 431 3158 500 de

629 538 804 595 terra
850 523 1189 604 effossam,
1241 543 1416 608 quae
1464 521 1692 591 adhuc
1742 521 1807 591 in
1861 544 1984 591 sua
2031 521 2367 612 dependet
2410 523 2719 594 ecclesia.
2775 528 2919 605 Quo
2967 521 3157 591 dono

631 636 765 682 non
804 634 1044 700 parum
1080 611 1506 693 laetificatuS,
1539 612 1814 701 agnovit
1864 611 2268 701 intrepidus,
2309 612 2497 713 pium
2548 613 2790 683 Jesum
2832 610 3158 680 inchoato

624 701 810 793 operi
849 700 1142 790 benigne
1183 700 1425 770 favere.
1474 705 1617 769 Mox
1650 698 1832 770 fama
1864 701 2110 789 quietis
2147 723 2373 770 nescia
2413 701 2952 791 circumquaque
2985 699 3158 769 voli-

628 807 799 872 tans,
842 812 1174 881 pagenses
1219 791 1533 860 excitavit
1583 812 1715 859 non
1771 790 2223 871 mediocriter,
2276 803 2354 860 ut
2387 790 2547 860 huic
2590 794 2701 861 Dei
2735 789 2998 861 homini
3032 788 3157 858 ad-

629 882 954 958 haereret,
1003 901 1296 966 quorum
1336 901 1464 970 ope
1509 891 1573 948 et
1621 878 1850 949 labore
1903 880 2194 949 nimium
2246 892 2665 951 sustentatus
2712 880 2922 951 erexit
2967 876 3157 947 aedi-

626 970 879 1051 culam,
921 968 1179 1038 divitiis
1208 968 1486 1056 quidem
1520 968 1734 1037 seculi
1765 990 2076 1049 vacuam,
2124 967 2239 1038 sed
2273 969 2516 1038 virtute
2547 992 2795 1060 supera
2845 968 3148 1060 plenam.

630 1066 791 1129 Nam
848 1059 1393 1149 promerentibus
1438 1057 1588 1148 ejus
1638 1058 1897 1127 meritis
1947 1057 2295 1129 vivacibus
2325 1113 2340 1140 ,
2398 1058 2770 1130 multorum
2815 1057 3157 1147 languen-

635 1150 799 1219 tium
851 1170 1134 1238 corpora
1184 1147 1353 1217 inibi
1405 1169 1524 1217 sua
1577 1146 2004 1217 offerentium
2058 1169 2369 1226 munera,
2412 1170 2492 1218 ex
2531 1149 2795 1239 integro
2843 1146 3154 1237 sospitati

632 1238 942 1307 restituta
995 1250 1178 1307 sunt.
1235 1242 1477 1306 Verum
1528 1236 1742 1306 hostis
1803 1236 2087 1306 humani
2139 1238 2408 1326 generis
2457 1260 2668 1328 supra
2718 1236 2998 1306 modum
3054 1235 3158 1304 in-

631 1329 838 1418 digne
898 1326 1167 1408 ferens,
1219 1327 1421 1395 etiam
1476 1325 1700 1396 locum
1761 1325 1958 1395 istius
2005 1326 2214 1394 eremi
2284 1325 2477 1396 titulo
2539 1323 3065 1397 Christianitatis
3115 1347 3156 1393 a

628 1419 813 1505 justo
865 1417 1004 1484 viro
1054 1416 1151 1485 sic
1204 1414 1571 1495 nobilitari,
1626 1416 1870 1485 anxius
1916 1415 2080 1501 quid
2117 1427 2365 1505 ageret,
2417 1415 2789 1502 qualiterve
2836 1427 3155 1504 coeptum

632 1528 805 1607 opus
855 1505 1399 1595 interrumperet,
1457 1526 1688 1574 secum
1729 1505 2075 1573 tractabat.
2131 1504 2426 1574 Tandem
2478 1505 2622 1575 face
2671 1526 3003 1574 accensus
3054 1503 3157 1571 in-

634 1594 875 1674 vidiae,
930 1616 1065 1682 qua
1117 1593 1608 1685 protoplastum
1661 1606 1921 1684 patrem
1974 1605 2280 1663 nostrum
2321 1594 2679 1675 Adamum,
2722 1591 3151 1684 proh-dolori

630 1684 890 1774 expulit
947 1683 1033 1752 ab
1083 1684 1277 1753 horto
1324 1682 1773 1761 deliciarum,
1827 1683 2095 1773 appulit
2151 1683 2279 1753 sibi
2341 1705 2502 1753 suae
2551 1683 2917 1753 voluntatis
2967 1703 3159 1751 corn-

633 1789 842 1865 poteS,
898 1772 1155 1844 scilicet
1203 1772 1497 1843 latrones
1545 1772 1850 1852 sicarios,
1907 1794 2080 1860 quos
2124 1773 2390 1859 jamdiu
2439 1773 2571 1842 sibi
2610 1771 3159 1842 obsecundantes

630 1863 886 1933 sciebat
941 1885 1015 1931 ae
1072 1884 1139 1931 re
1189 1862 1396 1942 ferre,
1449 1861 1632 1948 quod
1684 1861 1783 1930 vir
1849 1862 2054 1931 totius
2094 1861 2470 1932 sanctitatis
2517 1860 2886 1951 exemplar,
2939 1860 3159 1930 lustra

632 1974 916 2022 suarum
969 1952 1035 2020 in
1095 1951 1377 2021 abitaret
1424 1951 1780 2020 silvarum.
1835 1951 1992 2020 Sine
2044 1973 2232 2021 mora
2286 1951 2495 2052 igitur
2540 1951 2898 2030 irruentes,
2959 1949 3159 2040 pesti-

631 2041 907 2128 feroque
962 2063 1181 2111 cuneo
1232 2052 1769 2131 perstrepentes,
1823 2040 2081 2109 crudeli
2134 2054 2332 2111 morti
2385 2041 2780 2130 mancipant
2828 2044 3156 2109 Sanctum

637 2131 771 2199 Dei.
827 2130 934 2198 Sic
986 2142 1244 2219 martyr
1306 2129 1584 2199 effectus
1633 2129 1974 2218 gloriosus
2024 2135 2312 2211 Monon,
2370 2129 2627 2198 calcato
2680 2127 2938 2199 mundo
2988 2150 3148 2197 cum

636 2220 783 2289 suis
817 2218 1415 2309 concupiscentiiS,
1449 2218 1870 2289 indefectivis
1903 2219 2153 2289 fruitur
2185 2219 2480 2308 gaudiis,
2526 2219 2959 2307 conspiciens
2998 2238 3157 2286 cum

636 2306 906 2398 Angelis
954 2307 1476 2378 desiderabilem
1545 2308 1806 2377 vultum
1858 2308 2021 2388 Dei,
2078 2308 2454 2378 associatus
2503 2306 2688 2376 haud
2738 2307 2949 2376 dubio
3001 2311 3160 2375 Pro-

641 2398 995 2481 phetarum
1038 2397 1286 2477 choris,
1326 2396 1795 2487 Apostolorum
1832 2396 2159 2489 collegiis,
2205 2403 2575 2487 Martyrum
2610 2395 2953 2486 dignitati,
2993 2401 3161 2464 Con-

636 2486 970 2562 fessorum
1007 2484 1370 2570 sodalitati,
1428 2487 1777 2576 Virginum
1819 2485 2198 2558 dulcisonis
2236 2488 2523 2558 choreis.

723 2579 759 2663 ἓ
807 2581 891 2648 4.
945 2580 1126 2659 Quae
1162 2599 1266 2646 res
1320 2590 1673 2666 postquam
1730 2577 2102 2647 vicinorum
2155 2579 2559 2668 gravissimo
2610 2576 2900 2670 perculit
2957 2597 3160 2645 aures

640 2666 944 2744 nunci0,
1010 2679 1491 2746 accurrenteS,
1560 2688 1637 2734 ac
1697 2671 2018 2736 Sanctum
2088 2669 2198 2736 Dei
2265 2666 2445 2737 letali
2510 2669 2826 2738 affectum
2880 2666 3161 2736 vulnere

635 2755 1155 2842 conspicientes,
1196 2755 1656 2845 lacrymarum
1695 2756 1947 2825 rivulos
1985 2778 2142 2845 prae
2177 2756 2406 2826 dolore
2437 2757 2709 2828 abunde
2739 2756 3156 2834 effnde-mnu

638 2843 1029 2933 gaudebant
1079 2856 1302 2914 tamen
1346 2844 1616 2934 spiritu,
1669 2844 1850 2931 quod
1896 2846 1961 2914 in
2007 2847 2152 2917 suis
2185 2846 2504 2917 confiniis
2556 2846 2755 2917 talem
2809 2848 3164 2916 merebant

639 2932 887 3003 habere
937 2945 1298 3023 patronum
1347 2956 1425 3003 ac
1476 2944 1765 3003 tutorem
1815 2934 1999 3025 apud
2059 2935 2466 3014 Dominum,
2521 2935 3154 3026 vigilantissimum.

639 3022 804 3091 Inde
832 3022 1332 3112 quamplurimi
1368 3023 1680 3112 Martyris
1722 3024 1997 3112 pretiosi
2031 3024 2255 3094 locum
2297 3024 2572 3106 adeunt,
2612 3046 2818 3112 quem
2852 3023 3162 3110 undique

638 3112 1003 3181 sentientes
1043 3111 1275 3181 divino
1331 3111 1593 3181 lumine
1641 3112 1995 3193 illustrari,
2051 3113 2380 3204 gloriosas
2426 3115 2745 3202 exequias
2784 3112 3156 3191 celebrant,

638 3221 717 3268 ac
757 3200 1064 3289 corporis
1117 3201 1512 3272 thesaurum
1557 3201 2164 3293 incomparabilem
2211 3203 2642 3272 invictissimi
2678 3202 2865 3272 testis
2914 3202 3158 3271 Christi

637 3289 1030 3377 sepulturae
1066 3290 1366 3371 tradunt,
1422 3289 1739 3360 candidis
1773 3292 2078 3379 undique
2125 3292 2230 3382 (ut
2277 3291 2587 3380 decebat)
2631 3290 3160 3360 honorificatum

635 3377 1078 3477 ornamentis.
1110 3383 1252 3460 Quo
1284 3378 1430 3449 loco
1455 3393 1619 3465 quot
1650 3393 1878 3469 postea
1905 3381 2276 3451 derivarint
2312 3380 2641 3450 beneficia
2681 3381 2790 3450 Dei
2822 3381 2888 3449 in
2924 3402 3003 3448 ae
3058 3401 3162 3448 ro-

639 3476 926 3534 tantium
971 3467 1300 3549 membra,
1338 3467 1744 3538 claudorum
1787 3470 2068 3548 scilicet,
2107 3490 2492 3549 caecorum,
2532 3470 2911 3548 aridorum,
2955 3468 3017 3537 se
3073 3468 3162 3536 ri-

636 3554 1022 3634 citantium,
1063 3555 1353 3644 aliisque
1390 3555 1711 3647 plurimis
1748 3558 2177 3630 detentorum
2230 3557 2605 3639 doloribus,
2656 3559 2895 3629 nullus
2936 3578 3162 3628 sermo

638 3656 865 3714 noster
897 3644 981 3712 ad
1031 3643 1400 3716 dicendum
1437 3645 1711 3717 suflicit.

721 3736 757 3819 ξ
803 3738 888 3805 5.
946 3739 1190 3803 Beatus
1226 3757 1380 3804 vero
1408 3740 1710 3807 ,Ioannes
1747 3749 2163 3809 memoratus
2197 3736 2600 3827 Episcopus,
2642 3736 2726 3806 ad
2768 3735 3162 3823 exemplum

636 3822 1345 3922 sequentium-adhuc
1396 3837 1765 3914 supersteS‚
1815 3826 2108 3896 indoluit
2157 3830 2436 3895 Servum
2503 3827 2614 3895 Dei
2670 3825 2799 3896 sibi
2853 3827 2919 3894 in
2963 3825 3163 3894 fami—

637 3913 778 3981 litio
828 3911 1218 3982 devinctum
1272 3936 1311 3982 a
1364 3915 1875 3985 conversatione
1925 3916 2310 3996 hominum,
2363 3936 2534 4001 quos
2582 3915 2836 3984 sanctis
2887 3914 3164 3984 monitis

634 4000 1069 4102 infor-mahat,
1124 4001 1573 4092 exemploque
1622 4004 1868 4094 dignos
1922 4010 2049 4074 Deo
2099 4003 2445 4084 reddebat,
2499 4003 2598 4072 sic
2647 4003 2817 4072 vitae
2852 4004 3167 4073 transito-

634 4113 771 4158 riae
808 4102 1156 4179 insperato
1201 4093 1626 4181 percurrisse
1661 4093 1958 4164 stadium
1993 4118 2008 4161 :
2048 4093 2361 4179 quamvis
2395 4093 2618 4172 sciret,
2656 4093 2882 4182 potius
2919 4093 2980 4162 ei
3008 4114 3166 4162 con-

630 4178 1077 4266 gaudendum
1104 4181 1249 4269 jam
1289 4181 1355 4249 in
1400 4181 1809 4253 coelestibus
1847 4182 2377 4252 immortalitatis
2410 4180 2627 4267 gloria
2659 4195 3002 4251 coronato.
3045 4182 3164 4250 Hic

630 4280 905 4347 autem,
975 4269 1509 4359 cooperantibus
1560 4270 1883 4343 fidelibus
1940 4271 2220 4351 vicinis,
2274 4270 2627 4339 basilicam
2679 4270 3164 4340 condecentem

632 4357 758 4429 sibi
795 4357 1203 4438 aedificavit,
1251 4381 1461 4446 quam
1506 4359 1575 4427 in
1617 4359 1940 4431 honorem
1996 4362 2226 4432 beatae
2268 4360 2514 4429 Mariae
2561 4380 2832 4449 semper
2880 4359 3164 4449 virginis

686 4485 710 4512 *¹
741 4484 846 4532 Seu,
863 4484 1022 4527 italice
1039 4486 1320 4537 campanella,
1341 4486 1447 4536 gau.
1466 4488 1673 4528 cloeheue.
