3347 4999
179 305 351 370 OCT.
412 305 494 368 17
1067 321 1144 367 nc
1193 322 1247 367 S.
1303 318 1597 366 1131)thss
1649 321 1839 367 vinca
2506 306 2636 370 547

180 430 355 488 eam,
410 406 581 475 dixit
631 405 970 494 permulta
1017 427 1163 475 eam
1218 426 1257 474 a
1306 403 1611 475 Boleslao
1661 403 2129 475 toleraturam.
2185 411 2274 475 De
2325 407 2558 478 eodem
2598 414 2721 479 Bo·-

191 495 397 565 leslao
430 494 787 584 praedixit,
821 517 978 565 eum
1014 516 1050 563 e
1085 494 1497 563 monasterio
1529 493 1990 563 Trebniciensi
2026 494 2201 563 duas
2229 518 2498 565 sorores
2527 520 2713 579 suaS,

191 606 365 672 quae
412 584 555 654 illic
605 584 889 654 Domino
938 582 1225 653 traditae
1254 595 1468 664 erant,
1505 583 1566 650 vi
1608 588 2097 652 extracturum.
2132 584 2375 653 Omnia
2417 585 2584 655 baec
2635 587 2719 656 de

192 673 492 743 Boleslao
543 672 913 764 praedicta,
970 673 1062 741 rei
1116 672 1424 761 probavit
1472 683 1797 741 eventus:
1837 684 2132 740 attamen
2194 671 2403 742 altera
2460 674 2711 743 harum

192 785 529 845 sororum,
567 763 846 833 domina
895 767 1137 851 Agnes,
1199 760 1396 831 rediit
1443 761 1525 829 ad
1574 762 2093 841 monasterium,
2134 772 2198 831 et
2233 761 2300 828 in
2341 763 2714 832 monastica

194 852 610 943 professione
645 851 963 921 defuncta
1003 863 1124 921 est.

281 950 318 1022 ἓ
365 947 523 1016 42.
578 940 865 1024 Quidam
921 940 1303 1010 Fridericus
1354 940 1529 1009 beati
1582 938 1919 1009 Francisci
1954 939 2339 1009 institutum
2372 940 2717 1029 professus

194 1031 341 1100 fuit.
412 1036 497 1099 De
551 1052 628 1099 eo
680 1031 778 1098 sic
826 1030 996 1098 dixit
1049 1030 1243 1098 beata
1293 1028 1639 1118 Hedwigis
1704 1028 1785 1098 ad
1841 1032 2101 1097 Annam
2149 1051 2402 1098 nurum
2465 1052 2707 1099 suam:

194 1144 227 1185 «
268 1118 554 1190 Multum
604 1119 799 1188 doleo
849 1120 1059 1187 vicem
1104 1118 1422 1188 dominae
1458 1118 1770 1208 Sophiae.
1805 1116 2009 1185 Video
2036 1117 2246 1197 enim,
2290 1118 2462 1206 prob
2492 1118 2710 1200 dolor,

192 1208 414 1278 silium
463 1210 612 1297 ejus
674 1207 1089 1277 Fridericum
1142 1231 1181 1276 a
1230 1230 1354 1277 suo
1418 1208 1728 1278 instituto
1793 1228 1912 1295 per
1959 1207 2372 1296 apostasiam
2427 1208 2716 1278 defectu·

194 1321 369 1368 rum.
420 1320 454 1364 »
496 1304 650 1367 Post
698 1318 917 1367 annos
955 1297 1185 1366 decem
1250 1296 1631 1366 Fridericus
1689 1296 1841 1366 vilis
1891 1307 2197 1385 apostata
2244 1296 2524 1367 effectus
2581 1311 2704 1378 est,

192 1384 454 1473 suoque
503 1387 814 1476 exemplo
860 1385 1218 1455 admonuit
1265 1385 1458 1465 alios,
1510 1398 1583 1454 ut
1615 1387 1732 1473 qui
1769 1397 1921 1466 stat,
1979 1384 2198 1454 videat
2232 1408 2314 1454 ne
2352 1386 2573 1466 cadat,
2617 1388 2714 1456 vi-

189 1477 343 1545 deat
388 1475 730 1563 quomodo
767 1487 975 1544 caute
1022 1474 1347 1544 ambulet.
1422 1479 1621 1545 Soror
1690 1474 1982 1544 Raslaua
2032 1474 2099 1542 in
2162 1475 2428 1544 manica
2490 1476 2714 1545 ferens

195 1565 553 1646 hericium,
608 1565 690 1633 ad
736 1565 1000 1634 beatam
1044 1564 1434 1654 Hedwigem
1480 1564 1681 1633 venit.
1725 1570 1870 1633 Mox
1905 1584 2060 1633 vero
2099 1563 2185 1632 ab
2234 1586 2310 1632 ea
2354 1564 2714 1655 reprehen-

190 1656 400 1735 ditur,
440 1654 619 1743 quod
679 1653 1119 1723 immundum
1158 1652 1413 1722 animal
1463 1654 1642 1743 apud
1689 1676 1760 1721 se
1809 1651 1997 1721 ferat.
2039 1651 2160 1721 Illa
2194 1652 2402 1722 oblita
2440 1653 2704 1735 hericii,

193 1743 595 1835 pudibunda
648 1743 920 1822 recedit,
964 1743 1297 1832 perquirit
1350 1743 1523 1810 intra
1568 1765 1661 1823 se,
1701 1742 1863 1830 quid
1921 1742 2012 1808 rei
2073 1742 2158 1810 sit
2224 1741 2471 1823 isthuc,
2512 1744 2712 1831 cujus

194 1833 603 1902 mentionem
656 1832 922 1903 fecisset
968 1832 1334 1919 Hedwigis.
1376 1831 1625 1900 Incidit
1656 1853 1817 1920 ergo
1867 1829 1987 1910 illi,
2033 1830 2341 1900 fortassis
2376 1832 2709 1901 hericium

190 1922 579 2013 significare
612 1921 928 1991 voluisse.
969 1926 1113 1990 Mox
1147 1943 1223 1990 eo
1250 1919 1537 2008 abjectO,
1580 1920 1752 1990 redit
1785 1919 1865 1987 ad
1905 1941 2079 1987 eam.
2120 1926 2286 1988 Tum
2326 1919 2480 1989 illa:
2516 1922 2707 2002 «Sic,

192 2012 436 2097 inquit,
488 2010 625 2079 tilia
668 2010 749 2079 ad
798 2032 902 2078 me
941 2009 1261 2079 accedere
1290 2009 1623 2078 debebas:
1664 2009 1748 2077 de
1788 2022 2048 2078 caetero
2083 2008 2256 2088 vide,
2308 2031 2389 2077 ne
2421 2022 2555 2080 tam
2600 2010 2709 2078 de·

189 2101 401 2169 forme
435 2100 689 2168 animal
724 2099 1189 2169 circumferas.
1228 2122 1261 2165 »
1295 2099 1570 2167 Juliana
1614 2098 1944 2168 monacha
1988 2098 2509 2181 TrebniciensiS,
2555 2099 2711 2169 dato

189 2191 409 2279 signe,
472 2211 589 2277 pro
644 2189 876 2257 erabat
915 2189 996 2257 ad
1040 2188 1395 2276 ecclesiam
1427 2243 1442 2269 ,
1486 2189 2033 2278 praeteriensque
2067 2188 2290 2257 locum
2319 2244 2333 2268 ,
2373 2190 2491 2259 ubi
2526 2211 2712 2258 nunc

188 2290 290 2347 est
327 2277 538 2347 altare
641 2278 770 2347 eati
826 2277 1146 2347 Stanislai
1207 2278 1522 2368 Episcopi
1576 2289 1639 2346 et
1675 2277 2010 2367 Martyri5‚
2058 2276 2321 2346 nullam
2377 2279 2713 2368 praestitit

192 2368 661 2447 reverentiam,
701 2366 958 2456 quippe
989 2367 1101 2436 cui
1138 2388 1258 2437 nec
1292 2389 1496 2436 causa
1531 2379 1911 2457 appareret,
1944 2388 2070 2434 cur
2099 2366 2164 2434 id
2203 2366 2473 2449 faceret,
2523 2367 2712 2437 nullo

190 2455 330 2526 illic
380 2456 573 2526 altari
605 2468 931 2526 extructo.
969 2457 1076 2525 Sic
1111 2478 1272 2547 ergo
1307 2469 1782 2545 properantem
1819 2467 2082 2527 revocat
2115 2457 2306 2527 beata
2338 2456 2705 2548 Hedwigis‚

188 2546 553 2634 locumque
592 2546 1110 2616 demonstrans:
1157 2571 1190 2613 «
1231 2546 1395 2614 Filia
1427 2546 1736 2627 Juliana,
1775 2546 2018 2633 inquit,
2065 2545 2176 2614 hic
2214 2546 2403 2615 locus
2458 2569 2706 2637 magno

185 2636 460 2705 cuidam
502 2642 747 2705 Sancto
787 2635 1166 2705 destinatus
1199 2649 1320 2716 est,
1362 2636 1427 2703 in
1466 2637 1667 2725 cujus
1705 2638 2028 2706 honorem
2072 2635 2282 2704 altare
2317 2635 2426 2704 bic
2465 2635 2712 2704 conde·

185 2739 318 2794 tur.
382 2726 656 2808 Quoties
715 2725 926 2814 igitur
980 2725 1107 2794 hac
1162 2725 1506 2805 transibiS,
1565 2748 1694 2795 non
1735 2726 2006 2794 omittas
2040 2725 2356 2794 exhibere
2399 2747 2710 2793 reveren-

188 2816 375 2882 tiam.
412 2838 446 2880 »
486 2815 807 2883 Defuncta
846 2816 1039 2884 beata
1073 2814 1411 2904 Hedwige‚
1447 2839 1602 2884 cum
1640 2817 1801 2883 anni
1838 2813 2352 2900 quatuordecim
2397 2813 2563 2902 lapsi
2601 2836 2706 2883 es-

184 2918 373 2983 sent,
438 2904 503 2972 in
553 2926 630 2973 eo
684 2904 833 2992 ipso
879 2903 1025 2973 loco
1080 2927 1197 2973 ara
1258 2905 1475 2994 posita
1526 2915 1625 2973 est
1664 2905 1731 2973 in
1771 2904 2055 2994 gloriam
2105 2904 2216 2969 Dei
2269 2914 2332 2970 et
2385 2902 2704 2970 honorem

186 2999 253 3061 S.
311 2992 654 3062 Stanislai.
696 2993 1122 3063 Catharinam
1184 2994 1621 3081 pedisequam
1668 3015 1864 3062 suam
1908 2991 2306 3060 hortabatur
2340 2996 2404 3059 S.
2451 2992 2709 3059 Heilwi-

182 3083 313 3170 gis,
355 3094 427 3150 ut
487 3082 776 3152 disceret
832 3083 1058 3153 aureis
1119 3083 1254 3151 tilis
1309 3083 1600 3172 operari,
1654 3082 2050 3171 praedicens
2106 3102 2251 3147 eam
2307 3093 2515 3148 artem
2577 3082 2700 3167 ipsi

181 3171 597 3258 quandoque
648 3194 897 3261 magno
945 3173 1104 3240 usui
1144 3172 1304 3242 fore.
1374 3171 1602 3239 Paruit
1659 3172 2044 3248 Camarina,
2083 3181 2146 3237 et
2195 3191 2348 3237 ecce
2380 3171 2466 3236 ab
2517 3170 2707 3238 obitu

184 3263 417 3329 beatae
465 3259 810 3348 Hedwigis
860 3283 1040 3329 anno
1094 3262 1321 3339 tertie,
1370 3261 1574 3330 rebus
1635 3261 1780 3328 suis
1830 3259 2152 3327 omnibus
2201 3258 2515 3336 amissiS,
2582 3259 2707 3327 boc

181 3349 472 3419 artificio
526 3349 778 3417 multas
830 3349 959 3419 sibi
1017 3343 1277 3437 p‘aravit
1324 3371 1511 3439 opes.
1553 3349 1643 3417 ita
1696 3361 1772 3418 ut
1825 3362 1888 3416 et
1944 3347 2199 3415 divitiis
2247 3361 2311 3416 et
2343 3347 2708 3417 virtutibus

182 3452 358 3507 esset
408 3436 735 3525 locuples,
788 3437 974 3505 Venit
1020 3438 1430 3525 quandoque
1479 3437 1560 3505 ad
1612 3437 1808 3506 beata
1841 3437 2227 3527 Hedwigem
2264 3437 2545 3512 Mileiza,
2587 3460 2705 3506 no-

182 3529 341 3597 bilis
375 3541 436 3596 et
478 3527 762 3594 honesta
818 3526 1091 3606 femina,
1155 3548 1286 3595 non
1342 3527 1775 3596 mediocriter
1825 3526 1923 3594 illi
1971 3549 2174 3596 cara:
2235 3548 2531 3613 cumque
2588 3527 2711 3595 ali-

178 3617 494 3704 quandiu
544 3615 725 3705 apud
779 3638 927 3684 eam
982 3616 1367 3695 mansisset,
1421 3628 1485 3685 et
1525 3616 1667 3703 jam
1724 3615 2005 3685 domum
2050 3616 2396 3706 cogitaret,
2452 3616 2710 3684 vocavit

180 3730 326 3774 eam
375 3706 455 3774 ad
511 3726 579 3773 se
632 3705 821 3773 beata
855 3704 1225 3794 Hedwigis,
1267 3706 1496 3792 aitque
1527 3705 1628 3774 illi
1663 3728 1677 3771 :
1719 3729 1752 3770 «
1789 3705 2044 3774 Mileiza
2079 3727 2250 3786 mea,
2296 3705 2540 3773 accede
2570 3727 2699 3785 me,

180 3810 255 3865 ut
293 3810 352 3865 te
399 3794 792 3864 exosculer:
843 3816 975 3862 non
1027 3796 1208 3861 enim
1265 3795 1546 3884 posthac
1603 3795 1833 3862 visura
1881 3818 1951 3864 es
2014 3794 2399 3884 Hedwigem
2460 3795 2524 3861 in
2581 3793 2706 3860 hac

181 3887 339 3955 vita.
380 3910 415 3952 »
458 3883 822 3953 Osculatur
858 3882 977 3951 illa
1007 3895 1339 3965 sanctam,
1374 3883 1556 3953 baud
1588 3884 1796 3953 dubie
1829 3907 1959 3953 non
1999 3884 2146 3960 sine
2187 3883 2531 3971 lacrymiS,
2568 3883 2708 3951 abit

177 3976 486 4054 domum,
525 3972 871 4063 Hedwigis
915 3995 1044 4042 non
1099 3973 1219 4042 diu
1260 3987 1406 4062 post
1440 3973 1854 4042 obdormivit
1888 3974 1955 4041 in
2010 3973 2318 4041 Domino.

265 4067 299 4148 ,ξ
347 4068 501 4136 43.
558 4063 790 4131 Sciens
836 4061 947 4129 illa
1000 4062 1362 4130 imminere
1410 4061 1928 4130 dissolutionem
1966 4062 2271 4150 corporis
2304 4060 2436 4142 sui,
2476 4060 2703 4129 adliuc

181 4151 511 4220 incolumi
552 4175 834 4240 corpore
868 4151 1109 4219 accivit
1149 4151 1230 4219 ad
1285 4174 1354 4221 se
1389 4150 1846 4228 Catharinam,
1893 4151 2090 4242 cujus
2144 4150 2345 4239 paulo
2379 4163 2534 4219 ante
2571 4172 2708 4218 me-

184 4241 535 4321 minimus,
593 4241 927 4311 mandans
978 4239 1102 4320 illi,
1163 4262 1244 4309 ne
1285 4262 1509 4310 moras
1544 4251 1788 4320 nectat,
1838 4240 1952 4308 sed
1988 4262 2201 4328 ocyus
2235 4239 2521 4319 advolet,
2566 4262 2705 4309 ser-

181 4329 402 4397 vitura
442 4330 571 4418 ipsi
599 4331 662 4398 in
704 4329 1133 4419 aegritudine
1163 4328 1574 4398 imminenti.
1606 4334 1746 4397 Non
1782 4342 2143 4398 cunctatur
2173 4329 2395 4397 fidelis
2421 4327 2701 4407 famula,

181 4419 364 4488 venit
424 4440 732 4507 propere,
795 4419 973 4489 videt
1028 4441 1294 4502 sanam,
1350 4441 1471 4488 nec
1512 4418 1765 4488 recedit
1814 4430 2063 4501 tamen,
2110 4419 2222 4487 sed
2274 4419 2342 4487 in
2384 4417 2708 4487 omnibus
