3347 4999
638 348 765 412 222
1051 366 1131 412 nn
1178 366 1229 411 s.
1289 363 1582 412 nacrtoxss
1631 364 2138 412 examusinoa.
2196 363 2592 412 ramunculi
2830 345 3004 412 OCT.
3064 349 3111 412 6

549 452 899 520 horrorem
951 462 1015 518 et
1066 450 1468 528 vastitatem,
1526 450 1593 518 in
1636 471 1797 535 qua,
1855 448 2129 518 illorum
2173 471 2465 536 nequam
2523 449 2882 518 hominum
2938 450 3115 518 moti

553 538 1018 618 sermonibus,
1074 539 1141 606 in
1184 538 1359 606 vitae
1411 539 1796 627 periculum
1849 560 1921 607 se
1971 552 2292 607 venturos
2327 539 2529 606 etiarn
2585 538 2715 627 ipsi
2758 539 2904 624 jam
2971 538 3117 607 for-

555 628 930 698 midabant.
985 628 1225 696 Contra
1276 639 1503 695 autem
1544 649 1678 697 non
1735 649 1976 717 parum
2027 627 2454 708 verebantur,
2512 626 2567 697 si
2618 626 2780 694 inde
2833 628 3120 697 recede-

551 731 722 798 rent,
777 739 849 786 se
902 721 1106 784 Deum
1144 729 1208 784 et
1269 715 1503 785 stellas
1564 716 1815 797 duceS,
1872 738 2047 803 quas
2113 717 2495 817 Episcopus
2545 721 2744 805 Hugo
2792 715 3109 796 viderat,

549 807 954 875 offensuros.
1011 805 1132 874 His
1228 804 1744 894 erplexitatibus
1825 804 2237 891 aliquandiu
2301 806 2471 873 bene
2523 804 2822 873 multum
2875 805 3119 895 exagi-

553 895 705 964 tatis
756 894 915 974 iltis,
970 915 1125 962 ecce
1221 894 1721 984 enignissimus
1771 899 1987 972 DeuS,
2056 895 2173 980 qui
2235 915 2592 980 nunquam
2645 893 2900 964 deserit
2949 916 3118 983 spe·

551 998 779 1054 rantes
822 984 891 1051 in
942 1004 1037 1061 se,
1088 983 1290 1052 mittit
1339 981 1421 1050 ad
1473 1004 1612 1063 eOS,
1662 982 1768 1051 his
1826 982 1910 1049 de
1962 982 2164 1050 rebus
2231 983 2406 1050 inter
2467 1004 2536 1050 se
2583 981 3053 1069 colloquentes
3087 1037 3104 1064 ‚

549 1074 774 1143 virum
830 1071 1312 1151 venerabilem,
1357 1093 1530 1140 cano
1575 1071 1824 1158 capite,
1866 1071 2095 1172 crispo
2144 1070 2436 1154 capillo:
2479 1071 2599 1157 qui
2648 1071 2744 1139 ait
2791 1071 2874 1139 ad
2926 1093 3043 1140 eos
3084 1094 3104 1134 z

549 1185 585 1228 «
622 1160 926 1250 Perplexi
969 1161 1154 1239 estis,
1210 1160 1496 1247 fratres,
1542 1173 1774 1230 utrum
1828 1158 1956 1228 hoc
2008 1182 2073 1227 in
2141 1159 2286 1230 loco
2357 1181 2790 1248 permanere,
2854 1160 2951 1229 vel
3020 1183 3110 1229 ex

548 1272 628 1320 eo
677 1248 999 1319 excedere
1037 1248 1361 1318 debeatis.
1421 1247 1545 1317 Sed
1581 1271 1707 1338 ego
1738 1247 1892 1318 dico
1942 1249 2133 1318 vobis
2168 1249 2392 1317 verbis
2421 1249 2913 1337 omnipotentis
2948 1249 3090 1329 Dei,

546 1338 1015 1408 beatissimam
1071 1339 1182 1406 Dei
1244 1337 1682 1418 Genitricern,
1751 1336 2097 1428 Virginem
2154 1352 2586 1427 perpetuam,
2639 1359 2756 1408 vos
2821 1339 2888 1406 in
2956 1338 3090 1408 hoc

551 1429 816 1497 deserto
852 1426 1000 1496 loco
1048 1438 1630 1506 conservaturam,
1686 1425 1742 1494 si
1795 1426 1861 1495 in
1922 1426 2077 1515 ejus
2125 1427 2453 1496 honorem
2504 1425 2811 1514 quotidie
2875 1427 3102 1517 legere
3157 1449 3176 1464 ·

551 1517 771 1586 velitis
822 1538 1056 1606 preces
1095 1516 1245 1606 ejus
1294 1515 1688 1584 Hor-arias.»
1729 1515 1850 1583 His
1883 1515 2108 1594 dictis,
2167 1529 2440 1604 repente
2467 1516 2554 1585 ab
2585 1537 2824 1585 eorum
2876 1515 3101 1584 oculis

549 1604 823 1675 ablatus
869 1618 989 1674 est.
1031 1610 1108 1673 At
1156 1604 1254 1673 illi
1304 1602 1693 1672 incredibili
1746 1604 1962 1673 affecti
2018 1604 2295 1694 gaudio,
2345 1604 2534 1672 illam
2587 1615 3102 1674 sacrosanctam

550 1695 922 1784 Virginem,
976 1694 1089 1764 cui
1141 1694 1395 1763 scirent
1440 1693 1593 1779 ejus
1656 1691 1901 1772 filium,
1959 1698 2209 1783 Regem
2263 1693 2722 1761 immortalem
2776 1693 3098 1761 omnium

552 1783 967 1863 seculorum,
1027 1781 1195 1850 nihil
1234 1802 1485 1870 negare
1534 1803 1755 1872 posse,
1820 1794 2177 1870 patronam
2234 1780 2438 1850 totius
2499 1780 2930 1850 carthusiani
2983 1785 3102 1849 In-

551 1872 767 1941 stituti
798 1872 928 1941 sibi
961 1871 1385 1960 delegerunt,
1422 1883 1485 1939 et
1520 1870 1995 1939 beatissimum
2037 1870 2302 1939 Domini
2346 1874 2863 1941 Praecursorem
2893 1869 3103 1938 Joan-

511 1982 732 2041 nem,
791 1974 1183 2050 patronum.
1237 1959 1598 2028 Hominem
1649 1971 1878 2028 autem
1932 1959 2156 2038 illum,
2209 1959 2328 2046 qui
2374 1960 2472 2028 eis
2522 1958 2867 2050 apparuit,
2938 1980 3103 2027 san-

550 2063 734 2118 ctum
780 2047 1176 2138 Apostolum
1252 2053 1522 2117 Petrum
1595 2047 1807 2118 fuisse
1869 2047 2028 2116 inde
2079 2047 2177 2116 vel
2241 2048 2533 2117 maxime
2583 2047 3092 2137 conjiciebant,

549 2137 730 2224 quod
783 2138 930 2222 ejus
1002 2158 1355 2206 successor
1387 2137 1705 2207 Urbanus
1755 2141 1815 2205 ΙΙ
1853 2137 1918 2205 in
1973 2136 2272 2205 Concilio
2308 2137 2886 2217 Claromontensi,
2934 2136 3093 2204 bea-

550 2227 856 2296 tissimae
886 2226 1114 2294 Matris
1147 2225 1260 2294 Dei
1292 2247 1525 2315 preces
1555 2225 1880 2294 Horarias
1914 2248 1954 2292 a
1991 2238 2125 2294 toto
2165 2224 2353 2294 Clero
2392 2225 2723 2294 dicendas
2765 2224 3089 2295 instituit.

547 2320 638 2384 Ex
690 2315 816 2384 hac
850 2326 1077 2383 autem
1121 2314 1379 2383 visione
1426 2314 1597 2384 adeo
1644 2328 1807 2383 sunt
1854 2313 2214 2383 confortati
2265 2314 2333 2382 in
2397 2314 2706 2395 Domin0‚
2757 2328 2831 2383 ut
2868 2335 3091 2401 neque

549 2425 758 2481 morS,
800 2424 1018 2489 neque
1055 2403 1186 2472 vita
1217 2402 1374 2473 illos
1404 2425 1723 2492 separare
1764 2416 1989 2491 posset
2023 2425 2063 2472 a
2094 2403 2423 2472 charitate
2453 2403 2720 2472 Christi.

639 2493 674 2578 ξ
726 2496 895 2563 20.
949 2495 1114 2561 Cum
1168 2505 1393 2561 autern
1460 2492 1700 2561 beatus
1750 2497 1977 2562 Bruno
2021 2514 2301 2561 summo
2361 2491 2674 2561 Pontifici
2723 2490 2807 2561 ad
2866 2513 3091 2562 annos

551 2601 809 2670 paucos
857 2593 1205 2650 strenuam
1262 2594 1573 2664 navasset
1598 2602 1900 2671 operam,
1960 2603 2082 2650 nec
2115 2602 2359 2670 parum
2397 2580 2736 2650 Ecclesiae
2787 2582 2900 2649 Dei
2935 2603 3091 2670 pro-

554 2669 795 2740 fuisset
841 2669 1154 2750 consilio,
1198 2669 1562 2758 prudentia
1601 2684 1665 2739 et
1716 2670 2052 2758 sapientia
2089 2692 2236 2749 sua,
2283 2670 2773 2740 molestissime
2819 2670 3100 2739 interim

550 2757 774 2828 ferens
821 2760 1054 2828 curiae
1093 2759 1418 2846 strepitus
1466 2772 1529 2827 et
1580 2757 1945 2838 tumultuS,
2001 2758 2259 2847 quibus
2310 2759 2757 2848 posthabitiS,
2812 2758 3094 2848 optabat

549 2870 822 2937 semper
869 2848 1090 2917 r'edire
1152 2847 1235 2916 ad
1298 2847 1752 2933 tranquillum
1815 2847 1985 2916 vitae
2032 2846 2377 2917 solitariae
2442 2859 2756 2937 portum:
2812 2847 3093 2919 tandem

548 2936 728 3006 ultra
757 2936 932 3006 ferre
965 2958 1095 3006 non
1141 2934 1491 3005 sustinens
1525 2935 1692 3005 tanti
1733 2934 2054 3006 desiderii
2094 2937 2473 3016 flammam,
2512 2948 2881 3023 antequam
2920 2941 3096 3005 Pon-

552 3024 710 3094 tifex
757 3047 793 3095 e
848 3025 1190 3094 Placentia
1238 3025 1455 3095 abiret
1518 3025 1587 3093 in
1641 3024 1919 3105 GalliaS,
1984 3025 2199 3094 multa
2262 3045 2541 3113 precum
2611 3024 2937 3094 instantia
2990 3024 3098 3095 vix

552 3114 829 3183 tandem
879 3114 1176 3184 obtinuit
1209 3114 1293 3183 ad
1347 3136 1544 3184 suam
1584 3136 1895 3183 eremum
1935 3112 2318 3193 recedendi,
2372 3127 2491 3183 aut
2530 3126 2710 3183 certe
2749 3114 2985 3194 aliam,
3033 3114 3096 3182 si

555 3202 654 3272 sic
688 3204 1148 3287 visumesset,
1200 3202 1558 3292 expetendi
1598 3203 1867 3292 copiam
1918 3215 1982 3272 et
2030 3201 2448 3272 facultatem.
2504 3206 2628 3272 Per
2667 3202 2733 3271 id
2772 3216 3042 3291 tempus
3068 3256 3118 3290 ,Ι

515 3298 898 3360 ‘annuente
929 3290 1167 3360 eodem
1210 3292 1559 3373 Pontifice,
1592 3292 1851 3362 electus
1877 3290 2005 3359 fuit
2032 3292 2136 3358 vir
2170 3291 2655 3362 sanctissimus
2686 3290 3091 3379 Rhegiensis

551 3377 902 3459 ecclesiae,
944 3401 1120 3465 quae
1158 3391 1259 3448 est
1307 3381 1531 3480 prima
1580 3381 1788 3450 totius
1839 3379 2188 3449 Calabriae
2239 3380 2678 3470 metropolis,
2746 3376 3090 3475 Archiepi-

554 3488 830 3556 scopus,
872 3467 1268 3554 multusque
1301 3491 1370 3538 in
1421 3492 1499 3538 eo
1529 3483 1671 3538 erat
1709 3469 2025 3539 Urbanus
2060 3468 2388 3547 Pontifex,
2427 3482 2503 3537 ut
2538 3490 2694 3537 eum
2746 3469 2812 3537 in
2860 3488 2939 3536 ea
2985 3464 3091 3532 d1-

552 3556 810 3646 gnitate
860 3556 1342 3637 confirmaret;
1394 3557 1511 3626 sed
1565 3580 1698 3626 non
1752 3559 2079 3645 ignorans
2130 3556 2268 3636 ille,
2325 3568 2490 3644 quot
2540 3556 2886 3645 periculis,
2925 3565 3094 3641 quot

550 3644 740 3714 curis
788 3658 850 3713 et
917 3645 1247 3714 molestiis
1317 3644 1662 3733 ejusmodi
1739 3646 2250 3716 Ecclesiasticae
2298 3644 2684 3714 functiones
2759 3644 3094 3713 obnoxiae

553 3733 712 3812 sint,
760 3733 983 3803 noluit
1027 3733 1342 3802 electioni
1403 3735 1729 3823 praebere
1776 3756 2181 3805 assensum:
2249 3754 2469 3820 neque
2517 3732 2585 3801 id
2658 3732 3095 3823 pertinaciter

553 3834 805 3902 tamen,
858 3822 974 3891 sed
1021 3821 1321 3891 modeste
1354 3836 1418 3891 et
1452 3822 2008 3903 humiliter‚,solo
2038 3823 2288 3910 quietis
2335 3844 2592 3904 amore,
2634 3836 2899 3891 servata
2933 3842 3097 3911 erga

551 3911 944 3981 Pontificem
997 3910 1386 3981 obedientia
1419 3923 1482 3980 et
1530 3911 2016 3992 submissione,
2052 3926 2116 3981 et
2148 3934 2311 4003 erga
2352 3911 2695 4001 proximos
2728 3911 3090 3980 charitate.

551 3999 848 4069 Tandem
914 4021 1073 4068 cum
1127 4004 1304 4069 bona
1358 4000 1552 4069 venia
1607 4015 1670 4070 et
1719 4000 2190 4071 benedictione
2260 4000 2609 4070 Pontificis
2654 4022 2694 4068 a
2741 3999 2937 4069 curia
2988 3997 3098 4067 di-

552 4088 880 4171 scedens,
936 4088 1287 4159 Calabriae
1334 4089 1598 4159 deserta
1648 4088 1795 4158 loca
1843 4089 2159 4179 expetiit,
2224 4088 2572 4179 adjunctis
2631 4088 2761 4157 sibi
2829 4087 3096 4175 aliquot

550 4176 860 4267 ejusdem
914 4179 1244 4334 propositi
1295 4179 1480 4258 viris,
1534 4199 1706 4265 quos
1745 4179 1891 4269 jam
1942 4179 2114 4247 vitae
2160 4177 2311 4269 ejus
2365 4177 2535 4247 odor
2585 4177 2812 4248 bonus
2858 4192 2925 4249 et
2961 4177 3097 4246 fer-

550 4278 784 4336 ventes
831 4288 907 4335 ex
963 4266 1331 4337 ortationes
1363 4267 1443 4335 ad
1481 4268 1723 4336 mundi
1753 4278 2223 4356 contemptum
2265 4266 2716 4336 adduxerant.
2753 4266 3098 4335 Didicerat

551 4355 734 4424 enim
780 4355 849 4422 in
902 4355 1251 4424 Calabriae
1299 4356 1576 4447 regione
1627 4355 1881 4425 multas
1921 4377 2071 4426 esse
2120 4356 2551 4437 solitudineS,
2587 4355 2894 4445 agendae
2934 4375 3095 4445 poe-

553 4444 880 4514 nitentiae
912 4456 977 4514 et
1024 4445 1200 4514 vitae
1233 4444 1579 4515 solitariae
1611 4444 2108 4515 consectandae
2137 4445 2556 4537 aptissimas.
2595 4444 2946 4538 Maluisset
2976 4441 3094 4512 ille
