3347 4999
169 316 354 381 OCT.
414 316 494 380 2l8
892 334 968 380 nc
1016 333 1070 379 s.
1122 327 1475 381 Jusroseu
1522 328 1778 377 Jusrmo
1827 330 2015 376 mur.
2487 310 2616 373 539

166 419 352 487 mih-i
397 418 847 487 manducare:
896 420 1128 487 Nudus
1166 438 1374 495 eram,
1418 426 1480 484 et
1519 414 1943 504 cooperuistis
1975 436 2099 493 mc,
2140 423 2258 481 ecc.
2307 414 2490 494 Quod
2530 416 2704 483 enim

166 509 300 578 uni
334 530 431 576 ew
467 507 759 576 minimis
790 510 953 575 meis
990 508 1260 596 fecisti&
1316 505 1489 572 milti
1529 505 1781 593 fecistis
1825 502 2089 591 (Mueck.
2124 499 2294 588 xxv).
2329 500 2548 581 vides,
2605 505 2701 573 mi

166 608 394 687 pater,
458 617 633 682 quae
682 595 860 665 bona
909 595 1199 697 reposita
1250 593 1385 663 sint
1439 592 1657 671 nobis,
1699 591 1755 661 si
1808 613 1886 661 ex
1949 590 2035 659 iis
2096 610 2274 677 quae
2321 605 2699 680 suppetunt

166 686 402 766 nobiS,
458 684 926 775 gratificemus
975 685 1215 773 inopi?
1251 707 1286 749 »

257 782 296 867 ἓ
339 783 428 851 4.
470 782 632 845 Cum
668 797 827 865 ergo
865 786 1127 844 noctem
1169 772 1356 843 illam
1396 772 1734 841 Meloduni
1771 772 2174 863 exegissent,
2225 793 2423 842 mane
2461 787 2701 861 coepto

168 879 477 960 pergunt
540 866 814 934 itinere:
870 864 1265 949 Christoque
1334 864 1528 941 duce,
1601 860 1928 930 Lutetiam
1992 861 2404 931 Parisiorum
2473 884 2704 951 perve-

165 960 403 1027 niunt.
446 955 572 1024 Ubi
608 953 1018 1044 Hippolytus
1055 951 1336 1040 quidam
1388 974 1501 1021 eos
1537 950 1833 1040 hospitio
1881 951 2164 1040 accepit,
2204 965 2266 1020 et
2308 951 2705 1020 humaniter

165 1046 533 1123 tractavit,
600 1067 759 1113 cum
825 1045 884 1112 ei
944 1064 1225 1112 causam
1296 1042 1628 1110 adventus
1699 1039 1809 1109 sui
1874 1040 2369 1128 exposuissent.
2427 1041 2519 1109 Ab
2589 1040 2704 1109 illo

162 1150 404 1206 autem
481 1132 799 1214 dimissi,
869 1137 1124 1203 Isaram
1178 1131 1212 1166 ⁴³
1250 1131 1535 1201 fluvium
1587 1140 1663 1198 ut
1727 1128 1842 1198 atti
1896 1140 2136 1210 erunt,
2193 1150 2328 1198 non
2380 1129 2700 1199 invenere

164 1225 406 1295 navim
472 1244 608 1309 qua
655 1244 811 1291 eum
865 1233 1141 1312 possent
1208 1218 1684 1291 transmittere.
1740 1151 2011 1288 Moffeste
2076 1219 2142 1287 id
2213 1217 2465 1289 ferente
2516 1232 2704 1309 patre

164 1315 352 1385 beati
432 1311 648 1403 pueri,
726 1311 839 1379 ille
904 1310 1374 1400 perturbatum
1424 1305 1839 1387 consolatur,
1893 1307 2209 1378 indicans
2256 1307 2318 1377 ei
2364 1310 2544 1395 quod
2597 1309 2702 1378 di-

162 1406 330 1473 vina
400 1401 802 1470 revelatione
835 1399 1188 1479 didicerat,
1226 1397 1592 1486 quemdam
1653 1395 2053 1466 adfuturum
2098 1396 2490 1487 propediem
2540 1422 2697 1467 cum

164 1493 354 1571 navi,
395 1490 513 1578 qui
547 1512 661 1560 eos
690 1489 1024 1559 traducat.
1068 1488 1303 1557 Adhuc
1341 1509 1550 1577 puero
1590 1486 1758 1555 haec
1785 1485 2126 1573 loquente,
2169 1486 2452 1573 quidam
2491 1500 2700 1557 nauta

164 1583 357 1652 venit
421 1602 578 1649 cum
653 1583 779 1649 sua
847 1578 1117 1668 cymba.
1172 1576 1264 1646 Ad
1342 1598 1541 1664 quem
1603 1574 2024 1655 accedenteS,
2080 1589 2320 1666 rogant
2376 1589 2451 1645 ut
2519 1578 2701 1667 ipsos

162 1672 414 1741 evehat
462 1669 529 1736 in
581 1667 765 1736 aliud
819 1667 1005 1748 litus,
1042 1668 1232 1755 justa
1273 1664 1581 1734 mercede
1633 1677 1930 1754 accepta.
1988 1663 2110 1733 Ille
2179 1679 2536 1754 promptus
2583 1689 2699 1735 an-

164 1762 348 1841 nuit,
408 1780 531 1827 nec
579 1768 804 1825 tamen
858 1756 1141 1826 naulum
1194 1756 1495 1845 recipere
1544 1754 1708 1839 vult,
1763 1753 1975 1844 gratis
2023 1775 2218 1823 suam
2271 1754 2369 1823 eis
2425 1776 2700 1844 operam

162 1851 488 1919 offerens.
560 1847 860 1937 TraJecto
927 1845 1255 1926 flumine,
1302 1844 1666 1914 Ambianos
1729 1853 2118 1933 properant,
2174 1844 2554 1930 urbemque
2600 1845 2704 1912 in-

162 1937 417 2029 gressi,
472 1936 908 2007 sciscitantur
954 1957 1129 2022 quae
1169 1935 1255 2003 sit
1286 1934 1536 2003 domus
1561 1933 1757 2023 Lupi,
1801 1932 1984 2022 apud
2019 1953 2222 2019 quem
2263 1932 2700 2005 Justinianus

164 2027 446 2100 serviat.
500 2028 786 2115 Reperta
826 2024 1053 2106 dom0,
1115 2022 1447 2093 accedunt
1486 2026 1781 2112 Lupum,
1818 2021 2112 2092 offerunt
2160 2044 2394 2111 preces
2433 2023 2703 2114 suppli-

161 2140 304 2198 ceS,
364 2114 683 2203 priorque
745 2113 1056 2184 Justinus
1098 2113 1190 2182 ita
1238 2135 1393 2182 eum
1454 2112 1789 2202 appellat:
1846 2133 1880 2178 «
1937 2114 2285 2193 Venimu5‚
2339 2116 2546 2202 Lupe,
2615 2113 2698 2181 ad

161 2203 671 2276 humanitatem
724 2216 936 2283 tuam,
976 2214 1246 2272 orantes
1295 2215 1371 2271 ut
1415 2200 1761 2290 captivum
1797 2200 2070 2269 fratrem
2107 2200 2304 2270 nobis
2353 2203 2695 2282 restituas,

160 2315 381 2382 quem
423 2292 682 2363 scimus
728 2291 913 2393 apud
963 2304 1023 2360 te
1065 2291 1334 2362 servire.
1390 2291 1750 2360 Afferimus
1793 2303 2092 2359 nostram
2145 2291 2695 2373 substantiolam,

161 2396 243 2453 ut
290 2394 572 2473 accepto
624 2394 858 2471 pretio,
917 2403 1039 2471 pro
1076 2394 1187 2450 tua
1227 2379 1586 2449 clementia
1632 2402 1788 2448 eum
1844 2380 2040 2449 nobis
2080 2379 2351 2449 reddas.
2390 2404 2425 2447 »
2466 2386 2700 2471 Lupus

165 2495 326 2543 vero
391 2482 602 2561 rogat,
655 2471 938 2557 quinam
990 2471 1148 2540 sint.
1188 2468 1623 2561 Respondent
1670 2490 1742 2539 se
1790 2468 2207 2542 Christianos
2266 2492 2436 2553 esse,
2490 2471 2701 2541 cives-

162 2585 302 2651 que
354 2560 998 2642 AntissiodorenseS,
1052 2560 1330 2629 fratrem
1380 2581 1584 2630 suum
1634 2560 2105 2630 Justinianum
2167 2560 2329 2642 dici,
2383 2573 2447 2630 et
2511 2562 2696 2652 apud

162 2654 403 2742 ipsum
432 2650 869 2719 commorari.
908 2656 1076 2719 Tum
1119 2653 1372 2739 Lupus:
1424 2674 1456 2714 «
1489 2654 1648 2740 Eg0,
1690 2649 1936 2736 inquit,
1973 2650 2164 2721 vobis
2199 2651 2536 2740 praebebo
2571 2650 2691 2720 ho-

163 2742 481 2832 spitium,
520 2751 584 2808 et
634 2761 878 2829 pueros
931 2759 1114 2808 meos
1161 2760 1398 2808 omnes
1452 2738 1843 2808 ostendam:
1900 2740 1966 2807 in
2018 2739 2273 2827 quibus
2311 2740 2367 2809 si
2419 2738 2695 2809 fratrem

163 2844 471 2901 vestrum
511 2828 835 2909 videritis,
892 2828 1107 2928 pretio
1151 2827 1523 2896 redimatis,
1564 2851 1599 2894 »

255 2928 294 3002 ἓ
342 2924 431 2991 ὅ.
488 2923 772 3008 Vespere
824 2918 1030 3008 igitur
1078 2918 1145 2986 in
1187 2917 1354 3005 Lupi
1405 2916 1687 2987 domum
1742 2917 2018 2990 intrant.
2072 2929 2136 2986 et
2176 2917 2291 2986 ille
2323 2915 2692 2986 duodecim

214 3030 424 3078 ueros
474 3029 633 3077 suos
695 3008 761 3075 in
815 3028 1051 3076 eorum
1094 3017 1535 3096 conspectum
1604 3005 1922 3076 adducit:
1977 3006 2090 3074 sed
2155 3006 2221 3074 in
2259 3005 2344 3074 iis
2387 3027 2517 3074 non
2556 3019 2700 3077 erat

160 3031 625 3176 fustinianum
669 3117 868 3182 quem
906 3096 1348 3183 quaerebant.
1403 3099 1638 3181 Itaque
1681 3096 1918 3164 beatus
1955 3095 2267 3165 lustinus
2300 3094 2535 3165 oculos
2567 3096 2698 3164 cir-

162 3186 585 3265 cumferenS,
640 3185 820 3254 videt
850 3184 1218 3271 quemdam
1248 3196 1433 3253 extra
1473 3183 1629 3253 illos
1658 3184 2088 3253 assistentem
2128 3206 2443 3275 puerum,
2489 3207 2696 3255 manu

165 3299 296 3347 sua
339 3272 729 3362 lampadem
781 3295 1139 3342 accensam
1209 3283 1571 3343 tenentem.
1639 3277 1705 3341 Is
1769 3294 1923 3342 vero
1990 3286 2135 3344 erat
2208 3273 2382 3343 beati
2442 3274 2693 3344 Justini

163 3365 398 3443 frater,
447 3375 602 3431 ante
638 3383 794 3431 eum
846 3362 1026 3431 diem
1073 3383 1422 3448 nunquam
1490 3361 1590 3429 illi
1657 3362 1865 3431 visus.
1920 3362 2044 3433 Sed
2097 3362 2212 3432 ille
2264 3363 2510 3453 plenus
2547 3364 2697 3455 Spi-

162 3455 304 3525 ritu
354 3458 623 3530 SanctO,
674 3450 864 3521 nullo
901 3451 1176 3519 homine
1238 3451 1547 3530 docente,
1593 3451 1910 3521 eumdem
1954 3474 2359 3543 germanum
2413 3453 2689 3523 fratrem

163 3565 373 3612 suum
445 3539 774 3610 hactenus
825 3540 1278 3629 incognitum,
1350 3561 1564 3629 ocyus
1630 3542 1967 3631 cognovit,
2038 3547 2440 3613 Sanctorum
2507 3544 2693 3612 enim

162 3632 384 3701 animi
426 3634 556 3697 Deo
621 3629 1075 3709 inhaerentes,
1131 3629 1399 3698 interna
1468 3642 1533 3699 et
1597 3651 1850 3699 arcana
1919 3633 2367 3721 persentiunt,
2421 3645 2486 3701 et
2542 3654 2692 3733 pro·

165 3722 439 3809 phetico
497 3717 744 3806 spiritu
795 3740 901 3786 res
942 3719 1210 3807 ignotas
1274 3718 1667 3788 edocentur.
1736 3720 2059 3792 Videmus
2107 3721 2234 3791 hoc
2298 3722 2366 3790 in
2418 3721 2693 3792 Actibus

163 3807 608 3900 ApostoliciS,
664 3820 737 3876 ut
786 3807 1079 3896 Spiritus
1129 3807 1449 3894 loquatur
1498 3813 1712 3890 Petr0,
1756 3810 2016 3890 >Paul0‚
2068 3823 2131 3880 et
2180 3810 2356 3880 aliis.
2412 3812 2694 3901 Cognito

162 3898 377 3988 igitur
423 3897 649 3975 fratre,
700 3897 1024 3966 Justinus
1073 3896 1238 3966 dicit
1284 3897 1369 3966 ad
1422 3904 1733 3988 Lupum:
1788 3921 1822 3964 «
1877 3905 2064 3969 Meus
2131 3900 2255 3969 iste
2316 3899 2521 3969 frater
2559 3913 2682 3978 est,

161 3988 281 4073 qui
335 4008 547 4056 manu
595 3986 721 4056 fert
770 3985 1182 4076 lampadem.
1238 3987 1459 4075 Hujus
1519 3986 1902 4057 redimendi
1973 4011 2203 4071 causa,
2311 4001 2453 4057 ater
2500 4010 2695 4057 meus

163 4074 247 4143 ad
303 4089 363 4145 te
409 4077 715 4146 accessit.
771 4081 891 4156 Tu,
945 4088 1021 4144 ut
1068 4097 1139 4144 es
1182 4061 1561 4234 KollicituS,
1637 4077 2013 4168 benignum
2069 4090 2128 4147 te
2178 4100 2264 4147 no
2319 4078 2376 4148 is
2422 4077 2687 4159 exhibe,

164 4174 240 4230 ut
290 4163 405 4233 illo
451 4165 696 4235 comite
746 4164 1092 4255 possimus
1140 4188 1175 4234 a
1232 4166 1329 4234 ire
1378 4165 1686 4234 domum.
1731 4189 1766 4231 »
1803 4171 1979 4235 Haec
2041 4180 2116 4238 ut
2163 4166 2426 4237 audivit
2478 4167 2692 4237 ‚lusti-

168 4250 441 4332 nianus,
495 4255 871 4344 obstupuit,
917 4254 1099 4341 quod
1154 4277 1509 4342 nunquam
1564 4254 1661 4323 illi
1736 4255 1945 4336 visus,
2000 4268 2135 4326 tam
2194 4257 2392 4327 facile
2439 4279 2693 4346 cogno-

168 4353 487 4411 sceretur.
539 4342 1066 4414 Admirabantur
1113 4344 1314 4414 etiam
1351 4343 1492 4423 alii,
1523 4344 1639 4431 qui
1689 4345 1994 4427 aderant,
2036 4349 2121 4415 ob
2160 4347 2254 4415 rei
2289 4347 2689 4417 inusitatam

220 4463 245 4489 ³*
276 4465 389 4506 oum
407 4468 501 4508 duo
519 4469 615 4510 siut
633 4467 776 4517 fluvii,
797 4468 879 4519 qui
898 4471 983 4511 hoc
1003 4471 1236 4512 vocantur
1253 4471 1453 4516 nomine,
1472 4468 1547 4511 hic
1570 4472 1643 4510 est
1662 4472 1742 4520 qut
1765 4469 1931 4520 gallice
1956 4475 2255 4524 nuncupatur
2278 4474 2386 4512 0520.
