3347 4999
239 330 415 397 OCT.
471 331 551 395 1¹6
1008 316 1020 327 '
1140 349 1217 394 ns
1266 348 1322 396 s.
1372 346 1624 394 miralo
1673 348 1864 395 mur.
2556 334 2686 398 433

241 432 575 502 beneficio
599 453 841 501 omnes
871 453 1028 500 cum
1062 432 1252 500 omni
1283 431 1672 501 humilitate
1698 431 2191 501 benedicamus
2218 446 2280 502 et
2307 433 2776 521 glorificemus

235 527 435 602 Eum,
475 542 678 608 quem
712 520 904 589 decet
935 520 1162 590 omnis
1189 519 1595 599 benedictiO,
1636 534 1701 589 et
1730 520 1972 601 honor,
2009 532 2073 589 et
2104 520 2346 610 gloria,
2379 537 2443 592 et
2477 537 2774 614 potestas

234 610 307 679 in
351 609 582 680 secula
630 608 1046 686 seculorum,
1085 608 1386 677 assiduis
1437 608 1761 698 precibus
1794 610 1880 679 ab
1913 630 1991 678 eo
2027 608 2476 699 postulanteS,
2530 627 2607 682 ut
2654 635 2776 703 per

235 698 792 768 intercessionem
845 696 1108 766 Electae
1149 719 1313 768 suae
1360 720 1398 767 a
1450 698 1744 786 peccatis
1778 697 2032 768 nostris
2064 696 2308 767 faciem
2345 722 2542 769 suam
2584 723 2774 771 aver-

237 800 390 857 tens
422 787 824 856 misereatur
856 786 1095 866 nostri,
1139 799 1204 855 et
1233 786 1556 888 respiciat
1588 808 1737 863 nos,
1790 799 1855 857 et
1910 786 2223 856 ostendat
2282 788 2481 857 nobis
2544 788 2773 859 lucem

237 875 867 945 misericordiarum
905 896 1217 955 suarum,
1254 888 1319 944 et
1346 875 1670 944 immittat
1697 876 2011 945 timorem
2041 897 2247 945 suum
2290 899 2497 966 super
2538 890 2774 968 gentes

234 986 414 1051 quae
473 986 608 1033 non
666 976 1132 1053 cognoverunt
1184 985 1369 1045 eum,
1416 975 1492 1033 ut
1542 977 1959 1055 cognoscant
2017 964 2182 1051 quia
2240 986 2374 1034 non
2431 978 2532 1036 est
2592 966 2771 1036 alius

238 1058 442 1134 DeuS,
485 1053 619 1123 nisi
654 1057 828 1122 Deus
862 1064 1172 1122 noster...
2008 1091 2011 1093 -

657 1377 1132 1479 HlSTORlA
1221 1379 1294 1478 S.
1367 1377 1753 1478 ELlPHIl
1835 1378 2359 1502 MARTYBIS

865 1617 1150 1666 AUCTORE
1197 1616 1479 1665 RUPER'I'O
1526 1618 1768 1664 ABBATE
1806 1617 2143 1665 TUITlENSI.

744 1796 1074 1861 martyrio
1104 1796 1467 1852 decoratus
1495 1799 1600 1851 est:
1625 1809 1759 1854 sec.
1783 1796 1880 1850 1v
1905 1823 1982 1836 --
2003 1796 2271 1852 Gallum

1060 1992 1507 2059 PRAEFATIO
1556 1992 1955 2059 AUCTORIS

461 2157 541 2202 An
588 2154 882 2202 ALBANUK
929 2155 1214 2201 ABBATEM
1261 2155 1316 2202 S.
1370 2152 1632 2201 MARan
1680 2154 1870 2202 INTRA
1916 2154 2231 2203 COLOMAM
2278 2154 2527 2202 AGRIPP.

330 2292 460 2377 Qui
493 2292 785 2382 primus,
838 2292 1228 2379 nostrisque
1277 2291 1701 2381 temporibus
1741 2291 1945 2382 longe
1991 2293 2313 2375 anterior,
2368 2293 2774 2382 martyrium

240 2381 527 2472 scripsit
571 2380 852 2471 pretiosi
903 2380 1226 2470 martyris
1273 2379 1551 2470 Eliphii‚
1604 2379 2132 2450 fundamentum
2187 2382 2454 2472 posuit:
2509 2404 2627 2452 vos
2658 2404 2775 2451 au-

237 2484 404 2553 tem,
446 2469 691 2540 fratres
739 2468 1107 2550 carissimi,
1150 2480 1247 2552 tu,
1287 2480 1480 2560 pater
1516 2469 1793 2552 Albane,
1833 2482 2195 2557 tecumque
2239 2472 2336 2541 tui
2380 2472 2776 2561 spirituales

239 2560 395 2642 filii,
452 2559 851 2648 parvitatem
905 2580 1127 2628 meam
1181 2558 1759 2648 superaedificare
1822 2560 2258 2649 compellitis.
2335 2561 2613 2630 Diutina
2677 2583 2779 2631 ex-

233 2649 596 2719 cusatione
666 2646 985 2717 charitati
1045 2659 1306 2716 vestrae
1372 2647 1645 2717 renisus
1706 2669 1911 2728 sum,
1966 2660 2031 2718 et
2076 2650 2537 2718 excusationis
2588 2671 2777 2718 meae

235 2760 455 2808 causa
503 2737 670 2806 haec
720 2757 995 2805 summa
1040 2735 1171 2804 suit
1202 2790 1217 2817 ‚
1268 2736 1436 2823 quia
1481 2735 2007 2806 fundamentum
2070 2736 2258 2806 aliud
2325 2750 2592 2826 praeter
2651 2736 2770 2812 id,

235 2826 425 2914 quod
475 2826 776 2916 positum
826 2836 1002 2906 erat,
1065 2846 1320 2915 ponere
1369 2847 1503 2894 non
1557 2825 1773 2915 potui.
1838 2830 2063 2913 Neque
2111 2826 2295 2893 enim
2345 2824 2537 2894 aliud
2588 2825 2778 2893 inve·

238 2914 563 2996 niebam,
633 2912 983 3004 pertinens
1044 2914 1132 2982 ad
1195 2914 1599 2983 memoriam
1668 2913 1981 3003 ejusdem
2030 2913 2343 3002 Martyris
2390 2925 2455 2982 et
2503 2915 2778 2983 Patroni

237 3004 469 3083 vestri,
526 3005 725 3089 cujus
762 3023 1014 3092 corpus
1056 3002 1454 3073 thesaurum
1493 3002 1870 3103 pretiosum
1920 3023 2128 3090 penes
2177 3022 2294 3069 vos
2337 3002 2773 3071 reconditum

238 3114 393 3163 esse
441 3091 778 3181 gaudetiS,
832 3102 1099 3181 praeter
1128 3091 1462 3180 scriptum
1497 3090 1696 3170 1llud,
1741 3089 1925 3178 quod
1957 3089 2148 3159 vobis
2183 3088 2438 3178 pariter
2464 3112 2545 3159 ac
2574 3090 2774 3160 nobis

238 3181 602 3260 usitatum,
656 3201 791 3249 non
843 3180 1008 3248 satis
1046 3178 1467 3267 jucundum,
1522 3200 1742 3266 neque
1790 3178 1956 3247 satis
2012 3176 2339 3247 idoneum
2388 3178 2772 3248 aestimatis

243 3280 524 3360 propter
571 3268 857 3337 nimiam
908 3267 1459 3357 simplicitatem:
1504 3267 1625 3354 qui
1676 3288 1819 3336 rem
1867 3278 2127 3355 gestam
2182 3288 2318 3336 non
2370 3266 2596 3336 solum
2648 3289 2773 3337 suo

235 3356 605 3449 splendore
643 3368 947 3437 exornat,
997 3377 1234 3426 verum
1283 3356 1486 3426 etiam
1534 3355 1735 3442 quasi
1781 3353 2080 3442 quodam
2130 3355 2320 3425 fumo
2365 3355 2778 3444 aliquantis·

241 3468 365 3547 per
418 3444 754 3514 observat.
815 3445 1240 3514 Recusabam
1278 3467 1440 3535 ergo
1483 3444 1840 3525 liactenuS,
1896 3443 2105 3514 nimis
2153 3443 2432 3514 difficile
2478 3467 2557 3514 ac
2608 3466 2779 3535 pene

238 3532 674 3625 impossibile
723 3532 1146 3613 existimans,
1201 3534 1267 3601 id
1304 3533 1485 3620 quod
1524 3544 1744 3602 vestra
1775 3532 2075 3615 charitas
2102 3532 2557 3624 efflagitabat:
2598 3533 2780 3604 velut

247 3623 308 3694 si
358 3622 728 3692 architecto
768 3620 1073 3690 dicatur:
1120 3646 1154 3687 «
1183 3626 1401 3711 Super
1441 3622 1568 3690 hoc
1617 3634 1987 3712 angustum
2023 3643 2102 3691 ac
2133 3634 2335 3691 tenue
2366 3621 2779 3692 fundamen-

243 3725 419 3793 tum,
477 3711 758 3780 firmum
809 3731 888 3778 ac
937 3709 1381 3800 splendidum
1456 3710 1955 3800 superaedifica
2003 3709 2204 3780 nobis
2249 3710 2670 3781 aedificium.
2740 3735 2777 3777 »

249 3801 380 3870 Sed
433 3812 659 3870 tamen
710 3800 1032 3878 occurrit,
1086 3799 1541 3886 renitentique
1574 3800 1807 3868 animo
1856 3820 2004 3869 sese
2049 3799 2309 3869 dictum
2342 3798 2516 3869 illud
2557 3799 2785 3890 inges-

246 3889 387 3959 sit:
443 3890 682 3959 Omm'a
725 3889 1074 3977 possibilia
1121 3888 1416 3957 credenti
1458 3893 1689 3973 (Μανο.
1757 3887 1871 3977 ix).
1947 3892 2253 3975 Itemque
2308 3887 2518 3958 illud:
2584 3892 2792 3979 Aperi

243 4000 317 4047 os
366 3988 581 4059 tuum,
627 3977 720 4046 ait
770 3976 841 4044 in
890 3975 1161 4045 Psalmo
1213 3976 1508 4066 Spiritus
1557 3981 1887 4046 Sanctus:
1939 3979 2166 4068 Aperi,
2219 3977 2362 4046 sive
2407 3975 2662 4059 dilata,
2714 4001 2783 4047 os

248 4075 462 4146 tuum,
505 4078 568 4135 ec
615 4089 735 4157 eqo
774 4065 1056 4156 implebo
1105 4066 1284 4134 illud
1317 4066 1527 4155 (Psal.
1582 4065 1718 4155 80).
1752 4065 1972 4156 Igitur
2000 4065 2329 4135 charitate
2363 4065 2604 4145 victus,
2643 4069 2783 4154 qua

250 4153 582 4222 nimirum
633 4155 841 4235 vinci,
887 4153 1078 4254 pium
1130 4167 1194 4222 et
1231 4153 1692 4223 honorificum
1742 4167 1865 4236 est,
1909 4155 2144 4244 aperio
2190 4175 2266 4223 os
2299 4175 2529 4222 meum
2563 4176 2773 4235 nunc,

242 4239 335 4308 ab
383 4241 523 4322 illo,
563 4245 683 4330 qui
726 4245 935 4330 J'ussit
981 4243 1271 4332 aperire,
1330 4264 1451 4332 per
1498 4243 1839 4312 orationes
1885 4255 2142 4313 vestras
2188 4242 2664 4332 implendum:
2703 4256 2781 4314 ut

247 4327 639 4418 religiosius
689 4330 1055 4421 loquend0,
1109 4353 1359 4400 aurum
1394 4343 1458 4401 et
1496 4344 1856 4423 argentum
1899 4344 1963 4400 et
2001 4331 2266 4422 lapides
2299 4333 2629 4422 pretiosos
2663 4355 2781 4401 su-

248 4418 721 4507 peraedificem
775 4443 982 4512 super
1028 4419 1557 4491 fundamentum
1609 4423 1779 4492 hoc:
1841 4433 2182 4509 quatenus
2231 4420 2778 4511 pulcritudinem

405 4536 642 4596 surius
668 4566 694 4585 -
731 4538 900 4601 Vitae
927 4537 1028 4602 SS.
1057 4569 1088 4586 -
1119 4537 1250 4602 Vol.
1286 4537 1359 4603 X.
2548 4536 2626 4598 23
