3347 4999
652 313 782 377 586
1450 328 1527 374 ns
1575 329 1630 373 s.
1686 328 1959 374 Arimino
2024 325 2215 373 mar.
2801 307 2971 372 OCT.
3021 309 3112 373 ΞΟ

647 416 684 501 ξ
731 410 881 485 12.
937 417 1089 482 Post
1136 412 1303 481 haec
1352 425 1578 480 autem
1631 433 1791 480 cum
1845 411 2084 481 matris
2134 432 2300 480 suae
2335 409 2613 479 haberet
2647 400 3113 489 fratrem,'no-

563 503 747 570 mine
776 499 1161 580 Iulianum,
1215 499 1337 588 qui
1371 513 1442 569 ut
1479 499 1580 568 illi
1612 499 2140 590 gratificaretur,
2196 498 2700 569 Christianismi
2740 498 2943 568 fidem
2988 499 3114 569 ab-

551 591 930 679 juraverat.
966 602 1031 659 et
1068 611 1188 678 pro
1216 610 1445 659 errore
1494 590 1802 679 gentium
1854 587 2253 659 ostendebat
2303 600 2725 677 promptum,
2775 599 2842 657 et
2879 587 3113 656 alacre

563 679 779 749 animi
829 678 1162 757 studium,
1214 678 1443 747 emisit
1491 678 1788 747 Orientis
1837 689 2190 757 rectorem,
2227 698 2431 763 quem
2472 688 2712 746 vocant
2747 677 3107 758 Comitem,

548 769 806 859 jubens
871 779 948 837 ut
997 789 1103 836 res
1156 766 1440 854 quidem
1505 765 1966 836 Ecclesiarum
2020 779 2287 836 vexaret
2334 779 2401 834 et
2452 764 2785 855 perderet,
2838 765 3110 852 ubique

562 870 787 927 autem
852 869 918 926 et
978 856 1167 925 omni
1238 857 1498 925 ratione
1561 876 1860 925 errorem
1930 856 2236 947 gentium
2289 867 2567 945 augeret
2612 867 2677 924 et
2722 853 3103 923 extolleret.

561 944 686 1015 Ille
734 945 946 1036 igitur
1003 966 1162 1014 cum
1229 945 1527 1014 venisset
1583 943 2008 1014 Antiochiam
2049 999 2064 1025 ‚
2117 943 2498 1012 conabatur
2566 964 2636 1011 re
2684 943 2700 1010 i
2760 946 2835 1012 sa
2899 941 3111 1032 plura

563 1047 930 1124 praestare,
983 1054 1190 1119 quam
1240 1033 1302 1102 ei
1353 1032 1571 1102 fuerat
1620 1034 2064 1123 imperatum.
2111 1037 2186 1101 Et
2223 1030 2534 1101 ecclesiis
2568 1032 2687 1119 qui
2738 1053 2844 1099 em
2883 1031 3113 1101 aufert

560 1144 1040 1210 quaecumque
1102 1121 1446 1192 habebant
1487 1123 1807 1210 pretiosa,
1861 1135 1997 1191 tam
2061 1121 2126 1189 in
2178 1132 2462 1211 argento
2509 1133 2576 1189 et
2621 1142 2837 1200 auro,
2890 1142 3111 1207 quam

562 1213 631 1281 in
687 1210 925 1282 sericis
973 1211 1417 1280 vestimentis
1472 1211 1647 1294 Quin
1711 1211 1914 1280 etiam
1965 1209 2225 1279 claudit
2269 1209 2636 1291 eeclesias,
2686 1231 2771 1278 ne
2817 1211 2976 1296 quis
3026 1210 3104 1278 in

559 1321 676 1370 eas
725 1299 1198 1391 ingrederetur
1249 1298 1573 1389 precandi
1619 1302 1854 1378 causA,
1910 1299 2233 1369 claustris
2278 1312 2342 1368 et
2385 1299 2687 1368 vectibus
2709 1299 2949 1388 Januis
2978 1298 3113 1366 im-

562 1389 827 1478 positis.
882 1393 958 1458 Et
997 1387 1164 1458 haec
1210 1387 1491 1475 quidem
1537 1388 1930 1458 Antiochiae
1970 1387 2261 1457 faciebat
2310 1393 2547 1456 Comes
2589 1387 2907 1457 Orientis.
2963 1392 3110 1456 Im-

563 1490 833 1567 perator
878 1490 1107 1548 autem
1154 1476 1480 1548 Julianus
1513 1477 2099 1566 Constantinopoli
2135 1476 2414 1563 aliquod
2445 1476 2676 1545 adhuc
2707 1476 3115 1546 morabatur

564 1579 858 1658 tempus,
905 1588 1012 1637 res
1058 1565 1481 1636 confirmans
1527 1580 1592 1636 et
1638 1567 2114 1645 corroborans,
2175 1577 2377 1655 prout
2423 1565 2487 1633 ei
2540 1566 2836 1634 maxime
2900 1585 3113 1635 exne-

560 1655 710 1724 dire
760 1655 1118 1725 videbatur
1182 1655 1510 1745 imperio:
1562 1668 1628 1726 et
1675 1669 1749 1724 ut
1811 1676 2002 1725 error
2048 1654 2355 1745 gentium
2413 1653 2779 1743 magnifice
2827 1652 3110 1724 extolle-

561 1758 771 1824 retur,
826 1743 1272 1815 considerans
1319 1758 1381 1813 et
1433 1765 1835 1834 procurans,
1896 1749 2124 1814 Postea
2174 1764 2329 1812 vero
2376 1742 2743 1811 discedens
2776 1747 3112 1813 Constan-

561 1832 846 1922 tinopoli
894 1855 1054 1903 cum
1105 1834 1426 1902 universo
1471 1834 1794 1912 exercitu,
1847 1833 1976 1901 iter
2024 1831 2314 1902 faciebat
2356 1832 2419 1899 in
2476 1832 2767 1932 Syriam.

648 1925 685 2009 ξ
731 1926 877 1996 1³.
932 1926 1095 1991 Cum
1151 1923 1380 2009 itaque
1417 1921 1807 1993 universam
1849 1922 2254 2011 pervasisset
2292 1921 2689 2078 Phrygiam.
2722 1934 2788 1989 et
2827 1919 2910 1988 ad
2948 1920 3110 2019 eJus

562 2011 880 2079 ultimam
909 2010 1201 2080 venisset
1222 2011 1586 2089 civitatem,
1616 2032 1793 2099 quae
1817 2023 2097 2080 vocatur
2115 2010 2451 2089 Iconium,
2526 2009 2844 2078 eclinavit
2870 2008 3113 2079 relicta

564 2099 853 2168 Isauria.
894 2104 969 2167 Et
1001 2121 1159 2169 cum
1195 2104 1522 2178 Taurum,
1554 2101 1668 2187 qui
1701 2100 1977 2179 dicitur,
2010 2110 2424 2189 superasset,
2462 2099 2643 2167 venit
2674 2098 2758 2167 ad
2797 2097 3112 2167 civitates

565 2186 860 2257 Ciliciae.
898 2192 1060 2257 Cum
1098 2210 1252 2258 vero
1295 2190 1695 2258 accessisset
1741 2188 1822 2257 ad
1876 2188 2262 2265 stationem,
2307 2209 2482 2273 quae
2513 2200 2613 2255 est
2644 2186 2710 2255 in
2755 2191 2922 2266 Isso,
2962 2185 3112 2256 illic

562 2288 1107 2355 castrametatur,
1148 2277 1580 2346 Macedonem
1614 2277 2070 2347 Alexandrum
2111 2277 2442 2346 imitatus.
2480 2280 2645 2345 Nam
2685 2274 2801 2344 ille
2832 2296 3113 2362 quoque

565 2366 633 2432 in
672 2369 818 2433 Isso
851 2385 1009 2434 cum
1064 2367 1261 2435 Dario
1292 2370 1472 2455 Rege
1506 2370 1865 2436 Persarum
1918 2366 2263 2435 commisit
2316 2365 2681 2453 proelium.
2715 2369 2863 2447 Quo
2897 2364 3103 2443 victo,

566 2452 790 2522 locum
827 2451 1125 2522 reddidit
1156 2454 1527 2544 insignem.
1566 2453 1766 2525 Illinc
1800 2455 2031 2525 sinum
2067 2453 2449 2525 transmisit
2480 2454 2797 2533 Issicum,
2824 2464 2890 2522 et
2922 2453 3113 2524 venit

563 2541 1015 2622 Antiochiam,
1053 2543 1223 2612 iram
1258 2543 1533 2644 spirans
1562 2544 1893 2614 adversus
1927 2544 2369 2622 Christianos,
2405 2555 2471 2612 et
2511 2564 2583 2611 se
2628 2563 2744 2611 eos
2780 2563 2930 2612 esse
2963 2563 3111 2611 om·

563 2631 730 2700 nino
775 2651 1175 2701 eversurum
1215 2632 1571 2702 minitans,
1625 2638 1793 2702 Cum
1843 2632 2265 2702 Antiochiam
2315 2653 2478 2722 ergo
2528 2631 2822 2701 venisset
2872 2644 3113 2720 tyran-

565 2740 719 2798 nuS,
768 2732 832 2788 et
873 2720 940 2788 in
983 2718 1265 2790 domum
1316 2721 1701 2790 divertisset
1736 2721 2275 2822 imperatoriam,
2306 2733 2370 2789 et
2407 2742 2528 2789 nec
2570 2741 2785 2789 unum
2818 2718 3107 2806 quidem

563 2807 746 2878 diem
794 2808 1182 2896 quievisset,
1237 2810 1319 2879 ad
1371 2831 1529 2879 eum
1579 2809 1865 2879 adducti
1912 2824 2113 2892 sunt,
2167 2809 2374 2879 veluti
2424 2809 2623 2899 signo
2686 2807 2844 2878 dato
2906 2829 3113 2877 accu-

564 2898 715 2978 sati,
772 2898 1119 2988 Eugenius
1166 2910 1233 2967 et
1280 2899 1640 2980 MacariuS,
1693 2900 1813 2986 qui
1862 2899 1994 2988 ipsi
2045 2919 2321 2986 quoque
2368 2911 2566 2966 erant
2615 2909 2775 2988 pars
2826 2896 3110 2987 presby·

565 2997 820 3055 teratus
886 2985 1214 3057 ecclesiae
1283 2987 1761 3056 Antiochenae.
1825 2991 2009 3069 Quos
2068 3009 2227 3057 cum
2294 2986 2604 3076 protinus
2653 2998 2965 3056 curasset
3018 2985 3114 3054 si-

564 3074 884 3144 stendos:
960 3098 995 3142 «
1051 3076 1345 3158 Quinam
1395 3077 1596 3158 estis,
1652 3076 1877 3163 inquit
1911 3130 1930 3156 ,
1995 3089 2061 3147 et
2118 3075 2469 3164 quodnam
2531 3087 2633 3144 est
2696 3074 2888 3144 vobis
2936 3074 3115 3144 vitae

566 3163 934 3234 studium?
967 3187 1003 3230 »
1044 3165 1217 3234 Dixit
1263 3165 1647 3256 Eugenius:
1690 3187 1726 3231 «
1761 3165 2130 3237 Christiani
2179 3186 2447 3244 sumuS‚
2487 3176 2553 3234 et
2600 3163 2847 3232 Christi
2880 3163 3112 3254 gregis

567 3265 897 3342 pastores.
953 3257 1131 3322 Haec
1171 3266 1273 3324 est
1323 3255 1522 3325 nobis
1558 3254 1717 3332 vita,
1767 3253 1935 3323 haec
1983 3252 2310 3333 conditio,
2356 3252 2484 3323 hoc
2531 3251 2915 3322 studium.»
2939 3251 3112 3322 Dicit

565 3352 795 3409 autem
849 3345 1265 3431 Imperator:
1308 3365 1344 3409 «
1385 3344 1506 3412 Ubi
1556 3355 1657 3413 est
1699 3343 1803 3421 is,
1856 3364 2061 3430 quem
2129 3341 2360 3411 dicitis
2409 3340 2655 3411 Christi
2706 3342 3105 3432 gregem?»

566 3428 914 3517 Eugenius
957 3441 1227 3499 autem:
1267 3454 1303 3497 «
1336 3431 1729 3510 Universus‚
1784 3431 2032 3519 inquit,
2086 3431 2274 3500 orbis
2322 3444 2565 3511 terrae,
2619 3451 2823 3518 quem
2856 3427 2952 3498 sol
2983 3427 3106 3496 ad·

566 3517 791 3606 spicit,
835 3530 899 3587 et
945 3519 1065 3605 qui
1113 3518 1182 3587 in
1232 3541 1312 3589 eo
1360 3532 1522 3596 sunt
1570 3519 1910 3591 homines.
1958 3542 1995 3586 »
2034 3519 2361 3590 Julianus
2408 3532 2681 3589 autem:
2718 3540 2755 3584 (ι
2790 3522 2942 3597 Nos,
2993 3516 3107 3584 in-

568 3605 743 3693 quit,
781 3606 1200 3694 quibusnam
1289 3629 1675 3690 raesumus,
1720 3622 1784 3678 et
1816 3609 1882 3677 in
1921 3630 2259 3696 quosnam
2301 3607 2501 3677 hodie
2540 3608 2933 3678 obtinemus
2976 3604 3108 3675 im-

571 3696 866 3784 perium,
904 3718 945 3766 o
980 3709 1054 3766 tu
1096 3630 1333 3766 infelix
1364 3709 1430 3767 et
1478 3697 1687 3766 miser
1727 3696 2174 3779 homuncule,
2215 3697 2272 3767 si
2307 3716 2823 3784 quamcumque
2855 3707 3111 3764 terram

569 3785 678 3885 §ol
731 3783 1049 3875 adspicit,
1104 3785 1414 3855 Christus
1462 3806 1737 3876 gregem
1793 3785 2206 3876 possidet‘Y»
2241 3790 2494 3875 Martyr
2543 3805 2745 3855 vero:
2782 3783 3107 3865 «Eidem,

567 3873 834 3960 inquit,
881 3873 1074 3965 gregi
1128 3895 1408 3963 praees,
1461 3894 1501 3944 o
1550 3879 1974 3964 Imperator,
2026 3875 2230 3965 cujus
2283 3895 2411 3944 nos
2468 3894 2712 3945 sumus
2866 3885 3107 3943 stores.

565 3966 691 4031 Per
730 3960 1073 4033 Christum
1122 3963 1307 4032 enim
1352 3968 1569 4054 Reges
1618 3976 1931 4053 regnant,
1984 3977 2050 4034 et
2096 3964 2367 4052 tyranni
2407 3963 2478 4032 in
2522 3975 2695 4032 terra
2795 3962 3117 4031 ominan-

566 4061 701 4119 tur.
770 4056 925 4141 Ipse
972 4073 1246 4139 quoque
1305 4051 1615 4121 Christus
1679 4051 1883 4122 hodie
1930 4051 2207 4140 quidem
2269 4052 2395 4122 tibi
2450 4050 2637 4122 dedit
2682 4050 3055 4140 imperium
3092 4103 3110 4133 ,

568 4139 772 4207 etiam
824 4140 881 4208 si
931 4141 1337 4241 apparueris
1380 4141 1693 4231 ingratus
1740 4142 1812 4209 in
1862 4139 2402 4211 benefactorem:
2438 4161 2592 4210 cras
2638 4153 2866 4208 autem
2919 4138 3118 4211 dabit

567 4226 713 4296 alii.
759 4232 844 4296 Es
890 4249 1073 4298 enim
1126 4229 1339 4299 unius
1373 4229 1534 4312 diei,
1573 4243 1638 4299 et
1688 4231 1834 4319 ipse
1883 4231 2183 4320 imperas
2214 4230 2297 4300 iis
2326 4229 2446 4317 qui
2481 4240 2643 4298 sunt
2689 4228 2902 4297 unius
2941 4227 3110 4297 diei.

569 4314 955 4417 Illi-autem
1005 4330 1106 4389 est
1154 4340 1444 4409 regnum
1496 4331 1850 4389 aeternum
1888 4373 1903 4401 ,
1956 4334 2022 4389 et
2068 4319 2250 4407 quod
2304 4338 2659 4405 nunquam
2725 4315 2931 4386 finem
2994 4339 3119 4388 ac-

564 4417 760 4496 cipit.
817 4427 853 4471 »
