3347 4999
809 349 935 414 532
1547 365 1624 411 nr:
1671 365 1727 411 s.
1772 364 1928 412 Lucii
1977 364 2397 413 nvmcsstisu
2916 347 3064 414 OCT.
3109 352 3172 414 is

721 451 948 522 Sancti
984 449 1369 540 magisterio
1412 449 1661 520 factum
1714 461 1835 531 est,
1890 462 1963 520 ut
1999 450 2233 520 beatus
2265 450 2661 526 Matthaeus,
2705 451 2825 538 qui
2861 474 2897 520 a
2941 473 3171 522 conver-

721 554 910 612 sante
958 540 1022 610 in
1076 553 1251 609 terra
1299 539 1584 608 Domino
1634 539 2074 629 Evangelium
2117 538 2380 619 didicit,
2440 540 2896 631 quadraginta
2939 564 3172 631 genera·

722 632 935 701 tiones
981 629 1446 699 enumerando
1485 627 1873 699 descendat.
1943 634 2064 698 Per
2124 629 2752 730 quadragenarium
2801 630 3040 720 quippe
3077 652 3170 699 nu·

721 741 981 790 merum
1026 719 1216 790 laboi·
1262 717 1691 808 exprimitur,
1736 740 1871 805 quo
1923 717 2233 789 videlicet
2268 718 2576 789 Christus
2629 718 3000 809 incorpore
3057 740 3168 795 suo,

717 809 897 896 quod
969 821 1070 877 est
1138 807 1459 887 Ecclesia,
1516 829 1633 897 per
1691 806 1959 876 diversa
2021 807 2190 877 vitae
2254 806 2461 895 hujus
2528 821 2834 898 tempora
2881 807 3168 899 fatigatur.

718 899 889 969 Hinc
947 910 1070 977 est,
1143 896 1324 985 quod
1392 902 1653 986 Moyses
1700 908 1766 966 et
1828 896 2005 966 Elias
2059 918 2179 986 per
2254 897 2711 984 quadraginta
2794 897 2936 968 dies
3004 897 3171 967 conti·

716 1009 1009 1058 nuavere
1034 986 1402 1076 jejunium.
1457 985 1581 1055 Sed
1629 997 1694 1055 et
1743 986 1885 1075 ipse
1923 987 2246 1054 Dominus
2302 987 2432 1056 sub
2479 986 2717 1056 eodem
2767 1008 3037 1056 numero
3088 986 3170 1054 ab·

715 1078 958 1147 stinuit
989 1099 1027 1145 a
1078 1076 1507 1165 perceptione
1539 1076 1877 1145 ciborum.
1911 1080 2034 1144 Pei·
2072 1081 2366 1164 Moysem
2418 1075 2646 1162 itaque
2686 1074 2809 1158 lex,
2866 1098 2977 1166 per
3004 1074 3167 1144 Eliam

719 1165 1094 1256 prophetia,
1150 1186 1268 1255 per
1306 1164 1647 1234 Christum
1716 1185 1892 1244 vero,
1944 1165 2097 1233 novi
2162 1166 2543 1234 testamenti
2649 1177 2908 1235 atenter
2972 1163 3169 1233 intelli·

716 1255 903 1345 gitur
959 1254 1198 1346 gratia.
1252 1258 1373 1323 Per
1451 1252 1881 1323 afflictionem
1954 1274 2114 1343 ergo
2192 1253 2250 1322 le
2303 1253 2382 1333 is,
2440 1276 2607 1344 prop
2662 1254 2835 1323 etiae
2895 1254 3077 1324 simul
3126 1265 3169 1320 et

716 1344 996 1433 gratiae,
1051 1344 1242 1413 labor
1305 1343 1618 1412 innuitur
1656 1341 2064 1412 universalis
2123 1347 2250 1412 Ecc
2280 1343 2482 1425 esiae,
2538 1365 2657 1432 per
2685 1345 3000 1414 universa
3040 1362 3170 1413 mor-

717 1434 870 1506 talis
931 1433 1141 1522 hujus
1197 1431 1367 1501 vitae
1414 1430 1645 1501 secula
1716 1431 2054 1522 fatigatae.
2127 1432 2302 1501 Hinc
2348 1444 2493 1512 est,
2565 1432 2748 1521 quod
2826 1433 2951 1502 filii
3014 1428 3168 1502 Israel

715 1523 1066 1592 aerumnis
1112 1534 1314 1609 atque
1388 1520 1740 1591 laboribus
1787 1520 2092 1591 diutinae
2159 1522 2726 1612 peregrinationis
2801 1521 3023 1602 attriti,
3064 1531 3169 1610 post

713 1609 1170 1702 quadraginta
1218 1632 1435 1680 annos
1495 1620 1741 1679 terram
1795 1623 1954 1680 sunt
1995 1610 2471 1701 promissionis
2533 1612 2868 1711 ingressi:
2927 1611 3072 1700 quia
3109 1609 3169 1673 vi-

715 1700 957 1770 delicet
1003 1722 1241 1770 omnes
1279 1698 1469 1769 electi
1525 1711 1675 1789 post
1711 1721 2063 1768 emensum
2119 1699 2330 1789 hujus
2380 1701 2946 1790 peregrinationis
2988 1718 3170 1769 excur-

715 1812 894 1872 sum,
952 1812 1105 1860 mox
1152 1788 1599 1858 haereditario
1632 1788 1785 1879 jure
1843 1802 2088 1858 terrain
2122 1789 2491 1857 viventium
2529 1788 2994 1878 possidebunt.

803 1886 841 1961 g
889 1885 974 1953 4.
1029 1884 1153 1948 Per
1202 1899 1566 1947 numerum
1617 1899 1802 1966 ergo,
1867 1899 2069 1965 quem
2123 1878 2496 1948 Matthaeus
2544 1878 2839 1961 ordinat,
2892 1875 3170 1966 susceptio

719 1968 1099 2038 laboriosae
1149 1967 1575 2037 mortaiitatis
1625 1980 1932 2037 nostrae:
1975 1988 2093 2056 per
2140 1966 2335 2038 illum
2388 1988 2564 2048 vero,
2601 1990 2805 2055 quem
2856 1973 3056 2038 Lucas
3089 1985 3168 2053 po·

714 2058 892 2138 suit,
962 2057 1429 2127 indubitanter
1491 2056 1897 2146 exprimitur
1947 2056 2344 2144 mysterium
2398 2069 2664 2126 nostrae
2715 2054 3164 2147 redemptionis.

716 2153 836 2216 Per
884 2146 1077 2215 illum
1127 2145 1441 2216 similiter
1490 2167 1854 2215 numerum
1890 2145 2276 2226 edocemur,
2313 2145 2475 2232 quia
2509 2145 2815 2215 Christus
2845 2147 3030 2237 juxta
3058 2163 3168 2233 pro·

718 2236 1014 2324 phetiam
1070 2247 1340 2325 peccata
1369 2247 1597 2304 nostra
1633 2235 1777 2322 ipse
1812 2234 2120 2323 poi·tavit;
2157 2256 2275 2324 per
2306 2235 2510 2304 istum
2553 2257 2706 2304 vero
2740 2244 3168 2322 consequenter

714 2324 1173 2403 addiscimus,
1217 2324 1377 2410 quia
1427 2323 1807 2394 secundum
1857 2322 2247 2414 Apostolum
2298 2325 2527 2393 omnia
2576 2324 2774 2396 nobis
2821 2324 3052 2394 delicta
3088 2320 3168 2387 do-

719 2412 921 2481 navit.
964 2418 1112 2503 Ipse
1160 2414 1416 2504 quippe
1463 2425 1563 2481 est
1610 2416 1861 2503 Agnus,
1905 2413 2023 2499 qui
2071 2412 2342 2483 oblatus
2388 2426 2509 2494 est,
2563 2414 2727 2502 quia
2775 2415 2922 2504 ipse
2966 2410 3165 2482 voluit:

717 2504 859 2593 ipse
906 2515 1029 2582 est,
1097 2504 1216 2590 qui
1263 2515 1327 2571 ct
1373 2502 1653 2573 abstulit
1706 2516 1971 2591 peccata
2027 2502 2291 2571 mundi.
2350 2506 2929 2604 septuagenarius
2970 2502 3169 2591 quippe

713 2591 1045 2682 septimus
1096 2614 1449 2670 numeruS,
1500 2614 1702 2678 quem
1759 2597 1972 2661 Lucas
2021 2592 2293 2681 posuit,
2362 2594 2833 2664 remissionem
2883 2589 3167 2682 significat

718 2693 1169 2772 peccatorum,
1209 2681 1386 2751 sicut
1421 2681 1563 2771 ipse
1597 2681 1925 2750 Dominus
1960 2681 2204 2763 innuit,
2234 2704 2391 2752 cum
2427 2688 2614 2752 Petro
2647 2681 3019 2770 quaerenti,
3048 2696 3168 2766 quo-

715 2772 836 2842 ties
882 2783 1106 2842 essent
1151 2769 1555 2841 dimittenda
1603 2769 1791 2839 fratri
1863 2783 2134 2859 peccata
2164 2825 2179 2852 ,
2249 2771 2641 2861 respondit:
2695 2773 2853 2841 Dico
2902 2771 3031 2848 cibi,
3081 2785 3168 2861 nen

712 2872 972 2930 tantum
1008 2862 1269 2952 septieS,
1313 2861 1428 2929 sed
1452 2881 1656 2949 usque
1681 2862 2060 2949 septuaqz'es
2103 2861 2341 2951 sepcies
2378 2861 2642 2950 (Manli.
2679 2860 2892 2950 xviii).
2929 2865 3045 2930 Nec
3078 2874 3169 2923 mi·

710 2972 862 3020 rum
893 3004 912 3029 ,
984 2950 1041 3021 si
1091 2972 1209 3040 per
1256 2948 1443 3019 hunc
1492 2969 1881 3028 numerum,
1940 2948 2060 3035 qui
2107 2949 2195 3019 ab
2241 2948 2622 3018 undenario
2668 2961 2731 3019 et
2777 2947 3047 3019 denario
3086 2962 3168 3011 nti·

710 3040 945 3119 scitur,
984 3039 1325 3108 humanae
1361 3037 1710 3127 pravitatis
1742 3036 2018 3107 abolitio
2051 3036 2472 3127 designatur.
2513 3036 2942 3109 Undenarius
2968 3033 3168 3124 quippe

714 3150 1086 3209 numerus,
1151 3128 1207 3198 si
1257 3127 1503 3216 septies
1554 3124 2075 3215 multiplicatur,
2149 3126 2442 3226 profecto
2489 3128 2924 3217 septuaginta
2969 3133 3167 3213 septem

710 3239 983 3286 summa
1031 3216 1434 3305 completur.
1476 3215 1601 3284 Sed
1652 3215 2002 3296 denarius,
2048 3238 2169 3303 qui
2218 3214 2553 3306 perfectus
2599 3229 2699 3286 est
2730 3236 3066 3287 numerus,
3088 3207 3168 3276 de·

708 3304 1023 3394 calogum
1076 3305 1325 3394 signat.
1380 3310 1500 3373 Per
1551 3303 2007 3374 undenarium
2059 3326 2259 3382 vero,
2297 3305 2415 3394 qui
2470 3305 2651 3376 hunc
2704 3301 3165 3396 transgreditur,

707 3393 873 3479 quid
929 3393 1060 3461 nisi
1110 3392 1347 3483 legalis
1396 3394 1845 3484 transgressio
1897 3395 2274 3484 figuratur?

796 3486 831 3568 ξ
878 3486 964 3553 5.
1020 3487 1185 3551 Cum
1234 3503 1393 3573 ergo
1458 3483 1527 3550 in
1598 3486 1732 3552 tota
1780 3482 1897 3553 itia
1946 3505 2220 3562 summa
2271 3483 2437 3572 legis
2485 3483 2690 3552 simul
2739 3495 2805 3553 et
2852 3494 3167 3569 transgres-

707 3570 968 3650 sionis,
1015 3583 1299 3659 uterque
1348 3593 1678 3641 numerus
1724 3571 2364 3662 comprehendatur,
2428 3572 2594 3659 quid
2644 3573 2944 3653 mirum,
2993 3569 3044 3639 si
3084 3581 3168 3654 per

707 3683 856 3730 eam
910 3659 1241 3731 scelerum
1281 3659 1591 3731 remissio
1637 3660 1779 3731 desi
1836 3665 2082 3731 netur?
2129 3663 2563 3751 Septenarius
2615 3661 2814 3751 plane
2864 3673 3162 3730 numerus,-

707 3751 822 3837 qui
876 3773 1087 3851 supra
1163 3749 1522 3819 Dominum
1590 3750 1656 3817 in
1719 3773 1798 3819 co
1833 3751 2042 3821 umba
2105 3751 2494 3833 descendit,
2551 3765 2824 3820 nostrae
2877 3738 3168 3840 pravitatis
3247 3805 3248 3832 χ

707 3840 1168 3909 undenarium
1219 3838 1530 3909 abolevit.
1608 3844 1698 3908 De
1743 3861 1879 3927 quo
1927 3839 2185 3909 scilicet
2231 3840 2722 3909 charismatum
2775 3857 3046 3908 numero
3086 3845 3168 3917 per

708 3931 954 3999 Isaiam
1005 3928 1299 3998 dicitur:
1336 3930 1715 4018 Requiescet
1743 3952 1943 4019 super
1975 3952 2124 3998 eum
2151 3930 2428 4019 spiritus
2460 3932 2831 4020 sapientiae
2869 3939 2929 3998 et
2959 3921 3166 4017 intelle-

706 4028 873 4100 ctus,
924 4021 1203 4109 spiritus
1244 4019 1509 4088 consilii
1551 4028 1614 4087 et
1657 4019 2096 4106 fortitudinis,
2149 4019 2426 4107 spiritus
2473 4020 2786 4088 scientiae
2825 4028 2886 4087 et
2921 4016 3163 4106 pietates.

707 4118 767 4176 ct
794 4110 1091 4196 implebit
1127 4131 1277 4178 eum
1308 4109 1586 4197 spiritus
1610 4109 1864 4176 timoris
1900 4108 2159 4176 Domini
2176 4107 2293 4196 (Is.
2328 4106 2426 4195 ιι).
2480 4107 2666 4177 Unde
2712 4109 2945 4177 beatus
2971 4108 3161 4171 Lucas.

705 4209 782 4265 ut
827 4197 1085 4286 expiari
1137 4219 1262 4265 nos
1308 4220 1344 4264 a
1398 4196 1648 4267 nostris
1696 4196 2068 4266 sceleribus
2135 4218 2253 4284 pei·
2321 4197 2684 4266 adventum
2737 4193 2944 4265 nostri
2987 4186 3166 4260 saiva·

708 4285 870 4354 toris
918 4285 1248 4366 ostendat,
1283 4307 1416 4354 non
1468 4285 1552 4354 ab
1602 4284 2045 4376 Evangelicae
2093 4285 2502 4355 narrationis
2547 4284 2843 4364 exordio,
2882 4280 2993 4354 sed
3022 4273 3167 4375 ἕψει·

706 4373 957 4475 ptismo
983 4373 1356 4455 dumtaxat,
1396 4373 1642 4445 Christi
1673 4374 2099 4464 cognationis
2132 4374 2440 4445 ordinem
2476 4374 2770 4444 inchoat.
2793 4369 2978 4457 Quod
3006 4378 3164 4466 etiam

706 4485 773 4533 in
828 4462 1002 4533 libro
1064 4467 1396 4534 Geneseos
1461 4462 1806 4534 evidenter
1868 4463 2249 4534 ostenditur
2280 4516 2296 4544 ,
2358 4461 2480 4534 ubi
2542 4462 2833 4535 Lamech
2888 4451 3166 4532 uxoribus
