3347 4999
700 278 787 351 72
1255 296 1335 347 nr.
1381 299 1437 347 s.
1490 297 1880 346 uonnaanio
1927 297 2123 345 nmsc.
2179 297 2254 344 m
2302 298 2494 346 naar.
2879 280 3062 347 OCT.
3122 283 3176 347 2

608 386 903 479 flagellis
934 404 1201 461 caesus,
1234 382 1791 473 turpissimeque,
1832 394 1907 451 ut
1953 382 2237 451 decebat
2277 381 2452 470 justi
2507 382 2947 485 proditorem,
2981 406 3171 453 con—

610 477 1000 555 demnatus,
1042 474 1285 560 laqueo
1331 492 1713 562 suspensus
1760 483 1882 551 est,
1914 483 1978 539 et
2025 472 2476 541 transmissus
2507 493 2578 541 in
2615 484 2973 542 tartarum.
3009 479 3172 543 Μο-

607 567 892 635 rabatnr
936 586 1015 633 eo
1065 578 1362 650 tempore
1412 565 1479 629 B.
1538 559 1992 661 Leodegarius
2039 560 2109 629 in
2156 560 2498 650 virginum
2551 561 2951 652 supradicto
3002 584 3172 631 mo-

610 655 929 724 nasterio.
980 658 1231 721 Jussus
1269 661 1369 719 est
1415 661 1645 718 autem
1694 664 1895 717 etiam
1935 649 2082 737 ipse
2112 648 2432 718 accersiri
2465 649 2548 717 ad
2586 650 2958 740 synodum,
3011 672 3170 721 non

609 755 861 822 tamen,
906 753 982 810 ut
1027 740 1251 827 ajunt,
1306 738 1598 808 concilio
1648 736 1979 817 interfuit,
2012 736 2126 807 sed
2162 759 2469 807 seorsum
2522 743 2659 807 Rex
2690 751 2755 808 et
2803 741 3168 809 Ebroinus

610 854 768 901 cum
819 852 897 899 eo
945 846 1329 899 sermonem
1381 825 1754 897 contulisse
1823 824 2179 905 feruntur,
2235 826 2587 913 multaque
2647 828 2735 897 ab
2782 849 2861 897 eo
2911 828 3168 898 futura

607 920 747 991 illis
783 918 1126 1009 praedicta
1165 916 1400 995 fuisse,
1429 932 1605 1001 quae
1636 915 1944 984 evenisse
1985 915 2422 984 manifestum
2459 930 2582 984 est.
2616 918 2956 987 Ebroinus
2985 939 3170 987 vero

609 1008 678 1078 in
732 1031 853 1078 sua
908 1006 1331 1096 malignitate
1390 1023 1870 1093 perseverans:
1943 1003 2228 1072 Multum
2280 1016 2378 1082 te,
2431 1005 2526 1073 ait
2582 1005 2665 1073 ad
2719 1006 2941 1075 virum
3003 1007 3159 1087 Dei,

609 1094 1203 1188 grandiloquentia
1260 1106 1373 1162 tua
1439 1092 1523 1160 ad
1584 1091 1953 1160 dicendum
2013 1091 2392 1161 extimulat.
2465 1098 2826 1183 Martyrem
2879 1107 2943 1163 te
3005 1095 3168 1164 fore

608 1186 1022 1275 suspicaris:
1080 1182 1335 1251 idcirco
1376 1180 1503 1249 hac
1545 1181 1918 1250 temeritate
1951 1182 2185 1249 uteris.
2229 1180 2514 1249 Multum
2552 1203 2707 1252 vero
2740 1195 2803 1252 te
2833 1183 3169 1253 extendis

609 1274 723 1344 sed
768 1274 1020 1342 frustra
1068 1270 1200 1340 tale
1233 1270 1616 1360 praemium
1665 1270 1946 1359 expetis.
2007 1274 2086 1339 Ut
2130 1270 2315 1338 enim
2380 1273 2825 1341 commeritus
2870 1294 2992 1352 es,
3063 1274 3162 1341 ita

610 1362 938 1452 martyrio
990 1360 1286 1451 potieris.
1336 1358 1663 1447 Cupiebat
1705 1361 2041 1429 Ebroinus
2080 1372 2394 1429 sanctum
2449 1358 2671 1428 virum
2710 1361 2777 1429 in
2816 1361 3064 1429 anima
3095 1374 3172 1431 et

606 1472 891 1541 corpore
942 1449 1244 1539 perdere,
1296 1458 1361 1517 et
1405 1448 1518 1516 cui
1551 1448 1700 1536 jam
1733 1464 2006 1516 omnem
2058 1446 2275 1516 seculi
2314 1446 2605 1537 gloriam
2656 1461 2959 1539 ereptam
2995 1472 3164 1518 cer-

609 1540 833 1617 nebat,
876 1561 913 1606 a
957 1549 1348 1608 sanctorum
1381 1555 1655 1623 quoque
1707 1535 1965 1604 meritis
2012 1534 2394 1605 excludere.
2453 1536 2576 1605 Sed
2629 1538 2884 1624 quibus
2935 1538 3166 1609 rebus

607 1627 722 1697 ille
771 1627 904 1698 sibi
952 1625 1308 1696 videbatur
1353 1646 1510 1693 cum
1570 1644 1607 1692 a
1664 1624 1930 1693 Christo
1977 1622 2286 1704 avellere,
2343 1625 2602 1714 iisipsis
2651 1625 2715 1694 id
2775 1626 3158 1709 efficiebat,

605 1728 683 1786 ut
730 1717 1012 1795 Christo,
1066 1736 1269 1802 quem
1320 1712 1773 1794 desiderabat,
1829 1712 2049 1803 magis
2096 1711 2517 1783 adhaereret.
2556 1719 2897 1796 Quantum
2952 1717 3162 1786 enim

604 1806 951 1875 crescebat
976 1806 1125 1893 ejus
1157 1824 1396 1893 poena,
1442 1814 1704 1870 tantum
1739 1802 1942 1870 etiam
1982 1801 2282 1890 praemia
2324 1802 2778 1892 augebantur.

693 1896 730 1981 ξ
778 1900 919 1967 15.
955 1891 1259 1961 Tradidit
1289 1903 1515 1960 autem
1554 1890 1749 1959 illum
1786 1889 2059 1958 cuidam
2098 1889 2851 1977 Chrodobert0‚jubens
2876 1905 2956 1962 ut
2983 1914 3162 1963 eum

607 1982 821 2052 multa
871 1983 1039 2052 cura
1077 1980 1488 2050 custodiret:
1542 1980 1775 2048 Veniet
1802 1980 1986 2047 enim
2020 1978 2460 2067 quandoque,
2514 1980 2630 2059 ait,
2676 1994 2971 2071 tempus,
3009 2004 3168 2069 quo

606 2070 886 2140 tollatur
929 2092 966 2139 e
1015 2069 1261 2139 medio.
1319 2066 1436 2136 Ille
1484 2080 1838 2158 acceptum
1889 2088 2046 2137 eum
2084 2122 2100 2145 ‚
2153 2067 2349 2137 duxit
2412 2067 2495 2137 ad
2561 2068 2843 2138 domum
2907 2092 3153 2139 suam.

608 2163 902 2229 Cernens
930 2180 1084 2227 vero
1116 2179 1275 2227 eum
1310 2178 1387 2225 ex
1424 2156 1662 2225 itinere
1688 2169 1751 2225 et
1787 2158 2025 2226 morbo
2058 2156 2430 2238 defessum,
2457 2158 2670 2246 jussit
2708 2157 3164 2229 refocillandi

604 2250 755 2338 ejus
801 2251 1010 2317 causa
1061 2259 1294 2336 potum
1345 2246 1409 2314 ei
1458 2245 1790 2335 praeberi.
1829 2245 1954 2314 Sed
2009 2246 2202 2335 prius
2253 2268 2412 2315 uam
2463 2244 2546 2314 ad
2597 2267 2754 2315 eum
2809 2246 3164 2336 pincerna

606 2338 884 2416 veniret,
915 2338 1158 2425 ingens
1193 2335 1306 2405 lux
1356 2334 1573 2403 instar
1618 2333 1862 2404 circuli
1908 2356 1944 2403 e
1990 2334 2179 2404 coelo
2204 2267 2656 2415 descendens,
2696 2356 2906 2424 super
2928 2350 3164 2426 caput

604 2425 756 2514 ejus
807 2425 1250 2516 resplenduit.
1321 2428 1489 2492 Tum
1542 2422 1645 2491 illi
1709 2423 1830 2510 qui
1882 2422 2201 2492 aderant:
2256 2423 2431 2507 Quid
2482 2422 2613 2492 sibi
2666 2423 2850 2506 vult,
2916 2426 3156 2516 ajunt,

606 2498 908 2595 domine,
960 2515 1139 2601 quod
1194 2535 1401 2603 super
1448 2525 1658 2602 caput
1707 2526 1899 2582 tuum
1953 2512 2309 2603 sphaerica
2346 2513 2569 2604 figura
2616 2526 2934 2603 apparet,
2990 2537 3162 2585 coe·

607 2602 771 2672 litus
824 2603 1093 2692 lapsum
1147 2603 1378 2671 lumen
1434 2600 2121 2690 splendidissimum,
2164 2603 2371 2690 quus
2422 2623 2544 2672 nos
2591 2614 2746 2670 ante
2797 2603 2923 2671 bac
2961 2625 3162 2673 nun-

603 2714 808 2780 quam
861 2692 1088 2761 simile
1148 2690 1495 2760 vidimus?
1551 2689 1672 2759 Ille
1733 2711 1891 2759 vero
1939 2690 2007 2758 in
2062 2701 2307 2759 terram
2384 2701 2808 2780 prostratusz
2874 2694 3162 2765 Gratias

601 2802 728 2870 ago
768 2781 915 2860 tibi,
956 2780 1201 2867 inquit,
1255 2780 1690 2867 omnipotens
1745 2783 1938 2858 Deus,
1983 2779 2295 2848 omnium
2331 2779 2740 2860 consolator,
2775 2781 2895 2866 qui
2928 2803 3161 2871 super

604 2890 713 2938 me
768 2891 1036 2939 servum
1086 2881 1280 2939 tuum
1337 2869 1468 2936 tale
1513 2868 1840 2958 dignatus
1888 2888 1962 2937 es
2007 2867 2362 2936 ostendere
2427 2866 2866 2939 miraculum.
2935 2871 3162 2940 Porro

604 2958 850 3045 reliqui
899 2975 1160 3038 omnem,
1195 2970 1560 3047 conspecto
1606 2977 1686 3027 eo
1736 2957 2020 3037 lumine,
2078 2968 2430 3043 tamquam
2479 2968 2666 3026 extra
2712 2978 2860 3026 sese
2907 2957 2979 3025 in
3032 2981 3158 3028 ec-

602 3048 837 3116 stasim
893 3047 1091 3136 rapti‚
1146 3045 1419 3115 tandem
1463 3045 1765 3115 collectis
1799 3045 2085 3122 viribus,
2140 3045 2349 3114 simul
2403 3044 2855 3115 laudaverunt
2893 3050 3156 3129 Deum,

601 3144 667 3203 et
714 3135 797 3203 ad
848 3156 921 3204 se
970 3149 1208 3203 mutuo
1255 3134 1591 3214 conversi,
1645 3133 2000 3202 dixerunt:
2055 3138 2305 3203 Revera
2358 3134 2468 3202 bic
2519 3134 2723 3204 homo
2755 3155 2996 3203 servus
3025 3139 3154 3207 Dei

603 3234 735 3292 est:
790 3222 1135 3309 simulque
1185 3223 1648 3312 promiserunt
1696 3243 1766 3291 se
1798 3234 1934 3292 toto
1982 3221 2183 3290 corde
2216 3221 2384 3291 velle
2418 3223 2499 3291 ad
2555 3229 2764 3292 Deum
2806 3227 3147 3294 converti.

604 3315 815 3398 Atque
876 3312 964 3380 ita
1012 3312 1161 3400 ejus
1209 3311 1644 3381 sermonibus
1695 3331 1866 3400 pene
1909 3331 2148 3379 omnes
2194 3311 2315 3396 qui
2367 3312 2432 3379 in
2486 3311 2600 3381 illa
2655 3309 2860 3380 domo
2911 3327 3150 3395 erant,

602 3397 1117 3490 paterfamilias
1171 3398 1325 3486 ejus
1371 3399 1619 3487 conjux
1665 3412 1729 3467 et
1778 3398 2041 3467 familia
2090 3410 2249 3478 tota,
2302 3401 2608 3469 conversi
2658 3411 2823 3468 sunt
2883 3399 2965 3467 ad
3024 3404 3153 3472 Dei

602 3487 895 3558 cultum.
950 3493 1288 3574 Quotquot
1326 3499 1550 3556 autem
1602 3487 1754 3574 ejus
1804 3487 2058 3556 famam
2097 3508 2460 3577 percepere
2493 3490 2560 3557 in
2606 3487 2774 3558 locis
2821 3487 3157 3578 adjacen-

605 3576 813 3656 tibus,
867 3577 951 3646 ad
994 3599 1150 3645 eum
1201 3575 1704 3645 concurrebant
1750 3576 1950 3645 verba
1982 3574 2228 3644 salutis
2265 3576 2592 3647 audituri.
2647 3575 2770 3646 Ille
2811 3598 2963 3646 vero
3001 3601 3152 3651 non

599 3666 911 3736 cessabat
944 3679 1070 3734 sua
1119 3664 1621 3755 praedicatione
1667 3664 1913 3734 docere
1958 3683 2221 3745 omnes,
2274 3663 2857 3753 quemadmodum
2906 3666 2993 3736 ad
3033 3690 3151 3740 re-

601 3775 737 3845 gna
786 3754 1130 3824 coelorum
1185 3765 1460 3843 possent
1501 3753 1874 3843 pervenire.

688 3845 726 3930 ἓ
771 3847 921 3916 10.
977 3842 1105 3912 Sed
1159 3855 1291 3910 non
1347 3842 1561 3912 multo
1608 3842 1877 3912 evoluto
1935 3854 2278 3932 tempore,
2330 3861 2488 3912 cum
2533 3843 2678 3930 jam
2731 3858 3154 3935 praepotens

600 3919 777 4000 Deus
829 3949 951 4020 pro
1003 3943 1137 4000 tarn
1191 3930 1445 4021 insigni
1507 3931 1833 4021 patientia
1879 3931 2290 4001 decrevisset
2359 3947 2799 4003 remunerare
2860 3934 3146 4004 fidelem

600 4039 873 4089 servum
923 4035 1153 4098 suum,
1193 4023 1531 4091 Ebrolnus
1552 4022 1698 4110 jam
1735 4021 2145 4100 obstinatus,
2189 4017 2420 4090 volens
2450 4039 2645 4090 suam
2681 4021 2746 4090 in
2783 4043 2938 4092 eum
2973 4045 3147 4094 oru-

600 4107 943 4178 delitatem
998 4101 1343 4199 perficere,
1400 4109 1865 4179 velocissimos
1907 4121 2055 4198 post
2084 4129 2242 4180 eum
2283 4109 2547 4197 equites
2578 4110 2786 4193 misit,
2820 4112 3141 4199 quicum

600 4197 751 4266 neci
799 4197 1065 4267 darent<
1119 4198 1223 4266 Illi
1274 4217 1440 4288 ergo
1462 4209 1819 4286 acceptum
1869 4217 2026 4266 eum
2077 4219 2114 4266 e
2161 4197 2366 4268 domo
2414 4199 2540 4268 viri
2590 4197 2802 4281 illius,
2856 4201 2970 4270 cui
3017 4221 3166 4282 σιμ,

601 4286 1006 4356 stodiendus
1053 4286 1255 4356 datus
1300 4299 1445 4356 erat
1491 4286 1926 4357 abduxerunt
1974 4303 2095 4376 per
2155 4284 2299 4356 loca
2367 4287 2619 4378 ignota.
2685 4293 2987 4377 Cumque
3046 4289 3140 4359 ad

594 4386 861 4446 certum
901 4375 1125 4445 locum
1170 4388 1441 4445 ventum
1492 4387 1690 4458 esset,
1744 4374 1887 4445 illic
1918 4376 2244 4457 constitit,
2300 4376 2391 4446 ita
2438 4375 2715 4447 dicens:
2768 4381 2910 4449 Non
2958 4399 3154 4469 opus
