3347 4999
172 339 351 404 OCT.
409 340 447 402 3
856 358 931 402 ns
983 357 1036 402 s.
1101 356 1389 419 anuarino
1438 357 1680 402 ΑΒΒΑΤΕ
1729 357 2068 406 naoxiexsi
2565 344 2648 408 99

174 442 507 511 virtutum
545 440 932 509 declarasti.
960 439 1152 522 Quod
1208 461 1423 508 <renus
1455 452 1556 509 est
1609 442 1922 522 monstri,
1956 454 2355 513 sanctorum
2404 443 2734 532 reliquias

172 529 560 600 suffurari?
613 529 899 600 Ubinam
958 541 1120 596 sunt
1180 495 1303 608 il’li,
1361 529 1482 615 qui
1524 540 1792 598 tantum
1846 530 1913 597 in
1959 551 2030 599 se
2080 531 2306 601 scelus
2347 532 2737 603 admisere?

178 620 475 689 Ubinam
525 619 831 708 gentium
877 617 1249 706 degimus?
1297 622 1555 687 Revera
1587 639 1747 687 cum
1785 619 2269 707 scorpionibus
2307 620 2725 692 habitamus.

168 713 355 777 Haec
405 720 469 776 et
516 707 625 776 liis
682 705 1008 796 pleraque
1054 705 1447 775 consimilia
1495 705 1825 787 dicentes,
1873 719 1937 776 et
1993 707 2079 776 ob
2133 722 2438 798 repertas
2498 732 2730 779 sacras

172 796 507 884 reliquias
557 797 732 864 inter
772 817 843 864 se
883 792 1375 884 gratulabundi
1411 793 1764 875 laetantes,
1800 794 2318 885 applaudebant
2352 799 2725 868 venerabili

174 885 515 955 sarcinae.
562 885 760 954 Ibant
808 882 1039 953 clerici
1088 904 1248 952 cum
1303 883 1661 952 monachis
1710 896 2091 964 cantantes,
2148 889 2432 956 Crucem
2492 901 2555 955 et
2618 910 2727 956 ve-

172 974 336 1044 xilla
388 973 680 1043 ferentes
733 972 1093 1041 manibus:
1170 972 1639 1059 sequebantur
1703 994 1820 1041 eos
1886 995 2022 1042 non
2086 995 2296 1073 parva
2361 976 2729 1064 utriusque

172 1085 379 1133 sexus
427 1063 731 1152 agmina,
787 1060 1004 1130 nihilo
1056 1060 1289 1130 minus
1340 1060 1628 1130 Domino
1678 1059 1913 1131 festive
1953 1061 2353 1151 jubilantia.
2412 1068 2512 1134 lta
2563 1086 2722 1133 cum

174 1152 441 1242 ingenti
515 1150 685 1220 Cleri
761 1148 1136 1240 populique
1186 1149 1527 1238 tripudio,
1582 1149 1922 1240 singulari
1976 1150 2320 1220 industria
2371 1152 2523 1241 ejus
2573 1153 2725 1233 viri,

174 1241 263 1310 de
312 1262 449 1327 quo
500 1239 697 1309 nobis
748 1260 971 1310 sermo
997 1250 1120 1318 est,
1175 1237 1403 1308 almus
1439 1237 1792 1309 confessor
1829 1260 1956 1308 suo
1990 1252 2091 1308 est
2140 1238 2289 1311 loco
2341 1241 2721 1311 honorifice

174 1329 557 1399 restitutus,
636 1327 760 1397 Ubi
830 1326 1176 1416 deputatis
1237 1326 1756 1396 coenobitarum
1825 1327 2175 1408 excubiiS,
2233 1330 2519 1400 Domino
2566 1330 2726 1399 Jesu

176 1418 470 1495 Christo,
524 1417 642 1504 qui
690 1430 793 1487 est
838 1417 993 1486 laus
1041 1415 1482 1504 Angelorum,
1536 1416 1968 1485 continenter
2005 1416 2245 1486 laudes
2283 1433 2720 1507 promuntur,

173 1508 464 1597 ejusque
513 1506 796 1574 emerito
844 1502 1219 1575 confessori
1270 1503 1682 1574 venerabilis
1718 1503 2047 1586 laudati0‚
2092 1518 2156 1575 et
2200 1505 2573 1578 laudabilis
2616 1530 2716 1576 ve·

178 1595 446 1665 neratio
485 1594 866 1664 exhibetur.
926 1598 1008 1662 Ut
1054 1604 1280 1662 autem
1338 1592 1403 1660 in
1456 1591 1830 1682 sacrilegos
1879 1594 2293 1680 inquisierit,
2334 1608 2400 1665 et
2449 1596 2516 1664 in
2570 1618 2732 1666 con-

175 1687 396 1753 victos
466 1681 1028 1753 animadverterit
1086 1681 1596 1751 Cameracensis
1645 1683 1976 1762 antisteS,
2035 1683 2205 1752 nihil
2261 1684 2371 1752 hic
2420 1705 2724 1754 comme-

182 1794 456 1842 morare
511 1792 785 1841 necesse
832 1785 955 1851 est,
1005 1770 1393 1860 praesertim
1446 1791 1605 1840 cum
1666 1771 1735 1839 in
1786 1771 2003 1840 sancti
2054 1770 2469 1841 confessoris
2517 1774 2726 1859 gestis

178 1873 590 1931 annotatum
644 1859 752 1929 sit.
793 1865 1038 1929 Verum
1096 1881 1178 1926 ne
1212 1858 1634 1928 Giselbertus
1684 1858 1824 1929 dux
1865 1860 2015 1928 sine
2052 1860 2254 1930 laude
2305 1884 2341 1929 a
2380 1862 2578 1931 nobis
2610 1864 2731 1932 ab·

179 1949 458 2029 scedat,
527 1947 656 2017 suit
704 1947 817 2016 ille
883 1970 1045 2038 erga
1095 1952 1160 2016 S.
1217 1946 1471 2017 Gisleni
1525 1947 1751 2016 locum
1806 1948 1946 2017 sive
1997 1949 2492 2019 monasterium
2561 1951 2725 2020 satis

182 2041 564 2112 humanus.
618 2049 682 2105 et
728 2036 923 2106 valde
967 2035 1365 2116 munificus,
1404 2036 1745 2123 quaedam
1800 2036 2081 2125 praedia
2130 2038 2546 2108 subtrahens
2597 2040 2726 2108 mi-

181 2127 426 2196 litibus
476 2126 662 2204 suis,
716 2125 969 2213 quibus
1021 2147 1154 2194 non
1210 2147 1431 2214 pauca
1487 2124 1800 2194 beneficii
1854 2126 2001 2195 loco
2050 2126 2458 2208 contulerat,
2512 2149 2726 2214 eaque

169 2217 335 2304 jure
387 2227 713 2304 perpetuo
765 2213 1180 2304 possidenda
1228 2214 1507 2282 trahens
1541 2212 1797 2284 ibidem
1839 2215 2103 2289 Christo
2147 2215 2565 2287 militaturis
2603 2217 2727 2286 Ubi

179 2326 349 2375 sane
400 2326 617 2372 unum
666 2317 788 2384 est,
843 2302 1028 2390 quod
1082 2323 1347 2382 moneo,
1402 2315 1718 2391 repetens
1767 2303 2154 2391 iterumque
2206 2305 2520 2375 monebo.
2577 2306 2726 2374 Tibi

182 2392 340 2462 dico
410 2392 774 2482 Ursidongi
836 2390 1161 2461 cellensis
1211 2390 1597 2471 monache,
1651 2391 1771 2477 qui
1822 2392 2023 2462 ducis
2073 2392 2433 2463 Giselberti
2484 2395 2727 2483 largis-

180 2483 363 2552 sima
413 2481 588 2571 stipe
637 2481 926 2562 victitas,
981 2478 1134 2550 vide
1164 2501 1248 2548 ne
1288 2479 1384 2550 sis
1433 2478 1809 2566 ali11uando
1843 2480 2206 2552 immernor
2235 2483 2509 2553 animae
2547 2484 2720 2573 ejus,

176 2571 298 2640 sed
356 2570 995 2659 incomprehensam
1047 2568 1565 2639 clementissimi
1609 2568 1978 2640 Salvatoris
2028 2571 2522 2661 benignitatem
2577 2595 2726 2662 pre·

177 2660 382 2730 cibus
434 2659 853 2748 importunis
901 2658 1158 2749 pulseS,
1197 2663 1416 2727 Aurea
1465 2669 1832 2748 perpetuae
1881 2656 1958 2729 u't
2005 2661 2362 2751 contingat
2414 2663 2721 2750 praemia

177 2750 380 2828 vitae.
438 2753 512 2815 Et
566 2768 648 2816 ne
696 2746 865 2817 sorte
913 2745 1388 2835 desperandus
1435 2748 1961 2825 obmurmures,
2006 2749 2188 2835 quod
2231 2750 2558 2818 adversus
2607 2749 2727 2818 do-

182 2837 455 2906 minum
508 2859 711 2905 suum
767 2842 1151 2906 Romanurn
1204 2836 1583 2925 principem
1639 2837 2030 2906 rebellarit:
2086 2838 2341 2926 cogites
2390 2838 2547 2906 euri]
2598 2838 2726 2907 du-

172 2926 451 2995 rissima
504 2939 718 2993 morte
769 2925 980 2994 luisse
1029 2945 1308 3013 poenaS,
1344 2939 1408 2994 et
1458 2925 1823 2994 Dominum
1866 2931 2100 2994 Jesum
2156 2948 2288 2993 non
2342 2926 2448 2994 bis
2498 2926 2724 2994 vindi-

173 3037 343 3113 care·
377 3015 443 3081 in
490 3012 819 3103 idipsum.
877 3013 1001 3082 Sed
1059 3035 1269 3093 nunc,
1310 3013 1495 3082 unde
1544 3013 1841 3094 deflexit,
1880 3035 1959 3082 eo
2010 3036 2156 3082 sese
2199 3026 2431 3083 nostra
2480 3014 2724 3084 reserat

172 3116 415 3171 oratio.
2638 3150 2645 3156 -

264 3194 300 3278 ξ
350 3194 496 3261 28.
553 3194 725 3259 Cura
780 3190 905 3258 hac
958 3190 1283 3279 pastorali
1334 3193 1678 3280 suscepta,
1735 3190 1818 3259 de
1867 3211 2001 3277 qua
2051 3191 2182 3277 jam
2225 3192 2543 3261 nonnihil
2578 3193 2722 3281 egi-

174 3300 360 3358 muS,
403 3280 497 3346 uti
537 3301 682 3348 sese
713 3279 1147 3348 inomnibus
1180 3279 1467 3369 gesserit
1503 3279 1914 3348 venerabilis
1944 3264 2159 3348 abbas
2194 3280 2560 3362 Gerardus‚
2600 3283 2722 3350 ob-

173 3382 378 3437 tusus
427 3367 646 3456 stylus
695 3381 925 3437 noster
972 3379 1151 3436 certe
1199 3388 1475 3435 exarare
1526 3388 1658 3436 non
1717 3380 1954 3456 potest.
2023 3373 2112 3439 Ne
2162 3374 2389 3439 tamen
2439 3383 2719 3458 coeptae
2758 3429 2777 3447 .

178 3456 542 3525 videamur
592 3458 913 3526 materiae
963 3455 1438 3535 succumbere,
1476 3469 1540 3523 et
1588 3454 1808 3525 doctis
1867 3456 2167 3527 ludibrio
2208 3459 2429 3529 simus
2467 3514 2482 3539 ,
2535 3458 2717 3545 quod

165 3548 361 3635 juxta
420 3543 587 3612 illud
634 3544 1005 3635 Evangelii,
1039 3544 1405 3613 aedificare
1436 3543 1716 3630 quidem
1755 3546 2208 3635 coeperimuS,
2246 3546 2360 3616 sed
2402 3569 2535 3615 non
2567 3568 2720 3646 pos-

175 3634 398 3703 simus
448 3654 979 3703 consummare:
1035 3632 1451 3710 ambiamus,
1513 3633 1732 3701 multa
1783 3656 2060 3723 precum
2116 3635 2468 3713 instantia,
2525 3657 2712 3724 ejus,

176 3722 261 3791 de
310 3743 447 3808 quo
493 3722 791 3811 agimus,
847 3722 1200 3811 suffragia.
1252 3734 1331 3791 ut
1366 3721 1591 3789 Sancti
1645 3722 1941 3812 Spiritus
1989 3724 2279 3813 gratiam
2314 3724 2511 3793 nobis
2549 3745 2711 3792 con-

175 3810 357 3880 ciliet
406 3809 881 3879 efficacissima
932 3809 1422 3878 intercessione
1471 3832 1591 3878 sua
1628 3866 1641 3889 ,
1682 3823 1758 3880 ut
1819 3834 1896 3879 ea
1953 3811 2151 3880 nobis
2202 3812 2495 3882 dicenda
2553 3834 2713 3902 sug-

176 3913 409 3992 gerat,
480 3899 852 3985 doceatque
901 3896 1385 3969 hebetudinem
1453 3912 1782 3969 nostram.
1850 3900 1971 3969 Ille
2018 3923 2180 3990 ergo
2231 3902 2471 3970 beatus
2528 3916 2720 3989 pater

177 3992 489 4079 apprime
533 3987 986 4056 monasticum
1039 3985 1321 4055 edoctus
1371 3991 1735 4067 Canonem,
1782 3990 2025 4058 fratres
2067 4012 2232 4058 suae
2281 4011 2487 4059 curae
2534 4011 2716 4058 com-

179 4077 532 4146 mendatos
566 4075 827 4163 duplici
883 4076 1140 4144 ratione
1190 4075 1611 4145 instituebat.
1666 4083 1833 4145 Nam
1878 4078 2361 4147 convenienter
2407 4078 2717 4147 saluber-

181 4168 389 4234 rimae
441 4166 613 4233 beati
652 4164 992 4233 Benedicti
1031 4163 1402 4245 doctrinae,
1450 4166 1933 4255 capacioribus
1965 4167 2330 4256 discipulis
2366 4167 2718 4235 Dominica

181 4256 400 4325 verbis
438 4253 858 4344 proponebat
894 4253 1241 4333 mandata,
1296 4253 1842 4343 simplicioribus
1881 4277 2034 4324 vero
2064 4255 2300 4324 eadem
2339 4255 2535 4323 factis
2570 4256 2715 4324 suis

182 4342 708 4412 demonstrabat.
767 4349 842 4411 At
889 4356 1113 4410 tamen
1184 4344 1414 4411 omnia
1485 4342 1641 4423 illa,
1699 4365 1875 4430 quae
1944 4343 2239 4412 subditis
2291 4343 2558 4412 vitanda
2612 4343 2717 4411 di-

182 4433 414 4531 cebatn
468 4433 612 4501 suis
675 4453 947 4518 quoque
995 4429 1326 4521 exemplis
1375 4432 1678 4501 cavenda
1729 4432 2118 4511 astruebat,
2191 4434 2405 4503 instar
2454 4432 2718 4501 scribae
