3347 4999
225 369 398 435 OCT.
458 368 538 433 16
1129 386 1206 431 1)ss
1256 386 1309 433 s.
1363 385 1615 432 Eurum
1662 385 1852 432 MART.
2540 368 2667 433 435

223 471 356 542 sub
407 472 848 540 Constantino
896 483 960 538 et
1009 471 1399 539 Constantio
1436 468 1745 550 fundata,
1800 469 2372 550 destruebantur;
2425 470 2759 558 dataeque

222 560 306 629 ad
361 559 674 629 aedificia
727 559 1079 649 pecuniae,
1134 580 1377 628 rursus
1425 559 1898 647 exigebantur.
1937 563 2078 627 Hac
2117 559 2499 637 occasione,
2532 581 2756 630 sacer-

223 649 416 718 dotes
482 662 546 717 et
594 648 823 718 clerici
873 659 937 716 et
1001 647 1302 736 populus
1372 647 1801 716 Christianus
1861 647 2232 716 crudeliter
2304 647 2748 717 vexabantur.

223 742 476 807 Omnes
542 758 840 823 namque
907 736 1369 826 possessiones
1433 748 1635 822 atque
1753 736 2037 805 ecunias
2095 735 2539 805 ecclesiarum
2593 756 2755 804 cum

224 825 624 894 verberibus
672 825 1036 911 exquirens
1069 879 1084 905 ,
1137 823 1221 893 ad
1278 824 1579 893 medium
1620 825 1705 915 ju
1755 826 1909 894 ebat
1956 825 2208 893 afferri.
2270 824 2537 893 Deinde
2586 826 2758 893 scri-

220 915 395 983 bens
428 936 700 1001 quoque
731 914 813 982 ad
868 913 1277 1001 templorum
1316 911 1672 1003 pontifices
1712 926 1776 983 et
1818 914 2327 1004 provinciarum
2374 912 2745 1002 praesides,

223 1002 708 1073 manifestabat
731 1016 795 1072 et
825 1024 984 1091 erga
1016 1002 1476 1091 Paganitatem
1520 1016 1856 1088 quantum
1896 1002 2229 1081 studium,
2267 1015 2332 1072 et
2363 1023 2525 1091 erga
2560 1001 2756 1070 Chri-

226 1092 644 1160 stianitatem
694 1105 1028 1178 quantum
1082 1091 1360 1160 haberet
1406 1090 1640 1159 odium
1700 1091 1755 1159 ’ἃ
1820 1091 2007 1160 Unde
2044 1104 2109 1160 et
2159 1090 2537 1161 libertatem
2589 1112 2756 1160 suae

225 1182 543 1249 vesaniae
594 1179 891 1249 Gentiles
939 1180 1145 1260 nacti,
1194 1178 1564 1248 vindictam
1599 1178 1685 1248 de
1718 1179 2121 1248 Christianis
2167 1179 2550 1269 exigebant,
2588 1200 2757 1266 que-

223 1268 436 1338 relam
481 1268 807 1337 habentes
847 1267 1175 1337 adversus
1205 1289 1319 1337 eos
1358 1281 1629 1358 propter
1661 1266 2005 1337 idolorum
2034 1282 2096 1336 et
2130 1268 2541 1356 templorum
2572 1268 2755 1355 inJu-

224 1359 388 1431 rias,
442 1378 617 1443 quae
664 1356 1008 1426 destructa
1055 1369 1248 1426 erant
1299 1356 1722 1445 temporibus
1771 1356 2144 1426 Constantii
2191 1368 2255 1425 et
2303 1357 2749 1426 Constantini.

223 1452 463 1532 ltaque
526 1445 890 1514 innumera
959 1446 1027 1513 in
1090 1445 1278 1514 omni
1329 1458 1504 1514 terra
1551 1457 1614 1514 et
1664 1446 1836 1514 mari
1886 1445 1972 1514 ab
2021 1445 2256 1534 impiis
2302 1459 2538 1514 contra
2605 1445 2756 1534 pios

224 1534 345 1603 illo
397 1548 696 1623 tempore
746 1546 906 1604 sunt
953 1535 1322 1602 commissa
1358 1532 1562 1612 mala,
1621 1555 1779 1603 cum
1822 1547 2053 1623 aperte
2088 1539 2219 1604 Deo
2266 1533 2545 1602 odibilis
2607 1539 2745 1602 Im-

225 1636 498 1714 perator
527 1636 761 1691 contra
800 1623 1112 1711 pietatem
1152 1621 1332 1712 leges
1370 1635 1668 1710 poneret,
1718 1621 1944 1692 favore
1978 1622 2305 1693 suffultus
2342 1622 2746 1711 pontificum

224 1726 428 1799 atque
480 1710 897 1801 praesidum,
955 1710 1245 1779 maxime
1283 1709 1545 1780 ‚Iuliani
1579 1711 1648 1745 μ
1678 1712 2003 1781 avunculi
2055 1713 2186 1791 sui,
2234 1712 2301 1779 in
2357 1711 2744 1801 paganitate

223 1800 469 1880 devoti,
509 1812 572 1869 et
611 1800 1030 1868 Christianos
1082 1798 1288 1867 nimis
1335 1798 1654 1868 odientis.
2496 1860 2501 1865 .

313 1891 348 1974 ἓ
396 1892 487 1959 3.
542 1887 683 1957 Tali
719 1902 914 1957 vento
950 1902 1082 1956 tam
1138 1886 1358 1956 valido
1408 1900 1685 1974 tamque
1718 1890 2059 1957 contrario
2096 1900 2462 1976 tempestas
2493 1900 2745 1969 exorta,

226 1978 560 2046 nimirum
613 1978 790 2046 sicut
831 1978 898 2044 in
949 1976 1136 2044 omni
1177 1988 1373 2055 terra,
1433 1988 1504 2045 ut
1535 1977 1682 2062 jam
1733 1976 1993 2046 dictum
2044 1990 2167 2058 est,
2214 1979 2305 2046 ita
2354 1990 2417 2047 et
2469 1978 2536 2045 in
2595 1977 2752 2047 Gal-

225 2066 338 2136 liis
386 2080 622 2135 contra
671 2064 1087 2135 Christianos
1136 2063 1540 2144 detonabat,
1593 2077 1658 2134 et
1707 2079 1982 2134 sanctae
2044 2065 2383 2136 Ecclesiae
2436 2065 2755 2135 navicula

224 2156 425 2241 quasi
472 2155 541 2223 in
595 2154 819 2222 medio
869 2154 1043 2222 mari
1093 2153 1340 2241 jactata
1387 2153 1764 2234 fluctibus,
1819 2154 2076 2223 auxilio
2124 2154 2504 2224 divinitatis
2552 2154 2757 2224 desti-

228 2256 372 2313 tuta
421 2264 569 2312 esse
602 2242 1000 2311 videbatur:
1054 2242 1636 2328 quemadmodum
1688 2241 2012 2313 Julianus
2051 2245 2196 2332 jam
2240 2242 2491 2323 dictuS‚
2546 2244 2755 2344 hujus

227 2342 573 2421 apostatae
620 2330 887 2399 Juliani
936 2330 1325 2399 avunculus
1373 2332 1574 2417 a'tque
1625 2330 2029 2419 praefectus,
2086 2331 2464 2414 insultans,
2522 2346 2586 2401 et
2632 2353 2762 2401 lm-

276 2420 564 2489 udenter
604 2433 838 2488 contra
880 2440 1152 2488 sacrum
1204 2419 1414 2488 altare
1465 2419 1805 2519 mingens,
1861 2419 2114 2489 dixisse
2172 2420 2408 2504 fertur,
2446 2422 2609 2510 quia
2652 2443 2756 2489 re-

253 2511 393 2600 igio
461 2510 840 2578 Christiana
909 2519 1084 2577 esset
1147 2506 1380 2577 divina
1427 2507 1892 2578 sollicitudine
1941 2509 2266 2581 desolata.
2349 2511 2473 2580 Sed
2528 2533 2759 2581 revera

228 2596 666 2667 invisibiliter
713 2597 1081 2666 ambulans
1151 2619 1357 2685 super
1405 2618 1619 2683 aquas
1654 2652 1668 2678 ,
1724 2597 1957 2667 aderat
2005 2601 2332 2668 Dominus
2389 2601 2588 2668 Iesus
2626 2654 2641 2680 ,
2695 2612 2759 2667 et

225 2693 467 2756 Petrus
515 2708 700 2756 more
740 2707 863 2755 suo
913 2685 1059 2773 ipse
1105 2706 1399 2772 quoque,
1451 2699 1529 2755 ut
1558 2686 1816 2755 veniret
1863 2687 1945 2756 ad
1996 2688 2236 2758 -Jesum
2289 2709 2498 2776 super
2535 2709 2752 2774 aquas

224 2775 691 2865 gradiebatur,
748 2773 911 2843 dum
966 2787 1240 2842 sanctae
1247 2773 1847 2879 ‘Qasr-fides
1898 2775 2196 2844 victoriis
2231 2782 2604 2875 Martyrum
2641 2797 2756 2845 co-

221 2875 604 2945 ronaretur,
661 2864 836 2932 inter
883 2859 1242 2948 ηπδὲ-Ῐῖΐὲ
1307 2885 1466 2932 cum
1517 2864 1866 2952 germanis
1906 2864 2050 2951 jam
2103 2863 2304 2933 dictis
2354 2877 2566 2933 victor
2614 2863 2755 2932 cla-

221 2953 360 3023 ruit
401 2964 682 3021 sanctus
716 2951 1054 3041 Eliphius.
1099 2951 1399 3021 Profecto
1437 2952 1565 3020 nisi
1601 2953 1931 3022 Dominus
1961 2953 2007 3021 J
2011 2973 2170 3020 esus
2203 2952 2575 3023 breviasset
2608 2952 2755 3021 dies

221 3041 498 3130 tyranni
556 3041 787 3130 hujus,
842 3051 1103 3129 optaret
1154 3039 1462 3130 implere,
1516 3041 1698 3126 quod
1749 3042 2212 3110 comminatus
2262 3040 2525 3120 fuerat,
2592 3041 2755 3127 quia

218 3151 443 3216 neque
484 3130 708 3219 capita
743 3151 866 3197 sua
917 3128 1252 3198 Galilaeos
1300 3129 1552 3197 habere
1603 3129 2043 3219 permitteret.
2109 3130 2216 3198 Sic
2264 3130 2445 3198 enim
2500 3128 2585 3198 ob
2633 3129 2752 3197 de-

223 3219 576 3297 risionem,
633 3216 999 3286 Salvatoris
1049 3218 1261 3287 nostri
1309 3216 1605 3286 cultores
1653 3218 2101 3287 denominare
2132 3217 2415 3288 solebat.
2453 3217 2578 3287 Sed
2606 3218 2750 3307 jam

224 3322 389 3377 tunc
440 3319 718 3396 propter
764 3305 1011 3374 electos
1061 3305 1391 3375 Dominus
1441 3305 1966 3388 breviavitdieS,
2006 3318 2070 3375 et
2105 3307 2283 3377 sicut
2315 3307 2485 3378 dixit
2515 3308 2755 3377 beatus

220 3395 658 3473 Athanasius,
713 3392 881 3462 dum
932 3394 1016 3462 ab
1050 3393 1168 3463 illo
1201 3407 1556 3483 cogeretur
1604 3395 1689 3464 ad
1738 3394 2004 3482 fugam,
2046 3394 2285 3465 videns
2316 3397 2498 3466 circa
2532 3418 2604 3465 se
2635 3417 2750 3485 po-

222 3485 465 3575 pulum
538 3483 1074 3551 Christianorum
1130 3481 1661 3581 lacrymantem:
1717 3506 1753 3549 «
1805 3483 2084 3567 Habete,
2150 3484 2299 3567 filii,
2361 3485 2740 3554 fiduciam:

215 3575 439 3643 nubes
486 3585 609 3651 est,
662 3585 725 3638 et
773 3570 906 3640 cito
957 3583 1383 3670 pertranstet.
1429 3593 1463 3636 »
1515 3577 1614 3640 Ita
1663 3571 1921 3641 factum
1971 3587 2096 3643 est.

307 3665 342 3749 ξ
378 3667 461 3733 4.
517 3665 591 3728 In
635 3672 819 3728 tanto
868 3661 1116 3745 spiritu
1154 3658 1511 3747 procellae,
1555 3661 1897 3747 tantisque
1936 3661 2266 3732 fluctibus
2302 3660 2755 3751 comprehen-

218 3750 409 3820 ditur
454 3770 654 3817 verus
703 3747 947 3816 Christi
982 3747 1246 3827 cultor,
1320 3761 1598 3818 sanctus
1672 3749 2010 3839 Eliphius.
2076 3750 2758 3837 comprehenderunt

221 3861 380 3909 eum
418 3839 642 3928 primo
680 3835 921 3925 persidi
953 3835 1230 3914 Judaei,
1287 3837 1636 3925 conjuncti
1672 3838 1987 3926 paganiS,
2032 3851 2096 3908 et
2129 3838 2556 3908 recluserunt
2591 3860 2750 3907 cum

223 3927 506 4006 multis,
564 3925 822 3996 scilicet
887 3947 1046 3993 cum
1117 3925 1196 3993 tri
1252 3924 1620 3996 intatribus
1670 3927 2118 4007 Christianis,
2177 3941 2449 4017 propter
2502 3947 2752 3995 nomen

225 4014 589 4085 Salvatoris
659 4013 871 4084 nostri
927 4014 1098 4081 Jesu
1168 4018 1209 4082 C
1265 4014 1410 4082 risti
1470 4013 1706 4084 eodem
1760 4037 2030 4085 carcere
2089 4016 2458 4085 conclusiS.
2516 4015 2755 4083 Divina

225 4116 450 4172 autem
495 4118 735 4193 agente
784 4101 1233 4192 providentia,
1291 4114 1506 4183 nocte,
1554 4102 1886 4202 patefacto
1943 4126 2236 4183 carcere,
2291 4117 2571 4174 sanctus
2614 4102 2753 4172 Eli-

225 4191 434 4281 phius
483 4214 621 4260 una
659 4214 819 4260 cum
873 4191 1008 4260 illis
1049 4189 1193 4278 jam
1235 4189 1436 4259 dictis
1487 4192 1993 4282 trigintatribus
2030 4192 2433 4263 Christianis
2482 4213 2751 4261 carcere

224 4300 536 4368 egressus
567 4334 583 4361 ,
637 4285 1009 4350 Leucorum
1045 4334 1060 4360 ‚
1116 4278 1182 4347 id
1235 4292 1374 4361 est,
1428 4279 1843 4360 Tullensem,
1902 4281 2253 4371 ingressus
2302 4294 2403 4351 est
2453 4283 2689 4352 urbem
2733 4303 2749 4346 :

277 4438 304 4462 ¹¹¹
331 4436 466 4480 Haec,
485 4445 602 4485 quse
623 4448 649 4478 a
667 4436 860 4479 auliano
879 4439 1099 4488 apostata
1123 4435 1322 4478 excitata
1341 4439 1443 4484 mit,
1465 4439 1835 4479 christianornm
1856 4440 2131 4488 persecutio,
2153 4446 2223 4482 cst
2245 4438 2567 4482 decimascxta.

279 4491 326 4510 *⁴*
355 4489 621 4531 Praefectus
645 4495 743 4533 erat
766 4494 982 4535 Orientis.
1009 4493 1122 4534 Vide
1142 4493 1256 4533 Hire.
1274 4494 1429 4534 Eccles.
1455 4493 1631 4534 Natalis
1654 4494 1925 4537 Alexandri.
