3347 4999
625 314 753 378 552
1202 331 1281 378 nrt
1329 331 1384 377 S.
1439 327 1635 377 PETRO
1686 332 1763 377 na
1812 327 2181 378 atomum
2228 330 2412 379 cour.
2777 312 2947 378 OCT.
3008 315 3099 379 19

531 418 896 487 minimam
935 414 1212 485 habitus
1252 416 1661 505 particulam
1703 438 1824 506 pro
1858 438 2133 486 summo
2163 417 2452 503 quilibet
2482 418 2664 487 bono
2698 418 3086 506 reputabat.

537 506 704 575 Inde
756 527 1152 661 processum
1191 517 1292 574 est
1339 505 1423 574 ad
1475 506 1711 583 funus,
1763 526 2131 575 numeroso
2185 506 2441 596 populo
2474 527 2633 575 cum
2687 506 2957 576 facibus
3001 528 3087 575 ac

535 594 754 664 cande
790 594 845 663 is
900 594 1213 663 accensis
1262 616 1536 663 sacrum
1602 594 1994 683 depositum
2068 596 2459 667 comitante.
2513 596 2807 684 Contigit
2854 607 3086 663 autem

541 685 717 752 inter
765 695 1030 751 caetera
1074 683 1402 751 notabilia
1433 683 1615 770 quod
1661 683 1928 752 coelum
1969 682 2186 752 imbre
2219 706 2300 753 ac
2336 696 2532 753 vento
2565 683 2824 765 furens,
2862 683 3093 752 delato

537 774 607 841 in
656 772 962 843 medium
1013 794 1321 862 corpore,
1401 772 1626 841 subito
1686 773 2095 862 placaretur,
2150 772 2317 842 dum
2370 774 2438 841 in
2505 773 2803 842 circuitu
2852 773 3090 842 omnia

538 873 1012 950 streperentet
1061 861 1517 939 inundarent,
1573 861 1664 928 ita
1718 874 1791 930 ut
1837 883 1874 929 a
1938 860 2476 941 valetudinariO,
2547 862 2614 929 in
2666 884 2802 949 quo
2850 861 3091 931 deces-

538 966 740 1029 serat,
795 971 1016 1036 usque
1050 949 1132 1018 ad
1177 962 1616 1029 conventum,
1657 949 1932 1018 duobus
1973 949 2390 1020 milliaribus
2430 950 2823 1029 distantem,
2857 950 3091 1037 quieto

538 1038 750 1117 coel0‚
804 1060 1047 1107 omnes
1082 1038 1544 1107 immadefacti
1599 1038 2075 1126 processerint,
2128 1053 2193 1108 et
2240 1062 2464 1108 ceram
2506 1061 2627 1129 pro
2674 1039 2913 1109 funere
2964 1040 3091 1108 lto-

537 1126 849 1197 norando
898 1126 1381 1195 accensam‘in
1439 1139 1623 1196 tanto
1692 1128 1911 1217 spatio
1964 1127 2135 1196 nihil
2187 1129 2629 1198 imminutam
2683 1128 3087 1218 repererint.

537 1217 704 1304 Ejus
754 1238 1028 1305 corpus,
1087 1216 1151 1284 in
1204 1216 1492 1284 ecclesia
1526 1215 1815 1285 fratrum
1870 1217 2207 1286 Minorum
2248 1217 2822 1286 Discalceatorum
2881 1217 3089 1307 depo·

537 1307 772 1383 situm,
827 1304 1165 1393 singulari
1220 1304 1633 1394 populorum
1682 1306 2115 1374 veneratione
2154 1306 2499 1375 invisitur.
2556 1307 2855 1375 Excessit
2903 1327 3095 1375 anno

540 1395 785 1463 salutis
834 1417 1070 1471 nntxu,
1112 1417 1266 1462 xvtu
1315 1393 1425 1461 die
1474 1394 1793 1462 octobris,

625 1486 662 1569 ἓ
709 1487 864 1554 ίθ.
923 1482 1249 1551 Plurimis
1284 1483 1486 1551 etiam
1544 1495 1695 1571 post
1754 1494 2039 1551 mortem
2101 1483 2458 1552 miraculis
2508 1484 2915 1553 coruscavit.
2979 1482 3092 1551 Al-

588 1572 852 1641 ltonsus
884 1572 1186 1640 Sanchez
1226 1571 1418 1641 faber
1454 1571 1815 1660 lignarius,
1875 1570 2070 1640 fracti
2121 1573 2347 1641 cruris
2398 1572 2784 1660 integrandi
2840 1585 3096 1641 morta-

563 1683 670 1729 em
722 1661 1054 1729 *omnem
1100 1682 1289 1748 spem
1355 1662 1755 1750 projecerat:
1787 1660 1902 1728 sed
1946 1660 2029 1729 ad
2084 1660 2480 1750 sepulcrum
2529 1662 2699 1730 Petri
2743 1674 3097 1730 momento

537 1751 865 1838 temporis
898 1749 1264 1819 convaluit.
1305 1750 1751 1819 Laborantem
1788 1749 2045 1818 exitiali
2074 1749 2314 1819 morbo
2348 1751 2626 1819 Mariam
2658 1750 2741 1818 de
2775 1756 3090 1830 Param0,

539 1852 603 1908 et
651 1860 690 1906 a
742 1838 1030 1907 medicis
1079 1839 1532 1927 desperatam.
1591 1838 1885 1907 haustus
1934 1860 2178 1925 aquae,
2214 1838 2660 1925 reliquiarum
2717 1840 2888 1908 Petri
2925 1861 3097 1908 con-

541 1940 724 1996 tactu
778 1949 1037 2007 sacrae,
1106 1927 1289 1996 dicto
1338 1927 1543 1996 citius
1584 1929 1889 2017 integrae
1942 1927 2214 1997 sanitati
2272 1929 2586 1997 restituit.
2644 1933 3088 1997 Sacramento

539 2021 890 2085 Extremae
927 2017 1278 2084 Unctionis
1328 2018 1590 2085 munita
1634 2017 1779 2105 jam
1833 2030 1979 2085 erat
2026 2016 2233 2084 Maria
2266 2016 2657 2103 velasquez,
2710 2038 2887 2104 quae
2915 2016 3099 2085 Petri

538 2126 734 2193 opem
788 2126 1160 2195 exposcens
1236 2105 1422 2175 illico
1489 2106 1784 2173 surrexit
1848 2105 2245 2174 incolumis.
2310 2107 2714 2175 Franciscus
2778 2106 3106 2174 Ramirez

540 2194 858 2261 sexennis
909 2215 1101 2282 puer,
1155 2195 1481 2262 cruribus
1530 2207 1944 2272 contractus,
1987 2193 2137 2263 oleo
2177 2194 2521 2284 lampadis
2569 2208 2724 2262 ante
2774 2195 2952 2263 Petri
2989 2215 3095 2261 se·

540 2282 858 2371 pulcrum
934 2281 1227 2350 lucentis
1301 2283 1677 2363 inunctus,
1761 2295 2035 2371 repente
2093 2297 2400 2351 sanatur.
2458 2282 2784 2351 Baltasari
2844 2283 3099 2352 Rodri-

539 2391 712 2459 guez
762 2371 1037 2438 sexenni
1085 2392 1318 2457 puer0,
1377 2371 1588 2439 fracto
1646 2385 1937 2458 utroque
1996 2371 2224 2451 latere,
2271 2394 2350 2440 ac
2399 2372 2863 2441 defluentibus
2918 2372 3095 2439 inte-

540 2458 741 2528 stinis
795 2480 962 2546 pene
1009 2459 1359 2539 confecto,
1413 2460 1668 2529 effusae
1716 2472 1872 2530 ante
1929 2461 2095 2529 Petri
2147 2460 2546 2562 sepulcrum
2594 2482 2828 2551 preces
2880 2460 3097 2529 saluti

463 2588 469 2594 ·
540 2548 841 2616 fuerunt.
903 2550 1260 2618 Francisca
1311 2551 1630 2618 Martinez
1683 2550 1974 2618 triennio
2008 2549 2436 2629 claudicans,
2489 2572 2689 2636 quae,
2729 2550 3099 2639 desperata

539 2637 735 2705 fracti
791 2637 981 2726 pedis
1032 2639 1294 2715 salute,
1350 2638 1646 2725 genibus
1691 2652 1756 2707 et
1806 2638 2131 2707 manibus
2182 2653 2561 2729 reptaverat
2620 2640 2701 2707 ad
2758 2640 2933 2708 Petri
2984 2661 3096 2706 se-

540 2726 889 2814 pulcrum,
946 2727 1352 2806 incolumiS,
1376 2740 1440 2796 et
1495 2727 1715 2795 solido
1772 2727 1943 2816 pede
1973 2727 2229 2804 innixa.
2264 2750 2572 2816 regressa
2620 2742 2721 2797 est
2760 2728 3085 2796 domum.

542 2817 838 2901 Utraque
887 2837 1052 2884 aure
1095 2816 1352 2886 surdus
1401 2815 1963 2885 Bartholomaeus
2012 2818 2273 2894 Garzia,
2327 2828 2645 2886 contactu
2695 2838 2939 2903 aquae,
2970 2816 3090 2884 cui

541 2903 813 2972 fuerant
860 2904 1176 2974 admotae
1225 2905 1399 2974 Petri
1453 2905 1803 2991 reliquiae,
1861 2907 2289 2994 recuperavit
2336 2904 2679 2974 auditum.
2736 2912 2810 2975 Et
2848 2904 3095 2974 eodem

541 3007 858 3061 contactu
913 2993 1135 3062 visum
1190 3008 1536 3063 momento
1573 2994 1825 3083 recepit
1876 2993 2168 3062 lsabella
2203 2993 2532 3064 Gonzalez
2563 3016 2602 3062 a
2653 2995 2875 3064 tribus
2910 3015 3096 3062 men·

541 3081 735 3150 sibus
783 3103 1008 3151 caeca.
1062 3087 1137 3150 Et
1186 3083 1379 3152 foedo
1428 3094 1848 3172 apostemate
1897 3081 2219 3153 laborans
2262 3085 2330 3151 in
2383 3082 2620 3151 dextro
2655 3105 2837 3173 genu
2883 3088 3099 3152 Joan-

544 3191 662 3238 nes
715 3193 883 3257 puer
932 3170 1163 3240 bimus
1201 3186 1472 3260 repente
1520 3171 1889 3241 convaluit.

628 3262 664 3344 §
713 3266 842 3330 ΙΙ.
896 3261 1126 3328 Jacuit
1174 3275 1400 3329 autem
1453 3262 1624 3329 Petri
1678 3283 1933 3350 corpus
1983 3284 2104 3351 per
2139 3259 2391 3330 multos
2441 3283 2660 3330 annos
2712 3259 2779 3327 in
2832 3258 3083 3328 bumili

542 3346 714 3426 loco,
772 3348 838 3415 in
875 3369 1013 3432 quo
1064 3349 1285 3436 primo
1329 3350 1757 3419 reconditum
1796 3352 2058 3431 luerat;
2113 3349 2256 3430 sed,
2309 3372 2468 3418 cum
2523 3348 2832 3435 undique
2880 3346 2961 3415 ad
3016 3345 3089 3414 il·

544 3434 659 3502 lud
712 3456 792 3503 ex
846 3438 974 3505 tota
1009 3438 1475 3507 conflueretur
1522 3439 1880 3527 Hispania,
1919 3440 2224 3530 episcopi
2274 3439 2640 3508 Abulensis
2688 3437 3101 3506 auctoritate

543 3524 614 3592 in
665 3523 891 3592 locum
946 3523 1400 3596 decentiorem
1452 3548 1493 3595 a
1544 3528 1882 3618 religiosis
1922 3542 2300 3597 conventus
2352 3527 2436 3595 de
2484 3533 2737 3596 Arenas
2797 3524 3091 3594 transla-

544 3625 687 3681 tum
740 3626 863 3690 est,
903 3625 966 3681 et
1015 3614 1162 3683 oleo
1212 3615 1505 3684 similem
1553 3616 1886 3703 liquorem
1948 3616 2295 3687 distillans
2359 3630 2731 3706 repertum,
2771 3613 3097 3683 candidis

543 3701 713 3770 velis
760 3701 889 3771 fuit
952 3702 1363 3783 involutum,
1433 3707 1692 3774 retenta
1739 3705 2039 3792 quadam
2109 3705 2439 3792 reliquiae
2487 3704 2849 3795 particula,
2903 3718 2971 3772 et
3020 3703 3090 3770 in

545 3796 704 3860 arca
750 3813 959 3882 prope
992 3791 1202 3861 altare
1256 3793 1481 3881 majus
1517 3794 1761 3862 iterum
1818 3815 2017 3863 muro
2068 3794 2444 3863 inclusum.
2690 3851 2694 3856 .

629 3881 666 3967 ξ
712 3886 862 3952 12.
917 3881 1182 3951 Gratias
1217 3881 1428 3970 igitur
1470 3882 1893 3952 immortales
1941 3905 1976 3952 a
2030 3884 2184 3953 ebat
2232 3881 2687 3972 omnipotenti
2739 3886 2870 3950 Deo
2907 3880 3089 3948 idem

543 3969 855 4038 Clemens
898 3970 1379 4059 praedecessor
1428 3982 1678 4050 noster,
1716 3972 1876 4040 etin
1928 3973 1973 4041 il
2005 3994 2044 4041 o
2083 3993 2202 4040 cor
2231 3993 2435 4040 suum
2469 3969 2839 4048 exultabat,
2874 3967 3093 4056 quod,

547 4057 758 4126 nullis
809 4057 961 4145 ejus
1011 4059 1560 4149 suffragantibus
1621 4061 1909 4142 meritis,
1951 4061 2068 4130 sed
2120 4059 2484 4129 altitudine
2532 4059 2929 4128 divitiarum
2983 4079 3095 4127 sa-

547 4145 842 4234 pientiae
875 4160 939 4215 et
972 4148 1298 4216 scientiae
1347 4169 1535 4228 suae,
1576 4148 1756 4218 hanc
1793 4151 1966 4219 servi
1996 4150 2102 4219 sui
2156 4150 2330 4218 Petri
2361 4149 2447 4218 de
2484 4147 2841 4217 Alc-antara
2885 4168 3097 4215 cano·

546 4233 908 4304 nizationis
949 4237 1448 4306 solemnitatem
1505 4259 1626 4327 per
1660 4238 1814 4325 ejus
1866 4238 2278 4308 humilitatis
2329 4238 2789 4306 ministerium
2844 4236 2927 4304 ad
2981 4235 3096 4304 sui

545 4323 850 4392 nominis
900 4324 1188 4413 gloriam
1240 4338 1306 4395 et
1337 4326 1715 4396 catholicae
1758 4327 1913 4397 fidei
1964 4327 2355 4417 exemplum
2410 4326 2700 4396 voluerit
2731 4324 3092 4395 celebrari.

596 4451 621 4476 Ι·
649 4451 920 4500 Legendum
941 4453 1013 4491 est
1031 4453 1153 4492 sorte
1172 4454 1393 4494 moralem.
