3347 4999
758 353 871 416 tot
1334 371 1409 416 na
1459 371 1513 416 s.
1567 369 1853 416 armano
1904 371 2142 415 ABBATE
2191 371 2523 417 naoxiaxsi
2937 353 3142 417 ocT.
3195 358 3228 417 3

657 454 1157 525 commisimus.
1215 455 1527 526 Miserere
1579 453 2004 545 lugentium,
2058 452 2146 522 da
2197 454 2462 523 veniam
2509 453 3001 524 dolentibus.»
3045 459 3226 524 Tum

659 542 772 612 ille
801 541 1168 612 clementer
1197 565 1312 613 eos
1342 543 1639 625 (blevam,
1677 544 1771 612 ait
1802 543 1884 612 ad
1928 541 2108 612 illos:
2148 565 2184 608 «
2210 542 2780 630 Quandoquidem
2822 544 3228 632 agnoscitis

656 630 927 701 facinus
976 643 1300 712 vestrum,
1354 646 1418 702 et
1470 632 1957 721 poenitentiam
2011 630 2421 712 declaratis,
2480 632 2825 722 benignus
2893 631 3226 702 Salvator

657 721 965 811 ignoscat
1026 721 1240 790 vobis.
1317 726 1455 811 Ego
1503 742 1779 808 quoque
1828 720 1955 789 hac
2022 718 2412 790 conditione
2461 720 2683 791 libens
2735 722 3037 822 ignosco
3071 775 3094 801 ,
3162 736 3224 789 ut

653 808 1240 895 quemadmodum
1291 809 1624 879 hactenus
1659 809 1823 879 huic
1871 806 2203 878 ecclesiae
2251 808 2478 879 fuistis
2527 810 3071 900 impedimento,
3139 811 3220 879 ita

654 898 978 1058 dginceps
1016 920 1146 966 non
1203 897 1377 969 fictis
1425 899 1679 968 animis
1726 899 1786 968 ei
1824 897 2148 987 prodesse
2177 899 2452 968 curetis
2495 903 2569 968 Et
2604 921 2791 968 nunc
2828 921 3002 968 cum
3053 922 3222 988 pace

655 1010 689 1056 a
747 990 860 1056 ite.
918 1010 954 1052 »

740 1078 776 1162 ξ
823 1079 981 1147 tu.
1037 1079 1189 1144 Post
1247 1076 1452 1154 haec,
1506 1075 1641 1144 dici
1697 1097 1830 1144 non
1883 1088 2124 1165 potest,
2178 1089 2436 1163 quanta
2482 1076 2699 1145 animi
2750 1076 3216 1148 exultatione.

653 1164 1009 1233 beatorum
1064 1163 1569 1253 Wandregisili,
1617 1165 1952 1245 A‘nsberti,
2007 1178 2210 1254 atque
2258 1164 2616 1235 vulfranni
2649 1186 2946 1255 corpora
3002 1189 3046 1234 a
3101 1171 3218 1234 Bo-

654 1254 864 1323 nonia
898 1252 1039 1321 sive
1078 1252 1381 1333 Boionia,
1437 1252 1520 1321 ad
1573 1275 1700 1324 sua
1749 1253 1895 1323 loca
1947 1254 2311 1324 reduxerit.
2352 1254 2514 1338 Ejus
2550 1255 2644 1322 rei
2695 1266 2832 1324 tota
2873 1254 3215 1323 Flandria

657 1341 845 1413 testis
917 1353 1040 1411 est.
1117 1346 1420 1424 Quarum
1482 1363 1648 1411 sane
1697 1341 2146 1429 reliquiarum
2195 1342 2483 1414 ecclesia
2513 1343 2911 1412 Broniensis
2955 1365 3212 1432 expers

658 1452 790 1500 non
850 1443 972 1498 est.
1029 1435 1194 1500 Nam
1262 1431 1439 1499 inter
1483 1445 1749 1499 caetera
1812 1430 2134 1501 Gandavo
2195 1454 2275 1501 eo
2335 1443 2771 1523 apportatum
2839 1444 2949 1501 est
3022 1433 3212 1522 ejus-

654 1519 807 1588 dem
864 1520 1038 1587 beati
1100 1518 1579 1609 wandregisili
1631 1519 1899 1588 abbatis
1950 1519 2338 1601 brachium,
2377 1534 2441 1591 et
2473 1519 2608 1589 alia
2638 1542 2832 1589 sacra
2872 1520 3208 1611 pignora.

659 1613 738 1677 Ut
802 1620 1028 1675 autem
1082 1607 1392 1677 brevitati
1466 1607 1915 1688 studeamus,
1984 1623 2050 1679 et
2124 1630 2203 1678 ex
2261 1608 2500 1679 multis
2550 1631 2772 1699 pauca
2832 1609 3210 1678 dumtaxat

654 1717 1322 1776 commetnoremu8‚
1390 1718 1598 1784 quam
1665 1709 1941 1767 strenue
2010 1698 2213 1767 etiam
2276 1698 2494 1767 sancti
2544 1697 2795 1767 Bertini
2856 1715 3212 1768 monaste·

657 1786 759 1855 rio
781 1784 1022 1855 beatus
1064 1784 1406 1855 Gerardus
1455 1785 1865 1872 aliquandiu
1906 1786 2298 1876 praefuerit,
2339 1786 2467 1856 hoc
2513 1786 2659 1856 loco
2704 1788 3208 1876 praeterimus.

652 1874 753 1944 uti
801 1886 867 1942 et
914 1873 1181 1943 fructus
1227 1874 1538 1963 egregios
1586 1874 1998 1963 disciplinae
2047 1875 2408 1964 regulariS,
2463 1897 2637 1962 quos
2685 1874 2847 1944 inde
2882 1876 3085 1945 tulit.
3130 1883 3214 1946 Ne

652 1976 878 2032 tamen
924 1984 1209 2052 prorsus
1268 1963 1690 2041 omittamus,
1749 1985 1925 2051 quae
1982 1986 2015 2032 a
2080 1964 2449 2050 Majoribus
2495 1966 2946 2054 accepimus,
3018 1979 3209 2034 octo-

651 2051 874 2120 decim
925 2051 1411 2121 coenobiorum
1452 2051 1668 2121 fertur
1698 2073 1938 2122 curam
1973 2066 2039 2122 et
2080 2053 2749 2125 administrationem
2784 2055 3206 2154 pervigilem

652 2141 1059 2230 suscepisse.
1121 2144 1197 2209 Ut
1242 2161 1391 2208 eam
1435 2152 1663 2210 autem
1726 2142 2296 2211 monasteriorum
2340 2141 2809 2212 curandorum
2844 2142 3203 2212 sollicitu-

654 2229 885 2298 dinem
939 2228 1346 2310 admitteret,
1404 2250 1701 2320 magnus
1747 2230 1968 2299 effecit
2018 2230 2235 2300 fervor
2280 2243 2346 2300 et
2392 2231 2700 2300 studium
2752 2231 3045 2302 animas
3085 2237 3206 2302 Do-

653 2317 843 2386 mino
875 2316 1268 2408 colligendi.
1314 2321 1416 2387 Ita
1460 2318 1645 2388 enim
1698 2339 1820 2408 per
1853 2317 2289 2410 singulorum
2327 2318 2723 2390 habitacula
2762 2319 3074 2389 liberius
3111 2321 3210 2389 di·

653 2406 1031 2487 scurrebat,
1076 2418 1150 2475 ut
1214 2406 1421 2476 corda
1469 2406 1900 2477 audientium
1967 2407 2278 2478 coelestis
2328 2409 2587 2497 patriae
2634 2429 2868 2477 amore
2922 2409 3210 2478 inflam-

654 2507 892 2564 maret.
924 2499 1070 2578 Quo
1105 2517 1266 2565 sane
1298 2495 1632 2565 laudabili
1667 2496 2169 2567 exercitationis
2194 2519 2464 2588 genere,
2508 2495 2886 2567 multorum
2925 2501 3209 2568 animos

653 2583 784 2653 sibi
825 2584 1137 2674 adjunxit
1164 2584 1615 2665 familiariter,
1653 2606 2030 2672 eorumque
2060 2585 2192 2657 sibi
2224 2585 2764 2656 benevolentiam
2798 2587 3206 2657 conciliavit

650 2672 843 2753 ade0,
898 2686 972 2742 ut
1032 2694 1111 2742 cx
1159 2673 1449 2743 diversis
1497 2673 1666 2743 locis
1717 2674 1932 2743 multa
1979 2674 2064 2744 ad
2115 2696 2288 2745 eum·
2342 2675 2662 2745 monachi
2710 2674 3204 2746 adventarent.

652 2762 821 2831 tanti
869 2762 996 2830 viri
1047 2762 1334 2851 pudicos
1385 2784 1607 2832 mores
1672 2775 1737 2832 et
1789 2762 1909 2831 reli
1965 2764 2142 2833 iosos
2191 2776 2383 2835 actus
2438 2785 2559 2853 pro
2607 2763 2877 2833 viribus
2933 2766 3204 2835 imitari

648 2851 1029 2941 cupientes.
1087 2852 1377 2933 DicereS,
1409 2874 1490 2921 ex
1538 2851 1825 2923 diversis
1873 2873 1912 2919 a
1946 2853 2259 2922 vearibus
2306 2873 2470 2942 apes
2517 2853 2603 2922 ad
2653 2852 2833 2921 hanc
2867 2853 3202 2923 floridam

649 2938 967 3010 advolare
1014 2940 1354 3021 arborem,
1409 2953 1485 3010 ut
1535 2940 1696 3010 inde
1745 2940 2070 3010 haustum
2115 2941 2245 3010 mel
2288 2940 2457 3011 favis
2506 2942 2654 3011 suis
2693 2942 3073 3012 arentibus
3109 2945 3206 3012 in·

649 3027 1010 3098 stillarent.
1083 3035 1156 3099 Et
1223 3028 1335 3098 ille
1401 3051 1565 3100 sane
1622 3029 1923 3120 benigno
1983 3052 2098 3099 eos
2146 3042 2210 3100 et
2257 3042 2449 3120 grato
2497 3030 2730 3100 animo
2777 3031 3198 3121 excipiebat.

649 3116 1060 3204 abundeque
1112 3120 1528 3188 monasticae
1578 3118 1854 3207 regulae
1904 3119 2216 3189 instituta
2271 3119 2370 3188 eis
2418 3118 2911 3209 depromebat,
2960 3142 3052 3190 ex
3105 3122 3200 3189 di·

650 3204 939 3294 scipulis
988 3206 1351 3295 magistros
1411 3206 1738 3287 idoneos,
1794 3229 1873 3275 ex
1923 3206 2240 3296 perfectis
2290 3206 2823 3297 perfectissimos
2873 3208 3202 3279 doctores

648 3292 975 3363 efficiens.
1025 3298 1125 3362 Ita
1172 3294 1582 3366 recedebant
1620 3295 1737 3364 alii
1779 3296 2087 3366 moribus
2133 3310 2195 3366 et
2253 3296 2585 3388 religione
2624 3297 2955 3376 instituti,
3019 3320 3200 3368 acce-

649 3381 905 3450 debant
936 3380 1054 3450 alii
1099 3382 1333 3452 itidem
1375 3385 1460 3454 ab
1510 3383 1628 3454 illo
1669 3384 2098 3454 instituendi.
2155 3391 2486 3475 Perpetuo
2536 3406 2835 3471 namque
2866 3408 3007 3455 ceu
3049 3410 3199 3456 nar·

646 3470 778 3539 dus
838 3470 1178 3558 quaedam
1229 3471 1403 3540 miro
1451 3472 1798 3563 fragrabat
1850 3474 2176 3543 virtutum
2244 3473 2489 3554 odore,
2550 3488 2615 3543 et
2664 3474 3194 3563 Scripturarum

646 3558 868 3629 fontes
901 3560 1240 3648 aperienS,
1280 3562 1542 3630 arentia
1594 3575 1942 3652 pectorum
1987 3574 2180 3653 prata
2216 3562 2581 3652 irrigabat:
2635 3563 3001 3649 divinique
3045 3587 3196 3634 aro-

646 3659 830 3718 mata
876 3648 1088 3728 verbi,
1153 3648 1360 3735 cujus
1410 3650 1596 3719 vitali
1638 3649 1984 3721 redolebat
2032 3651 2384 3732 suavitate,
2426 3650 2713 3721 fratrum
2751 3652 3185 3723 intrinsecus

646 3735 1125 3837 languentium
1176 3737 1428 3807 animis
1476 3738 1931 3829 impertiebat,
1978 3753 2051 3809 ut
2081 3762 2161 3810 ea
2194 3741 2649 3821 ruminantes,
2701 3752 2766 3809 et
2800 3740 2870 3809 in
2928 3741 3190 3812 viscera

642 3826 1079 3915 trajicientes,
1133 3826 1221 3896 ab
1269 3826 1594 3896 omnibus
1641 3829 1965 3898 vitiorum
2026 3829 2284 3899 morbis
2351 3829 2877 3910 revalescerent,
3002 3844 3189 3901 usta·

641 3925 927 4073 rebntque
973 3935 1180 4001 quam
1234 3915 1465 3986 suavis
1516 3916 1601 3985 sit
1653 3916 2006 3997 DominuS‚
2056 3917 2124 3986 in
2178 3917 2297 3988 illo
2345 3938 2537 4009 spem
2589 3939 2785 3988 suam
2837 3919 2945 3988 col
2984 3940 3192 3989 ocan-

640 4015 691 4072 t1
745 4025 848 4073 us.
1947 4006 1966 4023 ·

729 4093 765 4178 ξ
812 4094 969 4164 35.
1024 4097 1149 4161 Per
1197 4091 1375 4161 idem
1430 4105 1705 4183 tempus
1747 4115 1878 4162 non
1933 4094 2298 4165 mediocris
2336 4094 2749 4165 concertatio
2788 4107 2854 4165 et
2885 4096 3188 4168 bellicus

637 4180 982 4250 tumultus
1030 4180 1205 4251 inter
1252 4182 1642 4252 Austrasiae
1688 4194 1753 4251 et
1807 4184 2157 4253 Neustriae
2217 4184 2565 4274 principes
2612 4196 2801 4254 ortus
2849 4198 2979 4267 est,
3035 4190 3180 4275 qui.

639 4272 772 4338 Deo
821 4269 1181 4339 hominum
1237 4270 1497 4361 flagitia
1551 4270 1975 4352 ulciscente,
2044 4294 2261 4360 usque
2310 4295 2387 4343 eo
2437 4284 2847 4364 progressus
2895 4287 3004 4344 est
3039 4330 3055 4355 ,
3107 4291 3181 4345 ut

639 4358 896 4447 passim
944 4379 1077 4427 non
1130 4359 1332 4429 modo
1382 4360 1452 4429 in
1502 4359 1877 4429 discrimen
1927 4361 2236 4430 venirent
2272 4361 2690 4453 reipublicae
2721 4362 3024 4453 negotia,
3065 4364 3182 4433 sed

638 4446 841 4517 etiam
882 4446 1073 4517 nulla
1107 4460 1380 4518 sanctae
1424 4449 1535 4518 Dei
1571 4449 1911 4521 Ecclesiae
1954 4451 2327 4520 reverentia
2363 4463 2842 4543 praestaretur.
2883 4456 3179 4523 Causam
