3347 4999
717 295 845 360 440
1522 313 1600 359 na
1648 313 1703 359 s,
1758 312 2009 360 turmo
2056 312 2247 359 naar.
2844 293 3019 360 OCT.
3076 296 3159 360 16

627 395 1045 486 confregisti,
1090 395 1364 487 gladius
1399 418 1594 466 meus
1622 411 1830 487 caput
1872 409 2065 465 tuum
2102 395 2356 465 dividet
2390 395 2875 498 particulatim.
2912 420 2949 461 »
2984 396 3158 466 Hinc

628 485 1065 554 manifestum
1098 495 1197 554 est
1230 497 1294 555 et
1325 485 1540 565 illam,
1580 497 1855 587 propter
1883 507 2091 573 quam
2125 484 2501 573 supradicti
2529 484 2818 573 juvenes
2845 485 2893 553 J
2897 486 3159 555 uventi-

629 595 761 644 nus
790 585 854 643 et
894 573 1229 643 Maximus
1267 574 1660 662 similesque
1704 574 1975 644 illorum
2016 574 2237 664 puniti
2286 585 2470 654 sunt,
2503 587 2566 643 et
2601 573 2787 642 illam
2833 578 3157 644 Sanctum

627 662 952 733 habuisse
998 684 1304 743 causam,
1359 674 1635 753 propter
1681 685 1887 750 quam
1940 667 2085 732 Dux
2116 662 2229 731 ille
2257 663 2620 744 Artemius,
2673 663 2928 750 aliique
2967 683 3160 731 com-

625 751 860 842 plures
908 773 946 820 a
984 761 1274 840 tyranno
1309 752 1699 841 interempti
1748 764 1957 821 sunt:
2011 750 2274 820 scilicet
2318 752 2481 838 quia
2512 763 2576 820 et
2631 750 2960 841 impietati
3009 751 3158 837 ejus

625 838 853 929 palam
893 860 1008 908 ore
1043 838 1256 908 libero
1306 840 1406 908 vir
1452 841 1770 931 egrerrius
1820 841 1888 908 in
1938 840 2194 929 populo
2228 838 2554 929 refragari
2606 861 2740 908 non
2791 839 3040 920 timuit,
3094 850 3160 907 et

627 941 754 998 tem
816 928 878 996 la
912 928 1066 1028 ‘sive
1114 926 1321 1011 idola,
1355 950 1532 1016 quae
1568 896 1683 999 ill’e
1714 928 1975 998 colebat
2008 939 2072 997 et
2119 927 2251 997 coli
2281 927 2592 1018 jubebat,
2638 929 2973 997 subvertit
3013 928 3158 996 sive

623 1038 746 1086 con
788 1038 855 1084 re
909 1028 979 1085 it.

712 1107 748 1192 ξ
798 1040 927 1177 ΙΞ.
983 1108 1147 1173 Cum
1192 1104 1401 1195 igitur
1433 1103 1516 1172 ad
1555 1105 2045 1174 restitutionem
2098 1104 2629 1174 simulacrorum
2671 1126 2847 1192 quae
2894 1103 3163 1174 confre-

628 1205 841 1284 gerat,
895 1192 1332 1283 compellenti
1378 1191 1657 1263 Juliano
1700 1216 1834 1264 non
1874 1193 2162 1274 cederet,
2207 1194 2673 1282 Justissimum
2711 1214 2860 1263 esse
2893 1193 3153 1274 dicenS,

624 1294 903 1383 propter
933 1281 1136 1351 fidem
1177 1282 1446 1351 Domini
1494 1283 1709 1352 nostri
1738 1284 1901 1353 lesu
1932 1283 2176 1353 Christi
2211 1282 2505 1373 gloriose
2537 1283 2734 1363 mori,
2769 1295 2834 1350 et
2874 1282 2965 1352 ita
2999 1304 3159 1352 cum

623 1370 744 1441 1110
785 1372 852 1439 in
895 1382 1166 1440 aeterna
1208 1370 1525 1439 felicitate
1573 1371 1858 1441 laetari:
1914 1383 2249 1461 tyrannus
2301 1372 2434 1440 'am
2489 1393 2623 1440 non
2661 1370 2893 1441 valens
2942 1371 3162 1440 conti·

627 1482 787 1529 nere
836 1459 1219 1529 belluinum
1257 1460 1568 1529 animum
1606 1461 1675 1529 in
1711 1459 1829 1528 illa
1861 1482 2062 1530 cavea
2104 1395 2589 1543 simuiationis,
2626 1460 2943 1547 quamvis
2981 1459 3159 1527 invi-

626 1549 814 1618 deret
855 1561 1077 1617 tantae
1126 1546 1667 1617 Christianorum
1720 1548 1889 1639 spei,
1944 1549 2204 1618 scilicet
2250 1548 2505 1640 gloriae
2558 1548 2915 1637 martyrii,
2972 1548 3160 1637 capi-

625 1637 827 1707 talem
878 1660 1033 1706 eum
1087 1637 1494 1707 sententiam
1538 1637 1771 1707 subire
1822 1638 2186 1727 praecepit.
2247 1661 2281 1704 «
2314 1638 2563 1717 FlexiS,
2617 1637 2760 1718 ait,
2799 1638 2865 1705 in
2909 1650 3158 1706 terram

624 1726 919 1817 genibus
950 1781 964 1807 ,
1019 1725 1302 1795 extende
1363 1726 1693 1794 cervicem
1732 1781 1746 1806 ,
1809 1738 1873 1795 et
1918 1725 2354 1796 fulminantis
2417 1726 2629 1816 gladii
2680 1724 3099 1795 mortiferam
3137 1778 3153 1804 ,

624 1816 802 1885 sicut
853 1814 973 1884 tibi
1033 1814 1359 1903 praedixi,
1414 1814 1597 1883 susci
1652 1836 1689 1883 e
1740 1814 2106 1905 plagam.»
2157 1820 2345 1885 Tunc
2395 1821 2646 1905 Martyr
2692 1815 2938 1884 Christi
2993 1835 3156 1903 pau-

623 1903 846 1973 lulum
897 1902 1366 1982 induciarum,
1407 1902 1488 1971 ad
1530 1924 1569 1970 o
1624 1903 1947 1972 erendam
2002 1908 2130 1973 Deo
2179 1904 2552 1974 orationem
2604 1904 2737 1973 sibi
2777 1903 2926 1972 dari
2959 1903 3157 1992 flagi-

622 1993 805 2061 tavit.
862 1996 1008 2074 Quo
1058 1991 1441 2081 impetrat0‚
1499 1992 1860 2080 prostravit
1906 2013 1977 2061 se
2023 1993 2092 2060 in
2147 2006 2419 2071 terram,
2472 2003 2539 2061 et
2581 1992 2855 2061 elevans
2891 2013 3147 2071 vocem,

622 2080 860 2159 oravit,
896 2079 1177 2148 dicens:
1218 2101 1253 2145 «
1289 2079 1569 2147 Domine
1603 2084 1776 2149 Deus
1808 2080 2266 2171 omnipotenS,
2304 2082 2422 2168 qui
2458 2080 2724 2150 coelum
2768 2093 3156 2167 terramque

621 2181 688 2238 et
719 2167 952 2236 omnia
991 2190 1166 2254 quae
1218 2167 1283 2236 in
1320 2168 1418 2238 eis
1468 2182 1649 2248 sunt,
1704 2169 1972 2249 creasti,
2024 2181 2090 2238 et
2136 2170 2484 2238 hominem
2537 2169 2621 2237 ad
2671 2169 3044 2259 imaginem
3096 2179 3158 2236 et

624 2255 1152 2325 similitudinem
1205 2267 1393 2326 tuam
1450 2254 1706 2326 sactum
1740 2312 1755 2338 ,
1818 2259 1885 2327 in
1948 2258 2268 2347 paradiso
2317 2257 2656 2348 posuisti,
2723 2257 3158 2343 eundemque

623 2344 954 2414 suadente
987 2344 1260 2414 diabolo
1312 2344 1606 2435 lapsum,
1663 2368 1782 2435 per
1823 2347 2166 2435 Unigeniti
2201 2346 2300 2416 tui
2332 2346 2873 2416 incarnationem
2916 2358 2982 2416 et
3015 2367 3160 2435 pas-

626 2433 883 2502 sionem
929 2433 1332 2514 reformasti,
1376 2447 1438 2504 et
1471 2438 1752 2505 Sanctos
1786 2447 1849 2504 et
1889 2436 2149 2508 Electos
2182 2448 2333 2506 tuos
2369 2457 2502 2505 non
2545 2434 2630 2504 ad
2669 2434 2876 2522 hujus
2912 2434 3157 2504 mundi

625 2521 903 2612 gaudia,
955 2523 1070 2592 sed
1112 2522 1196 2591 ad
1250 2522 1514 2593 labores
1561 2537 1625 2593 et
1676 2524 2152 2594 tribulationes
2202 2525 2491 2609 misisti;
2542 2525 2926 2614 supplicem
2981 2524 3157 2595 servi

626 2610 724 2680 tui
772 2611 1015 2680 exaudi
1066 2611 1466 2692 orationem,
1519 2625 1583 2681 et
1615 2614 1779 2699 quia
1821 2626 1881 2682 te
1929 2613 2151 2683 solum
2205 2614 2430 2695 timeO,
2475 2626 2540 2684 et
2573 2618 2708 2683 tota
2745 2613 2973 2682 cordis
3012 2611 3157 2680 ala-

622 2700 857 2770 critate
913 2699 1163 2789 diligo,
1222 2721 1405 2770 nunc
1457 2723 1577 2789 pro
1627 2714 1743 2770 tuo
1793 2703 2068 2771 nomine
2109 2724 2241 2771 non
2294 2702 2518 2771 solum
2568 2703 2800 2771 omnia
2847 2701 3157 2789 corporis

625 2801 981 2868 tormenta,
1037 2788 1153 2858 sed
1203 2800 1266 2857 et
1315 2789 1536 2879 ipsam
1588 2791 1822 2860 subire
1874 2803 2156 2859 mortem
2206 2791 2540 2860 desidero.
2582 2791 2895 2860 Animam
2932 2810 3153 2857 meam

614 2877 784 2966 jube
824 2878 1083 2966 suscipi
1128 2899 1246 2967 per
1294 2899 1543 2946 manus
1589 2878 1999 2968 Angelorum
2055 2879 2123 2948 in
2168 2879 2485 2969 paradiso
2526 2891 2640 2948 tuo
2672 2878 2945 2948 coelesti
2993 2898 3151 2946 cum

622 2988 873 3036 corona
915 2966 1272 3056 martyrii;
1327 2966 1475 3035 istis
1523 2978 1776 3048 autem,
1830 2989 1870 3035 a
1907 2967 2165 3053 quibus
2213 2967 2731 3036 interficiendus
2763 2988 2946 3045 sum,
2997 2965 3154 3052 qui-

621 3077 917 3142 cumque
966 3056 1282 3145 ignorant
1330 3066 1395 3124 et
1441 3069 1707 3135 errant,
1764 3068 2170 3125 cunctorum
2222 3055 2311 3125 da
2357 3055 2862 3145 indulgentiam
2915 3074 3157 3143 pecca·

625 3157 872 3222 torum,
927 3157 989 3212 et
1022 3165 1180 3213 cum
1232 3144 1498 3213 Sanctis
1531 3143 1670 3213 tuis
1705 3144 1772 3212 in
1827 3165 2035 3245 regno
2086 3157 2201 3213 tuo
2251 3145 2678 3234 portionem:
2729 3143 2848 3231 qui
2891 3142 3056 3210 vivis
3088 3152 3156 3211 et

622 3253 871 3322 regnas
926 3253 1083 3300 cum
1137 3232 1498 3322 Unigenito
1540 3244 1655 3302 tuo
1711 3245 1774 3301 et
1824 3238 1864 3302 S
1920 3233 2081 3301 tritu
2120 3237 2363 3302 Sancto
2404 3255 2587 3302 unus
2633 3245 2696 3302 et
2732 3253 2929 3300 verus
2977 3235 3157 3299 Deus

621 3321 692 3388 in
736 3319 967 3388 secula
998 3318 1411 3389 seculorum.
1443 3344 1478 3386 »
1515 3326 1820 3408 Cumque
1901 3321 2086 3391 deles
2114 3322 2230 3409 qui
2265 3322 2570 3400 aderant,
2611 3318 3150 3412 respondissent,

622 3413 867 3478 Amen.-
903 3429 1192 3498 surgens
1225 3409 1311 3478 ab
1336 3410 1639 3479 oratione
1667 3421 1732 3478 et
1752 3420 1941 3480 stans
1974 3410 2043 3479 in
2083 3411 2305 3479 medio
2333 3409 2828 3479 multitudinis:
2868 3431 2903 3474 «
2932 3413 3147 3497 Rogo,

624 3496 870 3582 inquit,
925 3494 1008 3564 ad
1054 3500 1426 3577 Caesarem,
1484 3509 1558 3568 ut
1606 3499 1775 3568 dum
1824 3521 1933 3568 me
1980 3498 2423 3580 interfeceris,
2477 3521 2593 3567 cor
2644 3499 2743 3568 ori
2790 3518 2937 3567 meo
2984 3518 3159 3565 con-

624 3586 828 3655 cedas
876 3584 1099 3654 locum
1152 3585 1544 3675 sepulcri.»
1594 3586 1717 3655 Ille
1767 3587 2233 3676 respondens:
2289 3611 2325 3653 «
2361 3591 2576 3657 Conce
2628 3610 2689 3668 o,
2745 3587 2860 3668 ait,
2913 3606 3161 3672 quem-

621 3694 919 3760 cumque
952 3673 1176 3743 locum
1219 3673 1527 3832 elegeris.
1563 3697 1598 3741 »
1647 3675 1971 3746 Attollens
2018 3698 2180 3767 ergo
2220 3676 2465 3745 Christi
2501 3680 2755 3765 Martyr
2789 3673 3051 3751 oculos,
3091 3685 3163 3744 et

619 3762 1212 3852 circumspiciens,
1261 3763 1318 3831 vi
1380 3763 1429 3832 it
1475 3786 1512 3832 a
1549 3762 1749 3853 longe
1784 3776 2082 3834 montem
2124 3764 2510 3845 excelsum;
2563 3778 2627 3834 et
2664 3764 2750 3834 ad
2782 3763 3159 3833 «Iulianum

622 3851 1048 3941 respiciens:
1104 3857 1286 3933 «En,
1329 3852 1574 3940 inquit,
1629 3857 1893 3934 Caesar,
1951 3864 2247 3923 montem
2290 3854 2514 3923 cernis
2563 3854 2820 3944 ipsum,
2868 3853 2936 3920 iu
2985 3872 3156 3939 quc,

620 3940 882 4008 volente
931 3939 1243 4023 Christo,
1300 3941 1728 4031 sepulturam
1792 3941 2156 4012 habiturus
2204 3963 2384 4011 sum.
2426 3965 2462 4009 »
2513 3946 2676 4011 Cum
2741 3941 3011 4012 interim
3068 3941 3164 4011 ad

618 4029 1135 4098 multitudinem
1186 4051 1557 4100 conversus
1591 4029 1928 4112 fidelium,
1968 4030 2088 4118 qui
2123 4029 2429 4112 aderant,
2480 4052 2600 4119 pro
2635 4052 2706 4100 re
2744 4043 2809 4099 et
2850 4041 3167 4119 tempore

617 4116 1032 4204 loqueretur,
1073 4118 1302 4188 adhuc
1348 4119 1548 4206 quasi
1589 4119 1857 4208 patiens
1894 4119 2327 4210 exspectabat
2377 4133 2711 4209 tyrannus
2747 4174 2761 4199 ,
2818 4118 3165 4189 nimirum

618 4205 702 4275 ad
761 4205 1220 4276 devorandam
1271 4209 1575 4277 animam
1629 4208 1857 4295 potius
1891 4263 1906 4290 ,
1959 4230 2167 4295 quam
2237 4208 2323 4277 ad
2387 4208 2840 4278 occidendum
2900 4228 3169 4296 corpus

619 4294 928 4364 inhiante
976 4295 1284 4376 diabolo,
1346 4297 1465 4383 qui
1532 4318 1653 4386 per
1712 4295 1909 4366 illum
1967 4297 2400 4387 operabatur.
2459 4297 2759 4385 Denique
2807 4318 2967 4366 cum
3002 4297 3167 4385 jam

618 4383 735 4453 ille
785 4384 971 4454 testis
1021 4384 1264 4455 Christi
1307 4384 1754 4455 fidelissimus
1809 4408 1966 4456 cum
2028 4385 2342 4476 Apostolo
2393 4386 2699 4469 diceret,
2755 4398 2871 4455 aut
2921 4405 3170 4457 revera
