3347 4999
734 387 849 449 138
1496 404 1571 448 ηε
1619 401 1676 448 s,
1733 402 2076 449 Faaxcisco
2126 401 2308 449 coxr.
2917 382 3112 448 our.
3175 384 3212 446 4

636 503 769 557 tarn
830 489 1089 578 ingenti
1144 488 1283 556 viso
1335 487 1727 575 spectaculo
1778 486 2094 555 admirati
2134 497 2328 566 sunt3
2383 499 2445 553 et
2493 486 2652 573 quia
2694 486 2913 572 ipsius
2965 499 3214 553 auste-

636 581 906 647 ritatem
950 577 1092 662 jam
1148 591 1497 655 noverant,
1536 575 1909 645 devotione
1943 576 2377 666 compuncti,
2423 574 2883 644 humilitatem
2943 573 3209 662 liujus-

636 666 824 735 modi
878 667 1099 755 magis
1147 664 1656 744 admirabilem,
1689 687 1898 752 quam
1952 663 2382 744 imitabilem,
2419 661 2964 753 proclamabant.
3012 663 3210 732 Licet

632 769 855 825 autem
915 754 976 822 id
1055 755 1275 843 magis
1325 754 1634 822 videatur
1697 767 2088 843 portentum
2164 752 2416 833 fuisse,
2476 753 2691 821 instar
2754 751 3206 842 prophetalis

596 843 961 922 ·vaticinii,
1017 865 1224 929 quam
1262 842 1696 932 exemplum.
1744 857 1970 911 tamen
2023 863 2173 910 vere
2223 842 2717 911 documentum
2774 841 3000 910 extitit
3066 840 3208 910 hu-

633 934 945 1002 militatis
999 931 1370 1021 perfectae,
1424 953 1561 1018 quo
1628 931 1872 1002 Christi
1948 944 2237 1001 sectator
2304 930 2672 1000 instruitur
2754 930 3212 1000 transitoriae

633 1023 860 1092 laudis
901 1021 1342 1110 praeconium
1381 1020 1628 1089 debere
1658 1035 2119 1100 contemnere,
2153 1020 2483 1090 tumentis
2515 1019 3209 1108 quoquejactantiae

630 1111 1087 1200 comprimere
1137 1109 1414 1190 fastum,
1448 1122 1511 1177 et
1545 1108 2025 1178 fraudulentae
2053 1108 2518 1178 simulationis
2552 1109 2999 1177 mendacium
3035 1130 3206 1177 con·
3301 1165 3302 1170 ,

630 1200 877 1270 futare.
919 1199 1126 1269 Multa
1161 1198 1439 1286 quidem
1495 1199 1560 1266 in
1608 1197 1795 1267 hunc
1846 1197 2129 1267 modum
2195 1199 2473 1287 saepius
2524 1196 2837 1277 faciebat,
2891 1211 2974 1266 ut
3015 1211 3209 1266 exte·

629 1291 778 1358 rius
836 1305 1183 1375 tamquam
1238 1310 1354 1355 vas
1417 1286 1762 1376 porditum
1816 1287 2030 1360 fieret.
2099 1300 2162 1355 et
2217 1286 2782 1357 sanctificationis
2855 1286 3202 1375 spiritum

630 1378 922 1447 interius
975 1376 1369 1466 possideret.

720 1471 754 1624 ᾗ
801 1469 968 1539 39.
1026 1465 1350 1536 Studebat
1425 1465 1598 1534 bona
1657 1465 1927 1533 Domini
2006 1465 2113 1534 sui
2164 1487 2415 1534 arcano
2482 1464 2774 1554 pectoris
2833 1463 3201 1540 condere.

632 1580 720 1625 no
753 1577 875 1623 ens
915 1568 1141 1644 patere
1173 1554 1452 1642 gloriae,
1483 1553 1664 1641 quod
1723 1566 1947 1642 posset
1976 1555 2245 1622 occasio
2293 1575 2441 1623 esse
2477 1554 2739 1622 ruinae.
2776 1556 2946 1622 Nam
2987 1574 3209 1643 saepe

630 1667 788 1713 cum
843 1643 1351 1713 beatificaretur
1413 1666 1449 1710 a
1519 1642 1881 1732 pluribuS,
1940 1642 2220 1710 verbum
2275 1641 2676 1712 liu'usmodi
2740 1641 3199 1731 proferebat:

633 1759 668 1799 «
708 1732 909 1801 Filios
973 1747 1038 1802 et
1087 1732 1267 1801 filias
1314 1732 1543 1800 adhuc
1586 1731 1838 1800 habere
1890 1753 2194 1820 possem:
2263 1754 2349 1800 no
2387 1733 2471 1800 ite
2520 1731 2804 1801 laudare
2861 1745 2941 1799 ut
2993 1753 3210 1800 secu·

634 1845 814 1890 rum.
870 1827 1078 1891 Nemo
1128 1820 1545 1901 laudandus,
1604 1821 1807 1909 cujus
1861 1821 2160 1889 incertus
2207 1835 2309 1890 cst
2337 1822 2631 1889 exitus.»
2683 1824 2814 1889 Ista
2864 1819 3201 1905 quidem.

632 1911 1119 1980 laudantibus:
1154 1909 1235 1978 ad
1291 1931 1363 1979 se
1410 1923 1665 1989 autem,
1708 1910 1849 1978 sic:
1905 1934 1940 1975 «
1973 1910 2243 1978 Latroni
2294 1911 2349 1978 si
2388 1923 2572 1979 tanta
2620 1909 3044 1978 contulisset
3098 1909 3209 1978 Al-

632 2000 968 2079 tissimuS,
1026 2000 1284 2088 gratior
1333 2015 1393 2067 te
1441 1997 1631 2073 foret,
1689 1999 2068 2069 Francisce.
2106 2022 2141 2064 »
2207 1998 2482 2067 Dicebat
2529 1998 2856 2068 fratribus
2922 2020 3199 2088 saepe:

634 2113 668 2155 «
710 2093 800 2157 De
840 2088 1029 2157 omni
1099 2109 1177 2156 eo
1225 2087 1404 2174 quod
1462 2100 1774 2177 peccator
1826 2101 2063 2176 potest,
2122 2110 2321 2156 nemo
2363 2087 2492 2157 sibi
2542 2087 2743 2156 debet
2778 2087 2872 2155 ini
2932 2109 3031 2156 uo
3081 2110 3205 2176 ap-

638 2177 892 2267 plausu
945 2176 1268 2245 blandiri.
1329 2181 1663 2253 Peccator,
1722 2177 1842 2256 ait‚·
1901 2177 2207 2265 ijunare
2266 2188 2518 2266 potest,
2584 2197 2802 2254 orare,
2855 2199 2894 2265 p
2929 2198 3204 2264 angere

632 2287 1057 2351 carnemque
1107 2265 1451 2355 propriam
1509 2286 1894 2334 macerare:
1935 2265 2061 2334 boc
2113 2264 2336 2335 solum
2396 2286 2528 2334 non
2583 2278 2826 2354 potest,
2892 2266 3204 2333 Domino

634 2354 899 2424 scilicet
948 2376 1074 2423 suo
1113 2376 1262 2425 esse
1312 2353 1557 2422 fidelis,
1600 2358 1675 2423 In
1714 2354 1841 2423 hoc
1884 2355 2112 2440 itaque
2158 2352 2641 2443 gloriandum,
2692 2354 2751 2420 si
2801 2375 3006 2422 suam
3072 2357 3204 2422 Do—

635 2444 825 2513 mino
873 2443 1162 2533 gloriam
1216 2443 1611 2523 reddimus,
1665 2443 1722 2512 si
1776 2442 2067 2513 fideliter
2131 2441 2524 2513 servientes.
2593 2443 2776 2533 ipsi,
2844 2441 3201 2529 quicquid

633 2533 894 2613 donat,
948 2532 1483 2602 adscribimus.»
1540 2538 1619 2601 Ut
1672 2545 1898 2602 autem
1963 2531 2282 2623 pluribus
2347 2531 2570 2607 modis
2636 2531 3029 2622 negotiator
3088 2533 3200 2601 hic

634 2622 1086 2711 Evangelicus
1153 2623 1534 2691 lucraretur
1567 2676 1582 2702 ‚
1640 2635 1709 2691 at
1758 2635 1969 2692 totum
2028 2642 2352 2711 praesens
2405 2636 2673 2710 tempus
2726 2620 3077 2690 conflaret
3135 2624 3198 2690 in

637 2712 984 2789 meritum,
1031 2733 1164 2779 non
1223 2727 1355 2779 tam
1409 2731 1723 2800 praeesse
1755 2710 1987 2790 voluit,
2032 2731 2240 2796 quam
2292 2710 2599 2780 subesse:
2643 2732 2764 2778 nec
2808 2722 2948 2778 tam
2999 2733 3204 2799 prae·

633 2801 883 2890 cipere,
936 2822 1142 2886 quam
1186 2801 1444 2889 parere.
1488 2800 1751 2869 Idcirco
1785 2798 2085 2889 generali
2126 2798 2378 2867 cedens
2420 2798 2670 2878 officio,
2704 2798 3200 2868 Guardianum

642 2890 853 2977 petiit.
908 2890 1109 2978 cujus
1152 2888 1481 2958 voluntati
1539 2911 1657 2988 per
1704 2888 1933 2956 omnia
1986 2887 2394 2977 subjaceret.
2448 2893 2606 2956 Tam
2661 2889 2845 2956 enim
2896 2888 3199 2957 uberem

631 2978 979 3047 asserebat
1028 2992 1303 3048 sanctae
1352 2976 1783 3047 obedientiae
1844 2976 2143 3045 fructum
2191 3030 2210 3055 ,
2268 2988 2344 3045 ut
2403 2976 2505 3045 eis
2552 2976 2668 3063 qui
2710 2976 2887 3065 jugo
2963 2977 2980 3043 i
3093 2979 3200 3045 ius

633 3066 806 3135 colla
861 3067 1386 3146 submitterent,
1450 3065 1541 3134 nil
1586 3065 1914 3155 temporis
1986 3065 2133 3135 sine
2198 3064 2390 3134 lucro
2459 3066 2803 3134 transiret.
2861 3068 2966 3132 Un
3024 3088 3067 3134 e
3138 3081 3199 3133 et

634 3156 851 3234 fratri,
896 3177 1055 3223 cum
1104 3177 1242 3241 quo
1288 3169 1433 3224 erat
1483 3155 1728 3224 solitus
1764 3155 1883 3233 ire,
1940 3175 2212 3243 semper
2260 3153 2721 3223 obedientiam
2786 3154 3199 3243 promittere

633 3255 1104 3322 consueverat,
1161 3257 1227 3312 et
1259 3265 1552 3314 servare.
1608 3244 1782 3313 Dixit
1815 3242 2190 3330 aliquando
2222 3241 2469 3313 sociis:
2516 3266 2552 3309 «
2584 3247 2769 3312 Inter
2805 3241 2973 3322 alia,
3012 3266 3198 3331 quae

634 3332 1001 3421 dignanter
1098 3332 1264 3400 ietas
1314 3332 1484 3400 mihi
1534 3332 1769 3400 divina
1836 3332 2198 3412 concessit,
2265 3332 2444 3402 hanc
2511 3332 2802 3422 gratiam
2856 3333 3189 3413 contulit,

634 3421 815 3507 quod
856 3421 945 3487 ita
980 3419 1045 3487 di
1086 3420 1346 3508 igenter
1397 3422 1647 3490 novitio
1692 3422 1900 3490 unius
1950 3422 2156 3490 horae
2203 3420 2580 3500 obedirem,
2635 3420 2690 3490 si
2745 3419 2917 3489 mihi
2967 3425 3195 3491 Guar-

637 3509 894 3579 dianus
944 3508 1246 3588 daretur,
1303 3510 1483 3578 sicut
1530 3510 2015 3597 antiquissimo
2060 3523 2126 3578 et
2165 3502 2659 3579 discretissimo
2709 3507 2900 3578 fratri
2943 3533 2957 3573 ε
3016 3512 3196 3579 Sub·

636 3598 849 3677 ditus,
907 3597 1150 3683 inquit,
1210 3597 1587 3687 praelatum
1626 3620 1829 3667 suum
1872 3619 2004 3667 non
2062 3598 2412 3668 hominem
2472 3597 2912 3667 considerare
2954 3597 3191 3669 debet.

636 3685 751 3755 sed
809 3686 1031 3766 illurn,
1091 3708 1208 3775 pro
1242 3686 1443 3773 cujus
1490 3700 1590 3755 est
1637 3709 1868 3756 amore
1903 3687 2276 3775 subjectus.
2332 3693 2601 3769 Quanto
2647 3686 2831 3755 enim
2886 3701 3196 3757 contem·

637 3775 944 3865 ptibilior
994 3776 1355 3864 praesidet.
1412 3789 1595 3845 tanto
1646 3776 1866 3866 magis
1914 3774 2273 3845 humilitas
2312 3775 2696 3845 obedientis
2734 3774 2981 3864 placet.
3020 3800 3057 3841 ι)

721 3867 757 3951 ξ
805 3868 971 3936 lo.
1026 3869 1191 3933 Cum
1246 3886 1397 3933 vero
1450 3867 1593 3933 vice
1654 3864 1956 3951 quadam
2007 3877 2454 3951 quaereretur
2518 3864 2606 3934 ab
2668 3885 2747 3933 eo
2801 3864 2965 3950 quis
3015 3882 3204 3936 esset

637 3975 835 4021 verus
885 3952 1210 4022 obediens
1263 3953 1739 4043 Judicandus,
1793 3953 2101 4043 corporis
2175 3955 2424 4022 mortui
2475 3951 3015 4022 similitudinem
3077 3978 3203 4042 pro

633 4041 945 4131 exemplo
998 4043 1371 4132 proposuit.
1430 4065 1465 4108 «
1503 4041 1710 4122 Tolle,
1769 4042 2013 4129 inquit,
2070 4063 2326 4133 corpus
2373 4043 2712 4125 exanime,
2765 4054 2830 4110 et
2878 4043 3006 4112 ubi
3045 4045 3204 4133 pla-

633 4132 897 4210 cuerit,
957 4152 1151 4219 pone.
1218 4131 1492 4201 Videbis
1545 4151 1677 4200 non
1733 4152 2118 4220 repugnare
2185 4144 2445 4201 motum
2481 4185 2496 4209 ,
2552 4153 2687 4199 non
2743 4152 3205 4201 murmurare

635 4220 867 4300 situm,
904 4242 1037 4290 non
1093 4219 1466 4289 reclamare
1512 4219 1909 4289 dimissum.
1945 4220 2138 4301 Quod
2176 4221 2230 4289 si
2266 4232 2609 4290 statuatur
2645 4220 2712 4286 in
2749 4219 3198 4293 cathedram.

636 4331 768 4377 non
821 4309 980 4386 alta,
1036 4308 1148 4378 sed
1206 4311 1344 4377 ima
1393 4309 1734 4399 respiciet.
1773 4308 1836 4378 Si
1881 4308 2255 4378 collocetur
2296 4310 2363 4377 in
2419 4329 2752 4399 purpura,
2789 4307 3013 4399 duplo
3047 4312 3207 4401 pal·

634 4396 864 4467 lescet.
921 4399 1068 4478 Hic,
1114 4399 1229 4479 ait,
1287 4420 1489 4467 verus
1534 4397 1863 4467 obediens
1930 4411 2053 4476 est,
2107 4398 2225 4485 qui
2276 4420 2402 4468 cur
2452 4410 2826 4477 moveatur,
2894 4419 3033 4466 non
3091 4400 3205 4468 di·

626 4486 925 4573 judicat:
971 4487 1087 4556 ubi
1141 4486 1445 4567 locetur,
1505 4508 1635 4556 non
1708 4498 1943 4567 curat;
2000 4498 2072 4555 ut
2142 4499 2681 4565 transmutetur,
2740 4508 2872 4555 non
2930 4486 3202 4567 instat:
