3347 4999
192 337 365 405 OCT.
428 338 511 402 12
956 357 1035 402 ΒΕ
1085 357 1138 403 s.
1184 356 1499 402 wnffimno
1545 356 1746 403 episc.
1803 358 1985 405 enon.
2531 341 2658 406 357

194 439 642 542 praedicabat
688 440 788 509 eis
837 439 1207 519 Christum,
1250 453 1313 509 et
1364 440 1580 509 multa
1636 461 1872 508 eorum
1928 440 2145 509 millia
2194 442 2398 511 verbo
2450 443 2750 512 veritatis

189 531 594 609 instituens,
634 552 673 598 a
708 541 1140 617 peccatorum
1178 550 1463 597 suorum
1498 528 1821 599 sordibus
1869 529 2051 598 fonte
2085 528 2452 600 Salvatoris
2499 532 2743 602 abluit.

190 624 268 688 Et
299 618 490 705 quod
524 617 962 708 postmodum
1003 616 1453 693 Wilbrordus,
1497 616 2110 687 reverendissimus
2137 618 2385 687 Christi
2421 621 2743 709 pontifex,

188 709 259 777 in
294 729 558 797 magna
592 706 949 775 devotione
988 706 1376 795 complevit,
1414 706 1562 795 ipse
1615 708 1880 795 primus
1916 706 2010 774 ibi
2046 728 2086 775 o
2141 729 2223 775 us
2258 708 2748 797 Evangelicum

188 797 438 886 coepit.
482 796 584 864 Ibi
633 817 794 886 ergo
846 795 1136 864 hiemem
1201 817 1360 864 cum
1415 817 1587 864 nova
1655 795 1766 864 Dei
1842 794 2037 883 plebe
2111 794 2371 864 eliciter
2417 797 2697 885 exigens
2728 853 2744 878 ‚

190 886 289 954 sic
345 885 653 970 denique
705 890 987 953 Romam
1042 883 1358 951 veniendi
1410 884 1536 952 iter
1585 883 1876 973 repetiit.
1934 884 2062 953 Ubi
2122 896 2483 974 postquam
2535 907 2751 956 causa

188 974 339 1064 ejus
391 972 717 1042 ventilata
759 985 882 1054 est,
926 985 1280 1063 praesente
1328 972 1676 1062 Agathone
1731 978 1933 1063 Papa,
1990 984 2054 1041 et
2104 972 2424 1063 pluribus
2473 974 2751 1062 Episco-

190 1063 319 1153 pis,
356 1062 847 1131 universorum
876 1061 1144 1151 judicio
1175 1061 1433 1148 absque
1472 1061 1766 1130 crimine
1815 1074 2179 1132 accusatus
2222 1062 2455 1145 fuisse,
2494 1076 2558 1132 et
2588 1063 2749 1152 Epi-

191 1163 487 1241 scopatu
526 1172 676 1219 esse
724 1150 1003 1238 dignus,
1058 1150 1378 1219 inventus
1440 1163 1562 1219 est.
1618 1156 1766 1232 Quo
1816 1151 1882 1218 in
1938 1161 2264 1241 ternpore,
2333 1150 2515 1220 idem
2568 1156 2752 1241 Papa

192 1241 461 1329 Agatho
511 1261 670 1308 cum
708 1240 1048 1329 synodum
1080 1251 1526 1329 congregaret
1575 1244 1830 1308 Romae
1875 1250 2149 1308 centum
2197 1239 2753 1330 vigintiquinque

192 1330 700 1418 Episcoporum
771 1328 1100 1397 adversus
1159 1350 1274 1397 eos
1337 1328 1455 1414 qui
1506 1350 1717 1397 unam
1789 1328 1856 1395 in
1913 1328 2199 1397 Domino
2250 1329 2753 1419 Salvatorevo-

189 1416 538 1487 luntatem
607 1428 812 1503 atque
885 1416 1349 1506 operationem
1425 1416 1982 1507 dogmatizabant
2038 1416 2095 1494 ⁴⁸,
2155 1417 2380 1485 vocari
2426 1416 2634 1504 jussit
2688 1430 2754 1487 et

188 1506 590 1576 wilfridum
626 1560 641 1586 ,
710 1517 914 1592 atque
965 1505 1170 1579 inter.
1208 1504 1583 1595 Episcopos
1658 1504 2191 1585 consedentem,
2263 1505 2491 1574 dicere
2541 1506 2752 1575 fidem

129 1617 132 1620 ’
189 1616 421 1675 suam,
468 1592 676 1663 simul
713 1608 777 1662 et
812 1594 1204 1684 provinciae
1246 1594 1386 1662 sive
1434 1593 1728 1675 insulae,
1782 1594 1866 1662 de
1903 1615 2038 1681 qua
2091 1605 2384 1663 venerat.
2442 1598 2752 1681 Cumque

188 1683 586 1753 catholicus
621 1681 756 1750 fide
788 1704 946 1751 cum
1001 1683 1146 1750 suis
1180 1694 1353 1751 esset
1391 1682 1733 1762 inventuS,
1790 1683 2050 1771 placuit
2085 1682 2214 1752 hoc
2263 1683 2442 1750 inter
2488 1695 2753 1752 caetera

186 1772 509 1859 ejusdem
543 1771 785 1857 synodi
820 1771 1028 1861 gestis
1062 1771 1296 1853 inseri3
1337 1772 1812 1861 scriptumque
1840 1783 1942 1840 est
1966 1770 2095 1841 hoc
2131 1772 2375 1840 modo:
2408 1773 2754 1859 Wilsm'dus

190 1866 325 1930 Deo
379 1861 703 1930 amabilis
760 1862 1124 1951 Episcopus
1170 1861 1599 1929 Eboracensis
1658 1862 1975 1938 civitatis,
2023 1863 2473 1952 Apostolicam
2517 1862 2753 1929 Sedem

193 1951 273 2018 de
312 1973 450 2019 sua
484 1971 692 2016 causa
740 1951 1117 2039 appellans,
1158 1959 1217 2017 et
1276 1949 1357 2017 ab
1407 1950 1533 2017 hac
1575 1960 1904 2040 potestate
1957 1950 2036 2017 de
2098 1951 2295 2018 certis
2353 1951 2755 2039 incertisque

188 2040 389 2108 rebus
444 2038 812 2117 absolutus,
871 2048 934 2106 et
972 2060 1121 2106 cum
1156 2038 1318 2106 aliis
1351 2048 1612 2106 centum
1666 2039 2211 2129 vigyintiquinque
2251 2039 2650 2129 coepiscopis
2686 2040 2754 2107 in

192 2129 454 2218 synodo
500 2129 571 2194 in
594 2127 854 2216 judicii
879 2127 1032 2194 sede
1080 2128 1495 2206 constitutus,
1534 2149 1661 2216 pro
1709 2129 1894 2195 omni
1926 2128 2333 2217 Aquilonari
2357 2137 2553 2217 parte
2609 2129 2753 2196 Bri-

198 2218 484 2284 tanniae
525 2225 588 2283 et
633 2216 989 2284 Hiberniae
1036 2216 1300 2293 insulis,
1339 2238 1513 2305 quae
1560 2215 1641 2283 ab
1680 2219 2053 2304 simplorum
2099 2226 2162 2284 et
2193 2218 2565 2289 Britonum,
2601 2238 2756 2283 nec·-

191 2328 324 2372 non
367 2314 437 2373 et
473 2306 817 2373 Scotorum
868 2314 930 2372 et
980 2305 1315 2372 Pictorum
1345 2304 1653 2393 yenti'bus
1686 2306 2093 2383 incoluntur,
2147 2327 2379 2373 veram
2417 2315 2477 2373 et
2530 2305 2758 2373 catho-

195 2395 403 2462 licam
450 2393 651 2482 fidem
691 2395 1018 2480 consessus
1066 2402 1183 2473 est,
1238 2403 1300 2461 et
1349 2415 1498 2460 cum
1544 2393 2022 2482 subscriptione
2068 2416 2194 2462 sua
2244 2395 2715 2463 corroboravit.

282 2485 319 2570 ξ
368 2486 469 2552 9.
543 2486 696 2550 Post
748 2480 914 2550 haec
986 2502 1295 2550 reversus
1344 2481 1411 2549 in
1465 2481 1930 2560 Britanniam,
1986 2482 2412 2572 provinciam
2473 2486 2751 2552 Austra-

201 2569 372 2640 lium
433 2575 779 2639 Saxonum
830 2571 917 2639 ab
958 2568 1386 2639 idololatriae
1427 2570 1676 2640 ritibus
1723 2570 1809 2639 ad
1846 2569 2049 2640 sidem
2104 2571 2351 2640 Christi
2394 2572 2751 2640 convertit.

194 2663 443 2729 Vectae
476 2679 749 2745 quoque
797 2658 1065 2727 insulae
1101 2658 1284 2727 verbi
1322 2657 2094 2740 ministros'destinavit,
2139 2672 2203 2728 et
2237 2659 2543 2729 secundo
2570 2680 2756 2727 anno

194 2746 515 2828 Aldu-idi,
550 2748 668 2834 qui
723 2760 874 2835 post
921 2746 1317 2837 Ecgfridum
1373 2748 1702 2838 regnavit,
1758 2748 1986 2817 sedem
2026 2771 2222 2817 suam
2272 2761 2335 2816 et
2389 2748 2754 2836 Episcopa-

196 2849 370 2919 tum,
420 2837 573 2925 ipso
610 2840 789 2926 Rege
841 2836 1191 2916 invitante,
1235 2837 1508 2925 recepit.
1567 2837 1693 2906 Sed
1734 2851 1884 2938 post
1915 2837 2225 2923 quinque
2265 2855 2485 2904 annos
2519 2836 2751 2903 denuo

197 2937 594 3002 accusatus,
635 2924 721 2993 ab
760 2923 995 2993 eodem
1035 2925 1184 3014 ipso
1220 2931 1423 3015 Rege,
1461 2937 1526 2994 et
1567 2925 1891 3014 plurimis
1932 2925 2312 3014 EpiscopiS,
2352 2922 2755 3013 praesulatu

198 3016 454 3101 pulsus
503 3026 625 3082 est.
674 3014 1098 3100 veniensque
1148 3018 1460 3096 Romam,
1493 3037 1651 3084 cum
1709 3013 2184 3103 praesentibus
2231 3011 2753 3082 accusatoribus

198 3104 546 3193 acciperet
594 3102 821 3171 locum
859 3124 931 3171 se
980 3101 1415 3174 defendendi.
1454 3102 1990 3172 consedentibus
2026 3101 2383 3191 Episcopis
2426 3100 2752 3190 pluribus

202 3213 361 3259 cum
435 3190 820 3279 Apostolico
868 3195 1049 3281 Papa
1097 3190 1357 3259 Joanne
1388 3191 1477 3266 *ἢ
1544 3190 1855 3259 omnium
1899 3189 2168 3280 judicio
2219 3188 2580 3280 probatum
2618 3201 2744 3268 est,

199 3292 636 3351 accusatores
667 3280 818 3370 ejus
868 3278 1199 3349 nonnulla
1239 3280 1307 3347 in
1346 3291 1535 3370 parte
1560 3278 1771 3348 falsas
1820 3292 2053 3348 contra
2090 3299 2247 3348 eum
2283 3300 2433 3348 esse
2486 3276 2753 3346 machi-

204 3382 401 3438 natos
450 3366 865 3448 calumnias;
918 3368 1393 3457 scriptumque
1445 3382 1547 3437 est
1593 3390 1632 3436 a
1686 3367 1985 3456 praefato
2032 3372 2210 3457 Papa
2269 3367 2575 3457 Regibus
2623 3371 2754 3434 An-

200 3457 471 3542 glorum
541 3456 872 3528 Edelredo
923 3470 987 3527 et
1033 3455 1361 3536 Aldu-ido,
1416 3469 1492 3526 ut
1538 3478 1694 3525 eum
1742 3457 1807 3524 in
1846 3457 2332 3558 Episcopatum
2387 3478 2619 3534 suum,
2673 3477 2755 3524 eo

197 3546 380 3631 quod
433 3545 690 3633 injuste
762 3545 965 3616 fuerit
1025 3546 1548 3626 condemnatuS‚
1615 3545 1914 3614 facerent
1977 3546 2210 3634 recipi.
2276 3545 2460 3613 Juvit
2519 3558 2751 3621 autem

198 3655 479 3704 causam
524 3633 978 3703 absolutionis
1026 3635 1201 3723 ejus,
1265 3634 1461 3704 lectio
1510 3633 1758 3723 synodi
1809 3634 2042 3705 beatae
2106 3634 2475 3702 memoriae
2524 3637 2750 3722 Papae

201 3723 599 3813 Agathonis,
639 3744 815 3809 quae
863 3723 1239 3810 quondam,
1297 3723 1447 3813 ipso
1486 3735 1853 3812 praesente
1903 3725 1970 3791 in
2026 3723 2227 3804 Urbe,
2281 3733 2485 3808 atque
2520 3721 2588 3790 in
2639 3742 2754 3789 eo-

200 3809 354 3880 dem
400 3810 694 3881 concilio
736 3811 913 3881 inter
941 3812 1314 3912 Episcopos
1356 3812 1719 3892 residente,
1763 3826 1838 3880 ut
1884 3812 2382 3903 praediximus,
2436 3822 2587 3879 acta
2621 3822 2746 3878 est.

201 3903 367 3969 Cum
419 3923 583 4001 ergo
631 3902 841 3969 causa
912 3921 1015 3969 ext
1069 3914 1246 3982 ente,
1318 3899 1625 3990 synodus
1687 3899 1927 3969 eadem
1990 3921 2219 3969 coram
2277 3898 2628 3968 nobilibus
2688 3909 2755 3967 et

200 3986 584 4082 frequentia
634 3987 899 4081 populi,
948 3990 1028 4076 ju
1081 4001 1234 4058 ente
1283 3989 1667 4079 Apostolico
1716 3994 1922 4078 Papa,
1966 3988 2212 4057 diebus
2261 3986 2525 4073 aliquot
2575 3986 2755 4076 lege-

201 4090 414 4156 retur,
478 4092 755 4147 ventum
806 4078 1023 4147 estad
1082 4077 1308 4147 locum
1342 4132 1360 4158 ,
1420 4079 1541 4148 ubi
1590 4078 1924 4167 scriptum
1992 4089 2173 4146 erat:
2228 4077 2576 4164 Wilfridus
2621 4082 2755 4145 Deo

203 4168 519 4237 amabilis
581 4169 946 4258 Episcopus
990 4168 1420 4237 Eboracensis
1488 4169 1807 4249 civitatis,
1873 4166 2321 4257 Apostolicam
2380 4166 2615 4236 Sedem
2674 4165 2757 4233 de

257 4307 282 4332 *
311 4306 573 4349 Concilium
610 4318 722 4351 vero
757 4311 1107 4350 oecumenicum
1143 4311 1358 4356 (sextum)
1396 4311 1476 4349 ubi
1508 4310 1709 4351 duarum
1743 4315 2035 4354 naturarum,
2060 4311 2353 4359 duarumque
2386 4310 2684 4350 voluntatum
2704 4307 2755 4347 in

202 4358 316 4417 §esu
348 4362 535 4403 Christo
564 4364 733 4412 dogm·
763 4361 1111 4404 solemnissime
1143 4364 1434 4403 declaratum
1456 4365 1596 4412 atque
1617 4361 1852 4404 sancitum
1871 4361 1979 4407 ruit,
1999 4363 2420 4412 constantinopoli,
2442 4373 2563 4404 anno
2583 4363 2672 4405 680.
2696 4360 2755 4400 ab

204 4420 312 4491 ¹922
329 4415 778 4510 {ztgtplffigsl’gffisscffi
795 4419 1055 4468 Agathone,
1072 4418 1163 4457 fuit
1183 4421 1530 4467 congregatum.
