<?xml version="1.0" encoding="UTF-8"?>
<!DOCTYPE html PUBLIC "-//W3C//DTD XHTML 1.0 Transitional//EN"
    "http://www.w3.org/TR/xhtml1/DTD/xhtml1-transitional.dtd">
<html xmlns="http://www.w3.org/1999/xhtml" xml:lang="en" lang="en">
 <head>
  <title>
</title>
<meta http-equiv="Content-Type" content="text/html;charset=utf-8" />
  <meta name='ocr-system' content='tesseract 3.04.00' />
  <meta name='ocr-capabilities' content='ocr_page ocr_carea ocr_par ocr_line ocrx_word'/>
</head>
<body>
  <div class='ocr_page' id='page_1' title='image "./historiaeseuvit03lippgoog_0032.png"; bbox 0 0 3347 4999; ppageno 0'>
   <div class='ocr_carea' id='block_1_1' title="bbox 734 353 3184 422">
    <p class='ocr_par' dir='ltr' id='par_1_1' title="bbox 734 353 3184 422">
     <span class='ocr_line' id='line_1_1' title="bbox 734 353 3184 422; baseline -0.002 0"><span class='ocrx_word' id='word_1_1' title='bbox 734 359 820 422; x_wconf 71' lang='lat'>20</span> <span class='ocrx_word' id='word_1_2' title='bbox 1490 374 1569 420; x_wconf 73' lang='lat' dir='ltr'>nn</span> <span class='ocrx_word' id='word_1_3' title='bbox 1616 374 1672 420; x_wconf 91' lang='lat' dir='ltr'>s.</span> <span class='ocrx_word' id='word_1_4' title='bbox 1730 374 1987 421; x_wconf 67' lang='lat' dir='ltr'>nummo</span> <span class='ocrx_word' id='word_1_5' title='bbox 2036 372 2328 421; x_wconf 63' lang='lat' dir='ltr'>anemae.</span> <span class='ocrx_word' id='word_1_6' title='bbox 2918 353 3094 420; x_wconf 87' lang='lat' dir='ltr'><strong>OCT.</strong></span> <span class='ocrx_word' id='word_1_7' title='bbox 3157 355 3184 418; x_wconf 69' lang='lat'>⁴</span> 
     </span>
    </p>
   </div>
   <div class='ocr_carea' id='block_1_2' title="bbox 630 450 3203 4454">
    <p class='ocr_par' dir='ltr' id='par_1_2' title="bbox 640 450 3198 1077">
     <span class='ocr_line' id='line_1_2' title="bbox 649 450 3197 543; baseline -0.001 -20"><span class='ocrx_word' id='word_1_8' title='bbox 649 454 854 523; x_wconf 82' lang='lat' dir='ltr'>stetit.</span> <span class='ocrx_word' id='word_1_9' title='bbox 916 454 1121 542; x_wconf 89' lang='lat' dir='ltr'>Cujus</span> <span class='ocrx_word' id='word_1_10' title='bbox 1173 454 1432 523; x_wconf 90' lang='lat' dir='ltr'>meritis</span> <span class='ocrx_word' id='word_1_11' title='bbox 1493 466 1557 523; x_wconf 92' lang='lat' dir='ltr'>et</span> <span class='ocrx_word' id='word_1_12' title='bbox 1620 454 1946 543; x_wconf 89' lang='lat' dir='ltr'>precibus</span> <span class='ocrx_word' id='word_1_13' title='bbox 2009 453 2440 543; x_wconf 77' lang='lat' dir='ltr'><strong>postulemus</strong></span> <span class='ocrx_word' id='word_1_14' title='bbox 2489 450 2557 519; x_wconf 92' lang='lat' dir='ltr'>in</span> <span class='ocrx_word' id='word_1_15' title='bbox 2619 451 2817 520; x_wconf 91' lang='lat' dir='ltr'>nobis</span> <span class='ocrx_word' id='word_1_16' title='bbox 2876 452 3058 521; x_wconf 87' lang='lat' dir='ltr'>extin</span> <span class='ocrx_word' id='word_1_17' title='bbox 3120 452 3197 521; x_wconf 90' lang='lat' dir='ltr'>ui</span> 
     </span>
     <span class='ocr_line' id='line_1_3' title="bbox 642 540 3198 632; baseline -0.001 -21"><span class='ocrx_word' id='word_1_18' title='bbox 642 543 961 612; x_wconf 89' lang='lat' dir='ltr'>flammas</span> <span class='ocrx_word' id='word_1_19' title='bbox 1014 543 1327 612; x_wconf 87' lang='lat' dir='ltr'>vitiorum</span> <span class='ocrx_word' id='word_1_20' title='bbox 1382 564 1644 629; x_wconf 90' lang='lat' dir='ltr'>nosque</span> <span class='ocrx_word' id='word_1_21' title='bbox 1704 543 1984 612; x_wconf 89' lang='lat' dir='ltr'>liberari</span> <span class='ocrx_word' id='word_1_22' title='bbox 2045 543 2132 613; x_wconf 91' lang='lat' dir='ltr'>ab</span> <span class='ocrx_word' id='word_1_23' title='bbox 2194 543 2351 632; x_wconf 88' lang='lat' dir='ltr'>igne</span> <span class='ocrx_word' id='word_1_24' title='bbox 2409 554 2737 630; x_wconf 88' lang='lat' dir='ltr'>perpetuo</span> <span class='ocrx_word' id='word_1_25' title='bbox 2787 540 3072 610; x_wconf 90' lang='lat' dir='ltr'>intolera</span> <span class='ocrx_word' id='word_1_26' title='bbox 3134 541 3198 609; x_wconf 93' lang='lat' dir='ltr'>i-</span> 
     </span>
     <span class='ocr_line' id='line_1_4' title="bbox 641 630 3195 720; baseline -0 -20"><span class='ocrx_word' id='word_1_27' title='bbox 641 630 812 701; x_wconf 91' lang='lat' dir='ltr'>lium</span> <span class='ocrx_word' id='word_1_28' title='bbox 871 644 1391 701; x_wconf 91' lang='lat' dir='ltr'>tormentorum.</span> <span class='ocrx_word' id='word_1_29' title='bbox 1466 636 1555 700; x_wconf 89' lang='lat' dir='ltr'>De</span> <span class='ocrx_word' id='word_1_30' title='bbox 1615 653 1694 700; x_wconf 88' lang='lat' dir='ltr'>eo</span> <span class='ocrx_word' id='word_1_31' title='bbox 1757 633 1938 718; x_wconf 91' lang='lat' dir='ltr'>quod</span> <span class='ocrx_word' id='word_1_32' title='bbox 1996 630 2342 720; x_wconf 85' lang='lat' dir='ltr'>praefatus</span> <span class='ocrx_word' id='word_1_33' title='bbox 2390 630 2559 698; x_wconf 91' lang='lat' dir='ltr'>civis</span> <span class='ocrx_word' id='word_1_34' title='bbox 2611 642 2852 698; x_wconf 90' lang='lat' dir='ltr'>contra</span> <span class='ocrx_word' id='word_1_35' title='bbox 2903 630 3195 699; x_wconf 88' lang='lat' dir='ltr'>vetitum</span> 
     </span>
     <span class='ocr_line' id='line_1_5' title="bbox 640 718 3195 811; baseline -0.001 -22"><span class='ocrx_word' id='word_1_36' title='bbox 640 720 819 790; x_wconf 90' lang='lat' dir='ltr'>beati</span> <span class='ocrx_word' id='word_1_37' title='bbox 870 721 1213 811; x_wconf 89' lang='lat' dir='ltr'>Remigii,</span> <span class='ocrx_word' id='word_1_38' title='bbox 1266 719 1447 807; x_wconf 93' lang='lat' dir='ltr'>quod</span> <span class='ocrx_word' id='word_1_39' title='bbox 1500 718 1616 788; x_wconf 92' lang='lat' dir='ltr'>ille</span> <span class='ocrx_word' id='word_1_40' title='bbox 1663 720 2044 801; x_wconf 77' lang='lat' dir='ltr'>clauserat,</span> <span class='ocrx_word' id='word_1_41' title='bbox 2083 720 2351 810; x_wconf 89' lang='lat' dir='ltr'>aperire</span> <span class='ocrx_word' id='word_1_42' title='bbox 2403 719 2911 809; x_wconf 87' lang='lat' dir='ltr'>praesumpsit,</span> <span class='ocrx_word' id='word_1_43' title='bbox 2966 732 3031 787; x_wconf 90' lang='lat' dir='ltr'>et</span> <span class='ocrx_word' id='word_1_44' title='bbox 3080 718 3195 787; x_wconf 89' lang='lat' dir='ltr'>ul-</span> 
     </span>
     <span class='ocr_line' id='line_1_6' title="bbox 644 807 3196 898; baseline -0.001 -20"><span class='ocrx_word' id='word_1_45' title='bbox 644 809 825 879; x_wconf 81' lang='lat' dir='ltr'>tione</span> <span class='ocrx_word' id='word_1_46' title='bbox 872 831 1009 878; x_wconf 93' lang='lat' dir='ltr'>non</span> <span class='ocrx_word' id='word_1_47' title='bbox 1058 809 1321 879; x_wconf 84' lang='lat' dir='ltr'>caruit:</span> <span class='ocrx_word' id='word_1_48' title='bbox 1366 831 1489 878; x_wconf 88' lang='lat' dir='ltr'>nos</span> <span class='ocrx_word' id='word_1_49' title='bbox 1520 830 1797 896; x_wconf 90' lang='lat' dir='ltr'>quoque</span> <span class='ocrx_word' id='word_1_50' title='bbox 1839 809 2409 898; x_wconf 80' lang='lat' dir='ltr'>pertimescamus</span> <span class='ocrx_word' id='word_1_51' title='bbox 2445 812 2848 877; x_wconf 88' lang='lat' dir='ltr'>Sanctorum</span> <span class='ocrx_word' id='word_1_52' title='bbox 2885 807 3087 877; x_wconf 90' lang='lat' dir='ltr'>verba</span> <span class='ocrx_word' id='word_1_53' title='bbox 3123 821 3196 876; x_wconf 87' lang='lat' dir='ltr'>et</span> 
     </span>
     <span class='ocr_line' id='line_1_7' title="bbox 641 896 3196 987; baseline -0 -21"><span class='ocrx_word' id='word_1_54' title='bbox 641 898 1156 987; x_wconf 83' lang='lat' dir='ltr'>praeceptiones</span> <span class='ocrx_word' id='word_1_55' title='bbox 1206 897 1743 987; x_wconf 78' lang='lat' dir='ltr'>parvipendere:</span> <span class='ocrx_word' id='word_1_56' title='bbox 1797 898 1960 985; x_wconf 88' lang='lat' dir='ltr'>quia</span> <span class='ocrx_word' id='word_1_57' title='bbox 2012 903 2142 967; x_wconf 91' lang='lat' dir='ltr'>Deo</span> <span class='ocrx_word' id='word_1_58' title='bbox 2191 898 2261 965; x_wconf 91' lang='lat' dir='ltr'>in</span> <span class='ocrx_word' id='word_1_59' title='bbox 2314 918 2385 965; x_wconf 91' lang='lat' dir='ltr'>se</span> <span class='ocrx_word' id='word_1_60' title='bbox 2444 896 2786 983; x_wconf 87' lang='lat' dir='ltr'>loquente,</span> <span class='ocrx_word' id='word_1_61' title='bbox 2834 896 2980 965; x_wconf 90' lang='lat' dir='ltr'>sine</span> <span class='ocrx_word' id='word_1_62' title='bbox 3034 918 3196 965; x_wconf 89' lang='lat' dir='ltr'>mu-</span> 
     </span>
     <span class='ocr_line' id='line_1_8' title="bbox 642 984 3187 1077; baseline -0.003 -21"><span class='ocrx_word' id='word_1_63' title='bbox 642 986 973 1057; x_wconf 88' lang='lat' dir='ltr'>tabilitate</span> <span class='ocrx_word' id='word_1_64' title='bbox 1009 1000 1365 1058; x_wconf 87' lang='lat' dir='ltr'>manentes</span> <span class='ocrx_word' id='word_1_65' title='bbox 1401 987 1776 1056; x_wconf 86' lang='lat' dir='ltr'>sententias</span> <span class='ocrx_word' id='word_1_66' title='bbox 1822 986 2145 1077; x_wconf 88' lang='lat' dir='ltr'>exprimit</span> <span class='ocrx_word' id='word_1_67' title='bbox 2192 1008 2427 1055; x_wconf 91' lang='lat' dir='ltr'>eorum</span> <span class='ocrx_word' id='word_1_68' title='bbox 2467 1005 2715 1063; x_wconf 90' lang='lat' dir='ltr'>sermo,</span> <span class='ocrx_word' id='word_1_69' title='bbox 2751 984 2872 1071; x_wconf 91' lang='lat' dir='ltr'>qui</span> <span class='ocrx_word' id='word_1_70' title='bbox 2907 985 3187 1054; x_wconf 85' lang='lat' dir='ltr'>transit.</span> 
     </span>
    </p>

    <p class='ocr_par' dir='ltr' id='par_1_3' title="bbox 641 1074 3195 1698">
     <span class='ocr_line' id='line_1_9' title="bbox 728 1074 3195 1164; baseline -0.004 -15"><span class='ocrx_word' id='word_1_71' title='bbox 728 1076 764 1162; x_wconf 66' lang='grc' dir='ltr'>ξ</span> <span class='ocrx_word' id='word_1_72' title='bbox 812 1080 965 1149; x_wconf 68' lang='lat'>11).</span> <span class='ocrx_word' id='word_1_73' title='bbox 1022 1075 1369 1158; x_wconf 86' lang='lat' dir='ltr'>Quaedam</span> <span class='ocrx_word' id='word_1_74' title='bbox 1441 1075 1670 1164; x_wconf 90' lang='lat' dir='ltr'>puella</span> <span class='ocrx_word' id='word_1_75' title='bbox 1712 1075 1798 1145; x_wconf 89' lang='lat' dir='ltr'>ab</span> <span class='ocrx_word' id='word_1_76' title='bbox 1846 1078 2019 1146; x_wconf 89' lang='lat' dir='ltr'>urbe</span> <span class='ocrx_word' id='word_1_77' title='bbox 2054 1075 2294 1145; x_wconf 89' lang='lat' dir='ltr'>Tolosa</span> <span class='ocrx_word' id='word_1_78' title='bbox 2339 1074 2457 1142; x_wconf 72' lang='lat'><strong><em>¹⁵...</em></strong></span> <span class='ocrx_word' id='word_1_79' title='bbox 2503 1079 2723 1142; x_wconf 89' lang='lat' dir='ltr'>Potest</span> <span class='ocrx_word' id='word_1_80' title='bbox 2768 1095 2930 1163; x_wconf 89' lang='lat' dir='ltr'>ergo</span> <span class='ocrx_word' id='word_1_81' title='bbox 2979 1074 3195 1164; x_wconf 74' lang='lat' dir='ltr'>tragi-</span> 
     </span>
     <span class='ocr_line' id='line_1_10' title="bbox 642 1162 3195 1255; baseline -0.001 -23"><span class='ocrx_word' id='word_1_82' title='bbox 642 1162 828 1233; x_wconf 87' lang='lat' dir='ltr'>litate</span> <span class='ocrx_word' id='word_1_83' title='bbox 876 1165 1107 1234; x_wconf 89' lang='lat' dir='ltr'>carnis</span> <span class='ocrx_word' id='word_1_84' title='bbox 1154 1179 1424 1243; x_wconf 88' lang='lat' dir='ltr'>exutus,</span> <span class='ocrx_word' id='word_1_85' title='bbox 1472 1177 1536 1233; x_wconf 94' lang='lat' dir='ltr'>et</span> <span class='ocrx_word' id='word_1_86' title='bbox 1573 1164 1804 1234; x_wconf 90' lang='lat' dir='ltr'>choris</span> <span class='ocrx_word' id='word_1_87' title='bbox 1843 1164 2179 1255; x_wconf 85' lang='lat' dir='ltr'>angelicis</span> <span class='ocrx_word' id='word_1_88' title='bbox 2213 1163 2537 1243; x_wconf 78' lang='lat' dir='ltr'>sociatuS,</span> <span class='ocrx_word' id='word_1_89' title='bbox 2587 1162 2851 1252; x_wconf 90' lang='lat' dir='ltr'>plebem</span> <span class='ocrx_word' id='word_1_90' title='bbox 2888 1184 3083 1231; x_wconf 91' lang='lat' dir='ltr'>suam</span> <span class='ocrx_word' id='word_1_91' title='bbox 3124 1175 3195 1231; x_wconf 90' lang='lat' dir='ltr'>et</span> 
     </span>
     <span class='ocr_line' id='line_1_11' title="bbox 642 1251 3192 1343; baseline -0.001 -22"><span class='ocrx_word' id='word_1_92' title='bbox 642 1253 1023 1339; x_wconf 85' lang='lat' dir='ltr'>quemlibet</span> <span class='ocrx_word' id='word_1_93' title='bbox 1068 1274 1229 1322; x_wconf 90' lang='lat' dir='ltr'>cum</span> <span class='ocrx_word' id='word_1_94' title='bbox 1280 1252 1415 1321; x_wconf 82' lang='lat' dir='ltr'>fide</span> <span class='ocrx_word' id='word_1_95' title='bbox 1464 1265 1830 1343; x_wconf 89' lang='lat' dir='ltr'>petentem,</span> <span class='ocrx_word' id='word_1_96' title='bbox 1864 1255 1947 1322; x_wconf 90' lang='lat' dir='ltr'>de</span> <span class='ocrx_word' id='word_1_97' title='bbox 1980 1276 2147 1322; x_wconf 91' lang='lat' dir='ltr'>casu</span> <span class='ocrx_word' id='word_1_98' title='bbox 2194 1251 2563 1340; x_wconf 85' lang='lat' dir='ltr'>cujuslibet</span> <span class='ocrx_word' id='word_1_99' title='bbox 2613 1251 2901 1340; x_wconf 87' lang='lat' dir='ltr'>periculi</span> <span class='ocrx_word' id='word_1_100' title='bbox 2950 1251 3192 1319; x_wconf 89' lang='lat' dir='ltr'>immi-</span> 
     </span>
     <span class='ocr_line' id='line_1_12' title="bbox 642 1340 3191 1432; baseline -0 -23"><span class='ocrx_word' id='word_1_101' title='bbox 642 1342 894 1423; x_wconf 89' lang='lat' dir='ltr'>nentis,</span> <span class='ocrx_word' id='word_1_102' title='bbox 950 1342 1213 1410; x_wconf 88' lang='lat' dir='ltr'>meritis</span> <span class='ocrx_word' id='word_1_103' title='bbox 1251 1354 1316 1411; x_wconf 91' lang='lat' dir='ltr'>et</span> <span class='ocrx_word' id='word_1_104' title='bbox 1357 1341 1679 1432; x_wconf 87' lang='lat' dir='ltr'>precibus</span> <span class='ocrx_word' id='word_1_105' title='bbox 1721 1343 1869 1411; x_wconf 89' lang='lat' dir='ltr'>suis</span> <span class='ocrx_word' id='word_1_106' title='bbox 1916 1343 2203 1432; x_wconf 87' lang='lat' dir='ltr'>eripere,</span> <span class='ocrx_word' id='word_1_107' title='bbox 2256 1354 2321 1409; x_wconf 90' lang='lat' dir='ltr'>et</span> <span class='ocrx_word' id='word_1_108' title='bbox 2368 1362 2878 1428; x_wconf 85' lang='lat' dir='ltr'>quemcumque</span> <span class='ocrx_word' id='word_1_109' title='bbox 2908 1362 2946 1408; x_wconf 89' lang='lat' dir='ltr'>a</span> <span class='ocrx_word' id='word_1_110' title='bbox 2986 1340 3191 1408; x_wconf 86' lang='lat' dir='ltr'>malis</span> 
     </span>
     <span class='ocr_line' id='line_1_13' title="bbox 642 1428 3180 1520; baseline -0.001 -21"><span class='ocrx_word' id='word_1_111' title='bbox 642 1430 726 1499; x_wconf 90' lang='lat' dir='ltr'>ad</span> <span class='ocrx_word' id='word_1_112' title='bbox 770 1432 950 1500; x_wconf 90' lang='lat' dir='ltr'>bona</span> <span class='ocrx_word' id='word_1_113' title='bbox 998 1451 1431 1511; x_wconf 86' lang='lat' dir='ltr'>conversum,</span> <span class='ocrx_word' id='word_1_114' title='bbox 1474 1431 1558 1499; x_wconf 92' lang='lat' dir='ltr'>de</span> <span class='ocrx_word' id='word_1_115' title='bbox 1606 1430 2114 1518; x_wconf 86' lang='lat' dir='ltr'>cujuscumque</span> <span class='ocrx_word' id='word_1_116' title='bbox 2167 1431 2422 1520; x_wconf 88' lang='lat' dir='ltr'>peccati</span> <span class='ocrx_word' id='word_1_117' title='bbox 2477 1442 2689 1498; x_wconf 90' lang='lat' dir='ltr'>morte</span> <span class='ocrx_word' id='word_1_118' title='bbox 2739 1428 3180 1508; x_wconf 89' lang='lat' dir='ltr'>resuscitare,</span> 
     </span>
     <span class='ocr_line' id='line_1_14' title="bbox 643 1517 3189 1609; baseline 0 -22"><span class='ocrx_word' id='word_1_119' title='bbox 643 1518 757 1587; x_wconf 89' lang='lat' dir='ltr'>sed</span> <span class='ocrx_word' id='word_1_120' title='bbox 804 1532 868 1587; x_wconf 90' lang='lat' dir='ltr'>et</span> <span class='ocrx_word' id='word_1_121' title='bbox 901 1519 986 1587; x_wconf 92' lang='lat' dir='ltr'>de</span> <span class='ocrx_word' id='word_1_122' title='bbox 1029 1517 1259 1588; x_wconf 88' lang='lat' dir='ltr'>futura</span> <span class='ocrx_word' id='word_1_123' title='bbox 1297 1532 1628 1609; x_wconf 90' lang='lat' dir='ltr'>perpetua</span> <span class='ocrx_word' id='word_1_124' title='bbox 1680 1533 1892 1589; x_wconf 89' lang='lat' dir='ltr'>morte</span> <span class='ocrx_word' id='word_1_125' title='bbox 1934 1520 2247 1599; x_wconf 89' lang='lat' dir='ltr'>liberare,</span> <span class='ocrx_word' id='word_1_126' title='bbox 2286 1520 2407 1605; x_wconf 92' lang='lat' dir='ltr'>qui</span> <span class='ocrx_word' id='word_1_127' title='bbox 2439 1519 2667 1587; x_wconf 91' lang='lat' dir='ltr'>adhuc</span> <span class='ocrx_word' id='word_1_128' title='bbox 2715 1518 2787 1585; x_wconf 88' lang='lat' dir='ltr'>in</span> <span class='ocrx_word' id='word_1_129' title='bbox 2836 1517 3189 1607; x_wconf 83' lang='lat' dir='ltr'>ergastulo</span> 
     </span>
     <span class='ocr_line' id='line_1_15' title="bbox 641 1607 3078 1698; baseline -0.001 -23"><span class='ocrx_word' id='word_1_130' title='bbox 641 1608 1116 1697; x_wconf 89' lang='lat' dir='ltr'>corruptibilis</span> <span class='ocrx_word' id='word_1_131' title='bbox 1163 1609 1393 1678; x_wconf 90' lang='lat' dir='ltr'>carnis</span> <span class='ocrx_word' id='word_1_132' title='bbox 1444 1608 1733 1698; x_wconf 89' lang='lat' dir='ltr'>positus,</span> <span class='ocrx_word' id='word_1_133' title='bbox 1790 1609 1995 1677; x_wconf 86' lang='lat' dir='ltr'>vitam</span> <span class='ocrx_word' id='word_1_134' title='bbox 2050 1621 2360 1678; x_wconf 90' lang='lat' dir='ltr'>mortuae</span> <span class='ocrx_word' id='word_1_135' title='bbox 2408 1607 2622 1675; x_wconf 92' lang='lat' dir='ltr'>valuit</span> <span class='ocrx_word' id='word_1_136' title='bbox 2671 1619 3078 1674; x_wconf 88' lang='lat' dir='ltr'>restaurare.</span> 
     </span>
    </p>

    <p class='ocr_par' dir='ltr' id='par_1_4' title="bbox 637 1694 3194 3475">
     <span class='ocr_line' id='line_1_16' title="bbox 730 1694 3190 1786; baseline -0.001 -20"><span class='ocrx_word' id='word_1_137' title='bbox 730 1697 767 1783; x_wconf 67' lang='grc' dir='ltr'>ξ</span> <span class='ocrx_word' id='word_1_138' title='bbox 818 1701 987 1768; x_wconf 65' lang='grc'>20.</span> <span class='ocrx_word' id='word_1_139' title='bbox 1059 1702 1417 1786; x_wconf 88' lang='lat' dir='ltr'>Propterea</span> <span class='ocrx_word' id='word_1_140' title='bbox 1478 1696 1807 1784; x_wconf 89' lang='lat' dir='ltr'>quoniam</span> <span class='ocrx_word' id='word_1_141' title='bbox 1875 1697 2052 1765; x_wconf 87' lang='lat' dir='ltr'>duae</span> <span class='ocrx_word' id='word_1_142' title='bbox 2127 1710 2376 1765; x_wconf 90' lang='lat' dir='ltr'>mortes</span> <span class='ocrx_word' id='word_1_143' title='bbox 2439 1694 2714 1766; x_wconf 89' lang='lat' dir='ltr'>suntin</span> <span class='ocrx_word' id='word_1_144' title='bbox 2766 1716 3190 1781; x_wconf 85' lang='lat' dir='ltr'>unoquoque</span> 
     </span>
     <span class='ocr_line' id='line_1_17' title="bbox 644 1782 3190 1875; baseline -0.001 -23"><span class='ocrx_word' id='word_1_145' title='bbox 644 1798 983 1867; x_wconf 89' lang='lat' dir='ltr'>nostrum,</span> <span class='ocrx_word' id='word_1_146' title='bbox 1039 1808 1176 1854; x_wconf 89' lang='lat' dir='ltr'>una</span> <span class='ocrx_word' id='word_1_147' title='bbox 1227 1786 1540 1855; x_wconf 87' lang='lat' dir='ltr'>videlicet</span> <span class='ocrx_word' id='word_1_148' title='bbox 1586 1786 1861 1855; x_wconf 88' lang='lat' dir='ltr'>animae</span> <span class='ocrx_word' id='word_1_149' title='bbox 1913 1808 2032 1875; x_wconf 83' lang='lat' dir='ltr'>per</span> <span class='ocrx_word' id='word_1_150' title='bbox 2082 1800 2464 1875; x_wconf 89' lang='lat' dir='ltr'>peccatum,</span> <span class='ocrx_word' id='word_1_151' title='bbox 2502 1796 2567 1852; x_wconf 90' lang='lat' dir='ltr'>et</span> <span class='ocrx_word' id='word_1_152' title='bbox 2614 1782 2828 1852; x_wconf 88' lang='lat' dir='ltr'>altera</span> <span class='ocrx_word' id='word_1_153' title='bbox 2875 1782 3190 1871; x_wconf 87' lang='lat' dir='ltr'>corporis</span> 
     </span>
     <span class='ocr_line' id='line_1_18' title="bbox 643 1872 3191 1964; baseline 0 -23"><span class='ocrx_word' id='word_1_154' title='bbox 643 1886 921 1963; x_wconf 88' lang='lat' dir='ltr'>propter</span> <span class='ocrx_word' id='word_1_155' title='bbox 983 1888 1336 1964; x_wconf 89' lang='lat' dir='ltr'>peccatum</span> <span class='ocrx_word' id='word_1_156' title='bbox 1401 1874 1486 1944; x_wconf 91' lang='lat' dir='ltr'>ad</span> <span class='ocrx_word' id='word_1_157' title='bbox 1553 1896 1844 1963; x_wconf 86' lang='lat' dir='ltr'>poenam</span> <span class='ocrx_word' id='word_1_158' title='bbox 1917 1875 2215 1962; x_wconf 84' lang='lat' dir='ltr'>peccati:</span> <span class='ocrx_word' id='word_1_159' title='bbox 2268 1874 2431 1961; x_wconf 90' lang='lat' dir='ltr'>quia</span> <span class='ocrx_word' id='word_1_160' title='bbox 2493 1894 2675 1941; x_wconf 88' lang='lat' dir='ltr'>mors</span> <span class='ocrx_word' id='word_1_161' title='bbox 2746 1885 2849 1940; x_wconf 89' lang='lat' dir='ltr'>est</span> <span class='ocrx_word' id='word_1_162' title='bbox 2913 1872 3191 1941; x_wconf 89' lang='lat' dir='ltr'>animae</span> 
     </span>
     <span class='ocr_line' id='line_1_19' title="bbox 641 1962 3187 2051; baseline -0 -20"><span class='ocrx_word' id='word_1_163' title='bbox 641 1962 921 2049; x_wconf 90' lang='lat' dir='ltr'>quando</span> <span class='ocrx_word' id='word_1_164' title='bbox 974 1967 1148 2033; x_wconf 89' lang='lat' dir='ltr'>Deus</span> <span class='ocrx_word' id='word_1_165' title='bbox 1194 1984 1343 2032; x_wconf 91' lang='lat' dir='ltr'>eam</span> <span class='ocrx_word' id='word_1_166' title='bbox 1397 1963 1648 2032; x_wconf 89' lang='lat' dir='ltr'>deserit</span> <span class='ocrx_word' id='word_1_167' title='bbox 1679 1962 1766 2032; x_wconf 93' lang='lat' dir='ltr'>ob</span> <span class='ocrx_word' id='word_1_168' title='bbox 1802 1986 1906 2031; x_wconf 83' lang='lat' dir='ltr'>ma</span> <span class='ocrx_word' id='word_1_169' title='bbox 1965 1963 2350 2032; x_wconf 87' lang='lat' dir='ltr'>nitudinem</span> <span class='ocrx_word' id='word_1_170' title='bbox 2389 1973 2866 2051; x_wconf 88' lang='lat' dir='ltr'>peccatorum:</span> <span class='ocrx_word' id='word_1_171' title='bbox 2902 1974 2968 2029; x_wconf 91' lang='lat' dir='ltr'>et</span> <span class='ocrx_word' id='word_1_172' title='bbox 2997 1982 3187 2030; x_wconf 87' lang='lat' dir='ltr'>mors</span> 
     </span>
     <span class='ocr_line' id='line_1_20' title="bbox 641 2049 3192 2140; baseline -0.001 -20"><span class='ocrx_word' id='word_1_173' title='bbox 641 2064 743 2120; x_wconf 89' lang='lat' dir='ltr'>est</span> <span class='ocrx_word' id='word_1_174' title='bbox 791 2051 1123 2140; x_wconf 81' lang='lat' dir='ltr'>corporiS,</span> <span class='ocrx_word' id='word_1_175' title='bbox 1175 2052 1454 2139; x_wconf 89' lang='lat' dir='ltr'>quando</span> <span class='ocrx_word' id='word_1_176' title='bbox 1502 2051 1588 2121; x_wconf 89' lang='lat' dir='ltr'>ab</span> <span class='ocrx_word' id='word_1_177' title='bbox 1623 2052 1859 2121; x_wconf 90' lang='lat' dir='ltr'>anima</span> <span class='ocrx_word' id='word_1_178' title='bbox 1956 2053 2278 2122; x_wconf 79' lang='lat' dir='ltr'>eseritur:</span> <span class='ocrx_word' id='word_1_179' title='bbox 2332 2065 2397 2121; x_wconf 89' lang='lat' dir='ltr'>et</span> <span class='ocrx_word' id='word_1_180' title='bbox 2444 2049 2623 2119; x_wconf 90' lang='lat' dir='ltr'>duae</span> <span class='ocrx_word' id='word_1_181' title='bbox 2673 2062 2834 2119; x_wconf 91' lang='lat' dir='ltr'>sunt</span> <span class='ocrx_word' id='word_1_182' title='bbox 2882 2070 3192 2118; x_wconf 89' lang='lat' dir='ltr'>resurre-</span> 
     </span>
     <span class='ocr_line' id='line_1_21' title="bbox 642 2136 3191 2241; baseline -0.001 -32"><span class='ocrx_word' id='word_1_183' title='bbox 642 2140 924 2218; x_wconf 89' lang='lat' dir='ltr'>ctiones,</span> <span class='ocrx_word' id='word_1_184' title='bbox 983 2161 1167 2209; x_wconf 91' lang='lat' dir='ltr'>nunc</span> <span class='ocrx_word' id='word_1_185' title='bbox 1215 2142 1490 2210; x_wconf 91' lang='lat' dir='ltr'>animae</span> <span class='ocrx_word' id='word_1_186' title='bbox 1529 2141 1596 2209; x_wconf 92' lang='lat' dir='ltr'>in</span> <span class='ocrx_word' id='word_1_187' title='bbox 1651 2140 1951 2210; x_wconf 87' lang='lat' dir='ltr'>Ecclesia</span> <span class='ocrx_word' id='word_1_188' title='bbox 2003 2163 2123 2241; x_wconf 90' lang='lat' dir='ltr'>per</span> <span class='ocrx_word' id='word_1_189' title='bbox 2157 2140 2377 2209; x_wconf 87' lang='lat' dir='ltr'>filium</span> <span class='ocrx_word' id='word_1_190' title='bbox 2414 2138 2699 2207; x_wconf 90' lang='lat' dir='ltr'>verbum</span> <span class='ocrx_word' id='word_1_191' title='bbox 2734 2138 2871 2218; x_wconf 90' lang='lat' dir='ltr'>Dei,</span> <span class='ocrx_word' id='word_1_192' title='bbox 2909 2136 3191 2224; x_wconf 90' lang='lat' dir='ltr'>quando</span> 
     </span>
     <span class='ocr_line' id='line_1_22' title="bbox 644 2227 3187 2319; baseline -0.001 -22"><span class='ocrx_word' id='word_1_193' title='bbox 644 2251 765 2319; x_wconf 89' lang='lat' dir='ltr'>per</span> <span class='ocrx_word' id='word_1_194' title='bbox 810 2229 1098 2318; x_wconf 84' lang='lat' dir='ltr'>gratiam</span> <span class='ocrx_word' id='word_1_195' title='bbox 1150 2228 1299 2318; x_wconf 86' lang='lat' dir='ltr'>ejus</span> <span class='ocrx_word' id='word_1_196' title='bbox 1350 2252 1542 2299; x_wconf 88' lang='lat' dir='ltr'>resur</span> <span class='ocrx_word' id='word_1_197' title='bbox 1594 2230 1644 2299; x_wconf 90' lang='lat' dir='ltr'>it</span> <span class='ocrx_word' id='word_1_198' title='bbox 1676 2253 1711 2298; x_wconf 98' lang='lat' dir='ltr'>a</span> <span class='ocrx_word' id='word_1_199' title='bbox 1751 2244 1965 2299; x_wconf 86' lang='lat' dir='ltr'>morte</span> <span class='ocrx_word' id='word_1_200' title='bbox 2004 2229 2421 2316; x_wconf 86' lang='lat' dir='ltr'>miquitatis:</span> <span class='ocrx_word' id='word_1_201' title='bbox 2476 2241 2541 2296; x_wconf 86' lang='lat' dir='ltr'>et</span> <span class='ocrx_word' id='word_1_202' title='bbox 2588 2228 2755 2296; x_wconf 89' lang='lat' dir='ltr'>haec</span> <span class='ocrx_word' id='word_1_203' title='bbox 2804 2239 2905 2295; x_wconf 91' lang='lat' dir='ltr'>est</span> <span class='ocrx_word' id='word_1_204' title='bbox 2957 2227 3187 2315; x_wconf 87' lang='lat' dir='ltr'>prima</span> 
     </span>
     <span class='ocr_line' id='line_1_23' title="bbox 643 2315 3186 2406; baseline -0.001 -21"><span class='ocrx_word' id='word_1_205' title='bbox 643 2317 1077 2398; x_wconf 84' lang='lat' dir='ltr'>resurrectiO,</span> <span class='ocrx_word' id='word_1_206' title='bbox 1131 2341 1339 2405; x_wconf 90' lang='lat' dir='ltr'>quam</span> <span class='ocrx_word' id='word_1_207' title='bbox 1390 2320 1510 2406; x_wconf 91' lang='lat' dir='ltr'>qui</span> <span class='ocrx_word' id='word_1_208' title='bbox 1611 2318 1804 2398; x_wconf 91' lang='lat' dir='ltr'>abet,</span> <span class='ocrx_word' id='word_1_209' title='bbox 1859 2331 1924 2386; x_wconf 89' lang='lat' dir='ltr'>et</span> <span class='ocrx_word' id='word_1_210' title='bbox 1970 2319 2039 2386; x_wconf 90' lang='lat' dir='ltr'>in</span> <span class='ocrx_word' id='word_1_211' title='bbox 2092 2317 2421 2398; x_wconf 89' lang='lat' dir='ltr'>secunda,</span> <span class='ocrx_word' id='word_1_212' title='bbox 2475 2339 2652 2403; x_wconf 89' lang='lat' dir='ltr'>quae</span> <span class='ocrx_word' id='word_1_213' title='bbox 2689 2328 2789 2385; x_wconf 90' lang='lat' dir='ltr'>est</span> <span class='ocrx_word' id='word_1_214' title='bbox 2850 2315 3186 2404; x_wconf 89' lang='lat' dir='ltr'>corporis,</span> 
     </span>
     <span class='ocr_line' id='line_1_24' title="bbox 641 2402 3190 2497; baseline -0.001 -23"><span class='ocrx_word' id='word_1_215' title='bbox 641 2404 930 2475; x_wconf 87' lang='lat' dir='ltr'>feliciter</span> <span class='ocrx_word' id='word_1_216' title='bbox 975 2421 1286 2496; x_wconf 88' lang='lat' dir='ltr'>resurget</span> <span class='ocrx_word' id='word_1_217' title='bbox 1333 2408 1401 2476; x_wconf 93' lang='lat' dir='ltr'>in</span> <span class='ocrx_word' id='word_1_218' title='bbox 1457 2408 1661 2476; x_wconf 90' lang='lat' dir='ltr'>vitam</span> <span class='ocrx_word' id='word_1_219' title='bbox 1707 2419 2100 2488; x_wconf 88' lang='lat' dir='ltr'>aeternam,</span> <span class='ocrx_word' id='word_1_220' title='bbox 2159 2429 2277 2497; x_wconf 90' lang='lat' dir='ltr'>per</span> <span class='ocrx_word' id='word_1_221' title='bbox 2326 2405 2606 2475; x_wconf 90' lang='lat' dir='ltr'>verbum</span> <span class='ocrx_word' id='word_1_222' title='bbox 2663 2405 2776 2473; x_wconf 89' lang='lat' dir='ltr'>Dei</span> <span class='ocrx_word' id='word_1_223' title='bbox 2827 2425 3034 2473; x_wconf 87' lang='lat' dir='ltr'>carne</span> <span class='ocrx_word' id='word_1_224' title='bbox 3082 2402 3190 2472; x_wconf 87' lang='lat' dir='ltr'>fa-</span> 
     </span>
     <span class='ocr_line' id='line_1_25' title="bbox 640 2491 3185 2586; baseline -0.002 -21"><span class='ocrx_word' id='word_1_225' title='bbox 640 2509 826 2565; x_wconf 90' lang='lat' dir='ltr'>ctum</span> <span class='ocrx_word' id='word_1_226' title='bbox 898 2494 1120 2565; x_wconf 81' lang='lat' dir='ltr'>silium</span> <span class='ocrx_word' id='word_1_227' title='bbox 1174 2496 1518 2577; x_wconf 78' lang='lat' dir='ltr'>homini5‚</span> <span class='ocrx_word' id='word_1_228' title='bbox 1571 2497 1691 2584; x_wconf 89' lang='lat' dir='ltr'>qui</span> <span class='ocrx_word' id='word_1_229' title='bbox 1761 2510 2156 2584; x_wconf 87' lang='lat' dir='ltr'>potestatem</span> <span class='ocrx_word' id='word_1_230' title='bbox 2207 2496 2469 2586; x_wconf 88' lang='lat' dir='ltr'>accepit</span> <span class='ocrx_word' id='word_1_231' title='bbox 2510 2493 2856 2581; x_wconf 88' lang='lat' dir='ltr'>judicium</span> <span class='ocrx_word' id='word_1_232' title='bbox 2910 2491 3185 2576; x_wconf 85' lang='lat' dir='ltr'>facere:</span> 
     </span>
     <span class='ocr_line' id='line_1_26' title="bbox 640 2582 3194 2672; baseline -0.001 -20"><span class='ocrx_word' id='word_1_233' title='bbox 640 2584 821 2672; x_wconf 90' lang='lat' dir='ltr'>quod</span> <span class='ocrx_word' id='word_1_234' title='bbox 852 2584 1200 2672; x_wconf 86' lang='lat' dir='ltr'>judicium</span> <span class='ocrx_word' id='word_1_235' title='bbox 1252 2586 1320 2653; x_wconf 90' lang='lat' dir='ltr'>in</span> <span class='ocrx_word' id='word_1_236' title='bbox 1374 2585 1509 2654; x_wconf 84' lang='lat' dir='ltr'>fine</span> <span class='ocrx_word' id='word_1_237' title='bbox 1548 2587 1676 2656; x_wconf 91' lang='lat' dir='ltr'>erit</span> <span class='ocrx_word' id='word_1_238' title='bbox 1714 2586 1965 2654; x_wconf 89' lang='lat' dir='ltr'>seculi:</span> <span class='ocrx_word' id='word_1_239' title='bbox 2010 2599 2075 2654; x_wconf 89' lang='lat' dir='ltr'>et</span> <span class='ocrx_word' id='word_1_240' title='bbox 2115 2586 2207 2654; x_wconf 90' lang='lat' dir='ltr'>ibi</span> <span class='ocrx_word' id='word_1_241' title='bbox 2254 2607 2387 2654; x_wconf 87' lang='lat' dir='ltr'>non</span> <span class='ocrx_word' id='word_1_242' title='bbox 2431 2585 2559 2653; x_wconf 88' lang='lat' dir='ltr'>erit</span> <span class='ocrx_word' id='word_1_243' title='bbox 2596 2583 3006 2652; x_wconf 88' lang='lat' dir='ltr'>resurrectio</span> <span class='ocrx_word' id='word_1_244' title='bbox 3039 2582 3194 2650; x_wconf 88' lang='lat' dir='ltr'>ani-</span> 
     </span>
     <span class='ocr_line' id='line_1_27' title="bbox 642 2670 3194 2764; baseline -0.001 -23"><span class='ocrx_word' id='word_1_245' title='bbox 642 2695 952 2755; x_wconf 85' lang='lat' dir='ltr'>marum,</span> <span class='ocrx_word' id='word_1_246' title='bbox 1008 2674 1125 2742; x_wconf 94' lang='lat' dir='ltr'>sed</span> <span class='ocrx_word' id='word_1_247' title='bbox 1177 2696 1568 2763; x_wconf 86' lang='lat' dir='ltr'>corporum.</span> <span class='ocrx_word' id='word_1_248' title='bbox 1626 2681 1944 2744; x_wconf 87' lang='lat' dir='ltr'>Petamus</span> <span class='ocrx_word' id='word_1_249' title='bbox 1985 2675 2199 2764; x_wconf 88' lang='lat' dir='ltr'>igitur</span> <span class='ocrx_word' id='word_1_250' title='bbox 2235 2673 2442 2744; x_wconf 90' lang='lat' dir='ltr'>corde</span> <span class='ocrx_word' id='word_1_251' title='bbox 2491 2672 2823 2752; x_wconf 88' lang='lat' dir='ltr'>contrit0,</span> <span class='ocrx_word' id='word_1_252' title='bbox 2877 2694 3037 2741; x_wconf 91' lang='lat' dir='ltr'>cum</span> <span class='ocrx_word' id='word_1_253' title='bbox 3092 2670 3194 2739; x_wconf 87' lang='lat' dir='ltr'>la-</span> 
     </span>
     <span class='ocr_line' id='line_1_28' title="bbox 639 2760 3192 2864; baseline -0.001 -34"><span class='ocrx_word' id='word_1_254' title='bbox 639 2762 925 2864; x_wconf 80' lang='lat' dir='ltr'>crymiS,</span> <span class='ocrx_word' id='word_1_255' title='bbox 980 2761 1180 2862; x_wconf 84' lang='lat' dir='ltr'>bonis</span> <span class='ocrx_word' id='word_1_256' title='bbox 1225 2763 1553 2853; x_wconf 87' lang='lat' dir='ltr'>operibus</span> <span class='ocrx_word' id='word_1_257' title='bbox 1594 2764 2161 2853; x_wconf 80' lang='lat' dir='ltr'>suffragantibuS,</span> <span class='ocrx_word' id='word_1_258' title='bbox 2220 2784 2337 2853; x_wconf 89' lang='lat' dir='ltr'>per</span> <span class='ocrx_word' id='word_1_259' title='bbox 2386 2762 2596 2850; x_wconf 87' lang='lat' dir='ltr'>hujus</span> <span class='ocrx_word' id='word_1_260' title='bbox 2648 2761 2912 2849; x_wconf 87' lang='lat' dir='ltr'>patroni</span> <span class='ocrx_word' id='word_1_261' title='bbox 2968 2760 3192 2828; x_wconf 88' lang='lat' dir='ltr'>nostri</span> 
     </span>
     <span class='ocr_line' id='line_1_29' title="bbox 640 2849 3185 2939; baseline -0.001 -20"><span class='ocrx_word' id='word_1_262' title='bbox 640 2864 1200 2922; x_wconf 80' lang='lat' dir='ltr'>mtercessionem</span> <span class='ocrx_word' id='word_1_263' title='bbox 1245 2874 1371 2921; x_wconf 92' lang='lat' dir='ltr'>nos</span> <span class='ocrx_word' id='word_1_264' title='bbox 1418 2853 1815 2922; x_wconf 89' lang='lat' dir='ltr'>resuscitari</span> <span class='ocrx_word' id='word_1_265' title='bbox 1866 2875 1906 2921; x_wconf 94' lang='lat' dir='ltr'>a</span> <span class='ocrx_word' id='word_1_266' title='bbox 1958 2866 2170 2921; x_wconf 91' lang='lat' dir='ltr'>morte</span> <span class='ocrx_word' id='word_1_267' title='bbox 2217 2852 2492 2920; x_wconf 90' lang='lat' dir='ltr'>animae</span> <span class='ocrx_word' id='word_1_268' title='bbox 2533 2851 2601 2918; x_wconf 91' lang='lat' dir='ltr'>in</span> <span class='ocrx_word' id='word_1_269' title='bbox 2644 2849 2981 2939; x_wconf 90' lang='lat' dir='ltr'>praesenti</span> <span class='ocrx_word' id='word_1_270' title='bbox 3019 2849 3185 2930; x_wconf 85' lang='lat' dir='ltr'>vita,</span> 
     </span>
     <span class='ocr_line' id='line_1_30' title="bbox 639 2937 3186 3032; baseline -0.002 -22"><span class='ocrx_word' id='word_1_271' title='bbox 639 2955 717 3010; x_wconf 92' lang='lat' dir='ltr'>ut</span> <span class='ocrx_word' id='word_1_272' title='bbox 767 2941 1077 3010; x_wconf 89' lang='lat' dir='ltr'>vivamus</span> <span class='ocrx_word' id='word_1_273' title='bbox 1128 2941 1196 3008; x_wconf 89' lang='lat' dir='ltr'>in</span> <span class='ocrx_word' id='word_1_274' title='bbox 1249 2941 1556 3010; x_wconf 84' lang='lat' dir='ltr'>Christo:</span> <span class='ocrx_word' id='word_1_275' title='bbox 1609 2954 1676 3010; x_wconf 88' lang='lat' dir='ltr'>et</span> <span class='ocrx_word' id='word_1_276' title='bbox 1722 2954 1798 3010; x_wconf 89' lang='lat' dir='ltr'>ut</span> <span class='ocrx_word' id='word_1_277' title='bbox 1848 2955 2280 3032; x_wconf 87' lang='lat' dir='ltr'>resurgentes</span> <span class='ocrx_word' id='word_1_278' title='bbox 2328 2960 2614 3029; x_wconf 90' lang='lat' dir='ltr'>corpore</span> <span class='ocrx_word' id='word_1_279' title='bbox 2653 2938 2721 3007; x_wconf 90' lang='lat' dir='ltr'>in</span> <span class='ocrx_word' id='word_1_280' title='bbox 2756 2938 2894 3007; x_wconf 91' lang='lat' dir='ltr'>fine</span> <span class='ocrx_word' id='word_1_281' title='bbox 2943 2937 3186 3017; x_wconf 90' lang='lat' dir='ltr'>seculi,</span> 
     </span>
     <span class='ocr_line' id='line_1_31' title="bbox 641 3028 3193 3118; baseline 0 -22"><span class='ocrx_word' id='word_1_282' title='bbox 641 3030 1076 3118; x_wconf 73' lang='lat' dir='ltr'>aeternaliter</span> <span class='ocrx_word' id='word_1_283' title='bbox 1138 3030 1451 3100; x_wconf 87' lang='lat' dir='ltr'>vivamus</span> <span class='ocrx_word' id='word_1_284' title='bbox 1511 3052 1671 3099; x_wconf 88' lang='lat' dir='ltr'>cum</span> <span class='ocrx_word' id='word_1_285' title='bbox 1741 3030 2046 3100; x_wconf 87' lang='lat' dir='ltr'>Christo:</span> <span class='ocrx_word' id='word_1_286' title='bbox 2101 3030 2457 3098; x_wconf 88' lang='lat' dir='ltr'>credentes</span> <span class='ocrx_word' id='word_1_287' title='bbox 2509 3028 2836 3109; x_wconf 79' lang='lat' dir='ltr'>firmiter,</span> <span class='ocrx_word' id='word_1_288' title='bbox 2893 3046 3016 3094; x_wconf 90' lang='lat' dir='ltr'>nos</span> <span class='ocrx_word' id='word_1_289' title='bbox 3069 3048 3193 3116; x_wconf 92' lang='lat' dir='ltr'>per</span> 
     </span>
     <span class='ocr_line' id='line_1_32' title="bbox 637 3115 3194 3208; baseline -0 -23"><span class='ocrx_word' id='word_1_290' title='bbox 637 3117 790 3205; x_wconf 86' lang='lat' dir='ltr'>ejus</span> <span class='ocrx_word' id='word_1_291' title='bbox 856 3119 1417 3188; x_wconf 89' lang='lat' dir='ltr'>intercessionem</span> <span class='ocrx_word' id='word_1_292' title='bbox 1488 3119 1616 3187; x_wconf 93' lang='lat' dir='ltr'>hoc</span> <span class='ocrx_word' id='word_1_293' title='bbox 1686 3118 1872 3208; x_wconf 90' lang='lat' dir='ltr'>apud</span> <span class='ocrx_word' id='word_1_294' title='bbox 1945 3119 2213 3188; x_wconf 90' lang='lat' dir='ltr'>Domini</span> <span class='ocrx_word' id='word_1_295' title='bbox 2274 3115 2816 3187; x_wconf 90' lang='lat' dir='ltr'>misericordiam</span> <span class='ocrx_word' id='word_1_296' title='bbox 2882 3115 3194 3184; x_wconf 87' lang='lat' dir='ltr'>obtinere</span> 
     </span>
     <span class='ocr_line' id='line_1_33' title="bbox 642 3204 3187 3296; baseline 0 -22"><span class='ocrx_word' id='word_1_297' title='bbox 642 3226 865 3294; x_wconf 88' lang='lat' dir='ltr'>posse,</span> <span class='ocrx_word' id='word_1_298' title='bbox 920 3207 977 3275; x_wconf 92' lang='lat' dir='ltr'>si</span> <span class='ocrx_word' id='word_1_299' title='bbox 1027 3207 1321 3277; x_wconf 87' lang='lat' dir='ltr'>fideliter</span> <span class='ocrx_word' id='word_1_300' title='bbox 1371 3207 1806 3296; x_wconf 88' lang='lat' dir='ltr'>petierimus:</span> <span class='ocrx_word' id='word_1_301' title='bbox 1861 3208 1981 3294; x_wconf 89' lang='lat' dir='ltr'>qui</span> <span class='ocrx_word' id='word_1_302' title='bbox 2016 3208 2084 3275; x_wconf 90' lang='lat' dir='ltr'>in</span> <span class='ocrx_word' id='word_1_303' title='bbox 2126 3207 2480 3276; x_wconf 89' lang='lat' dir='ltr'>curatione</span> <span class='ocrx_word' id='word_1_304' title='bbox 2523 3205 2717 3294; x_wconf 92' lang='lat' dir='ltr'>prius</span> <span class='ocrx_word' id='word_1_305' title='bbox 2751 3228 2789 3274; x_wconf 88' lang='lat' dir='ltr'>a</span> <span class='ocrx_word' id='word_1_306' title='bbox 2824 3204 3187 3284; x_wconf 87' lang='lat' dir='ltr'>daemone,</span> 
     </span>
     <span class='ocr_line' id='line_1_34' title="bbox 637 3293 3193 3386; baseline -0 -24"><span class='ocrx_word' id='word_1_307' title='bbox 637 3306 706 3362; x_wconf 88' lang='lat' dir='ltr'>et</span> <span class='ocrx_word' id='word_1_308' title='bbox 754 3305 905 3384; x_wconf 93' lang='lat' dir='ltr'>post</span> <span class='ocrx_word' id='word_1_309' title='bbox 945 3295 1015 3362; x_wconf 89' lang='lat' dir='ltr'>in</span> <span class='ocrx_word' id='word_1_310' title='bbox 1068 3295 1569 3366; x_wconf 84' lang='lat' dir='ltr'>resurrectione</span> <span class='ocrx_word' id='word_1_311' title='bbox 1617 3298 1928 3386; x_wconf 88' lang='lat' dir='ltr'>corporis</span> <span class='ocrx_word' id='word_1_312' title='bbox 1976 3319 2017 3364; x_wconf 90' lang='lat' dir='ltr'>a</span> <span class='ocrx_word' id='word_1_313' title='bbox 2056 3308 2270 3366; x_wconf 90' lang='lat' dir='ltr'>morte</span> <span class='ocrx_word' id='word_1_314' title='bbox 2321 3293 2664 3386; x_wconf 88' lang='lat' dir='ltr'>praefatae</span> <span class='ocrx_word' id='word_1_315' title='bbox 2705 3294 3000 3385; x_wconf 86' lang='lat' dir='ltr'>puellae,</span> <span class='ocrx_word' id='word_1_316' title='bbox 3040 3315 3193 3361; x_wconf 90' lang='lat' dir='ltr'>cer-</span> 
     </span>
     <span class='ocr_line' id='line_1_35' title="bbox 640 3383 2398 3475; baseline 0 -23"><span class='ocrx_word' id='word_1_317' title='bbox 640 3383 987 3452; x_wconf 84' lang='lat' dir='ltr'>tissimum</span> <span class='ocrx_word' id='word_1_318' title='bbox 1043 3385 1298 3474; x_wconf 88' lang='lat' dir='ltr'>pignus</span> <span class='ocrx_word' id='word_1_319' title='bbox 1337 3385 1423 3454; x_wconf 93' lang='lat' dir='ltr'>de</span> <span class='ocrx_word' id='word_1_320' title='bbox 1473 3386 1734 3454; x_wconf 88' lang='lat' dir='ltr'>meritis</span> <span class='ocrx_word' id='word_1_321' title='bbox 1782 3385 1933 3473; x_wconf 89' lang='lat' dir='ltr'>ejus</span> <span class='ocrx_word' id='word_1_322' title='bbox 1980 3385 2398 3475; x_wconf 79' lang='lat' dir='ltr'>accepimuS.</span> 
     </span>
    </p>

    <p class='ocr_par' dir='ltr' id='par_1_5' title="bbox 630 3470 3203 4363">
     <span class='ocr_line' id='line_1_36' title="bbox 732 3470 3196 3559; baseline -0.002 -17"><span class='ocrx_word' id='word_1_323' title='bbox 732 3473 941 3559; x_wconf 66' lang='lat' dir='ltr'>§2L</span> <span class='ocrx_word' id='word_1_324' title='bbox 984 3474 1380 3542; x_wconf 89' lang='lat' dir='ltr'>Habeamus</span> <span class='ocrx_word' id='word_1_325' title='bbox 1429 3474 1654 3544; x_wconf 90' lang='lat' dir='ltr'>seduli</span> <span class='ocrx_word' id='word_1_326' title='bbox 1693 3488 1851 3543; x_wconf 88' lang='lat' dir='ltr'>ante</span> <span class='ocrx_word' id='word_1_327' title='bbox 1891 3473 2136 3543; x_wconf 89' lang='lat' dir='ltr'>mentis</span> <span class='ocrx_word' id='word_1_328' title='bbox 2168 3474 2407 3545; x_wconf 90' lang='lat' dir='ltr'>oculos</span> <span class='ocrx_word' id='word_1_329' title='bbox 2439 3474 2676 3543; x_wconf 89' lang='lat' dir='ltr'>horam</span> <span class='ocrx_word' id='word_1_330' title='bbox 2721 3471 2944 3541; x_wconf 81' lang='lat' dir='ltr'>exitus</span> <span class='ocrx_word' id='word_1_331' title='bbox 2972 3470 3196 3540; x_wconf 88' lang='lat' dir='ltr'>nostri</span> 
     </span>
     <span class='ocr_line' id='line_1_37' title="bbox 638 3559 3197 3650; baseline -0 -21"><span class='ocrx_word' id='word_1_332' title='bbox 638 3559 727 3629; x_wconf 94' lang='lat' dir='ltr'>de</span> <span class='ocrx_word' id='word_1_333' title='bbox 773 3581 1094 3650; x_wconf 89' lang='lat' dir='ltr'>corpore:</span> <span class='ocrx_word' id='word_1_334' title='bbox 1149 3561 1677 3650; x_wconf 88' lang='lat' dir='ltr'>praeveniamus</span> <span class='ocrx_word' id='word_1_335' title='bbox 1724 3562 1971 3632; x_wconf 87' lang='lat' dir='ltr'>faciem</span> <span class='ocrx_word' id='word_1_336' title='bbox 2024 3562 2292 3631; x_wconf 91' lang='lat' dir='ltr'>Domini</span> <span class='ocrx_word' id='word_1_337' title='bbox 2343 3562 2414 3632; x_wconf 91' lang='lat' dir='ltr'>in</span> <span class='ocrx_word' id='word_1_338' title='bbox 2464 3560 2897 3632; x_wconf 86' lang='lat' dir='ltr'>consessione</span> <span class='ocrx_word' id='word_1_339' title='bbox 2946 3581 3197 3649; x_wconf 88' lang='lat' dir='ltr'>pecca-</span> 
     </span>
     <span class='ocr_line' id='line_1_38' title="bbox 639 3648 3198 3741; baseline 0 -23"><span class='ocrx_word' id='word_1_340' title='bbox 639 3663 867 3719; x_wconf 88' lang='lat' dir='ltr'>torum</span> <span class='ocrx_word' id='word_1_341' title='bbox 906 3663 1320 3730; x_wconf 88' lang='lat' dir='ltr'>nostrorum,</span> <span class='ocrx_word' id='word_1_342' title='bbox 1366 3662 1431 3719; x_wconf 90' lang='lat' dir='ltr'>et</span> <span class='ocrx_word' id='word_1_343' title='bbox 1463 3650 1790 3741; x_wconf 84' lang='lat' dir='ltr'>lacrymis</span> <span class='ocrx_word' id='word_1_344' title='bbox 1830 3675 1908 3721; x_wconf 88' lang='lat' dir='ltr'>ac</span> <span class='ocrx_word' id='word_1_345' title='bbox 1957 3651 2158 3721; x_wconf 91' lang='lat' dir='ltr'>bonis</span> <span class='ocrx_word' id='word_1_346' title='bbox 2192 3652 2557 3741; x_wconf 86' lang='lat' dir='ltr'>operibus:</span> <span class='ocrx_word' id='word_1_347' title='bbox 2603 3649 3044 3740; x_wconf 88' lang='lat' dir='ltr'>indulgentes</span> <span class='ocrx_word' id='word_1_348' title='bbox 3080 3648 3198 3718; x_wconf 87' lang='lat' dir='ltr'>his</span> 
     </span>
     <span class='ocr_line' id='line_1_39' title="bbox 638 3738 3196 3832; baseline -0.001 -24"><span class='ocrx_word' id='word_1_349' title='bbox 638 3738 763 3826; x_wconf 87' lang='lat' dir='ltr'>qui</span> <span class='ocrx_word' id='word_1_350' title='bbox 810 3738 881 3805; x_wconf 88' lang='lat' dir='ltr'>in</span> <span class='ocrx_word' id='word_1_351' title='bbox 933 3759 1056 3808; x_wconf 89' lang='lat' dir='ltr'>nos</span> <span class='ocrx_word' id='word_1_352' title='bbox 1108 3752 1581 3829; x_wconf 87' lang='lat' dir='ltr'>peccaverunt,</span> <span class='ocrx_word' id='word_1_353' title='bbox 1635 3753 1713 3810; x_wconf 90' lang='lat' dir='ltr'>ut</span> <span class='ocrx_word' id='word_1_354' title='bbox 1762 3740 2266 3832; x_wconf 87' lang='lat' dir='ltr'>indulgentiam</span> <span class='ocrx_word' id='word_1_355' title='bbox 2313 3752 2747 3830; x_wconf 88' lang='lat' dir='ltr'>peccatorum</span> <span class='ocrx_word' id='word_1_356' title='bbox 2796 3750 3196 3808; x_wconf 89' lang='lat' dir='ltr'>nostrorum</span> 
     </span>
     <span class='ocr_line' id='line_1_40' title="bbox 640 3826 3199 3919; baseline -0.002 -21"><span class='ocrx_word' id='word_1_357' title='bbox 640 3826 948 3898; x_wconf 88' lang='lat' dir='ltr'>obtinere</span> <span class='ocrx_word' id='word_1_358' title='bbox 974 3827 1323 3916; x_wconf 90' lang='lat' dir='ltr'>possimus</span> <span class='ocrx_word' id='word_1_359' title='bbox 1349 3827 1536 3919; x_wconf 88' lang='lat' dir='ltr'>apud</span> <span class='ocrx_word' id='word_1_360' title='bbox 1571 3830 1839 3898; x_wconf 89' lang='lat' dir='ltr'>Domini</span> <span class='ocrx_word' id='word_1_361' title='bbox 1870 3828 2452 3900; x_wconf 88' lang='lat' dir='ltr'>misericordiam:</span> <span class='ocrx_word' id='word_1_362' title='bbox 2487 3840 2552 3897; x_wconf 92' lang='lat' dir='ltr'>et</span> <span class='ocrx_word' id='word_1_363' title='bbox 2579 3849 2713 3897; x_wconf 91' lang='lat' dir='ltr'>non</span> <span class='ocrx_word' id='word_1_364' title='bbox 2753 3826 3199 3917; x_wconf 86' lang='lat' dir='ltr'>negligamus</span> 
     </span>
     <span class='ocr_line' id='line_1_41' title="bbox 640 3916 3200 4008; baseline -0.001 -21"><span class='ocrx_word' id='word_1_365' title='bbox 640 3918 823 3987; x_wconf 90' lang='lat' dir='ltr'>bona</span> <span class='ocrx_word' id='word_1_366' title='bbox 855 3937 1032 4003; x_wconf 89' lang='lat' dir='ltr'>quae</span> <span class='ocrx_word' id='word_1_367' title='bbox 1078 3939 1267 3986; x_wconf 91' lang='lat' dir='ltr'>nunc</span> <span class='ocrx_word' id='word_1_368' title='bbox 1314 3939 1515 4008; x_wconf 85' lang='lat' dir='ltr'>agere</span> <span class='ocrx_word' id='word_1_369' title='bbox 1557 3940 1970 4007; x_wconf 86' lang='lat' dir='ltr'>possumus:</span> <span class='ocrx_word' id='word_1_370' title='bbox 2019 3919 2185 4005; x_wconf 90' lang='lat' dir='ltr'>quia</span> <span class='ocrx_word' id='word_1_371' title='bbox 2231 3916 2414 3987; x_wconf 80' lang='lat' dir='ltr'>exuti</span> <span class='ocrx_word' id='word_1_372' title='bbox 2464 3917 2896 4008; x_wconf 81' lang='lat' dir='ltr'>corporibuS,</span> <span class='ocrx_word' id='word_1_373' title='bbox 2955 3927 3200 4005; x_wconf 84' lang='lat' dir='ltr'>postea</span> 
     </span>
     <span class='ocr_line' id='line_1_42' title="bbox 641 4003 3200 4098; baseline -0 -25"><span class='ocrx_word' id='word_1_374' title='bbox 641 4026 767 4074; x_wconf 90' lang='lat' dir='ltr'>nec</span> <span class='ocrx_word' id='word_1_375' title='bbox 804 4004 987 4074; x_wconf 87' lang='lat' dir='ltr'>mala</span> <span class='ocrx_word' id='word_1_376' title='bbox 1040 4027 1163 4075; x_wconf 90' lang='lat' dir='ltr'>nec</span> <span class='ocrx_word' id='word_1_377' title='bbox 1201 4006 1383 4076; x_wconf 90' lang='lat' dir='ltr'>bona</span> <span class='ocrx_word' id='word_1_378' title='bbox 1416 4009 1637 4095; x_wconf 65' lang='lat' dir='ltr'>,agere</span> <span class='ocrx_word' id='word_1_379' title='bbox 1688 4009 2099 4096; x_wconf 89' lang='lat' dir='ltr'>poterimus:</span> <span class='ocrx_word' id='word_1_380' title='bbox 2156 4006 2275 4076; x_wconf 90' lang='lat' dir='ltr'>sed</span> <span class='ocrx_word' id='word_1_381' title='bbox 2337 4029 2457 4098; x_wconf 93' lang='lat' dir='ltr'>pro</span> <span class='ocrx_word' id='word_1_382' title='bbox 2493 4007 2601 4077; x_wconf 91' lang='lat' dir='ltr'>his</span> <span class='ocrx_word' id='word_1_383' title='bbox 2632 4061 2647 4088; x_wconf 90' lang='lat'>‚</span> <span class='ocrx_word' id='word_1_384' title='bbox 2713 4028 2890 4094; x_wconf 89' lang='lat' dir='ltr'>quae</span> <span class='ocrx_word' id='word_1_385' title='bbox 2938 4008 3010 4073; x_wconf 93' lang='lat' dir='ltr'>in</span> <span class='ocrx_word' id='word_1_386' title='bbox 3061 4003 3200 4073; x_wconf 87' lang='lat' dir='ltr'>isto</span> 
     </span>
     <span class='ocr_line' id='line_1_43' title="bbox 637 4092 3202 4187; baseline -0.002 -23"><span class='ocrx_word' id='word_1_387' title='bbox 637 4093 874 4164; x_wconf 86' lang='lat' dir='ltr'>seculo</span> <span class='ocrx_word' id='word_1_388' title='bbox 921 4094 1216 4184; x_wconf 86' lang='lat' dir='ltr'>egimus,</span> <span class='ocrx_word' id='word_1_389' title='bbox 1285 4096 1703 4187; x_wconf 87' lang='lat' dir='ltr'>condignam</span> <span class='ocrx_word' id='word_1_390' title='bbox 1753 4096 2375 4167; x_wconf 89' lang='lat' dir='ltr'>remunerationem</span> <span class='ocrx_word' id='word_1_391' title='bbox 2431 4097 2500 4164; x_wconf 93' lang='lat' dir='ltr'>in</span> <span class='ocrx_word' id='word_1_392' title='bbox 2556 4095 2676 4183; x_wconf 76' lang='lat' dir='ltr'>illo</span> <span class='ocrx_word' id='word_1_393' title='bbox 2734 4094 2968 4165; x_wconf 90' lang='lat' dir='ltr'>seculo</span> <span class='ocrx_word' id='word_1_394' title='bbox 3008 4092 3202 4162; x_wconf 90' lang='lat' dir='ltr'>acci-</span> 
     </span>
     <span class='ocr_line' id='line_1_44' title="bbox 642 4183 3203 4276; baseline -0 -25"><span class='ocrx_word' id='word_1_395' title='bbox 642 4183 917 4274; x_wconf 90' lang='lat' dir='ltr'>piemus</span> <span class='ocrx_word' id='word_1_396' title='bbox 951 4183 1037 4252; x_wconf 88' lang='lat' dir='ltr'>ab</span> <span class='ocrx_word' id='word_1_397' title='bbox 1085 4205 1188 4266; x_wconf 92' lang='lat' dir='ltr'>e0,</span> <span class='ocrx_word' id='word_1_398' title='bbox 1240 4184 1385 4272; x_wconf 89' lang='lat' dir='ltr'>qui,</span> <span class='ocrx_word' id='word_1_399' title='bbox 1440 4198 1516 4255; x_wconf 89' lang='lat' dir='ltr'>ut</span> <span class='ocrx_word' id='word_1_400' title='bbox 1564 4185 1902 4276; x_wconf 88' lang='lat' dir='ltr'>scriptum</span> <span class='ocrx_word' id='word_1_401' title='bbox 1958 4198 2082 4266; x_wconf 91' lang='lat' dir='ltr'>est,</span> <span class='ocrx_word' id='word_1_402' title='bbox 2137 4187 2369 4256; x_wconf 79' lang='lat' dir='ltr'>reddet</span> <span class='ocrx_word' id='word_1_403' title='bbox 2413 4187 2782 4276; x_wconf 81' lang='lat' dir='ltr'>unicuique</span> <span class='ocrx_word' id='word_1_404' title='bbox 2827 4183 3203 4255; x_wconf 80' lang='lat' dir='ltr'>secundum</span> 
     </span>
     <span class='ocr_line' id='line_1_45' title="bbox 630 4294 1035 4363; baseline -0.002 -21"><span class='ocrx_word' id='word_1_405' title='bbox 630 4295 849 4363; x_wconf 76' lang='lat' dir='ltr'>opera</span> <span class='ocrx_word' id='word_1_406' title='bbox 885 4294 1035 4341; x_wconf 76' lang='lat' dir='ltr'>sua.</span> 
     </span>
    </p>

    <p class='ocr_par' dir='ltr' id='par_1_6' title="bbox 733 4358 3198 4454">
     <span class='ocr_line' id='line_1_46' title="bbox 733 4358 3198 4454; baseline -0 -23"><span class='ocrx_word' id='word_1_407' title='bbox 733 4369 771 4444; x_wconf 68' lang='grc' dir='ltr'><strong>ἓ</strong></span> <span class='ocrx_word' id='word_1_408' title='bbox 825 4366 984 4432; x_wconf 67' lang='lat'>²⁹2.</span> <span class='ocrx_word' id='word_1_409' title='bbox 1041 4361 1340 4450; x_wconf 89' lang='lat' dir='ltr'>Denique</span> <span class='ocrx_word' id='word_1_410' title='bbox 1387 4384 1546 4434; x_wconf 90' lang='lat' dir='ltr'>cum</span> <span class='ocrx_word' id='word_1_411' title='bbox 1596 4362 1881 4450; x_wconf 90' lang='lat' dir='ltr'>quidam</span> <span class='ocrx_word' id='word_1_412' title='bbox 1926 4374 2246 4454; x_wconf 88' lang='lat' dir='ltr'>aegrotus</span> <span class='ocrx_word' id='word_1_413' title='bbox 2291 4361 2595 4432; x_wconf 88' lang='lat' dir='ltr'>familiae</span> <span class='ocrx_word' id='word_1_414' title='bbox 2644 4382 2780 4431; x_wconf 90' lang='lat' dir='ltr'>non</span> <span class='ocrx_word' id='word_1_415' title='bbox 2831 4358 3198 4450; x_wconf 81' lang='lat' dir='ltr'>ignobiliS‚</span> 
     </span>
    </p>
   </div>
   <div class='ocr_carea' id='block_1_3' title="bbox 681 4485 3024 4550">
    <p class='ocr_par' dir='ltr' id='par_1_7' title="bbox 681 4485 3024 4550">
     <span class='ocr_line' id='line_1_47' title="bbox 681 4485 3024 4550; baseline -0.001 -20"><span class='ocrx_word' id='word_1_416' title='bbox 681 4489 722 4518; x_wconf 75' lang='grc'>-*</span> <span class='ocrx_word' id='word_1_417' title='bbox 749 4489 814 4531; x_wconf 84' lang='lat' dir='ltr'>De</span> <span class='ocrx_word' id='word_1_418' title='bbox 833 4490 1076 4534; x_wconf 69' lang='lat' dir='ltr'>sanatione</span> <span class='ocrx_word' id='word_1_419' title='bbox 1094 4488 1331 4533; x_wconf 65' lang='lat' dir='ltr'>Tolosatis</span> <span class='ocrx_word' id='word_1_420' title='bbox 1349 4491 1537 4542; x_wconf 67' lang='lat' dir='ltr'>puellae</span> <span class='ocrx_word' id='word_1_421' title='bbox 1554 4493 1769 4543; x_wconf 66' lang='lat' dir='ltr'>praestat</span> <span class='ocrx_word' id='word_1_422' title='bbox 1787 4493 1944 4544; x_wconf 76' lang='lat' dir='ltr'>legere</span> <span class='ocrx_word' id='word_1_423' title='bbox 1964 4492 2089 4542; x_wconf 69' lang='lat' dir='ltr'>apud</span> <span class='ocrx_word' id='word_1_424' title='bbox 2109 4490 2436 4537; x_wconf 65' lang='lat' dir='ltr'>Fortunatam,</span> <span class='ocrx_word' id='word_1_425' title='bbox 2456 4488 2655 4532; x_wconf 71' lang='lat' dir='ltr'>interius</span> <span class='ocrx_word' id='word_1_426' title='bbox 2674 4489 2726 4530; x_wconf 79' lang='lat' dir='ltr'>tn</span> <span class='ocrx_word' id='word_1_427' title='bbox 2745 4490 2786 4530; x_wconf 79' lang='lat'>2.</span> <span class='ocrx_word' id='word_1_428' title='bbox 2805 4485 2913 4529; x_wconf 65' lang='lat' dir='ltr'>Vita</span> <span class='ocrx_word' id='word_1_429' title='bbox 2931 4486 2951 4540; x_wconf 68' lang='grc' dir='ltr'>ε</span> <span class='ocrx_word' id='word_1_430' title='bbox 2972 4488 3024 4550; x_wconf 52' lang='grc' dir='ltr'>6.ν</span> 
     </span>
    </p>
   </div>
  </div>
 </body>
</html>
