3347 4999
702 277 829 340 310
1034 250 1042 260 ’
1463 294 1539 339 nn
1588 294 1644 339 s.
1698 292 1961 340 aistano
2008 292 2301 340 conress.
2889 274 3089 340 OCT.
3157 276 3207 339 9

615 379 1038 458 offerentem,
1090 378 1606 464 dicentemque:
1647 401 1684 444 «
1720 383 1851 467 Age
1899 378 2082 465 quod
2131 378 2303 467 agis,
2348 398 2630 466 operare
2680 378 2861 465 quod
2913 399 3207 466 opera-

611 468 746 536 ris:
794 466 1063 555 placent
1104 467 1286 535 enim
1345 471 1472 535 Deo
1502 478 1569 536 et
1616 466 1817 536 nobis
1864 488 2072 556 opera
2107 479 2292 536 tua.»
2327 472 2416 535 Ea
2469 467 2731 536 visione
2779 466 3203 553 admodum

501 582 506 585 ·
611 556 1010 634 exhilarata,
1052 554 1384 623 ferventer
1416 557 1656 625 orabat
1708 557 2098 637 Dominum,
2159 568 2236 625 ut
2284 556 2581 643 Spiritus
2632 557 2865 625 Sancti
2912 556 3193 656 adspi-

611 658 805 715 rante
854 644 1097 734 gratia,
1153 643 1270 713 illo
1344 645 1695 735 praeclaro
1742 645 1953 714 calice
2013 646 2167 731 ejus
2216 645 2453 715 sitiens
2512 645 2747 714 anima
2822 645 3192 714 inebriari

614 746 1010 813 mereretur,
1065 733 1148 802 de
1195 756 1332 820 quo
1382 735 1712 822 Propheta
1777 733 1944 803 dicit
2010 755 2262 820 sponso
2301 733 2622 802 coelesti:
2680 757 2717 800 «
2755 733 2939 803 Calix
3002 746 3199 802 tuus

610 823 964 891 inebrians
1004 843 1212 908 quam
1251 822 1644 911 praeclarus
1684 822 1944 911 est(Ps.
1980 828 2164 908 22).»
2200 821 2536 890 Indicavit
2569 844 2724 891 vero
2757 845 2906 892 eam
2961 822 3198 893 visio·

610 933 767 980 nem
817 910 1129 980 coelestis
1180 911 1367 983 verbi
1415 911 1813 981 seminatori
1863 910 2159 989 Gisleno,
2214 911 2364 999 ejus
2408 912 3043 1001 interpretationem
3088 912 3194 981 ab

609 1022 689 1069 eo
731 1022 931 1069 nosse
977 998 1236 1068 volens.
1303 1004 1378 1069 At
1425 1014 1709 1070 sanctus
1759 1001 1859 1067 vir
1914 999 2129 1067 intelli
2185 1020 2309 1069 ens
2340 1055 2356 1081 ‚
2410 999 2575 1087 quid
2627 1022 2708 1069 ea
2757 1001 2889 1070 sibi
2959 999 3193 1069 vellet

613 1089 807 1172 visio,
861 1101 936 1157 ut
985 1087 1291 1176 prudens
1344 1090 1653 1158 medicus
1684 1101 1749 1157 et
1796 1110 2033 1157 servus
2066 1088 2110 1157 fi
2164 1088 2310 1164 elis,
2355 1088 2680 1176 poculum
2720 1089 2968 1158 salutis
3000 1110 3193 1158 nec-

610 1178 779 1245 dum
816 1177 983 1246 satis
1030 1176 1272 1246 firmae
1314 1178 1547 1256 menti,
1587 1191 1649 1246 et
1677 1176 1874 1264 quasi
1911 1176 1994 1245 de
2027 1177 2286 1247 visione
2326 1178 2648 1265 glorianti
2700 1179 2935 1247 statim*
2963 1199 3190 1266 prae-

614 1267 789 1347 buit,
854 1266 947 1334 ita
995 1264 1270 1336 dicens:
1334 1264 1970 1352 «Quandoquidem
2022 1266 2089 1333 in
2143 1266 2402 1335 visione
2469 1266 2726 1336 audisti
2780 1268 3051 1354 placere
3115 1279 3187 1334 te

609 1360 768 1435 De0,
824 1367 1088 1445 oportet
1137 1377 1322 1433 sane,
1373 1369 1449 1424 ut
1506 1356 1741 1424 omnia
1794 1355 1889 1423 tui
1939 1355 2248 1444 corporis
2305 1355 2611 1424 membra
2661 1355 2935 1425 coelesti
2991 1357 3181 1424 sub-

609 1444 867 1513 dantur
914 1466 1192 1533 sponSO,
1250 1444 1536 1533 ejusque
1586 1443 1800 1511 sollus
1840 1442 2314 1532 amplectendo
2366 1443 2935 1533 pulcritudinem,
2997 1443 3181 1512 vile-

611 1543 809 1602 scant
846 1532 1069 1603 oculis
1128 1533 1260 1602 tuis
1328 1554 1407 1600 ea
1455 1554 1633 1619 quae
1698 1545 1859 1601 sunt
1906 1532 1976 1600 in
2026 1531 2352 1612 *mund0,
2407 1545 2485 1601 ut
2538 1536 2818 1602 carnem
2874 1533 3213 1601 moniti--

611 1621 859 1702 cando,
914 1636 979 1692 et
1026 1621 1273 1710 spiritu
1323 1620 1747 1689 ambulando
1800 1621 2124 1689 merearis
2169 1619 2344 1689 effici
2406 1622 2793 1691 membrum
2846 1622 3179 1710 corporis

615 1710 887 1781 Christi.
945 1717 1025 1780 Ut
1073 1710 1283 1798 igitur
1329 1711 1561 1777 vivens
1627 1709 1921 1777 videaris
1963 1709 2109 1795 jam
2164 1724 2467 1789 mortua,
2532 1731 2609 1779 ea
2666 1732 2843 1797 quae
2906 1711 3035 1780 tibi
3088 1732 3176 1780 ex

611 1799 813 1869 bonis
867 1798 1296 1887 temporariis
1345 1810 1744 1885 supersunt,
1801 1818 2138 1886 pauperes
2184 1811 2250 1867 et
2301 1799 2648 1888 peregrini
2703 1799 2770 1867 in
2838 1797 2959 1868 illa
3008 1820 3169 1868 cae-

613 1887 765 1957 lesti
816 1888 1020 1957 domo
1071 1885 1464 1967 recondant,
1520 1898 1616 1967 ut,
1678 1899 1958 1956 vocante
2011 1887 2333 1964 Domin0‚
2391 1887 2637 1956 audias
2676 1887 2867 1956 illam
2921 1909 3171 1957 vocem

611 1977 1094 2046 suavissimam
1125 1999 1138 2042 ε
1184 1976 1357 2057 Quia
1402 1998 1604 2064 super
1633 1998 1858 2066 pauca
1904 1977 2103 2063 suisti
2128 1976 2370 2064 fidelia,
2408 1999 2612 2066 super
2650 1980 2871 2045 multa
2910 1986 2974 2045 te
3014 2000 3171 2045 con-

608 2068 917 2135 stituam:
960 2066 1143 2132 intra
1173 2065 1244 2131 in
1290 2066 1622 2153 qaudium
1671 2066 1940 2133 Domini
1985 2065 2089 2132 tui
2119 2065 2383 2145 (Μαιιὴ.
2424 2070 2603 2148 xxv).
2664 2064 2787 2134 Ubi
2824 2079 2967 2133 tum
3014 2087 3169 2134 om·

613 2156 730 2223 nia
778 2151 1101 2241 centuplo
1149 2153 1452 2223 auctiora
1496 2153 1809 2243 recipieS,
1861 2174 2038 2239 quae
2079 2151 2223 2239 jam
2255 2152 2380 2220 hic
2416 2175 2539 2243 pro
2588 2153 2836 2223 Christi
2881 2154 3170 2222 nomine

611 2242 1017 2332 expendisti.
1087 2246 1230 2310 Non
1277 2255 1493 2310 cesset
1543 2243 1753 2332 igitur
1801 2263 2022 2327 neque
2084 2262 2237 2328 peS,
2293 2263 2514 2328 neque
2577 2264 2827 2311 manus
2875 2263 2915 2310 a
2978 2242 3168 2312 bono

612 2353 816 2421 opere
853 2354 867 2393 ε
920 2328 1140 2399 aderit
1171 2330 1356 2398 enim
1406 2330 1589 2400 fidus
1620 2343 2113 2408 remunerator,
2152 2328 2551 2401 redditurus
2582 2331 2962 2417 unicuique
2999 2353 3165 2421 pro-

614 2420 834 2510 priam
875 2416 1257 2487 mercedem
1300 2418 1686 2499 secundum
1739 2440 1943 2487 suum
1997 2417 2324 2487 laborem.
2365 2442 2400 2484 »

701 2510 737 2595 ξ
782 2511 864 2580 S.
917 2513 1058 2576 Hac
1095 2507 1375 2578 visionis
1425 2509 1981 2597 interpretatione
2017 2507 2173 2598 pius
2211 2507 2568 2596 religiosae
2615 2523 2962 2578 matronae
2997 2511 3161 2579 ani-

613 2619 769 2666 mus
820 2595 1012 2666 valde
1060 2617 1393 2665 accensus
1426 2608 1549 2676 est,
1607 2608 1951 2682 totamque
2002 2617 2072 2665 se
2123 2595 2241 2664 illa
2297 2596 2383 2664 ad
2454 2597 2817 2667 Dominum
2867 2621 3161 2668 conver-

612 2698 782 2765 tens,
838 2708 874 2752 «
905 2687 1070 2765 Fiat,
1125 2687 1366 2775 inquit,
1412 2684 1885 2754 misericordia
1932 2698 2072 2766 tua,
2134 2686 2435 2765 Domine,
2494 2699 2569 2755 ut
2607 2685 3003 2756 consoletur
3053 2710 3166 2758 me

613 2774 994 2844 secundum
1045 2773 1396 2860 eloquium
1449 2775 1622 2842 servi
1660 2774 1784 2858 tui3
1822 2775 2231 2861 veniantque
2281 2796 2491 2864 super
2540 2796 2650 2843 me
2684 2775 3164 2845 miserationes

612 2877 790 2944 tuae,
844 2876 908 2932 et
941 2863 1186 2933 vivam.
1228 2885 1262 2930 »
1293 2862 1545 2932 Deinde
1589 2877 2026 2954 prosternens
2062 2885 2132 2931 se
2181 2862 2264 2931 ad
2301 2864 2520 2932 sancti
2566 2864 2690 2931 viri
2730 2863 2958 2952 pedes,
3002 2886 3166 2933 ora-

611 2953 726 3034 vit,
781 2966 855 3022 ut
888 2951 1082 3022 locus
1129 2951 1382 3039 aliquis
1416 2953 1548 3022 sibi
1595 2965 1976 3042 pararetur,
2031 2951 2265 3019 divino
2314 2953 2588 3021 servitio
2637 2953 3159 3024 accommodus.

610 3046 780 3111 Tum
832 3041 934 3110 vir
970 3042 1084 3110 Dei
1126 3041 1454 3111 indicavit
1499 3042 1562 3110 ei
1596 3040 2069 3121 Castrilocum,
2109 3039 2348 3109 dicens
2382 3062 2541 3109 eum
2575 3042 2662 3110 ab
2696 3042 2887 3110 omni
2936 3056 3163 3110 aeter-

610 3131 820 3200 nitate
867 3129 1199 3198 divinitus
1248 3130 1350 3199 illi
1403 3151 1551 3199 esse
1601 3130 2045 3210 destinatum,
2099 3129 2259 3210 ubi,
2316 3141 2391 3198 ut
2438 3151 2518 3198 ex
2558 3129 2835 3200 coelesti
2896 3130 3166 3200 visione

612 3218 983 3298 didicenat,
1039 3219 1188 3307 ejus
1245 3218 1669 3288 institutione
1725 3219 1998 3288 animae
2062 3231 2341 3287 sanctae
2392 3218 2568 3287 irent
2623 3218 2707 3287 de
2765 3219 3005 3288 virtute
3079 3219 3157 3287 in

614 3307 954 3385 virtutem,
1011 3320 1087 3374 ut
1117 3305 1342 3375 videre
1378 3307 1640 3395 possint
1691 3311 1898 3375 Deum
1949 3306 2236 3376 deorum
2292 3308 2357 3375 in
2412 3307 2598 3376 Sion.
2652 3311 2719 3375 Is
2770 3306 2957 3376 locus
3002 3305 3158 3395 pla-

613 3394 757 3461 cuit
806 3394 1040 3462 beatae
1087 3394 1535 3475 Waldetrudi,
1567 3411 1632 3464 et
1679 3395 1861 3482 quod
1914 3395 2046 3485 ipsi
2094 3407 2272 3464 esset
2303 3394 2671 3474 indicatus,
2726 3397 2981 3484 gratias
3014 3416 3050 3463 e
3106 3396 3161 3464 it

613 3482 902 3561 ChristO,
978 3494 1042 3550 et
1090 3482 1274 3550 fideli
1326 3505 1517 3552 servo
1575 3485 1750 3574 ejuS‚
1807 3483 2101 3554 Gisleno.
2157 3489 2313 3553 Erat
2360 3484 2591 3552 adhuc
2669 3483 2975 3553 incultus
3036 3481 3157 3553 ile

613 3570 833 3650 locuS,
886 3583 950 3639 et
995 3591 1155 3640 cum
1204 3583 1335 3641 toto
1383 3573 1617 3641 animo
1661 3573 2042 3662 cuperetin
2084 3573 2493 3643 monasterio
2528 3571 2796 3662 degere,
2858 3572 3151 3642 misitad

613 3658 1070 3748 Hildulphum
1124 3659 1344 3729 virum
1379 3661 1706 3730 eximium
1724 3662 1780 3743 *‚
1820 3661 1941 3749 qui
1988 3660 2141 3747 ejus
2194 3675 2461 3750 neptem
2495 3661 2787 3731 habebat
2821 3661 2891 3729 in
2925 3662 3161 3730 matri-

612 3748 868 3829 monio,
924 3769 1130 3817 orans
1180 3761 1253 3817 ut
1292 3750 1361 3817 in
1412 3749 1780 3819 Castriloco
1827 3749 2145 3819 cellulam
2200 3749 2333 3839 ipsi
2382 3761 2845 3829 construeret,
2900 3749 2969 3818 in
3019 3772 3160 3837 qua

614 3850 861 3926 posset,
919 3849 1052 3906 toto
1101 3859 1143 3907 a
1176 3859 1246 3908 se
1284 3838 1541 3907 mundo
1574 3837 1874 3918 excluso,
1906 3839 2028 3907 uni
2080 3843 2210 3906 Deo
2246 3859 2507 3907 vacare.
2540 3837 2969 3928 Hildulphus
3002 3859 3160 3909 mox

613 3927 797 3996 venit
840 3926 924 3995 ad
974 3948 1133 3995 eum
1178 3925 1429 4006 locum,
1459 3939 1525 3996 et
1556 3926 1723 4014 quia
1771 3948 1903 3995 non
1947 3926 2309 4016 ignorabat
2341 3925 2544 3996 alieni
2572 3949 2734 3996 eum
2756 3928 2941 4016 Juris
2977 3948 3147 4007 esse,

611 4037 653 4085 a
703 4014 1026 4105 legitimis
1077 4015 1588 4104 possessoribus
1637 4015 1838 4084 illum
1889 4016 2075 4095 emit,
2129 4027 2195 4083 et
2243 4015 2727 4086 ibi-excelsam
2777 4017 3160 4086 construxit

613 4103 921 4182 domum,
980 4104 1048 4171 in
1086 4126 1223 4190 qua
1272 4103 1730 4175 waldetrudis
1780 4103 2026 4173 Christi
2088 4101 2351 4173 famula
2418 4105 2782 4175 habitaret.
2857 4103 2985 4175 Sed
3037 4104 3158 4175 illa

615 4191 788 4261 nihil
861 4192 1160 4262 sublime
1226 4206 1600 4283 appetens,
1683 4192 1977 4261 multum
2036 4192 2398 4263 abhorruit
2456 4209 2829 4284 conspecta
2899 4193 3151 4275 domo,

607 4281 919 4370 cogitans
969 4281 1213 4350 mundi
1263 4282 1591 4372 Opificem
1633 4280 1703 4350 in
1762 4294 2055 4372 angusto
2109 4280 2519 4352 collocatum
2585 4282 2959 4374 praesepio,
3016 4303 3155 4353 non

624 4408 650 4434 *
679 4407 950 4449 Praefectus
967 4408 1141 4456 regius,
1159 4406 1449 4449 admit-obuia
1470 4405 1741 4449 sanctitatis
1760 4409 2097 4459 religionisque
2115 4409 2203 4449 vir.
