3347 4999
847 332 929 394 94
1450 349 1525 394 DE
1566 347 1619 393 s.
1676 345 1961 392 scamno
2011 346 2250 392 Annam-3
2300 345 2631 392 nnoxmxffl
3032 329 3224 396 OCT.3

760 439 966 503 Porro
993 428 1286 522 s‘piritali
1317 431 1572 522 gaudio
1592 446 2054 520 compunctus
2077 429 2650 500 Archidiaconus:
2683 453 2718 495 «
2743 435 3016 512 Omnes,
3048 434 3223 520 inquit.

761 527 893 591 Deo
943 522 1198 610 gratias
1231 543 1545 611 agamu5‚
1587 519 1881 590 visitavit
1910 521 2093 588 enim
2149 540 2274 588 nos
2313 519 2543 588 oriens
2590 541 2670 587 ex
2723 518 2883 600 alt0,
2917 532 2982 589 et
3009 521 3224 591 obscura

759 612 1080 680 vitiorum
1116 609 1412 698 caligine
1461 609 1956 688 sordescentes,
2013 609 2180 677 tanti
2236 608 2503 697 patroni
2569 608 2870 697 gratuito
2923 609 3157 678 lumine
3187 614 3226 679 il·

761 699 1096 770 lustravit.
1152 704 1417 781 Quanta
1469 719 1625 767 vero
1660 698 1802 766 illic
1843 697 2137 766 extiterit
2164 696 2513 770 exultatio,
2559 709 2855 783 utroque
2896 698 3134 788 populo
3158 722 3224 788 pa·

759 789 922 858 riter
961 801 1396 878 congregato,
1452 788 1612 874 quis
1660 787 1917 876 scripto
1977 784 2320 875 explicare
2366 789 2620 873 queat?
2651 790 2818 854 Prae
2869 787 3083 855 nimia
3125 810 3223 856 sane

756 877 1012 947 laetitia
1063 876 1439 946 multorum
1472 875 1656 945 oculi
1690 874 2017 945 dulcibus
2057 874 2428 943 madebant
2469 875 2820 963 lacrymis.
2859 880 2937 943 Et
2971 877 3116 962 quis
3140 892 3225 944 tan-

755 966 909 1036 dem
945 966 1036 1036 ita
1087 964 1303 1035 ferreo
1358 965 1445 1034 sit
1496 976 1787 1054 pectore,
1842 977 1918 1033 ut
1967 963 2097 1035 sub
2145 963 2274 1031 hoc
2325 962 2715 1053 spectaculo
2769 963 2926 1051 piae
2973 986 3226 1052 compun-

754 1055 1007 1126 ctionis
1055 1076 1297 1143 expers
1359 1075 1507 1123 esse
1554 1053 1808 1140 queat?
1869 1051 2166 1122 Salutari
2217 1052 2317 1121 illi
2387 1052 2699 1122 sarcinae
2746 1052 2872 1121 alii
2927 1067 3072 1143 post
3121 1054 3224 1123 alios

757 1143 1145 1219 succedere,
1201 1141 1390 1211 illam
1444 1140 1543 1210 vel
1585 1141 2005 1241 contingere,
2062 1140 2471 1221 exosculari,
2514 1142 2849 1222 venerari,
2894 1143 3223 1211 muneribus

757 1233 1103 1322 prosequi,
1160 1231 1527 1321 provehere
1624 1243 1993 1320 ercuplunt
2047 1243 2110 1297 et
2167 1231 2531 1300 laetantur.
2588 1228 3218 1300 Psallebantalacres.

754 1322 1169 1391 resonabant
1222 1319 1532 1406 undique
1607 1318 1846 1390 audes.
1913 1322 2164 1388 Omnes
2214 1318 2482 1388 excelsa
2532 1340 2690 1387 voce
2738 1320 2814 1408 K,
2857 1322 2961 1388 rie
3008 1322 3218 1388 eleison.

755 1413 987 1480 Gloria
1034 1412 1103 1477 in
1151 1411 1436 1478 emcelsis
1486 1413 1638 1487 Deo,
1702 1414 1781 1476 Te
1829 1413 2037 1476 Deum
2089 1409 2474 1488 laudamus,
2527 1407 2813 1477 concine
2870 1421 3013 1476 ant.
3056 1411 3220 1477 Omnia

754 1500 897 1568 illic
949 1497 1409 1587 praepotentis
1445 1497 1558 1565 Dei
1608 1496 1936 1565 laudibus
1988 1498 2483 1584 personabant:
2538 1496 2843 1565 Aetheris
2879 1520 2999 1566 arx
3034 1497 3215 1566 reboat.

755 1601 1094 1656 concentu
1132 1601 1306 1656 terra
1348 1586 1656 1656 resultat.
1686 1586 1872 1674 Juga
1911 1585 2275 1662 montium,
2312 1585 2593 1654 vallium
2629 1607 2960 1674 concava,
2995 1587 3219 1654 densitas

758 1680 1117 1745 nemorum
1172 1675 1560 1764 reciprocas
1610 1674 1910 1743 reddunt
1959 1695 2176 1742 voces.
2235 1674 2465 1744 Illuxit
2515 1696 2622 1753 ne,
2681 1689 2886 1763 putas
2917 1732 2932 1754 ,
2967 1685 3216 1762 'unquam

756 1764 870 1835 lux
921 1765 1159 1834 laetior
1194 1766 1536 1851 usquam?

844 1861 881 1936 ἓ
934 1858 1104 1925 2⁰.
1157 1852 1299 1921 Tali
1328 1853 1540 1952 igi-tur
1578 1872 1737 1921 cum
1775 1851 2025 1938 jubilo,
2065 1863 2249 1921 tanto
2283 1872 2442 1918 cum
2477 1851 2779 1941 tripudio
2813 1852 3216 1922 Archidiaconz'

755 1943 1092 2022 humeris,
1150 1954 1473 2030 martyris
1523 1939 1854 2026 reliquiae
1909 1941 2154 2009 Bronio
2205 1939 2433 2009 illatae
2495 1952 2680 2019 sunt,
2735 1952 2943 2028 atque
2997 1943 3062 2010 in
3111 1942 3218 2009 beati

753 2033 929 2100 Petri
961 2030 1439 2120 Apostolorum
1479 2029 1815 2119 principis
1848 2030 2167 2108 oratorio,
2208 2028 2355 2097 loco
2386 2028 2722 2098 divinitus
2753 2030 2896 2099 illis
2930 2030 3214 2101 destinato,

755 2120 1114 2209 repositae.
1172 2125 1436 2200 Rursus
1499 2131 1726 2188 autem
1762 2117 2147 2188 offeruntur
2191 2139 2501 2186 munera.
2552 2119 3094 2207 promittuntque
3133 2139 3218 2185 ses

755 2212 820 2278 in
901 2222 1248 2299 posterum
1317 2209 1466 2297 ejus
1532 2207 1907 2296 patrocinia
1972 2207 2427 2277 libentissime
2481 2205 3074 2293 frequentaturos,
3131 2208 3216 2273 sive

753 2298 992 2368 crebro
1019 2296 1351 2365 adituros.
1398 2302 1487 2364 Ea
1523 2309 1658 2364 tam
1688 2295 2005 2384 Jucunda
2050 2295 2404 2364 translatio
2446 2295 2690 2365 incidit
2721 2296 2787 2364 in
2821 2297 3002 2366 beati
3029 2295 3216 2385 Agapiu

754 2386 1079 2475 martyris
1129 2384 1355 2466 feriaS,
1382 2384 1445 2454 id
1471 2397 1594 2464 est,
1622 2385 1883 2453 mensis
1908 2385 2192 2474 Augusti
2225 2383 2898 2455 decimumoctavum
2925 2385 3116 2454 diem.
3140 2388 3216 2451 Sta-

753 2488 976 2544 tutum
1013 2487 1112 2545 est
1160 2487 1386 2544 autem
1439 2496 1580 2545 una
1622 2473 1937 2543 omnium
1989 2486 2124 2543 tam
2179 2472 2350 2543 Cleri
2385 2495 2592 2559 quam
2632 2473 2872 2565 populi
2934 2471 3214 2544 sententia,

753 2578 828 2633 ut
873 2563 1244 2650 quotannis
1282 2563 1474 2633 cultu
1507 2561 1956 2633 celeberrimo
1991 2562 2354 2632 recolatur.
2393 2563 2730 2632 Omnibus
2765 2563 3006 2634 festivo
3036 2559 3216 2653 gaudio

752 2653 1083 2742 peractis„
1108 2652 1189 2722 ad
1236 2674 1359 2721 sua
1386 2653 1682 2739 quisque
1717 2673 2031 2721 reversus
2061 2666 2184 2721 est.
2219 2651 2549 2738 Quisquis
2575 2665 2799 2721 autem
2836 2653 3046 2740 huius
3070 2662 3214 2719 sancti

751 2742 1079 2831 suffragia
1130 2740 1263 2810 fide
1315 2763 1448 2809 non
1501 2740 1659 2809 ficta
1698 2741 1971 2830 expetit,
2007 2740 2316 2810 celeriter
2346 2761 2426 2809 ea
2460 2744 2838 2830 experitur:
2890 2738 3216 2833 gravissim?

752 2843 1036 2900 testante
1073 2830 1324 2899 vicinia
1356 2830 1570 2906 omni,
1625 2829 1710 2897 ab
1759 2850 1837 2898 eo
1876 2828 2010 2909 die,
2049 2852 2185 2917 quo
2219 2851 2297 2899 eo
2335 2829 2661 2899 advectus
2692 2843 2817 2911 est,
2854 2831 3068 2901 multa
3093 2829 3214 2924 ipsos

751 2922 1076 2988 inusitata
1114 2918 1426 2989 subsidia
1462 2918 1922 3008 persensisse:
1975 2930 2041 2987 et
2087 2932 2164 2988 ut
2209 2918 2560 3007 quondam
2614 2919 2681 2986 in
2735 2919 2979 2988 Galliis
3029 2939 3131 3008 per
3159 2933 3214 2980 in·

752 3030 1037 3077 numera
1091 3006 1585 3077 miraculorum
1636 3007 1837 3096 signa
1877 3006 2264 3076 beneficum
2316 3029 2387 3077 se
2433 3005 2769 3088 exhibuit,
2834 3004 3212 3097 quemadmig»

749 3097 913 3165 dum
988 3111 1324 3165 testantur
1389 3096 1455 3164 in
1527 3097 1784 3185 scripta
1842 3095 2053 3165 relata
2115 3095 2490 3166 miracula:
2559 3096 2653 3165 ita
2715 3097 2921 3166 etiam
2983 3112 3141 3164 nunc
3177 3108 3212 3155 ln

751 3186 1189 3275 Lotharingia
1246 3185 1710 3254 crebrioribus
1773 3185 2102 3254 virtutum
2155 3184 2642 3276 impendendis
2692 3184 3066 3265 beneficiis,
3116 3198 3212 3248 mu·

754 3274 1036 3343 nificum
1093 3295 1163 3342 se
1214 3274 1509 3362 praebet.

839 3366 874 3449 ξ
927 3366 1069 3434 ⁰21.
1139 3367 1215 3429 At
1274 3382 1428 3431 vero
1476 3362 1676 3453 longe
1717 3364 1985 3451 lateque
2022 3362 2349 3431 virtutum
2403 3383 2526 3432 seu
2577 3363 3062 3433 miraculorum
3115 3355 3210 3441 ejus

749 3451 931 3519 fama
985 3450 1562 3530 increbrescente,
1616 3452 1840 3542 coepit
1886 3451 1970 3520 ad
2043 3451 2193 3540 ejus
2244 3452 2645 3521 memoriam
2699 3452 3005 3540 undique
3067 3442 3212 3537 multa

747 3540 1109 3609 hominum
1162 3540 1386 3613 turba.
1430 3540 1713 3629 perinde
1759 3552 1835 3609 ut
1894 3562 2058 3631 apes
2107 3539 2192 3609 ad
2243 3538 2563 3620 alvearia,
2619 3541 2970 3611 confluere
3019 3557 3120 3635 pro
3155 3548 3246 3594 vt*

746 3629 942 3698 ribus
1005 3628 1301 3714 quisque
1366 3649 1652 3698 munera
1715 3629 2073 3699 offerentes
2129 3629 2345 3698 multa
2406 3651 2564 3698 cum
2634 3630 2850 3698 animi
2905 3630 3208 3719 devotione.

747 3717 1125 3786 Adventant
1174 3715 1458 3806 plurimi
1497 3729 1562 3786 et
1607 3739 1687 3785 ex
1738 3719 2145 3808 propinquis
2184 3732 2249 3787 et
2279 3740 2356 3787 ex
2394 3718 2794 3807 longinquis
2834 3718 3021 3798 locis,
3059 3723 3208 3781 vottva
3245 3764 3246 3779 i

746 3806 923 3874 dona
976 3805 1316 3895 permulta
1355 3818 1721 3896 apportant
1773 3807 2084 3896 piissimo
2137 3807 2443 3896 martyri,
2480 3806 2564 3876 ad
2619 3807 2890 3877 afflictis
2932 3800 3208 3877 ferendam

746 3917 942 3985 opem
999 3915 1271 3982 semper
1319 3895 1781 3982 paratissimo.

1141 4104 1492 4165 Adveniunt
1535 4103 1746 4175 multi,
1792 4106 2105 4166 commissa
2151 4106 2227 4166 ob
2270 4109 2525 4167 crimina
2573 4108 2824 4168 moesti:

1142 4182 1254 4244 Sed
1301 4185 1579 4263 precibus
1621 4186 1839 4256 sancti,
1885 4186 2144 4246 redeunt
2186 4187 2256 4245 ad
2305 4188 2539 4263 propria
2588 4187 2725 4248 laeti
2774 4187 2870 4247 ¹⁸¹...

1143 4262 1412 4336 Qualiter
1456 4265 1554 4326 hic
1597 4265 1773 4337 vixit,
1819 4264 2100 4343 quisnam
2145 4266 2506 4342 depromere
2553 4269 2770 4343 possit?

801 4465 826 4490 ³¹¹
857 4465 1092 4513 Quaedam
1114 4462 1360 4507 manifeste
1385 4467 1708 4508 commentitia
1726 4469 1773 4506 et
1794 4467 2007 4508 sabulosa
2027 4468 2294 4508 rescindere
2317 4467 2470 4507 visum
2492 4469 2578 4507 cst.
