3347 4999
697 302 820 366 504
1466 297 1560 365 'nn
1606 319 1662 366 s.
1717 316 2008 365 nssnwmit
2053 317 2247 365 vinna
2820 297 2991 364 OCT.
3050 299 3134 364 Π

602 401 903 490 quadam
957 402 1191 471 animi.
1234 401 1587 473 devotione
1641 402 1994 483 interfuit,
2049 423 2253 471 orans
2307 401 2575 471 interim
2637 400 2736 471 vel
2795 412 2929 471 toto
2978 423 3133 491 pro-

605 504 813 563 strata
858 511 975 561 cor
1025 512 1141 559 ore
1172 544 1188 571 ,
1234 489 1334 559 vel
1388 493 1847 581 procumbens
1901 492 1971 560 in
2021 512 2243 581 genua
2279 544 2295 571 ,
2349 488 2449 558 vel
2490 490 2676 560 ulnis
2723 491 3135 559 incumbens

603 579 865 650 humo:
918 602 962 648 u
1019 580 1039 648 i
1079 591 1224 648 tum
1270 601 1429 669 prae
1460 579 1814 649 devotione
1850 593 1915 649 et
1959 579 2175 648 animi
2209 578 2594 649 humilitate
2628 590 2844 648 terrae
2894 578 3136 667 pulve-

603 690 745 738 rem
785 668 1026 738 crebro
1077 667 1621 737 exosculabatur.
1675 668 2104 755 Quicumque
2160 666 2249 736 ad
2302 666 2450 753 ejus
2507 666 2736 736 aulam
2786 665 3138 737 venissent

605 756 1012 834 sacerdotes,
1065 755 1204 827 sive
1244 756 1586 826 seculares
1618 756 1719 824 illi
1766 767 2036 836 essent,
2098 755 2239 827 sive
2278 755 2602 845 religiosi,
2665 756 2771 824 vix
2817 776 3132 842 unquam

604 844 1073 935 subterfugere
1107 857 1436 934 poterant,
1466 846 1635 932 quin
1666 866 1894 914 coram
1930 844 2082 934 ipsa
2111 844 2529 914 sacrificium
2561 843 2901 913 offerrent.
2935 842 3134 926 Quod

605 935 665 1003 si
707 933 775 1002 in
806 933 964 1002 aula
998 933 1148 1002 e'us
1186 932 1449 1004 deesset
1478 934 1673 1023 copia
1708 932 2163 1013 sacerdotum,
2201 946 2528 1021 quantam
2565 932 2716 1022 ipsa
2747 931 2967 1013 vellet,
3001 954 3137 1001 un-

603 1021 991 1108 decumque
1084 1021 1271 1091 aberi
1323 1035 1654 1112 poterant,
1708 1022 2253 1101 accersebantur,
2304 1033 2381 1091 ut
2422 1021 2782 1091 Missarum
2819 1020 3136 1108 paucitas

605 1109 1064 1200 suppleretur,
1116 1131 1323 1198 quam
1376 1110 1492 1179 illa
1543 1132 1759 1197 aequo
1805 1110 2037 1179 animo
2074 1109 2248 1179 ferre
2296 1130 2430 1178 non
2488 1122 2764 1199 poterat.
2819 1113 2901 1179 Ut
2942 1109 3134 1178 enim

602 1198 941 1289 capellani
986 1213 1051 1268 et
1087 1199 1208 1285 qui
1262 1199 1332 1266 in
1387 1198 1538 1287 ejus
1586 1198 1968 1268 ministerio
2003 1210 2217 1279 erant,
2273 1199 2632 1267 Missarum
2684 1196 3134 1267 multitudine

604 1286 1106 1377 gravabantur:
1141 1288 1238 1356 sic
1274 1286 1399 1358 illa
1474 1299 1696 1356 ravate
1720 1286 1999 1368 ferebat,
2043 1287 2101 1356 si
2133 1286 2384 1358 multas
2425 1286 2672 1357 habere
2705 1308 2839 1356 non
2877 1298 3129 1376 posset.

607 1375 795 1446 Unde
827 1375 1110 1464 quidam
1143 1398 1179 1446 e
1215 1375 1401 1445 Clero
1488 1397 1564 1446 os
1598 1376 1684 1445 de
1717 1374 1834 1445 illa
1869 1397 2105 1445 versus
2132 1377 2553 1465 composuit:

1076 1517 1143 1580 In
1188 1519 1304 1579 sola
1350 1518 1517 1580 Missa
1565 1535 1685 1580 non
1731 1525 1820 1580 est
1862 1526 2136 1581 contenta
2182 1517 2419 1580 Ducissa
2451 1498 2504 1579 :-

1034 1671 1039 1677 ,
1073 1598 1224 1670 Quot
1264 1608 1408 1659 sunt
1450 1599 1812 1678 presbyteri,
1859 1607 1942 1659 tot
1986 1598 2186 1660 Missas
2227 1606 2391 1677 optat
2435 1597 2667 1659 baberi.

691 1730 726 1814 ξ
777 1732 918 1800 22.
988 1734 1151 1798 Cum
1204 1729 1452 1809 vellet,
1508 1729 1618 1799 die
1664 1729 1965 1817 quodam
1999 1783 2015 1810 ,
2073 1729 2309 1799 multis
2358 1730 2715 1799 Missarum
2767 1727 3131 1798 sacrificiis

604 1817 916 1886 animum
947 1839 1149 1888 suum
1174 1818 1536 1898 oblectare,
1571 1819 1937 1889 Martinam
1966 1818 2396 1909 capellanum
2434 1832 2594 1888 tunc
2627 1839 2858 1897 suum,
2901 1830 3124 1906 postea

604 1904 1195 1977 Vratislaviensem
1244 1907 1683 1988 canonicum,
1740 1907 1927 1976 misit
1959 1907 2042 1975 ad
2079 1906 2568 1976 accersendum
2616 1926 3123 1992 quemcumque

604 1993 1052 2074 sacerdotem,
1089 2007 1166 2064 ut
1212 2017 1441 2065 coram
1491 1994 1609 2064 illa
1657 1995 2095 2066 sacrificaret.
2151 1995 2272 2064 Ille
2308 1995 2626 2065 mandato
2659 1995 2835 2080 eJUS,
2874 1994 2988 2063 cui
3023 2016 3126 2062 re-

605 2083 730 2154 niti
779 2105 913 2152 non
954 2096 1199 2173 posset,
1252 2084 1680 2173 compulsus,
1724 2084 1916 2165 abiit,
1954 2105 2254 2170 casuque
2291 2095 2760 2154 occurrentem
2810 2082 2946 2172 ipsi
2991 2081 3130 2151 cal-

601 2194 762 2241 vum
805 2170 1148 2259 quendam
1205 2172 1617 2242 monachum
1657 2194 1738 2242 ex
1784 2194 2020 2241 eorum
2065 2194 2373 2253 numer0,
2411 2194 2584 2259 quos
2617 2176 2985 2241 Conversos
3013 2193 3132 2241 vo-

603 2274 805 2339 cant,
859 2260 979 2346 qui
1030 2276 1173 2332 tum
1207 2313 1222 2339 ‚
1275 2261 1678 2350 expediendi
1746 2260 2111 2361 cujusdam
2166 2282 2247 2330 ne
2298 2260 2414 2330 otii
2464 2264 2675 2331 causa
2711 2314 2727 2341 ,
2781 2260 2865 2328 ad
2919 2260 3129 2329 Ducis

603 2346 832 2417 aulam
900 2360 1209 2423 venerat,
1264 2349 1346 2418 ad
1396 2371 1545 2418 eam
1594 2348 1903 2418 adduxit.
1979 2355 2146 2418 Tum
2212 2348 2255 2418 il
2289 2372 2329 2418 a
2380 2371 2499 2439 pro
2548 2370 2673 2418 suo
2720 2347 3020 2419 candore
3066 2361 3133 2417 et

604 2435 1045 2525 simplicitate,
1092 2458 1225 2506 non
1276 2442 1683 2507 Conversum
1733 2459 1813 2508 ex
1861 2437 2147 2519 habitu,
2201 2438 2316 2509 sed
2369 2449 2634 2508 tantum
2682 2435 2958 2507 calvum
3007 2458 3126 2507 co·

603 2546 965 2612 gnoscens,
1017 2538 1401 2615 putansque
1454 2548 1610 2596 eum
1658 2549 1805 2596 esse
1853 2527 2318 2608 sacerdotem,
2376 2527 2637 2616 rogavit
2695 2526 2942 2595 obnixe
2973 2579 2995 2606 ,
3053 2537 3131 2595 ut

604 2613 879 2684 Missam
930 2614 1061 2704 ipsi
1108 2614 1381 2684 diceret.
1438 2613 1562 2685 Illo
1608 2615 2129 2706 obstupescente
2172 2630 2237 2686 et
2274 2616 2563 2696 dicente,
2597 2615 2780 2703 quod
2818 2635 2939 2683 nec
2976 2636 3131 2702 pre-

603 2701 856 2792 sbyter,
910 2724 1033 2772 nec
1068 2700 1403 2774 litteratus
1449 2716 1648 2782 esset,
1704 2704 1898 2773 beata
1930 2704 2269 2794 Hedwigis
2302 2726 2374 2774 se
2406 2705 2702 2774 sentiens
2740 2703 3123 2792 deceptam,

601 2790 957 2861 humiliter
981 2791 1067 2860 ab
1100 2813 1179 2861 eo
1215 2793 1476 2861 veniam
1513 2792 1726 2882 petiit,
1761 2792 2054 2862 ostendit
2106 2814 2190 2862 ue
2223 2814 2296 2862 se
2329 2815 2463 2862 non
2495 2792 2830 2862 illudendi
2861 2791 3124 2873 anime,

603 2879 721 2949 sed
773 2880 1158 2968 ignorantia
1206 2880 1273 2949 id
1315 2880 1596 2950 fecisse:
1636 2901 1836 2971 porro
1885 2880 2075 2970 capel
2109 2902 2240 2950 ano
2280 2882 2562 2952 comiter
2593 2881 2795 2951 dixit:
2833 2885 3129 2951 «Pareat

602 2967 721 3037 tibi
776 2973 999 3049 Deus,
1050 2969 1171 3055 qui
1222 2968 1391 3039 mihi
1454 2968 1552 3039 sic
1614 2969 2028 3059 imposuisti.
2076 2993 2113 3036 »
2173 2970 2588 3057 Hujusmodi
2650 2969 2835 3038 enim
2897 2970 3129 3039 verbis

603 3055 863 3127 solebat
934 3056 1432 3147 reprehendere
1478 3079 1592 3127 eos
1625 3112 1642 3139 ,
1695 3057 1816 3144 qui
1877 3057 1979 3127 illi
2047 3057 2426 3128 molestiam
2477 3071 2594 3127 aut
2640 3056 3127 3127 verecundiam

599 3145 1006 3228 attulissent,
1033 3159 1107 3216 ut
1124 3147 1269 3235 jam
1300 3168 1510 3236 supra
1536 3145 1821 3227 dictum,
1850 3167 2064 3233 quum
2092 3145 2178 3216 de
2205 3147 2354 3233 ejus
2383 3147 2706 3236 patientia
2734 3146 2939 3214 verba
2964 3144 3124 3214 feci-

602 3256 783 3303 mus.
816 3239 980 3305 Cum
1000 3247 1256 3321 quanta
1282 3249 1507 3305 autem
1536 3234 1752 3304 animi
1778 3235 2132 3305 devotione
2156 3235 2408 3306 divinis
2426 3235 2692 3316 officiiS‚
2722 3233 3123 3324 praesertim

602 3321 965 3391 Missarum
1014 3323 1454 3393 celebrationi
1502 3322 1906 3402 interfuerit,
1959 3323 2124 3393 satis
2169 3323 2520 3394 declarant
2566 3344 2700 3393 non
2751 3321 2973 3392 solum
3033 3320 3127 3390 la·

603 3430 875 3497 crymae
927 3422 991 3480 et
1049 3413 1355 3501 corporis
1406 3412 1913 3501 prostrationeS,
1964 3411 2049 3481 de
2093 3413 2347 3497 quibus
2393 3411 2695 3482 diximus
2732 3463 2746 3490 ,
2800 3411 2916 3482 sed
2968 3432 3126 3499 per·-

603 3495 819 3567 multa
868 3498 1069 3567 etiam
1135 3499 1450 3601 religiosa
1507 3522 1712 3590 opera
1766 3513 1830 3570 et
1900 3500 2010 3589 pia
2074 3500 2413 3570 exercitia.
2480 3499 2570 3570 Ad
2637 3521 2876 3569 omnes
2934 3499 3124 3567 enim

601 3586 864 3667 Missas,
916 3609 1087 3673 quas
1133 3587 1451 3668 audiret,
1507 3588 1606 3656 vel
1672 3611 1793 3678 per
1838 3588 2131 3678 seipsam
2192 3588 2455 3675 aliquid
2502 3587 2943 3669 obtulit,wvel
2996 3609 3122 3677 per

602 3673 859 3751 alium:
913 3688 1117 3763 atque
1164 3700 1204 3746 a
1257 3675 1648 3758 sacerdote,
1700 3676 1819 3764 qui
1868 3676 2287 3748 sacrificium
2337 3676 2622 3758 fecerat,
2679 3676 2983 3767 petebat,
3038 3689 3125 3745 ut

602 3785 852 3833 manus
911 3786 1075 3834 suas
1132 3765 1338 3853 capiti
1402 3765 1623 3855 ipsius
1689 3765 2116 3854 imponeret,
2177 3778 2242 3835 et
2301 3767 2481 3854 aqua
2537 3765 2890 3835 benedicta
2954 3785 3128 3834 con-

600 3867 966 3943 spergeret,
1022 3852 1170 3924 sine
1218 3852 1359 3923 ulla
1402 3853 1848 3923 haesitatione
1891 3853 2201 3936 credens,
2250 3875 2367 3943 per
2405 3854 2532 3924 hoc
2580 3877 2612 3923 s
2663 3853 2945 3924 ecialem
2994 3850 3130 3922 ali·

598 3962 803 4027 quam
873 3942 1161 4032 gratiam
1213 3964 1252 4011 a
1300 3943 1587 4011 Domino
1657 3964 1730 4013 se
1791 3954 2312 4032 percepturam,
2365 3955 2430 4012 et
2498 3964 2675 4012 maa
2731 3940 3129 4012 valetudine

596 4028 890 4099 levatum
944 4030 1066 4099 iri:
1120 4030 1187 4099 id
1259 4029 1440 4119 quod
1491 4030 1695 4100 etiam
1760 4031 2035 4121 saepius
2085 4031 2176 4100 ita
2220 4030 2487 4112 evenit,
2553 4044 2631 4101 ut
2678 4031 2828 4120 ipsa
2887 4042 3128 4120 postea

596 4116 1058 4189 familiaribus
1128 4119 1275 4189 suis
1337 4118 1676 4190 revelavit.
1746 4124 1976 4189 Frater
2021 4119 2417 4189 Herbordus
2461 4118 2919 4190 confessarius
2965 4117 3130 4206 ejus

597 4206 681 4276 de
728 4206 847 4276 illa
895 4207 1153 4278 solebat
1198 4209 1464 4279 dicere:
1510 4237 1535 4272 ι
1576 4213 1723 4291 Qua
1761 4207 2115 4278 devotione
2161 4220 2225 4277 et
2273 4208 2401 4277 fide
2449 4207 2654 4278 fuerit
2699 4207 2894 4277 beata
2941 4205 3128 4275 Hed—

595 4295 796 4386 wigis
840 4317 1004 4386 erga
1052 4296 1354 4368 officium
1407 4297 1647 4368 Missae
1704 4309 1769 4366 et
1831 4297 2493 4386 praestantissimum
2559 4295 2891 4366 Dominici
2956 4299 3130 4364 Cor-

596 4385 784 4475 poris
831 4398 1374 4467 sacramentum,
1430 4407 1630 4456 nemo
1678 4383 2069 4455 mortalium
2120 4384 2459 4476 explicare
2506 4396 2753 4476 posset.
2793 4407 2830 4452 »
2881 4384 3128 4454 Sciens
