3347 4999
746 367 870 431 ⁴46
1358 403 1361 406 -
1515 381 1592 427 ως
1641 381 1697 427 s.
1755 377 2099 426 rancisco
2149 378 2331 426 conr.
2940 360 3136 426 OCT.
3199 363 3232 425 4

656 490 792 536 non
857 478 1183 554 quaestus
1232 464 1561 554 agebatur
1624 463 2003 554 cupidine,
2076 463 2193 532 sed
2264 462 2549 553 spiritus
2603 463 2962 541 libertate,
3029 475 3236 551 pater

657 577 1068 646 pauperum,
1118 558 1314 634 DeuS,
1371 553 1740 642 specialem
1792 551 1877 621 de
1912 551 2063 642 ipso
2096 574 2334 621 curam
2379 573 2613 640 gerere
2665 551 3060 622 videbatur.
3104 558 3234 620 Ac-

654 644 819 713 cidit
866 644 1074 722 enim,
1130 654 1207 712 ut
1255 642 1655 711 infirmitate
1705 654 2029 731 gravatus
2081 641 2348 710 Domini
2399 645 2648 709 Servus
2677 642 2747 710 in
2799 640 2950 709 loco
3007 645 3229 709 Noce-

653 735 815 812 riae,
868 731 1307 801 reduceretur
1345 731 1677 800 Assisium
1717 751 1836 820 per
1866 728 2210 798 solemnes
2246 730 2560 810 nuncios,
2593 729 2676 798 ad
2713 731 2839 798 hoc
2869 729 3228 798 Assisina·

655 823 739 889 tis
770 820 1007 912 populi
1037 820 1392 889 devotione
1432 820 1896 888 transmissos.
1927 819 2056 900 Qui
2102 818 2345 887 Christi
2377 817 2715 888 famulum
2757 817 3222 892 deducentes,

653 910 736 978 ad
767 909 998 978 villam
1034 908 1408 995 quamdam
1446 907 1868 977 devenerunt
1900 906 2420 996 pauperculam,
2457 906 2735 976 nomine
2762 906 3218 984 Sathianum.

651 999 771 1068 ubi
822 1020 983 1068 cum
1035 996 1249 1066 sames
1296 1010 1360 1066 et
1391 997 1555 1066 hora
1604 996 1837 1065 cibum
1909 1008 2334 1085 expeterent,
2385 1009 2627 1066 euntes
2673 1008 2740 1064 et
2786 995 2964 1063 nihil
3027 996 3224 1062 inve·

652 1088 919 1156 nientes
946 1086 1204 1164 venale,
1247 1086 1441 1154 vacui
1472 1086 1844 1154 redierunt.
1884 1084 1974 1152 Ad
2017 1106 2191 1170 quos
2241 1085 2354 1152 Vir
2387 1097 2704 1154 sanctus:
2759 1108 2795 1149 «
2827 1083 2996 1152 Ideo
3038 1084 3220 1151 nihil

653 1176 1034 1254 invenistis,
1087 1175 1252 1261 quia
1303 1173 1460 1262 plus
1510 1176 1575 1242 in
1633 1173 1891 1242 muscis
1943 1174 2204 1253 vestris,
2257 1194 2465 1259 quam
2531 1174 2596 1241 in
2653 1173 2944 1242 Domino
2996 1173 3221 1242 confl-

655 1265 841 1335 ditis.
887 1288 920 1328 »
953 1270 1220 1333 Muscas
1255 1284 1501 1351 nempe
1528 1262 1847 1331 denarios
1879 1262 2179 1330 vocavit:
2220 1261 2404 1330 «Sed
2445 1262 2887 1341 revertimini,
2929 1261 3060 1340 ait,
3101 1283 3223 1350 per

652 1353 894 1422 domos
927 1375 1100 1440 quas
1139 1352 1505 1431 circuistiS,
1560 1365 1624 1420 et
1672 1372 1973 1420 amorem
2033 1351 2139 1418 Dei
2191 1352 2549 1420 offerentes
2601 1372 2721 1438 pro
2772 1350 3026 1438 pretio,
3085 1350 3218 1418 hu·

652 1443 904 1510 militer
950 1442 1453 1529 eleemosynam
1518 1439 1876 1527 postulate.
1935 1444 2062 1508 Nec
2111 1439 2282 1507 salsa
2342 1439 2405 1506 id
2475 1439 2956 1508 aestimatione
3025 1461 3216 1506 vere·

651 1531 961 1599 cundum
1014 1530 1264 1619 putetis
1312 1542 1429 1597 aut
1478 1528 1631 1609 vile,
1686 1529 2014 1614 quoniam
2050 1529 2370 1597 universa
2406 1529 2472 1595 in
2506 1527 3028 1616 eleemosynam
3070 1540 3218 1615 post

654 1631 1007 1707 peccatum
1061 1617 1291 1707 dignis
1324 1631 1387 1686 et
1440 1617 1747 1707 indignis
1778 1617 2362 1705 eleemosynarius
2395 1616 2511 1685 ille
2546 1638 2841 1706 magnus
2877 1615 3215 1704 largiflua

650 1707 895 1797 pietate
942 1707 1299 1776 concessit.
1339 1729 1374 1771 »
1431 1712 1791 1796 Deponunt
1838 1705 2380 1775 erubescentiam
2437 1705 2687 1774 milites
2721 1760 2737 1786 ,
2790 1718 2856 1773 et
2905 1703 3213 1774 eleemo-

651 1818 893 1884 synam
945 1807 1185 1883 sponte
1237 1807 1576 1884 petentes,
1638 1795 1838 1884 plura
1890 1816 2012 1883 pro
2081 1795 2191 1862 Dei
2244 1816 2512 1874 amore,
2565 1815 2772 1880 quam
2826 1793 3161 1862 denariis
3193 1848 3208 1869 ,

648 1898 909 1954 emunt.
966 1883 1317 1970 Siquidem
1356 1883 1589 1952 divino
1625 1896 1800 1952 nutu
1847 1883 2051 1950 corde
2083 1883 2479 1971 compuncti
2519 1904 2853 1971 pauperes
2899 1881 3208 1956 incolae.

653 1995 785 2041 non
841 1973 1062 2042 solum
1115 1994 1265 2050 sua,
1324 1972 1437 2039 sed
1482 1984 1545 2040 et
1594 1973 1856 2061 seipsos
1908 1971 2279 2041 liberaliter
2322 1971 2744 2041 obtulerunt.
2801 1971 3072 2058 Sicque
3125 1971 3214 2039 fa-

646 2076 832 2131 ctum
885 2075 1006 2136 est,
1062 2074 1137 2128 ut
1172 2061 1502 2148 inopiam,
1544 2083 1752 2147 quam
1792 2061 2083 2149 pecunia
2139 2060 2435 2128 relevare
2474 2082 2605 2128 non
2642 2072 2932 2150 poterat,
2995 2064 3211 2127 Fran-

647 2151 812 2218 cisci
858 2150 1220 2238 pauperies
1262 2148 1634 2237 suppleret.

735 2241 770 2323 ξ
808 2245 949 2309 51.
993 2243 1318 2325 Tempore
1345 2258 1481 2324 quo
1518 2237 2123 2328 infirmusjacebat
2148 2238 2215 2305 in
2245 2237 2632 2307 eremitorio
2666 2258 2874 2327 prope
2907 2243 3134 2310 Reate
3159 2243 3209 2318 ⁸,

648 2327 960 2394 medicus
1000 2325 1281 2413 quidam
1333 2338 1720 2416 opportuno
1750 2346 1906 2394 eum
1945 2324 2418 2412 frequentabat
2457 2325 2703 2396 offici0.
2758 2329 2930 2396 Cum
2968 2344 3210 2399 autem

648 2415 894 2482 Christi
944 2419 1209 2505 Pauper
1257 2415 1347 2481 im
1405 2429 1598 2485 otens
1646 2427 1822 2483 esset
1872 2413 1953 2482 ad
2003 2414 2508 2505 rependendam
2548 2414 2936 2484 mercedem
2979 2417 3213 2489 labori

645 2504 1088 2593 condignam,
1147 2503 1356 2572 libera
1393 2505 1677 2574 issimus
1721 2509 1916 2583 DeuS,
1973 2526 2056 2572 ne
2088 2505 2318 2593 ipsum
2372 2506 2520 2574 sine
2570 2506 2912 2593 praesenti
2968 2528 3210 2578 remu-

648 2594 997 2661 neratione
1027 2592 1398 2661 dimitteret
1434 2594 1622 2681 pium
1656 2594 1806 2679 ejus
1840 2593 2247 2679 obsequium
2302 2593 2426 2662 hoc
2465 2615 2636 2662 novo
2685 2592 3034 2665 beneficio
3072 2600 3210 2667 vice

646 2682 971 2770 pauperis
1019 2682 1511 2770 compensavit.
1567 2682 1794 2768 Hujus
1858 2682 2040 2750 enim
2095 2682 2342 2751 medici
2403 2682 2652 2751 domus
2690 2737 2704 2761 ,
2758 2704 2976 2769 quam
3041 2700 3205 2755 tunc

642 2771 969 2861 temporis
1018 2791 1097 2838 ex
1145 2770 1333 2838 omni
1387 2768 1577 2839 lucro
1618 2791 1745 2839 suo
1786 2770 1869 2838 de
1919 2792 2090 2838 novo
2138 2784 2632 2849 construxerat,
2680 2772 3028 2860 parietum
3095 2799 3206 2863 pa-

639 2859 781 2927 tula
831 2859 1160 2927 scissione
1208 2881 1246 2926 a
1298 2880 1571 2926 summo
1620 2880 1840 2945 usque
1895 2859 2265 2938 deorsum,
2336 2860 2505 2929 adeo
2566 2859 2649 2927 de
2699 2861 3020 2948 proximo
3081 2866 3202 2930 rni-

649 2948 938 3016 nabatur
988 2948 1308 3027 ruinam,
1363 2948 1545 3033 quod
1601 2969 1734 3015 non
1788 2947 2146 3017 videbatur
2197 2970 2314 3038 per
2363 2948 2705 3017 humanae
2755 2951 2927 3019 artis
2993 2952 3204 3020 indu·

638 3038 873 3105 striam
929 3036 1296 3126 possibile,
1353 3036 1572 3124 ipsius
1618 3037 1810 3105 casui
1861 3038 2156 3107 obviare.
2217 3042 2367 3125 lpse
2419 3058 2572 3105 vero
2621 3036 2705 3105 de
2762 3040 2992 3107 sancti
3063 3041 3200 3108 Viri

641 3126 899 3193 meritis
950 3125 1145 3214 plene
1195 3124 1596 3205 confidem,
1665 3147 1824 3195 cum
1894 3147 2180 3215 magnae
2245 3125 2403 3193 fidei
2453 3125 2809 3196 devotione
2910 3128 3118 3197 etivit
3164 3153 3200 3196 a

639 3214 841 3281 sociis
888 3214 1036 3299 ejus
1082 3213 1341 3300 aliquid
1375 3214 1504 3283 sibi
1555 3214 1865 3293 concedi,
1918 3212 2097 3301 quod
2145 3214 2322 3282 idem
2361 3214 2474 3281 Vir
2508 3216 2621 3283 Dei
2661 3215 2848 3282 mani
2903 3238 2996 3287 us
3035 3240 3201 3287 con·

637 3312 1008 3370 trectasset.
1063 3306 1227 3370 Cum
1284 3304 1491 3392 igitur
1541 3302 1889 3373 modicum
1933 3302 2018 3371 de
2048 3302 2319 3391 capillis
2360 3303 2581 3393 ipsius
2633 3303 2850 3372 multa
2896 3326 3193 3393 precum

637 3391 990 3459 obtentum
1046 3390 1390 3469 instantia,
1446 3393 1785 3480 posuisset
1831 3391 1915 3459 de
1963 3414 2114 3460 sero
2160 3392 2228 3425 *¹*
2280 3393 2459 3459 intra
2512 3392 2690 3460 muri
2740 3393 3139 3463 scissuram
3177 3450 3193 3469 ,

634 3500 837 3547 mane
882 3499 1330 3567 consurgens.
1386 3491 1567 3549 tanta
1620 3482 1877 3548 invenit
1923 3492 2316 3570 aperturam
2372 3480 2557 3548 illam
2623 3479 2976 3551 soliditate
3027 3505 3196 3552 con·

632 3568 925 3645 clusam,
963 3579 1038 3636 ut
1075 3588 1194 3635 nec
1229 3567 1553 3654 reliquias
1585 3569 1680 3637 ibi
1712 3570 1965 3657 positas
1998 3584 2224 3658 posset
2254 3570 2629 3647 extrahere,
2676 3591 2796 3637 nec
2832 3572 3196 3641 scissurae
3287 3596 3288 3671 l

636 3657 884 3745 prioris
934 3656 1292 3745 vestigium
1335 3657 1607 3742 aliquod
1650 3658 1974 3726 invenire.
2017 3662 2430 3744 Factumque
2461 3671 2585 3735 est,
2629 3670 2704 3726 ut
2736 3660 2859 3744 qui
2897 3662 3199 3730 ruinoso

630 3744 1041 3845 corpusculo
1073 3746 1256 3813 Servi
1293 3746 1401 3813 Dei
1444 3746 1678 3814 sedule
1720 3749 2160 3825 ministrarat,
2222 3748 2524 3816 ruiturae
2565 3746 2815 3818 domus
2854 3751 3190 3839 propriae

628 3834 934 3924 periculo
985 3847 1427 3922 praecaveret.
1486 3833 1627 3903 Alio
1673 3857 1943 3922 quoque
2003 3849 2304 3925 tempore
2354 3835 2466 3904 Vir
2517 3837 2627 3904 Dei
2672 3835 2753 3904 ad
2791 3839 3185 3923 quamdam

626 3944 932 3992 eremum
986 3921 1349 3992 transferre
1398 3944 1469 3991 se
1519 3924 1776 4001 volens,
1837 3938 1906 3992 ut
1963 3925 2054 3993 ibi
2098 3923 2384 3994 liberius
2433 3924 3009 4013 contemplationi
3066 3949 3183 3994 va-

625 4024 832 4091 caret,
872 4011 1034 4097 quia
1073 4011 1319 4080 debilis
1352 4025 1517 4089 erat,
1561 4013 1925 4101 cujusdam
1966 4013 2089 4082 viri
2132 4015 2454 4103 pauperis
2497 4015 2893 4083 vectabatur
2934 4016 3183 4085 asello.

625 4104 933 4187 Cumque
982 4100 1225 4171 diebus
1272 4100 1546 4169 aestivis
1581 4100 1941 4171 Famulum
1983 4101 2231 4171 Christi
2267 4103 2640 4188 sequendo,
2687 4102 2788 4170 vir
2830 4102 2948 4171 ille
2988 4126 3194 4173 mon-

624 4202 782 4257 tana
833 4188 1363 4269 conscenderet,
1416 4190 1787 4280 asperioris
1843 4204 1906 4258 et
1947 4189 2280 4279 longioris
2327 4192 2472 4260 viae
2522 4193 2760 4260 itinere
2794 4192 3184 4281 fatigatus,

624 4280 979 4364 nimioque
1034 4279 1181 4346 sitis
1242 4280 1484 4348 ardore
1550 4277 1931 4357 deficiens,
1989 4279 2319 4349 instanter
2365 4280 2588 4371 coepit
2654 4281 2962 4350 clamare
3030 4295 3194 4371 post

682 4442 865 4536 LRIigu,
879 4442 1221 4535 tantiqui«asima
1245 4442 1522 4481 Sabinorum
1541 4442 1669 4485 urbs,
1690 4439 1950 4492 episcopali
1973 4441 2083 4482 sede
2105 4444 2341 4483 exornata.

823 4506 870 4537 es
898 4524 908 4539 ,
940 4508 1121 4544 vespera.
