3347 4999
585 252 713 317 396
996 202 1001 207 -
1222 269 1300 314 nn
1348 268 1403 315 s.
1458 263 1833 315 nuncammo
1881 267 2129 314 nuamr.
2182 268 2282 314 Er.
2712 247 2884 314 OCT.
2940 250 3021 314 tt

495 366 650 425 ante
683 375 901 423 annos
926 353 1185 439 aliquot
1217 353 1285 421 in
1318 373 1598 423 suorum
1627 351 1967 420 sociorum
1992 351 2519 422 contubernium
2549 350 2929 433 advenisse,
2960 363 3027 421 et

494 466 573 514 ex
600 443 729 512 hoc
760 441 932 510 nihil
954 463 1263 528 unquam
1296 442 1363 509 in
1391 463 1469 509 eo
1494 440 1678 528 quod
1715 440 2087 529 pontificali
2118 440 2452 529 dignitate
2478 440 2821 509 videretur
2846 439 3023 508 indi·

494 553 737 622 gnum,
774 530 1127 620 reperisse.
1159 528 1249 598 Ad
1282 530 1445 598 haec
1473 535 1649 617 Papa
1684 529 2046 618 gloriosuS,
2078 529 2281 599 corde
2316 527 2644 615 vultuque
2665 530 2810 618 jam
2849 528 3026 597 hila-

491 621 634 690 rior
670 620 982 689 efl’ectus:
1036 641 1073 684 «
1115 623 1435 707 Agamus.
1479 617 1727 704 inquit,
1772 617 2034 698 fratreS‚
2079 619 2334 708 gratias
2376 617 2841 707 providentiae
2882 618 3026 687 Sal-

493 708 746 778 vatoris
777 708 1012 786 nostri,
1054 708 1239 793 quia,
1284 721 1360 775 ut
1388 729 1540 775 vere
1566 706 1842 787 dicitur,
1881 729 1918 775 a
1951 706 2116 775 solis
2146 720 2299 776 ortu
2326 728 2545 793 usque
2579 706 2663 775 ad
2700 728 3026 776 occasum

494 797 820 867 laudatur
868 817 1114 866 nomen
1160 795 1449 864 Domini.
1507 796 1600 864 Ab
1647 817 1901 865 occasu
1948 797 2215 864 venisse
2277 809 2582 875 testatur,
2637 817 2757 885 per
2814 816 3023 881 quem

494 886 723 955 divina
770 885 986 976 pietas
1026 884 1162 953 veri
1214 884 1378 953 solis
1426 897 1652 953 ortum
1706 883 1997 953 rudibus
2047 884 2464 953 ministrabit
2521 883 2821 974 populis,
2867 889 3030 952 Pro-

496 996 872 1061 sequamur
902 996 1064 1063 ergo
1112 972 1428 1042 alacriter
1477 993 1595 1062 per
1643 985 1953 1042 nostrum
2005 971 2334 1053 officium,
2388 971 2568 1058 quod
2614 973 2848 1041 divina
2881 994 3033 1041 cre-

495 1063 731 1132 dimus
791 1062 1221 1132 ordinatione
1279 1061 1747 1152 dispositum;
1827 1060 1944 1129 sed
1995 1076 2190 1130 antea
2255 1062 2609 1129 communi
2673 1061 3033 1130 devotione

496 1151 742 1221 Christi
804 1152 1161 1240 pulsemus
1213 1150 1672 1229 clementiam,
1725 1162 2066 1237 quatenus
2115 1172 2311 1219 suam
2366 1163 2595 1218 nostro
2647 1150 3032 1219 ministerio

498 1240 847 1331 porrigere
880 1239 1204 1329 dignetur
1236 1239 1607 1307 dexteram.
1650 1260 1685 1303 »

584 1332 620 1416 ξ
667 1331 744 1398 8.
787 1334 941 1398 Post
991 1328 1195 1406 haec,
1270 1328 1440 1395 inito
1486 1325 1775 1395 consilio
1839 1326 2407 1416 coepiscoporum
2438 1381 2453 1406 ‚
2523 1325 3017 1408 Cardinalium‚

498 1418 843 1503 totiusque
893 1416 1180 1485 Romani
1230 1416 1536 1495 Concilii,
1591 1426 1997 1483 cunctorum
2052 1415 2259 1484 corda
2308 1413 2514 1484 simul
2577 1427 2642 1484 et
2688 1436 2807 1484 ora
2843 1414 3028 1483 favo-

499 1505 806 1575 rabiliter
853 1504 1340 1574 concordantia
1375 1505 1508 1573 sibi
1544 1504 1825 1584 iuvenit‚
1863 1516 2204 1590 quatenus
2245 1503 2828 1593 Wirciburgensis
2862 1503 3026 1571 civi·

499 1608 600 1663 tas
632 1593 983 1663 orientalis
1015 1595 1361 1673 Franciae‚
1393 1591 1719 1661 cathedra
1753 1592 2193 1683 pontificatus
2228 1591 2715 1680 insigniretur;
2764 1613 3032 1662 necnon

497 1694 561 1752 et
609 1682 1073 1763 BurcharduS,
1121 1693 1257 1750 tam
1308 1680 1699 1750 excellentis
1752 1680 2120 1750 testimonii
2175 1682 2549 1768 presbyter,
2590 1680 2844 1749 ibidem
2895 1680 3037 1769 pri-

498 1793 656 1839 mus
704 1772 790 1840 ab
839 1772 989 1861 ipso
1028 1792 1303 1839 summo
1351 1769 1697 1839 sacerdote
1738 1770 2006 1858 praesul
2059 1768 2417 1838 ordinetur
2453 1782 2518 1838 et
2565 1782 3029 1838 consecretur.

498 1860 687 1941 Quod
744 1883 896 1930 mox
946 1860 1092 1949 ipse
1140 1881 1297 1927 cum
1360 1858 1550 1926 omni
1613 1858 1967 1926 devotione
2019 1871 2082 1927 et
2143 1858 2397 1958 gaudio
2470 1857 2839 1946 spirituali,
2899 1870 3037 1926 tota

499 1954 805 2018 Romana
856 1970 977 2017 coo
1029 1959 1260 2016 erante
1311 1946 1630 2027 Ecclesia,
1686 1945 2026 2017 festinavit
2059 1946 2461 2035 adimplere,
2518 1947 2780 2033 riteque
2834 1968 3031 2035 pera-

497 2049 682 2105 ctum
735 2041 978 2126 Aposto
1012 2036 1115 2104 ica
1162 2035 1583 2115 auctoritate,
1633 2035 1796 2104 ratis
1842 2043 2114 2121 quoque
2147 2049 2277 2103 tam
2315 2033 2768 2116 secularibus,
2822 2057 3035 2122 quam

498 2124 992 2195 Ecclesiasticis
1026 2123 1709 2213 adstipulationibuS,
1761 2124 2090 2192 canonice
2124 2146 2202 2192 ac
2242 2124 2396 2208 jure
2445 2124 2753 2214 gentium
2811 2123 3038 2193 modis

497 2213 825 2282 omnibus
874 2213 1139 2282 curavit
1175 2212 1607 2281 confirmare.
1646 2216 1809 2282 Nam
1854 2212 1973 2280 ubi
2024 2217 2088 2281 S.
2130 2212 2487 2281 Zacharias
2534 2212 2825 2282 electum
2866 2217 3037 2280 Bur-

498 2301 861 2380 chardum‚
917 2301 1161 2371 Christi
1204 2301 1573 2370 chrismate
1625 2301 1922 2390 propriis
1973 2302 2296 2370 manibus
2351 2300 2729 2389 perfusum,
2771 2301 3036 2369 Christo

500 2390 837 2459 christum
908 2389 1172 2459 Domini
1238 2390 1363 2459 sati
1415 2411 1496 2458 su
1551 2411 1759 2476 erque
1811 2388 2120 2478 mysticis
2174 2389 2782 2479 imprecationibus
2831 2389 2864 2424 ⁴*
2911 2394 3039 2458 Ec-

498 2477 878 2549 clesiastico
929 2501 1115 2548 more
1162 2499 1475 2547 commen
1533 2478 1667 2548 avit
1699 2491 1900 2565 atque
1934 2477 2247 2559 sacravit,
2337 2477 2662 2568 rivilegiis
2712 2499 2867 2548 eum
2909 2483 3041 2549 Ro-

501 2589 742 2637 manae
806 2567 1229 2637 auctoritatis
1296 2566 1716 2637 sufficienter
1762 2580 1998 2636 contra
2060 2569 2285 2656 impro
2339 2568 2532 2636 itates
2585 2568 3036 2656 reproborum

499 2656 825 2737 ari‘navit;
902 2656 1179 2725 monitis
1253 2656 1597 2744 paternis,
1661 2655 2008 2742 quomodo
2073 2669 2351 2746 paterne
2401 2656 2736 2725 novellam
2790 2655 3040 2725 Christi

498 2745 765 2814 vineam
813 2745 1166 2825 excoleret,
1217 2744 1575 2824 instruxit3
1618 2743 1915 2831 qualiter
1960 2746 2164 2813 etiam
2207 2766 2480 2833 parvam
2520 2745 2752 2814 adbuc
2785 2757 2850 2813 et
2885 2745 3035 2813 ine—

497 2835 889 2903 xercitatam
944 2832 1333 2902 naviculam
1387 2833 1562 2902 inter
1610 2833 1985 2902 immensos
2044 2833 2298 2902 fluctus
2361 2833 2576 2902 seculi
2648 2834 3028 2923 gubernet,

498 2922 863 3012 diligenter
900 2921 1366 2992 consolatione
1431 2922 1657 2990 Sancti
1725 2922 2018 3022 Spiritus
2067 2922 2420 2990 animavit.
2493 2921 2585 2991 Ad
2653 2935 3038 2990 extremum

498 3011 741 3080 litteris
769 3010 1374 3090 commendatitiiS,
1437 3032 1562 3079 suo
1621 3009 1950 3079 nimirum
2004 3009 2234 3100 sigillo
2293 3032 2478 3079 more
2519 3012 2849 3099 Majorum
2905 3010 3037 3078 im-

499 3101 779 3189 pressiS,
845 3099 929 3168 ad
1002 3098 1342 3188 Principis
1397 3099 1619 3189 Pipini
1692 3099 2092 3187 patrocinia,
2133 3112 2675 3186 cunctorumque
2723 3098 3036 3167 fidelium

498 3188 743 3258 Christi
787 3188 1085 3271 remisit;
1129 3200 1193 3257 et
1223 3187 1406 3275 quod
1444 3187 1769 3257 omuibus
1811 3187 1918 3257 his
1951 3187 2243 3267 excellit,
2291 3200 2685 3257 sanctorum
2723 3186 3037 3274 reliquiis

499 3277 585 3346 ad
644 3276 1186 3345 aedificationem
1256 3289 1321 3345 et
1384 3275 1662 3345 tutelam
1738 3297 1949 3345 novae
2015 3275 2354 3345 Ecclesiae
2416 3277 2690 3366 copiose
2767 3274 3029 3344 ditavit.

499 3364 755 3433 Deinde
813 3376 1095 3450 uterque
1136 3364 1406 3455 praesul
1469 3363 1860 3434 facultatem
1928 3364 2289 3434 recedendi
2332 3380 2574 3455 rogant
2606 3387 2643 3433 a
2683 3364 3030 3455 Magistro,

498 3453 786 3553 ejusque
838 3452 1127 3540 pedibus
1175 3452 1500 3533 advoluti,
1540 3453 2036 3523 benedictionis
2084 3452 2504 3553 Apostolicae
2538 3466 2773 3523 contra
2803 3452 3040 3522 omnia

380 3624 389 3632 .
497 3554 633 3612 tam
686 3542 1006 3610 instantis
1065 3541 1326 3610 itineris
1364 3540 1792 3623 discrimina,
1851 3563 2062 3628 quam
2121 3563 2442 3611 universa
2506 3542 2867 3629 utriusque
2912 3541 3038 3610 ho-

498 3629 709 3699 minis
746 3631 812 3699 iu
853 3630 1065 3717 hujus
1102 3629 1314 3701 seculi
1349 3629 1588 3720 pelago
1626 3630 1953 3718 pericula,
1985 3630 2286 3720 benigno
2322 3630 2733 3699 muniuntur
2764 3630 3034 3700 solatio.

499 3718 607 3788 Sic
641 3718 878 3806 utique
912 3718 995 3787 de
1027 3718 1317 3799 cunctis,
1360 3740 1481 3806 pro
1512 3718 1768 3805 quibus
1816 3732 2111 3801 venerat,
2156 3719 2501 3809 responsis
2542 3718 2858 3809 apprime
2891 3740 3040 3788 cer-

500 3806 757 3888 tificati,
803 3808 1113 3896 proprias
1146 3806 1228 3875 ad
1282 3807 1478 3875 sedes
1520 3807 1831 3887 redituri,
1880 3830 2040 3877 cum
2080 3807 2377 3876 maximo
2414 3807 2670 3898 gaudio
2713 3820 2876 3877 sunt
2907 3808 3040 3876 iter

495 3896 827 3997 aggressi.
886 3901 1069 3979 Quos
1119 3901 1471 3965 Romanus
1527 3895 1851 3976 Pontifex,
1918 3918 2052 3966 non
2121 3897 2270 3967 sine
2331 3896 2659 3986 lacrymis
2712 3909 3041 3984 paternae

497 3987 792 4085 pietatis,
849 3984 1251 4072 hujnsmodi
1288 3997 1690 4074 prosecutus
1739 3997 1841 4054 est
1883 3985 2165 4055 vocibus
2193 3999 2259 4055 et
2291 3984 2498 4054 votis:
2546 4008 2582 4051 «
2621 3989 2742 4064 Ite,
2782 3985 3035 4072 inquit,

489 4094 630 4161 Jam
676 4074 743 4140 in
802 4095 968 4160 pace
1008 4073 1278 4152 Christi,
1344 4072 1586 4142 fratres
1620 4073 1987 4154 carissimi,
2049 4085 2520 4163 cooperatores
2590 4095 2627 4142 a
2686 4074 2741 4143 ri
2808 4074 3041 4143 Domi·

502 4161 665 4241 nici,
713 4161 1158 4233 seminatores
1191 4162 1378 4257 yerbi
1411 4162 1650 4230 divini.
1692 4166 1956 4231 Crescat
1988 4175 2052 4230 et
2089 4162 2587 4253 multiplicetur
2650 4174 2886 4233 ructus
2937 4161 3046 4230 la-

495 4251 682 4322 boris
718 4250 947 4332 vestri,
972 4274 1120 4320 rore
1153 4251 1253 4319 vel
1281 4249 1502 4320 imbre
1526 4250 1827 4320 nutritus
1862 4249 2159 4341 Spiritus
2192 4251 2445 4322 Sancti.
2469 4255 2727 4334 Cavete,
2749 4272 3036 4338 quaeso,

545 4378 574 4408 ¹⁸
600 4375 820 4430 Inteutge
835 4376 1206 4421 buoeamtontbuc.
