3347 4999
224 337 392 403 OCT.
452 336 476 399 l
1077 350 1156 396 nn
1202 349 1259 396 s.
1312 348 1570 396 aninmo
1610 347 1902 396 Aacmm».
2582 331 2663 396 43

223 432 600 504 saturandi.
655 430 763 500 Sic
827 428 1350 499 mansuescebat
1396 428 1629 499 feritas
1675 428 1933 508 avium,
1976 413 2494 519 in‘operatione
2542 429 2754 499 virtu-

223 537 389 594 tum.
448 518 809 591 Delectatio
860 538 1158 603 namque
1207 515 1398 586 illius
1449 517 1604 587 talis
1648 532 1794 586 erat
1842 517 1908 584 in
1984 516 2327 588 hilaritate
2400 539 2745 599 carorum,

222 613 397 682 sicut
460 610 545 679 de
607 610 800 677 beato
857 607 986 675 Job
1037 605 1334 694 legimus
1367 659 1386 685 ,
1442 606 1772 693 quoniam
1836 626 1972 673 non
2021 606 2308 676 cadebat
2354 605 2473 676 lux
2520 606 2754 677 vultus

220 702 364 789 ejus
419 700 488 768 in
542 710 833 768 terram:
886 694 1049 781 quia
1100 694 1426 763 nimirum
1482 695 1547 762 in
1601 707 1788 764 tanta
1835 694 2163 783 gravitate
2211 695 2476 764 vultum
2526 708 2754 766 tenere

220 798 683 865 consueverat,
721 798 798 854 ut
846 803 1199 868 nunquam
1241 782 1744 872 contemptibili
1795 781 2045 852 laetitia
2097 784 2581 853 resolveretur:
2633 783 2752 853 sed

220 878 786 965 quotiescumque
838 871 1228 941 hilariorem
1281 893 1352 940 se
1403 870 1881 961 praesentibus
1926 871 2323 954 exhibebat,
2362 885 2543 942 certa
2577 893 2754 942 sem-

221 988 343 1068 per
389 966 516 1035 hoc
562 966 773 1034 causa
819 960 1136 1031 utilitatis
1182 981 1418 1029 eorum
1467 959 1739 1031 faceret.
1816 964 1916 1029 Ita
1963 971 2026 1029 et
2074 959 2185 1029 hic
2234 974 2537 1040 sanctuS,
2593 959 2755 1030 reli·
2831 987 2836 993 ·
2925 990 2929 995 ·

271 1077 414 1125 tosa
473 1054 800 1145 gravitate
864 1048 1204 1117 discretus
1268 1049 1334 1116 in
1395 1050 1767 1129 omnibuS,
1842 1069 1976 1117 non
2044 1050 2363 1119 vanitatis
2419 1049 2756 1136 jactantia

222 1079 389 1213 §aec
438 1143 536 1213 vel
587 1137 1037 1210 dissolutione
1083 1139 1365 1227 agebat:
1414 1136 1529 1207 sed
1573 1151 1648 1206 ut
1689 1137 1803 1207 Dei
1835 1136 2309 1207 ostenderetur
2340 1137 2589 1207 collata
2621 1136 2756 1207 sibi

222 1232 463 1324 gratia,
502 1245 565 1301 et
611 1228 698 1299 ad
747 1229 897 1317 ejus
937 1220 1238 1294 amorem
1275 1239 1340 1295 et
1378 1225 1613 1306 fidem,
1657 1226 1780 1312 qui
1816 1225 2155 1295 mirabilis
2186 1227 2254 1295 in
2294 1226 2551 1296 sanctis
2578 1226 2772 1306 sui5‚·

222 1343 450 1392 servos
498 1340 660 1390 suos
709 1315 942 1385 multis
992 1314 1215 1383 modis
1260 1314 1604 1384 consolari
1650 1337 1732 1383 ac
1775 1314 2145 1384 mirificare
2195 1315 2545 1406 dignatur,
2599 1335 2758 1385 suo-

222 1432 375 1480 rum
425 1408 647 1478 corda·
678 1406 1159 1483 excitarentur,
1212 1414 1277 1472 et
1325 1403 1515 1472 illius
1563 1403 1872 1473 servituti
1923 1425 1994 1473 se
2042 1405 2455 1493 propensius
2496 1402 2758 1472 manci-

222 1510 488 1590 parent..
538 1494 664 1566 Sed
716 1508 781 1563 et
830 1514 965 1561 non
1016 1493 1165 1560 sine
1213 1492 1761 1562 consideratione
1811 1491 2079 1562 videtur
2128 1491 2749 1593 praetereundum,

219 1610 346 1658 cur
392 1587 520 1657 iste
586 1596 867 1654 sanctus
915 1582 985 1649 in
1027 1580 1466 1669 jucunditate
1511 1602 1828 1651 carorum
1863 1635 1878 1661 ,
1931 1581 2236 1671 amphus
2294 1582 2365 1650 in
2439 1601 2759 1650 mansue·

224 1675 463 1746 tudine
509 1694 588 1743 ac
636 1672 946 1763 pastione
997 1690 1352 1769 passerum
1381 1723 1401 1749 ,
1456 1691 1665 1756 quam
1734 1669 2029 1739 aliarum
2097 1670 2327 1739 avium
2363 1669 2762 1739 ,delectaba-

222 1779 355 1835 tur.
407 1768 485 1832 Et
536 1774 612 1832 ut
669 1761 890 1850 primo
945 1756 1261 1827 dicamus
1309 1757 1739 1848 simpliciter,
1777 1757 1997 1829 solent
2041 1758 2356 1828 homines
2396 1758 2569 1829 alias
2602 1777 2760 1827 aves

222 1852 633 1923 domesticas
681 1849 932 1918 habere
980 1846 1050 1914 in
1100 1845 1424 1917 domibus
1471 1848 1641 1927 suiS,
1699 1868 2013 1937 passeres
2059 1859 2315 1928 autem,
2355 1846 2514 1917 licet
2553 1848 2620 1915 in
2665 1857 2804 1933 te-x

223 1942 376 2022 ctiS,
430 1941 610 2009 sicut
656 1937 979 2028 legimus,
1022 1949 1092 2035 et
1121 1934 1429 2007 videntes
1459 1936 1746 2016 scimuS,
1785 1936 2049 2005 soleant
2081 1935 2414 2017 habitare,
2451 1935 2763 2004 humana

225 2028 604 2123 gaudentes
653 2025 1020 2104 vicinitate,
1075 2036 1254 2094 intra
1302 2024 1544 2094 domos
1595 2037 1820 2094 tamen
1863 2046 2025 2096 suas
2064 2024 2477 2095 domesticos
2511 2023 2762 2093 habere

224 2140 361 2188 non
415 2117 653 2188 solent.
710 2113 899 2185 Unde
947 2125 1213 2183 constat
1259 2113 1424 2199 quia
1472 2114 1530 2183 si
1578 2134 1759 2195 ave5‚
1811 2134 1989 2200 quae
2035 2112 2106 2181 in
2156 2112 2480 2183 domibus
2527 2112 2763 2182 dome·

224 2207 433 2277 sticae
482 2206 717 2276 haberi
765 2202 1007 2282 solent,
1065 2200 1135 2269 in
1189 2223 1404 2271 manu
1454 2215 1779 2291 pasceret,
1819 2224 1943 2291 pro
1982 2201 2175 2271 nullo
2226 2202 2593 2271 baberetur
2633 2201 2762 2270 mi-

222 2295 482 2376 raculo,
528 2316 649 2364 nec
696 2305 895 2371 esset,
954 2290 1138 2360 unde
1186 2291 1710 2361 convivantibus
1747 2290 2163 2381 Jucundatio
2216 2290 2622 2381 proveniret.
2679 2295 2760 2358 In

225 2384 506 2454 domum
554 2403 829 2470 quoque
877 2380 1308 2449 secretiorem
1351 2378 1507 2448 aliis
1545 2379 1812 2460 avibuS,
1848 2401 2023 2467 quae
2056 2378 2239 2466 iptra
2286 2379 2608 2450 cubicula
2641 2377 2762 2447 do-

228 2472 550 2542 mesticae
605 2468 840 2541 baberi
894 2489 1023 2539 non
1078 2467 1338 2550 solent,
1384 2468 1517 2539 nisi
1576 2468 1994 2558 passeribuS,
2042 2468 2162 2556 qui
2231 2468 2301 2538 in
2361 2468 2579 2550 tectis,
2629 2467 2761 2537 hu-

229 2582 436 2629 mana
486 2559 828 2628 vicinitate
875 2556 1296 2648 gaudentes,
1353 2557 1662 2627 habitare
1709 2558 1979 2638 solent,
2033 2557 2117 2627 ad
2172 2558 2349 2628 hanc
2406 2578 2600 2627 servo
2650 2557 2763 2625 Dei

229 2647 547 2805 divinar}
587 2646 903 2717 collatam
945 2645 1232 2734 gratiam
1265 2643 1901 2729 demonstrandam,
1937 2646 2229 2718 facultas
2261 2669 2394 2717 non
2427 2659 2573 2717 erat
2605 2667 2766 2715 con-

226 2758 470 2806 venien
531 2758 576 2804 ι.
2173 2759 2191 2770 ·

313 2828 349 2912 ξ
401 2831 525 2897 112
582 2823 705 2894 Sed
759 2822 815 2892 si
856 2819 1064 2891 altius
1102 2820 1364 2909 aliquid
1415 2823 1485 2892 in
1535 2823 1666 2894 hoc
1706 2825 1924 2895 sancti
1962 2825 2073 2894 Dei
2122 2825 2298 2894 facto
2335 2821 2757 2914 perscrutari

223 2914 591 2995 volumuS,
646 2910 1029 3001 intelligere
1077 2932 1487 3001 possumuS,
1539 2913 1708 2999 quia
1756 2913 1987 2984 nullae
2034 2935 2191 2982 aves
2244 2926 2376 2982 tam
2431 2933 2635 3001 saepe
2690 2910 2763 2979 in

225 3003 370 3073 Scri
427 3002 598 3073 turis
655 2998 1271 3080 commendantur,
1322 3000 1501 3070 sicut
1563 3024 1820 3091 passer,
1863 3000 2186 3070 columba
2224 3013 2289 3070 et
2340 3013 2592 3069 turtur.
2643 3003 2764 3069 Co-

226 3025 465 3160 lumssa
513 3088 771 3181 quippe
816 3101 882 3158 et
930 3101 1204 3169 turtur,
1259 3109 1436 3175 quae
1482 3091 1783 3182 gemitus
1884 3110 1955 3157 ro
2002 3102 2213 3159 cantu
2259 3087 2461 3158 edere
2512 3087 2756 3170 solent,

225 3179 666 3266 quia-luctus
714 3190 1109 3247 sanctorum
1160 3177 1228 3245 in
1283 3179 1625 3266 praesenti
1676 3200 1836 3249 secu
1867 3199 1930 3257 0,
1972 3191 2036 3247 et
2066 3199 2372 3268 superna
2418 3175 2765 3247 desideria

227 3289 352 3358 per
406 3281 698 3337 secretas
756 3268 1145 3336 orationum
1211 3264 1555 3356 lacrymas
1586 3322 1601 3347 ‚
1654 3279 1720 3336 et
1767 3280 2011 3337 cantus
2059 3267 2392 3337 ecclesiae
2443 3266 2761 3356 publicos

227 3355 613 3447 designent.
665 3361 904 3425 Passer
949 3375 1107 3423 vero
1155 3355 1300 3424 avis
1346 3378 1631 3446 corpore
1683 3377 1924 3456 parva,
1980 3354 2095 3426 sed
2150 3356 2446 3425 maxima
2497 3354 2768 3445 sagaci-

230 3458 365 3514 tate
411 3445 726 3524 sollicita,
765 3465 943 3531 quae
976 3464 1100 3511 nec
1134 3441 1333 3514 facile
1371 3443 1636 3531 laqueis
1685 3446 2012 3526 irretitur,
2058 3466 2184 3514 nec
2230 3466 2351 3535 per
2384 3442 2763 3533 ingluviem

227 3532 506 3615 ventris,
558 3554 869 3604 escarum
921 3532 1295 3603 ambitione
1340 3532 1490 3603 deci
1547 3532 1708 3602 itur.
1760 3537 1939 3603 Haec
1983 3545 2257 3624 propter
2289 3531 2761 3602 infirmitatem

232 3644 429 3692 suam
463 3676 478 3701 ,
533 3643 618 3691 ne
680 3635 800 3691 aut
860 3622 1010 3711 ipsa
1057 3643 1099 3690 a
1145 3641 1272 3692 suo
1345 3622 1478 3691 insi
1534 3621 1747 3691 iatore
1793 3622 2153 3712 capiatur,
2207 3633 2326 3691 aut
2370 3621 2550 3690 fetus
2619 3621 2770 3711 ejus

229 3710 641 3800 serpentinis
688 3709 1102 3788 devorentur
1149 3709 1446 3791 insidiis,
1499 3709 1583 3780 ad
1634 3710 1999 3781 domorum
2049 3710 2325 3802 fastigia
2373 3708 2558 3780 celsa
2605 3731 2768 3778 con-

226 3799 470 3868 currit.
507 3798 683 3869 Huic
731 3798 973 3868 merito
1023 3797 1329 3889 prudens
1375 3810 1440 3867 et
1489 3798 1775 3870 humilis
1807 3800 2104 3902 quisque
2138 3811 2605 3888 comparatur,
2644 3798 2766 3886 qui

223 3886 608 3959 diabolicae
651 3886 1047 3958 calliditatis
1095 3886 1374 3957 fraudes
1418 3887 1692 3978 fugiens
1722 3943 1739 3971 ,
1791 3887 2047 3978 vigiliis
2094 3901 2160 3958 et
2205 3887 2636 3957 orationibus
2683 3908 2766 3956 ac

228 3976 685 4067 poenitentiae
731 3975 1059 4067 lacrymis
1107 3975 1287 4046 intra
1335 3987 1610 4047 sanctae
1657 3978 1996 4048 Ecclesiae
2030 3990 2211 4066 septa
2249 3997 2321 4045 se
2363 3975 2638 4046 munire
2668 3973 2769 4045 fe-

230 4065 462 4134 stinat.
518 4064 928 4155 Redemptor
972 4065 1177 4135 etiam
1227 4075 1292 4135 et
1341 4065 1645 4136 Salvator
1694 4079 1923 4137 noster
1954 4087 2026 4136 se
2058 4085 2402 4155 passerem
2440 4064 2769 4154 dignatus

227 4164 332 4223 est
378 4152 773 4245 designari,
827 4153 1188 4225 Psalmista
1233 4167 1436 4237 teste,
1488 4155 1610 4242 qui
1657 4155 1871 4226 dicit:
1924 4156 2185 4224 Etenim
2229 4175 2465 4245 passer
2511 4154 2771 4231 invenit

231 4243 367 4310 sibi
408 4243 699 4312 domum.
770 4242 918 4312 Jam
970 4243 1228 4333 quippe
1289 4263 1527 4334 passer
1572 4244 1857 4314 domum
1909 4243 2040 4312 sibi
2092 4243 2397 4323 invenit,
2449 4242 2613 4329 quia
2660 4262 2772 4311 ae-

233 4329 414 4400 terni
457 4330 631 4401 coeli
678 4331 1148 4402 habitaculum
1200 4344 1427 4404 noster
1461 4333 1872 4423 Redemptor
1912 4331 2224 4400 intravit:
2267 4331 2385 4400 ubi
2418 4330 2641 4401 factus
2669 4341 2771 4398 est

238 4418 418 4490 sicut
464 4441 700 4512 passer
746 4420 1097 4492 solitarius
1141 4421 1213 4492 in
1269 4435 1462 4507 tecto,
1514 4421 1681 4511 quia
1744 4420 1937 4492 solus
1986 4420 2162 4491 inter
2212 4431 2518 4491 mortuos
2567 4418 2762 4500 liber,
