3347 4999
732 315 862 383 660
2853 312 3056 381 oeT.
3117 315 3216 381 23

761 517 1094 621 SERMO
1162 519 1289 619 DE
1355 518 1445 619 B.
1498 516 2008 618 SEVERlNO
2078 515 2666 617 COLONlENSl
2747 518 3068 618 EPlSC.

641 775 720 824 11
763 772 1060 829 Amtouls
1107 769 1268 819 SANB
1320 770 1460 818 HSS.
1512 769 1840 818 columnus
1894 768 2295 819 ntsctttt’ws.
2344 769 2658 818 rusum!
2711 770 2771 818 S.
2821 771 3207 820 sueonos

728 877 1117 928 ‘ruttonmsts
1164 875 1500 925 EPlSCOPUS
1545 875 1967 940 munnam!
2023 874 2465 925 rutsmtttuu
2513 878 2711 925 HUIUS
2757 879 2942 926 nun
2993 880 3205 927 SBVB·

727 986 863 1034 mut
895 983 1248 1034 scalpsisslt
1279 982 1507 1030 Vtut:
1561 982 1675 1030 SED
1723 982 1936 1030 UTRU!
1983 980 2063 1030 BA
2110 983 2329 1040 nxrltr,
2368 983 2806 1032 lncoursstt'ruu
2854 986 3194 1034 HABESUS.

728 1091 896 1149 QUAE
944 1092 1155 1140 Auru
1217 1089 1368 1137 mnu
1430 1087 1784 1136 antenatus
1831 1090 1908 1136 1>ss
1954 1088 2075 1138 HOC
2122 1089 2529 1138 sancussmo
2583 1090 2728 1139 vitto
2773 1087 3195 1154 manavir,

729 1199 810 1245 u
854 1197 976 1248 Nos
1022 1196 1294 1246 salmom
1342 1195 1492 1244 nuic
1540 1194 1970 1244 sumtctssnus.

1099 1374 1287 1431 Obiit
1324 1373 1524 1430 initio
1567 1386 1703 1429 soc.
1750 1373 1810 1425 V
1839 1401 1913 1413 —
1953 1374 2037 1429 In
2076 1372 2450 1441 Aquitania
2488 1375 2712 1430 natus.

733 1572 771 1658 9
817 1575 895 1642 ¹.
951 1569 1282 1638 Dominus
1342 1590 1423 1639 ac
1471 1567 1886 1658 Redemptor
1935 1579 2203 1648 noster,
2258 1579 2468 1656 caput
2515 1569 2722 1637 totius
2769 1567 3194 1640 universalis

646 1658 1007 1740 Ecclesiae,
1044 1679 1299 1749 corpus
1323 1680 1528 1728 sunm
1570 1672 1705 1726 toto
1736 1659 1899 1726 orbe
1931 1656 2324 1746 dispersum
2366 1658 2546 1726 sicut
2584 1657 2812 1725 divina
2856 1673 3194 1745 potestate

641 1747 1001 1830 condidit,
1060 1748 1150 1816 ita
1214 1747 1526 1837 piissima
1575 1748 2074 1834 gubernatione
2123 1745 2445 1815 custodit.
2525 1747 2713 1815 Unde
2759 1760 2824 1814 et
2873 1746 3191 1816 firmiora

647 1836 980 1916 membra,
1019 1836 1413 1905 consultum
1447 1835 1483 1872 '¹‘
1515 1835 2106 1912 imbecillioribus,
2156 1834 2576 1904 infirmitatis
2610 1835 2955 1903 humanae
2989 1857 3193 1923 prae·

644 1925 855 2005 scius„
897 1926 962 1993 in
1002 1938 1138 1995 toto
1171 1923 1433 1994 mundo
1476 1924 1867 2011 praevidere
1900 1924 1965 1955 ⁸⁸
2002 1922 2331 2014 dignatus
2367 1935 2488 1992 est.
2530 1923 2798 2006 Quibus
2823 1924 3032 1991 etiam
3071 1946 3193 2012 pe-

648 2013 1186 2105 regrinantibus,
1239 2025 1304 2082 et
1350 2013 1560 2102 capiti
1607 2034 1731 2083 suo
1792 2012 2327 2100 suspirantibus,
2393 2034 2749 2098 nunquam
2797 2033 2868 2080 se
2905 2011 3191 2081 defutu-

650 2124 804 2171 rum
856 2123 1007 2171 esse
1054 2100 1395 2189 promisit,
1433 2100 1672 2170 dicens
1710 2100 2074 2189 discipulxs
2101 2101 2285 2169 suis:
2322 2105 2485 2170 Ecce
2517 2124 2638 2203 eqo
2667 2102 3003 2170 vobiscum
3031 2124 3189 2170 sum

650 2192 950 2260 omnibus
996 2191 1249 2270 diebus,
1299 2212 1509 2280 usquc
1556 2191 1648 2259 ad
1692 2191 2318 2259 consummationem
2362 2193 2574 2259 seculi
2619 2190 2880 2267 (Mami.
2921 2192 3182 2278 xxviii).

648 2280 1051 2348 Consolatur
1080 2299 1242 2379 ergo
1275 2279 1612 2357 infirmos,
1654 2293 1730 2346 ut
1777 2278 2103 2359 diximus,
2152 2280 2487 2367 majorum
2525 2279 2890 2366 adjutorio,
2947 2293 3026 2347 ut
3071 2303 3188 2348 eo·

648 2387 801 2436 rum
861 2366 1452 2436 admonitionibus
1517 2366 1909 2445 exercitati,
1977 2366 2247 2436 discant
2310 2367 2923 2453 peregrinationem
2976 2389 3181 2436 suam

648 2475 1085 2546 cognoscere,
1137 2468 1202 2525 et
1252 2454 1538 2546 patriam
1589 2454 1945 2525 coelestem
1996 2454 2409 2525 desiderare.
2459 2460 2601 2526 Hoc
2645 2472 2918 2527 sanctos
2955 2474 3183 2544 patres

648 2560 944 2624 nostros,
980 2567 1108 2615 suo
1144 2564 1488 2632 quemque
1529 2545 1697 2619 loco,
1738 2543 2177 2614 laudabiliter
2209 2545 2436 2614 studio
2474 2545 2860 2615 deseruisse
2890 2567 3026 2615 non
3054 2546 3187 2614 du·

648 2633 994 2703 bitamus:
1032 2650 1329 2721 quorum
1366 2648 1442 2703 ut
1476 2634 1872 2703 memoriam
1909 2634 2308 2703 solemniter
2337 2633 2783 2712 celebremus,
2828 2635 3075 2723 partim
3103 2657 3186 2704 ex

648 2722 1030 2791 litterarum
1082 2721 1702 2803 commendatione,
1752 2725 1995 2823 partim
2036 2744 2116 2791 ex
2152 2724 2493 2809 majorum
2533 2722 2894 2791 traditione
2927 2724 2994 2791 in
3032 2744 3187 2792 con-

646 2810 1014 2880 suetudine
1043 2812 1401 2881 babemus.
1436 2815 1620 2893 Quos
1650 2832 1812 2898 quta
1847 2811 2171 2880 Dominus
2193 2810 2463 2880 coelesti
2499 2810 2716 2898 gloria
2748 2811 3178 2891 sublimavit,

649 2912 920 2968 nostrae
945 2922 1217 2987 quoque
1246 2901 1312 2969 in
1348 2914 1752 2990 perpetuum
1788 2899 2225 2970 honorandos
2252 2902 2619 2968 memoriae
2644 2900 3179 2969 commendavit.

644 2988 841 3059 Tales
871 2989 1169 3075 denique
1216 2990 1285 3057 in
1326 2987 1801 3058 aedificatione
1851 2988 1956 3058 sui
1999 2988 2215 3057 sancti
2267 2990 2575 3078 corporis
2628 2989 2985 3059 ministros
3030 3010 3181 3058 esse

644 3076 1026 3156 constituit,
1063 3099 1359 3164 quorum
1403 3076 1865 3146 sollicitudine
1897 3077 2376 3147 custodiantur
2421 3076 2640 3156 electi,
2698 3093 2764 3147 et
2824 3080 2918 3148 ab
2946 3096 3181 3178 aperta

650 3166 1075 3255 grassatione
1105 3169 1550 3236 coerceantur
1580 3167 1898 3256 perversi.
1933 3166 2058 3248 Qui
2094 3166 2405 3235 videlicet
2428 3187 2701 3257 gregem
2743 3166 3179 3235 Domintcum

646 3275 689 3322 a
750 3251 1069 3343 luporum
1131 3255 1406 3325 insidiis
1457 3254 1937 3345 praedicandO,
1984 3268 2158 3323 recte
2189 3255 2537 3343 operando
2568 3268 2631 3323 et
2663 3254 2925 3324 orando
2964 3271 3178 3345 prote-

651 3356 911 3431 gentes,
970 3364 1095 3411 suo
1148 3344 1430 3413 Domino
1478 3342 1726 3413 talenta
1778 3342 2034 3413 credita
2090 3366 2247 3412 cum
2313 3342 2504 3413 lucro
2558 3355 3003 3433 reportanteS,
3043 3366 3172 3413 non

648 3428 876 3499 solum
933 3451 1053 3521 pro
1104 3432 1249 3500 suis
1299 3432 1584 3513 meritiS,
1619 3431 1733 3502 sed
1769 3444 1833 3502 et
1872 3453 1992 3522 pro
2015 3432 2541 3501 commissorum
2589 3431 3035 3518 profectibus,
3068 3432 3171 3502 sui

649 3518 924 3588 Domini
973 3520 1305 3609 gaudium
1344 3521 1598 3589 intrare
1640 3534 2012 3591 merentur.
2057 3520 2182 3603 Qui
2218 3520 2419 3588 etiam
2458 3519 2859 3589 sublimiora
2911 3521 3057 3590 loca
3104 3521 3165 3589 in

650 3621 888 3676 sancta
951 3607 1288 3709 Ecclesia,
1314 3609 1719 3689 sortiuntur,
1781 3622 1859 3679 ut
1903 3609 1990 3678 ab
2045 3609 2369 3679 omnibus
2419 3609 2517 3678 vel
2560 3608 2880 3711 exempli,
2924 3610 3025 3678 vel
3062 3609 3173 3679 do-

642 3696 911 3765 ctrinae
959 3697 1180 3787 gratia
1216 3697 1595 3766 videantur.
1647 3703 1850 3768 Nemo
1882 3698 2091 3780 enim,
2131 3711 2208 3767 ut
2252 3699 2347 3766 ait
2390 3698 2716 3775 Dominus
2764 3720 2832 3766 tn
2888 3703 3177 3784 Evange-

650 3784 768 3863 lio,
823 3789 1167 3856 lucernam
1216 3788 1538 3867 accendit,
1591 3798 1653 3856 et
1710 3788 1781 3855 in
1823 3788 2199 3857 abscondito
2247 3787 2455 3877 ponit,
2503 3809 2714 3877 neque
2757 3788 2878 3856 sub
2916 3788 3178 3857 modim

648 3874 767 3944 sed
782 3896 984 3966 super
1011 3876 1513 4052 ccgndclabrum,
1542 3886 1619 3945 ut
1643 3878 1767 3967 qui
1781 3877 2276 3966 inyrcdiuntur,
2307 3878 2530 3944 lumen
2554 3876 2822 3945 videant
2844 3877 3115 3966 (Μαίη.
3148 3900 3185 3945 v

642 3976 717 4033 et
751 3969 905 4032 Luc.
944 3987 1056 4032 vni
1097 4015 1111 4030 .

739 4054 775 4137 ξ)
832 4058 918 4122 9.
986 4056 1072 4121 De
1132 4074 1425 4139 quorum
1488 4052 1966 4143 probatissima
2017 4052 2333 4121 societate
2382 4052 2652 4122 beatum
2721 4053 3175 4136 Severinum,

648 4138 873 4207 virum
935 4139 1255 4211 honestae
1292 4142 1487 4221 vitae,
1529 4155 1597 4210 et
1652 4164 1771 4230 per
1801 4155 2046 4231 cuncta
2106 4142 2544 4221 laudabilem,
2583 4141 2790 4228 cujus
2848 4141 3182 4214 hodierna

649 4224 760 4293 die
799 4226 965 4297 festa
1019 4230 1460 4320 percolimus,
1498 4230 1978 4321 Agrippinensi
2032 4232 2607 4320 praedestinatum
2644 4230 3009 4311 Ecclesiae,
3049 4231 3181 4300 ele·

641 4315 872 4384 ctione
918 4332 983 4387 et
1014 4340 1355 4389 consensu
1403 4319 1574 4390 Cleri
1619 4321 1823 4391 totius
1876 4340 1955 4390 ac
2012 4319 2245 4409 populi
2304 4342 2612 4409 praeesse
2647 4320 3182 4393 misericorditer

700 4442 729 4471 ⁴
753 4443 972 4485 Porsina
996 4447 1289 4489 consultum.
1942 4446 1999 4508 ἢ*
2022 4447 2165 4488 rorte
2188 4444 2437 4499 providere.
