3347 4999
678 329 806 392 496
1343 344 1421 389 niz
1455 340 1543 389 ss.
1588 339 1848 387 PLAetno
1888 341 1962 386 ET
2011 339 2211 388 sociis
2258 342 2373 386 Mn.
2873 321 3047 392 OCT.
3103 327 3142 390 ὃ

589 428 977 520 Exspoliate
1046 428 1265 507 hanc,
1339 440 1404 496 et
1452 426 1748 517 pedibus
1795 426 1866 495 in
1934 425 2149 494 altum
2221 426 2509 507 erectis,
2563 425 2634 495 in
2685 426 2983 497 sublime
3031 451 3147 499 su-

591 518 929 610 spendite.
998 517 1255 586 Habeat
1330 515 1611 586 honoris
1660 514 1770 585 sui
1832 514 2127 605 dignum
2193 515 2736 594 commercium,
2798 537 2976 602 quae
3036 539 3148 585 sa-

589 607 934 677 lutaribus
986 605 1265 675 monitis
1335 604 1564 674 cordis
1634 604 1966 674 cervicem
2023 604 2294 672 flectere
2363 606 2612 673 renuit.
2680 606 2936 694 Pagani
2990 627 3148 675 vero

595 698 779 766 ‘uxta
825 694 1007 783 quod
1076 695 1217 763 dux
1288 695 1778 783 imperaverat,
1831 704 2137 762 sanctam
2206 693 2536 781 virginem
2599 692 2897 763 Flaviam
2952 694 3149 784 pedi-

642 808 723 854 us
772 786 841 853 in
894 783 1193 853 sublime
1248 784 1489 854 erectis
1553 781 2090 872 suspenderunt.
2156 787 2373 864 Quam
2438 782 2578 851 dux
2650 782 2739 850 ita
2801 783 3149 853 allocutus

588 887 714 955 est,
772 873 1046 942 dicens:
1121 872 1539 942 Stultissima
1587 870 1902 940 omnium
1951 869 2391 952 seminarum,
2455 893 2590 940 non
2651 873 3150 942 verecundaris

490 975 505 987 ‘
589 965 661 1033 in
713 962 1143 1052 turpitudine
1188 960 1521 1030 nuditatis
1572 963 1783 1030 tuae?
1836 964 1913 1028 Et
1957 961 2146 1051 virgo
2196 960 2443 1029 Christi
2492 959 2575 1028 ad
2631 960 2835 1030 haec:
2870 984 2905 1027 «
2937 967 3149 1032 Sacra

592 1054 945 1142 Scriptura
998 1063 1284 1120 testatur
1317 1105 1332 1131 ,
1385 1051 1549 1136 quia
1595 1062 1698 1118 est
1743 1048 2057 1117 conditor
2104 1048 2232 1117 viri
2280 1060 2343 1117 et
2390 1049 2687 1118 feminae
2725 1104 2739 1130 ,
2793 1049 2880 1118 ob
2927 1073 3146 1138 quam

589 1163 735 1211 rem
778 1141 861 1209 de
911 1162 1076 1211 sexu
1125 1138 1317 1208 nulla
1368 1138 1539 1207 mihi
1589 1137 2020 1207 adscribetur
2069 1136 2370 1238 injuria,
2426 1160 2550 1228 pro
2591 1160 2670 1208 eo
2717 1138 2900 1225 quod
2953 1140 3148 1209 nuda

590 1252 788 1299 sum:
860 1251 1078 1316 neque
1141 1229 1515 1297 nuditatem
1570 1239 1834 1296 tantum
1887 1248 2196 1316 corporis
2245 1228 2584 1296 sustinere
2644 1241 2880 1318 parata
2929 1251 3082 1299 sum
3118 1284 3137 1308 ,

591 1318 707 1389 sed
757 1318 960 1387 etiam
1014 1317 1322 1407 gladium
1374 1329 1438 1385 et
1486 1317 1716 1406 ignem
1761 1329 2038 1406 propter
2083 1336 2267 1396 eum,
2312 1316 2431 1402 qui
2471 1337 2592 1405 pro
2644 1339 2751 1385 me
2798 1316 3145 1387 denudari

590 1420 656 1476 et
703 1406 1038 1496 flagellari
1089 1419 1153 1475 et
1202 1405 1517 1496 crucifigi
1568 1403 1805 1473 voluit.
1848 1427 1883 1471 »
1930 1409 2072 1473 Dux
2116 1426 2271 1473 vero
2320 1404 2404 1473 ad
2458 1405 2624 1474 haec
2676 1405 2911 1474 larvali
2953 1405 3144 1476 furia

587 1496 827 1576 fretUS,
881 1495 1052 1564 dixit
1102 1495 1474 1564 ministris:
1530 1493 1705 1576 Quid
1759 1494 2006 1582 agitis?
2054 1498 2290 1563 Fustes
2345 1494 2621 1575 afferte,
2675 1508 2741 1563 et
2786 1516 2934 1563 eam
2985 1496 3143 1565 sine

589 1584 1103 1654 intermissione
1164 1584 1495 1652 acerrime
1543 1582 1907 1671 flagellate.
1987 1587 2293 1669 Cumque
2343 1582 2595 1653 milites
2643 1596 2950 1653 sanctam
3000 1585 3145 1653 vir-

588 1674 823 1764 ginem
874 1673 1170 1743 Flaviam
1221 1671 1591 1741 crudeliter
1638 1671 2086 1762 flagellarent,
2127 1672 2314 1761 virgo
2365 1671 2610 1740 Christi
2659 1672 3002 1741 clamabat
3049 1673 3142 1742 ad

592 1762 991 1842 Dominum,
1041 1762 1311 1830 dicens:
1368 1783 1404 1827 «
1464 1761 1746 1830 Domine
1798 1766 1961 1830 Jesu
2014 1761 2276 1830 Christe
2315 1760 2439 1828 Fili
2491 1761 2606 1829 Dei
2659 1761 2833 1840 vivi,
2902 1761 3143 1832 adesto

588 1873 778 1921 nunc
830 1850 1129 1920 famulae
1179 1862 1335 1919 tuae
1383 1849 1649 1919 Flaviae
1699 1849 1767 1919 in
1806 1850 2022 1936 hujus
2055 1850 2299 1938 agonis
2333 1848 2577 1933 stadi0,
2619 1871 2704 1918 ne
2734 1849 2969 1919 dicant
3001 1850 3137 1918 ini-
3227 1875 3234 1880 ·

588 1940 755 2010 mici
804 1941 927 2020 tui,
986 1962 1068 2008 ne
1116 1938 1390 2007 dicant:
1426 1941 1950 2008 Praevaluimus
1998 1939 2320 2007 adversus
2360 1961 2532 2007 eam.
2582 1961 2618 2004 »
2672 1941 3137 2010 Conturbatus

589 2029 677 2098 ad
729 2029 897 2097 haec
962 2027 1489 2098 crudelissimus
1554 2050 1822 2108 censor,
1876 2029 2000 2097 ait:
2057 2028 2124 2096 Si
2175 2029 2300 2097 ista
2348 2028 2646 2097 extincta
2709 2049 2843 2096 non
2897 2026 3128 2108 suerit,

590 2118 971 2186 maximum
1023 2117 1188 2207 Regi
1263 2129 1494 2185 nostro
1542 2116 1841 2186 Abdalae
1902 2115 2204 2186 conferet
2252 2116 2769 2185 detrimentum.
2833 2121 2912 2185 Et
2985 2134 3143 2206 post

584 2207 778 2287 haec,
842 2206 988 2293 Eja,
1044 2204 1292 2293 inquit,
1348 2203 1637 2275 frontem
1706 2220 1772 2276 et
1823 2204 2286 2285 mammillaS,
2347 2214 2611 2274 necnon
2684 2218 2749 2274 et
2796 2205 3080 2274 brachia
3114 2261 3130 2287 ‚

592 2308 987 2381 torquentes
1036 2294 1392 2384 dissipate.
1449 2295 1707 2364 Subtus
1766 2315 1924 2363 vero
1975 2293 2248 2363 fumum
2311 2294 2727 2363 acerrimum
2789 2294 3137 2364 submini-

588 2394 839 2464 strate,
917 2383 1260 2470 variisque
1325 2385 1681 2453 tormentis
1744 2405 2000 2473 corpus
2066 2381 2259 2451 illius
2336 2381 2798 2452 excruciando
2869 2398 3130 2452 necate.

587 2471 696 2541 Illi
745 2471 973 2559 itaque
1023 2484 1157 2542 toto
1210 2472 1454 2542 mentis
1515 2473 1878 2542 conamine
1920 2471 2382 2562 perficientes,
2437 2471 2879 2541 clamabant:
2947 2476 3138 2564 Nega

589 2561 933 2630 Christum
971 2574 1194 2641 tuum,
1237 2562 1641 2652 turpissima
1675 2574 1736 2631 et
1776 2562 1963 2630 omni
2014 2560 2345 2631 dedecore
2378 2561 2612 2717 digna,
2644 2562 2807 2647 quia
2846 2561 2975 2630 'am
3019 2585 3140 2651 pa·

588 2662 735 2719 rata
787 2650 908 2720 tibi
960 2652 1277 2719 imminet
1326 2672 1531 2719 mors.
1586 2656 1826 2738 Itaque
1874 2650 1942 2719 in
1997 2649 2248 2720 talibus
2296 2650 2407 2720 die
2503 2671 2769 2729 ecur50,
2862 2673 2952 2720 ux
2995 2657 3137 2720 Ma—

587 2738 843 2809 mucha
895 2751 1201 2810 sanctam
1257 2740 1370 2809 Dei
1419 2740 1756 2831 virginem
1809 2738 2102 2839 deponi,
2154 2751 2219 2807 et
2265 2761 2424 2809 cum
2476 2739 2673 2808 beato
2723 2738 3002 2810 Placido
3050 2762 3127 2809 ac

586 2827 874 2915 reliquis
922 2829 991 2897 in
1041 2850 1383 2898 carcerem
1441 2827 1704 2897 includi
1736 2828 1988 2916 jussit,
2043 2826 2272 2914 itaque
2319 2839 2707 2898 commotus
2757 2829 3125 2918 praecepit,

585 2930 662 2986 ut
707 2929 1042 3005 quotquot
1089 2917 1634 2988 Christianorum
1694 2916 2161 2997 invenissent,
2218 2916 2508 2987 diversis
2558 2916 2923 3007 suppliciis
2977 2938 3132 2987 ene-

586 3018 841 3076 carent.
2521 3034 2524 3035 ⁷
2651 3038 2658 3049 κ

674 3098 710 3182 ἓ
756 3099 908 3167 19.
966 3101 1206 3164 Sancta
1259 3117 1414 3165 vero
1448 3095 1639 3184 virgo
1675 3094 1923 3168 Flavia.
1970 3094 2235 3164 durnin
2278 3094 2572 3163 carceris
2597 3094 2944 3182 ergastulo
2969 3116 3136 3163 cum

585 3184 916 3255 fratribus
964 3196 1138 3253 esset
1170 3197 1458 3263 retrusa,
1503 3183 1849 3254 Placidum
1902 3183 2177 3255 fratrem
2233 3205 2436 3253 suum
2487 3182 2989 3270 alloquebatur,
3024 3183 3138 3250 di-

585 3294 786 3340 cens:
822 3296 857 3339 «
893 3273 1038 3339 Jam
1092 3274 1305 3342 sacris
1338 3273 1472 3342 tuis
1504 3273 1958 3353 orationibuS‚
2005 3272 2277 3342 Placide
2317 3271 2544 3353 frater,
2591 3272 3000 3351 faventibus,
3025 3271 3136 3338 in-

569 3360 830 3438 ,choavi
883 3361 1318 3448 martyrium,
1374 3384 1559 3432 nunc
1611 3385 1764 3432 vero
1812 3363 2118 3443 obsecro,
2160 3383 2244 3431 ne
2293 3360 2583 3431 desistas
2624 3360 2936 3430 inchoata
2976 3379 3133 3448 per-

585 3449 812 3518 ficere.
890 3454 1020 3519 Ora
1067 3452 1440 3532 attentius,
1495 3473 1706 3551 rogo,
1761 3464 1839 3522 ut
1898 3451 2190 3542 dignum
2258 3448 2462 3517 faciat
2530 3451 2858 3520 Dominus
2925 3453 3132 3518 Jesus

584 3538 894 3607 Christus
934 3537 1353 3607 desiderium
1405 3539 1632 3609 cordis
1683 3539 1897 3609 nostri
1946 3553 2105 3608 ante
2141 3551 2587 3627 conspectum
2688 3538 2899 3607 loriae
2933 3558 3125 3617 suae,

583 3640 650 3696 et
699 3627 955 3697 tribuat
1003 3627 1202 3703 nobis
1249 3627 1429 3713 quod
1485 3629 1879 3719 promittere
1927 3628 2256 3718 dignatus
2302 3640 2403 3697 est
2449 3629 2598 3696 suis
2671 3626 3013 3707 idelibuS,
3067 3639 3135 3695 et

586 3717 915 3785 omnibus
975 3715 1466 3802 quaerentibus
1526 3719 1816 3806 gratiam
1854 3739 2075 3788 suam.
2144 3739 2179 3783 »
2245 3722 2535 3787 Sanctus
2581 3730 2807 3786 autern
2861 3714 3136 3785 Domini

585 3804 909 3875 Placidus
956 3806 1273 3895 aperiens
1320 3828 1397 3875 os
1438 3828 1667 3887 suum,
1709 3806 2121 3896 Eutychium
2157 3817 2221 3874 et
2251 3805 2671 3875 Victorinum
2699 3805 2941 3875 fratres
2968 3825 3134 3874 suos

583 3907 648 3962 et
697 3895 1030 3984 virginem
1082 3894 1380 3963 Flaviam
1434 3916 1734 3963 sororem
1789 3917 1987 3965 suam
2043 3895 2402 3981 sociosque
2453 3894 2734 3985 triginta
2783 3907 2916 3964 tres
2963 3914 3131 3961 con—

586 3982 960 4065 solabatur,
1015 3983 1292 4055 dicens:
1348 4005 1383 4050 «
1430 3983 1608 4052 Forti
1657 3984 1888 4053 animo
1929 3995 2176 4065 estote,
2215 3983 2547 4074 suspicite
2596 3983 2666 4051 in
2717 3981 3012 4060 coelum,
3067 3994 3154 4068 etv

585 4073 910 4162 precibus
948 4086 1215 4143 exorate
1262 4086 1512 4143 cuncta
1562 4085 1955 4162 regentem,
2011 4087 2086 4143 ut
2133 4073 2347 4158 patris
2395 4071 2742 4141 Benedicti
2808 4072 3138 4139 interces-

590 4161 784 4231 sione
816 4162 1014 4232 nobis
1053 4162 1357 4253 patiendi
1393 4162 1820 4231 tolerantiam
1858 4161 2133 4233 donet.»
2173 4162 2317 4231 Alia
2360 4183 2514 4231 vero
2546 4161 2657 4230 die
2698 4160 2838 4229 dux
2873 4165 3141 4229 Mamu-

582 4249 715 4318 cha
757 4251 1065 4320 residens
1092 4253 1159 4319 in
1194 4252 1622 4331 consistorio,
1659 4251 1869 4338 jussit
1903 4264 2173 4321 sanctos
2216 4251 2328 4320 Dei
2373 4263 2708 4339 martyres
2741 4248 3130 4329 Placidum,

584 4340 1026 4428 Eutychium,
1064 4341 1487 4412 Victorinum
1522 4354 1588 4410 et
1630 4340 1963 4430 virginem
2018 4340 2315 4409 Flaviam
2371 4362 2530 4409 cum
2592 4338 2875 4428 triginta
2909 4337 3136 4407 tribus

586 4429 790 4502 sociis
840 4431 985 4501 suis
1020 4430 1154 4500 sibi
1190 4430 1645 4521 praesentari,
1691 4441 1756 4498 et
1803 4429 2210 4520 gravissime
2270 4428 2570 4499 fustibus
2625 4427 2844 4509 caedi,
2902 4437 2968 4496 et
3011 4447 3142 4516 per
