3347 4999
292 350 466 415 OCT.
524 350 607 414 to
1078 368 1156 413 na
1203 368 1294 415 SS.
1350 368 1512 416 vAno
1559 369 1634 414 Εἰ·
1683 367 1882 416 socns
1928 370 2043 415 nn.
2600 353 2726 418 563

281 452 553 532 mulier,
608 450 721 519 sed
776 462 935 520 tuus
1033 452 1209 520 ravis
1252 451 1474 521 luctus
1523 474 1641 521 cor
1679 468 1867 520 tuum
1912 452 2197 522 afflixit?
2243 458 2414 522 Num
2453 476 2604 524 sum
2645 455 2814 526 adeo

279 541 615 630 ingratuS,
657 553 731 608 ut
761 540 882 626 qui
921 473 1090 607 nffiit
1123 540 1450 608 senserim
1501 563 1735 610 eorum
1789 563 1962 627 quae
1993 563 2028 609 a
2069 559 2125 609 te
2162 542 2333 611 lacta
2382 547 2598 612 sunt?
2634 550 2810 613 Num

282 652 404 719 pro
459 629 541 699 iis
593 649 724 697 non
789 650 942 697 sum
997 643 1057 697 te
1122 629 1464 718 praeclare
1518 633 2048 699 remuneratus?
2094 635 2233 701 Non
2302 630 2487 699 vides
2537 633 2812 717 qualem

277 718 565 808 gloriam
619 718 707 787 sit
757 730 914 785 tuus
951 717 1134 785 {illus
1168 722 1626 787 consecutus?
1673 718 1907 800 Qualis
1955 741 2110 787 eum
2146 718 2631 805 circumfulget
2661 745 2814 811 gra-

281 808 420 875 tia?
467 812 598 875 Cut-
648 828 778 875 non
815 828 999 896 ergo,
1051 806 1174 873 hac
1216 806 1448 876 relicta
1485 807 1777 887 tristitia,
1818 808 2068 878 transis
2103 808 2187 876 ad
2224 808 2437 876 animi
2479 810 2813 895 tranquil·

276 894 583 964 litatem?
632 895 756 964 Sed
808 895 863 963 si
917 894 1214 968 videtur,
1282 896 1415 965 tuis
1461 896 1680 964 oculis
1738 896 1958 985 magis
2007 897 2514 986 appropinquet
2566 898 2801 978 filius,

274 998 341 1054 et
385 1007 539 1052 eum
593 984 957 1072 diligenter
1003 983 1485 1072 contemplare,
1541 999 1616 1054 ut
1665 985 1811 1073 ipsa
1861 1007 2133 1072 quoque
2184 997 2361 1054 recte
2410 985 2756 1076 intelligas
2789 1041 2806 1069 ,

273 1073 618 1159 quomodo
661 1073 716 1141 is
764 1094 835 1141 se
876 1072 1141 1141 habeat.
1184 1095 1220 1140 »
1271 1074 1378 1141 Sic
1425 1073 1616 1155 dixit,
1669 1087 1734 1142 et
1783 1074 1970 1143 visus
2018 1087 2120 1143 est
2169 1096 2406 1143 vocare
2458 1095 2748 1163 puerum
2791 1098 2806 1143 ε

275 1184 311 1228 «
344 1161 632 1241 Acrede,
686 1183 725 1229 o
778 1184 989 1249 puer,
1044 1161 1126 1229 ad
1182 1176 1461 1230 matrem
1493 1216 1513 1241 ,
1569 1177 1645 1231 ut
1698 1184 1853 1231 cum
1905 1185 1983 1230 ca
2030 1163 2295 1244 viderit,
2349 1163 2693 1249 quomodo
2746 1175 2806 1234 te

274 1251 548 1328 habeaS,
605 1262 676 1318 tu
723 1251 873 1338 ejus
924 1250 1175 1319 multas
1222 1251 1594 1320 consoleris
1631 1251 1969 1339 lacrymas
1999 1274 2033 1317 »
2085 1257 2257 1321 Puer
2304 1265 2529 1321 autem
2586 1253 2806 1342 magis

272 1340 685 1408 adhaerebat
733 1340 1031 1427 Martyri,
1088 1337 1325 1408 nolens
1362 1361 1518 1408 eum
1573 1341 1859 1410 omnino
1910 1340 2335 1427 relinquere,
2401 1362 2523 1410 nec
2574 1341 2806 1410 volens

274 1429 556 1497 omnino
606 1428 834 1496 venire
866 1427 946 1496 ad
987 1443 1312 1509 matrem;
1364 1429 1506 1508 sed,
1547 1452 1582 1494 «
1615 1429 1758 1499 Abi.
1808 1442 2019 1497 mater
2063 1452 2232 1508 mea,
2274 1429 2410 1509 abi,
2452 1453 2488 1495 »
2537 1429 2807 1498 dicebat

275 1517 640 1595 resistens;
695 1538 730 1582 «
763 1516 943 1605 apud
991 1529 1050 1584 te
1094 1538 1316 1596 mane,
1355 1531 1418 1585 et
1455 1517 1738 1586 minime
1770 1530 1829 1586 te
1860 1517 2070 1586 dedas
2106 1518 2211 1587 his
2245 1518 2567 1587 luctibus.
2608 1518 2806 1587 Malle

274 1607 457 1674 enim
514 1606 716 1673 vitam
772 1620 1085 1684 vestram,
1139 1628 1346 1691 quam
1399 1606 1574 1675 hanc
1626 1619 1937 1686 mortem,
1991 1628 2204 1692 aeque
2252 1607 2631 1676 absurdum
2667 1607 2808 1675 exi-

273 1696 522 1775 stimo,
576 1707 777 1779 atque
837 1693 1138 1762 dolorem
1204 1693 1537 1783 praeferre
1598 1695 1950 1784 voluptati,
2007 1718 2180 1782 quae
2232 1716 2363 1763 non
2416 1696 2689 1774 desinit,
2743 1706 2808 1765 et

274 1783 476 1851 vitam
535 1782 827 1860 brevem,
881 1795 946 1850 et
992 1804 1166 1868 quae
1214 1797 1313 1852 est
1361 1783 1442 1851 ad
1499 1798 1789 1873 tempuS,
1848 1805 2009 1852 aevo
2060 1787 2497 1872 sempiterno,
2542 1808 2576 1851 »
2628 1790 2807 1853 Haec

272 1894 432 1940 cum·
487 1883 700 1939 mater
729 1870 1100 1940 audivisset
1131 1894 1167 1939 a
1207 1872 1369 1952 filio,
1407 1884 1471 1942 et
1502 1884 1679 1941 esset
1712 1873 1917 1940 veluti
1951 1874 2155 1941 oblita
2204 1874 2799 1954 lamentationum,

272 1975 347 2029 ut
390 1961 531 2047 ipsa
573 1982 845 2045 quoque
892 1973 1357 2030 assumeretur
1396 1961 1478 2029 ad
1529 1961 1789 2041 lilium,
1843 1975 1909 2030 et
1953 1984 2030 2029 ex
2082 1963 2166 2032 iis
2213 1985 2388 2049 quae
2434 1965 2803 2030 cerneban-

275 2061 407 2128 tur,
448 2049 784 2136 acciperet
833 2049 1392 2129 consolationem,
1445 2050 1878 2119 vehementer
1929 2051 2207 2140 rogabat
2243 2057 2627 2139 Martyrem.
2683 2050 2805 2120 Ille

273 2152 496 2205 autem
550 2137 900 2217 suadebat,
955 2150 1031 2205 ut
1081 2139 1298 2228 magis
1347 2159 1493 2207 eam
1547 2139 1723 2206 viam
1784 2155 2204 2225 sequeretur,
2259 2162 2433 2226 quae
2480 2139 2672 2209 ducit
2718 2138 2805 2208 ad

274 2224 589 2293 salntem.
629 2226 926 2294 Tandem
964 2243 1216 2306 autem,
1253 2226 1410 2295 data
1456 2248 1640 2315 pace,
1688 2229 1855 2296 abiit
1900 2228 2011 2296 ille
2044 2251 2207 2297 cum
2244 2251 2451 2315 puero
2483 2228 2565 2297 ad
2606 2250 2801 2297 suam

275 2313 761 2382 habitationem
798 2337 812 2382 :
865 2327 930 2385 et
975 2329 1260 2402 uterque
1293 2316 1608 2385 discessit
1641 2318 1727 2383 ab
1765 2316 1950 2384 illius
1983 2316 2226 2386 oculis.

360 2404 396 2489 ξ
450 2410 585 2473 Ιὸ.
641 2403 766 2471 Illa
806 2417 1028 2472 autem
1075 2405 1299 2471 statim
1342 2418 1753 2492 experrecta,
1798 2421 1862 2473 et
1892 2405 1972 2473 ad
2013 2429 2082 2474 se
2118 2428 2406 2486 reversa,
2463 2416 2802 2491 quantum

271 2489 357 2560 ob
391 2492 701 2582 Martyris
750 2506 813 2563 et
847 2491 971 2560 filii
1008 2492 1372 2562 adventum
1425 2507 1737 2562 assecuta
1777 2509 1952 2564 esset
1985 2495 2195 2563 animi
2236 2494 2803 2582 tranquillitatem

270 2601 347 2649 ac
407 2581 763 2661 laetitiam,
821 2583 1118 2649 narravit
1179 2583 1262 2650 iis
1314 2583 1431 2667 qui
1483 2583 1788 2651 aderant.
1843 2586 2163 2653 Omnium
2230 2600 2459 2653 autem
2535 2584 2805 2652 animos

270 2669 517 2738 invasit
556 2671 918 2739 admiratio
966 2670 1052 2739 ob
1101 2670 1602 2753 admirabilem,
1642 2686 1707 2740 et
1738 2694 1914 2757 quae
1954 2673 2347 2760 opinionem
2402 2673 2797 2760 superabat,

268 2759 754 2827 narrationem.
797 2759 1045 2828 Deinde
1084 2782 1238 2828 cum
1282 2759 1404 2828 filii
1453 2762 1559 2829 sui
1598 2761 2051 2831 desiderabile
2081 2761 2248 2830 illud
2305 2760 2803 2849 corpusculum

267 2849 461 2915 beata
500 2847 613 2916 illa
646 2847 1005 2936 splendide
1043 2849 1364 2928 unxis-et,
1400 2863 1465 2919 et
1496 2851 2018 2939 composuisset,
2061 2850 2123 2918 id
2164 2848 2603 2919 commendat
2636 2853 2806 2916 Mar-

270 2936 426 3024 tyri,
484 2940 618 3005 tota
660 2952 853 3005 nocte
901 2960 1058 3006 cum
1096 2939 1652 3028 consanguineiS,
1689 2952 1754 3008 et
1788 2939 1872 3007 iis
1912 2939 2031 3026 qui
2066 2937 2150 3007 ad
2186 2961 2334 3007 eam
2379 2937 2799 3017 attinebant,

266 3024 523 3093 faciens
570 3027 943 3113 gratiarum
1026 3027 1388 3095 actionem.
1445 3028 1697 3097 Deinde
1756 3027 1959 3097 etiam
2023 3049 2177 3096 cum
2243 3026 2611 3115 mysticum
2680 3047 2804 3094 cu-

268 3126 484 3182 rasset
536 3115 1001 3203 paragendum
1057 3115 1516 3198 sacrificium,
1581 3116 1651 3184 in
1693 3138 1829 3202 quo
1876 3137 2023 3183 eam
2076 3116 2430 3205 oportebat
2496 3113 2798 3195 initiari,

265 3201 346 3270 ad
405 3202 655 3270 lautam
695 3204 931 3272 invitat
977 3225 1259 3272 coenam
1311 3225 1425 3273 eos
1483 3206 1601 3292 qui
1652 3226 2003 3273 sacrorum
2054 3203 2466 3291 hymnorum
2536 3202 2805 3272 fuerant

265 3312 538 3359 cumea
592 3293 980 3381 participes.
1024 3293 1275 3361 Deinde
1323 3314 1479 3361 cum
1535 3293 1631 3362 sic
1685 3293 2022 3362 mundum
2076 3291 2298 3361 valere
2339 3291 2687 3381 jussisset,
2742 3303 2807 3362 et

264 3378 333 3446 in
392 3380 770 3458 thesauros,
825 3381 944 3467 qui
979 3402 1110 3449 non
1151 3394 1436 3469 possunt
1467 3382 1664 3481 eripi,
1705 3382 1773 3449 in
1815 3403 2222 3470 pauperum,
2270 3381 2580 3468 inquam,
2642 3403 2803 3449 ven-

266 3479 424 3546 treS,
464 3489 704 3537 ornnes
752 3490 912 3538 suas
952 3470 1355 3539 contulisset
1392 3470 1690 3550 divitiaS,
1728 3483 1793 3539 et
1825 3492 1896 3539 se
1931 3471 2117 3539 tenui
2155 3470 2491 3540 induisset
2540 3470 2797 3551 tunica,

264 3555 579 3643 sepulcro
631 3557 1063 3626 ministrabat
1133 3558 1482 3644 Martyris:
1536 3571 1601 3628 et
1648 3559 1747 3630 sic
1800 3559 2089 3649 jejuniis
2142 3582 2390 3629 vacans
2438 3570 2502 3628 et
2550 3560 2802 3629 oratio-

262 3646 494 3724 nibus,
549 3645 893 3714 internum
960 3657 1221 3714 tantum
1278 3649 1614 3738 purgabat
1665 3648 2040 3729 hominem,
2093 3662 2169 3718 ut
2224 3647 2520 3739 singulis
2572 3647 2802 3716 Domi-

261 3734 439 3803 nicis
486 3733 545 3800 ei
597 3740 851 3822 Martyr
898 3748 1256 3824 appareret
1289 3759 1448 3805 cum
1488 3737 1629 3806 filio
1666 3737 1732 3804 in
1771 3737 2034 3818 eodem,
2077 3737 2141 3805 in
2194 3759 2330 3823 quo
2380 3737 2593 3826 prius,
2629 3735 2800 3804 ami-

258 3835 400 3903 ctu,
455 3822 604 3910 ejus
652 3821 953 3892 dolorem
997 3824 1449 3895 consolantes.
1499 3826 1799 3917 Septimo
1829 3838 2054 3895 autem
2093 3849 2275 3895 anno
2324 3847 2489 3893 suae
2549 3826 2614 3892 in
2657 3845 2801 3892 me-

261 3910 398 3980 lius
448 3913 619 3979 vitae
671 3912 1089 3991 mutationiS‚
1146 3936 1302 3982 cum
1359 3913 1554 4004 plena
1616 3929 1791 3984 esset
1838 3915 2083 3984 diebus
2144 3915 2454 4003 spiritua,
2511 3913 2578 3980 in
2638 3934 2800 4001 pace

261 4001 451 4088 pacis
500 4000 775 4087 quidem
841 4006 968 4069 Deo
1017 4001 1363 4091 spiritum,
1402 4026 1655 4094 corpus
1711 4016 1935 4072 autem
2001 4002 2437 4072 commendat
2501 4001 2666 4080 filio,
2724 4013 2800 4071 ut

260 4109 434 4174 quos
471 4111 602 4157 una
643 4090 936 4160 habebat
969 4090 1240 4171 domuS,
1279 4113 1395 4161 eos
1443 4095 1645 4162 etiam
1685 4116 1869 4163 unus
1900 4092 2219 4161 conderet
2271 4092 2562 4170 loculuS,
2618 4103 2681 4158 et
2717 4112 2799 4160 ne

261 4175 408 4264 ipse
454 4178 734 4264 quidem
808 4179 1169 4248 amborum
1248 4181 1474 4271 pulvis
1534 4182 2067 4273 disjungeretur.
2137 4186 2300 4250 Cum
2369 4180 2627 4266 quibus
2688 4179 2799 4248 det

261 4285 532 4351 quoque
569 4268 765 4337 nobis
833 4273 1006 4337 Deus
1068 4290 1214 4338 esse
1267 4271 1478 4359 partis
1526 4293 1759 4341 eorum
1828 4271 1947 4357 qui
1999 4284 2398 4345 servantur,
2452 4283 2516 4338 et
2573 4269 2798 4337 videre

259 4357 610 4454 regionem
666 4357 1078 4427 viventium:
1149 4359 1482 4440 Quoniam
1539 4361 1766 4451 ipsum
1803 4360 1996 4431 decet
2032 4360 2259 4429 omnis
2290 4360 2506 4450 gloria
2542 4372 2607 4429 et
2638 4357 2798 4428 ado-

259 4460 434 4513 ratio
475 4466 545 4512 tn
594 4446 827 4516 secula
869 4446 1284 4531 seculorum,
1329 4453 1564 4519 Amen.
