3347 4999
786 308 909 370 11:32
1550 320 1632 370 DE
1685 325 1739 370 s.
1794 323 2136 370 rnAxcisco
2186 322 2371 370 coxr.
2985 305 3188 371 OCT.
3249 308 3270 371 i

693 410 1134 480 animabatur
1181 422 1244 476 et
1303 409 1469 497 ipse,
1526 423 1876 495 tamquam
1940 408 2164 477 bonus
2225 408 2364 477 dux
2419 409 2757 480 exercitus
2817 409 3135 488 Christi,
3195 411 3270 477 ad

696 499 994 591 palmam
1072 497 1390 568 victoriae
1460 519 1579 588 per
1648 496 1922 566 culmen
1998 497 2289 566 invictae
2361 497 2713 585 pervenire
2790 498 3113 568 virtutis.
3177 503 3274 566 At·

696 586 980 657 tendens
1038 586 1222 656 enim
1276 585 1445 654 illud
1501 586 1798 675 Apostoli
1849 585 2175 655 verbum:
2249 589 2379 669 (Ιιιί
2441 598 2667 655 aulem
2731 598 2886 656 siml
2947 588 3267 658 Christi.

694 698 963 746 carnem
995 698 1188 746 suam
1215 677 1699 764 crucifioeerunt
1734 698 1882 743 cum
1917 676 2101 743 vitiis
2133 685 2194 743 ec
2222 678 2766 766 concupiscentiis
2789 677 2980 766 (Gal.
3015 698 3087 753 v,
3135 678 3269 760 243:

695 781 773 836 ut
837 765 1070 833 Crucis
1148 779 1569 833 armaturam
1645 786 1770 833 suo
1832 763 2033 832 ferret
2084 763 2178 857 in,
2207 785 2490 853 corpore
2530 819 2544 845 ,
2603 777 2786 834 tanta
2834 764 3272 854 disciplinae

694 853 1042 945 rigiditate
1094 852 1447 922 sensuales
1495 853 1843 941 appetitus
1892 854 2188 931 arcebat,
2228 866 2304 921 ut
2355 853 2459 922 vix
2509 855 2894 923 necessaria
2951 870 3272 923 sumeret

693 943 1175 1013 sustentationi
1230 953 1537 1009 naturae.
1620 940 1903 1010 Difficile
1956 962 2254 1028 namque
2303 940 2444 1010 fore
2492 942 2803 1020 dicebat,
2860 943 3271 1012 necessitati

693 1031 1002 1120 corporis
1053 1029 1442 1099 satisfacere
1478 1084 1492 1109 ,
1546 1043 1609 1097 et
1661 1031 1986 1119 pronitati
2050 1051 2383 1099 sensuum
2440 1053 2571 1100 non
2626 1033 2891 1122 parere.
2973 1036 3272 1118 Propter

693 1119 875 1208 quod
928 1133 1113 1188 cocta
1164 1118 1463 1197 cibaria,
1518 1119 1833 1188 sanitatis
1883 1131 2210 1208 tempore,
2270 1119 2374 1188 vix
2424 1119 2872 1198 admittebat,
2932 1134 3007 1188 et
3067 1143 3265 1189 raro:

694 1209 1005 1278 admissa·
1050 1229 1228 1286 ver0,
1274 1220 1393 1276 aut
1440 1206 1848 1277 conficiebat
1896 1208 2124 1276 cinere
2172 1220 2289 1276 aut
2326 1208 2748 1278 condimenti
2782 1230 3124 1299 saporem
3157 1210 3268 1277 ad·

697 1298 1022 1368 mixtione
1070 1318 1288 1384 aquae
1338 1309 1413 1366 ut
1465 1295 1842 1385 plurimum
1895 1296 2217 1366 reddebat
2283 1296 2690 1387 insipidum.
2765 1303 2851 1366 De
2907 1311 3100 1387 potu
3137 1299 3268 1365 vini

692 1387 858 1475 quid
929 1387 1199 1465 dicam,
1252 1407 1408 1454 cum
1463 1398 1527 1453 et
1593 1384 1677 1452 de
1726 1407 1904 1472 aqua
1967 1384 2217 1475 frigida
2252 1440 2266 1464 ‚
2321 1386 2489 1455 dum
2543 1387 2692 1456 sitis
2741 1399 3115 1456 aestuaret
3175 1410 3266 1456 ar-

694 1477 882 1557 dore,
941 1476 1046 1543 vix
1095 1474 1179 1542 ad
1232 1473 1717 1543 sufficientiam
1756 1475 2060 1544 biberet?
2107 1474 2338 1543 Modos
2371 1474 2854 1545 adinveniebat
2892 1476 3264 1545 abstinen-

699 1567 827 1635 tiae
864 1563 1168 1656 potioris,
1203 1576 1268 1632 et
1307 1562 1613 1650 quotidie
1647 1564 2126 1633 exercitatione
2161 1564 2544 1632 crescebat:
2591 1563 2885 1651 licetque
2907 1565 3078 1654 jam
3127 1589 3264 1655 per·

692 1654 1004 1723 fectionis
1063 1651 1341 1720 culmen
1391 1652 1797 1741 attingeret,
1855 1666 2204 1739 tamquam
2267 1653 2606 1742 incipiens
2660 1676 2936 1743 semper
2993 1655 3260 1741 aliquid

693 1744 1110 1820 innovabat,
1165 1741 1654 1814 afflictionibus
1720 1742 1951 1811 carnis
2016 1741 2366 1830 puniendo
2431 1741 2814 1811 libidinem.
2872 1745 3265 1833 Egrediens

694 1847 922 1902 tamen
973 1830 1313 1908 exterius,
1373 1842 1646 1918 propter
1695 1830 1975 1898 verbum
2044 1829 2390 1918 Evangelii
2440 1831 2625 1918 (Luc.
2679 1855 2750 1911 x,
2804 1831 2925 1919 8),
2991 1833 3264 1903 confor-

699 1923 930 1991 mabat
980 1941 1048 1988 se
1099 1918 1639 2008 suscipientibus
1691 1921 1920 2008 ipsum
1999 1919 2063 1986 in
2132 1918 2460 2005 qualitate
2522 1920 2882 1989 ciborum:
2941 1944 3132 1990 cuni
3192 1943 3263 1990 ta-

693 2031 845 2077 men
899 2008 983 2078 ad
1036 2007 1359 2077 interiora
1410 2029 1787 2097 regressus,
1834 2007 2140 2078 districte
2189 2021 2487 2076 servaret
2541 2008 2831 2099 rigidam
2887 2010 3262 2080 abstinen-

695 2098 825 2167 tiae
887 2097 1307 2187 parcitatem.
1365 2095 1610 2184 Sicque
1660 2098 1966 2186 seipsum
2022 2107 2377 2165 austerum
2430 2096 2586 2174 sibi,
2644 2098 3059 2169 humanum
3178 2123 3263 2168 ro·

690 2186 898 2268 ximo,
931 2186 1315 2275 subjectum
1352 2184 1718 2274 Evangelio
1756 2185 2025 2266 Christi,
2064 2207 2184 2275 per
2217 2185 2450 2254 omnia
2488 2185 2804 2267 reddens,
2847 2208 2996 2257 non
3035 2212 3123 2259 so
3161 2212 3260 2258 um

690 2275 1142 2354 abstinend0‚
1213 2275 1659 2344 verumetiam
1738 2273 2222 2344 manducando
2299 2275 2667 2363 praebebat
2736 2275 3263 2348 aedificationis

689 2363 1104 2453 exemplum.
1159 2362 1354 2432 Nuda
1401 2362 1686 2443 humUS,
1743 2376 1816 2432 ut
1865 2363 2316 2451 frequentius,
2375 2362 2594 2432 lectus
2626 2377 2771 2433 erat
2805 2364 3089 2437 lassato
3128 2390 3263 2437 cor-

694 2453 1034 2542 pusculo;
1088 2464 1152 2522 et
1201 2450 1522 2542 saepius,
1580 2451 1828 2522 sedens
1862 2508 1877 2531 ,
1933 2452 2119 2542 ligno
2168 2451 2268 2522 vel
2324 2451 2552 2542 lapide
2599 2452 2683 2521 ad
2735 2466 2948 2544 caput
3008 2458 3259 2546 posito,

691 2543 1108 2611 dormiebat:
1162 2542 1373 2611 unica
1409 2564 1711 2631 paupere
1747 2555 2100 2611 contectus
2134 2541 2469 2622 tunicula,
2509 2542 2577 2610 in
2609 2542 2922 2612 nuditate
2964 2548 3262 2615 Domina

693 2631 1029 2700 serviebat
1076 2643 1140 2700 ct
1186 2630 1465 2720 frigore.

778 2729 815 2803 g
863 2725 1010 2793 31.
1050 2726 1518 2789 Interrooatus
1566 2718 1965 2805 aliquande,
2038 2719 2385 2806 quomodo
2445 2720 2689 2789 vestitu
2740 2732 2876 2789 tam
2933 2724 3154 2792 tenui
3205 2745 3261 2791 se

688 2824 917 2901 posset
963 2810 1048 2878 ab
1097 2808 1325 2878 hierna
1361 2808 1419 2876 is
1465 2806 1723 2898 algoris
1773 2808 2138 2898 asperitate
2189 2808 2361 2878 tueri
2398 2808 2466 2876 in
2514 2832 2545 2878 s
2601 2808 2802 2878 iritus
2844 2808 3137 2881 fervore
3176 2834 3260 2881 re·

689 2898 1005 2989 spondit:
1047 2922 1080 2964 «
1115 2899 1183 2967 Si
1224 2919 1562 2985 supernae
1594 2896 1852 2985 patriae
1901 2898 2184 2965 flamma
2216 2918 2335 2985 per
2391 2897 2535 2967 desi
2590 2899 2811 2967 erium
2846 2913 3260 2991 contegere-

689 3010 847 3057 mur
898 2987 1232 3065 interius,
1290 2986 1509 3075 frigus
1582 2985 1763 3055 istud
1835 2987 2132 3057 exterius
2188 2984 2386 3055 facile
2453 2999 2981 3076 portaremus»
3041 2991 3260 3060 Vestis
3313 3018 3314 3025 ¹

689 3076 1010 3146 horrebat
1060 3074 1443 3155 mollitiem,
1501 3076 1936 3164 asperitatem
2011 3073 2328 3156 amabat;
2396 3097 2711 3147 asserens
2787 3090 3085 3167 propter
3139 3078 3260 3148 hoc
3313 3084 3314 3089 ’

686 3171 1021 3234 ‚Ioannem
1078 3165 1444 3253 Baptistam
1482 3186 1597 3234 ore
1646 3163 1880 3233 divino
1920 3162 2133 3233 fuisse
2183 3163 2570 3234 laudatum.
2625 3164 2694 3233 Si
2747 3166 3042 3252 quando
3105 3191 3259 3238 vero

690 3254 756 3320 in
810 3253 967 3321 data
1010 3253 1141 3321 sibi
1189 3253 1422 3322 tunica
1485 3252 1834 3323 lenitatem
1902 3254 2203 3334 sentiret,
2266 3253 2572 3323 cordulis
2620 3275 2772 3322 earn
2839 3258 3256 3326 contexebat
3313 3334 3314 3349 χ

690 3343 1003 3421 interius;
1042 3341 1201 3428 quia
1242 3365 1372 3411 non
1412 3342 1477 3409 in
1513 3342 1772 3413 casulis
1806 3364 2215 3432 pauperum,
2250 3341 2366 3411 sed
2402 3342 2467 3410 in
2506 3342 2778 3432 palatiis
2810 3344 3255 3435 principum.

688 3433 875 3515 iuxta
927 3431 1225 3500 veritatis
1267 3431 1575 3511 verbum,
1633 3432 2196 3500 vestimentorum
2248 3429 2520 3500 dicebat
2562 3432 3060 3519 requirendam
3107 3456 3257 3504 esse

688 3519 1072 3589 mollitiem.
1126 3519 1554 3620 Erperientia
1601 3517 1795 3589 enim'
1831 3531 2011 3589 certa
2055 3519 2412 3601 didicerat,
2458 3520 2830 3591 daemones
2873 3524 3256 3612 asperitate

595 3655 603 3663 =
688 3610 950 3687 terreri;
1004 3608 1353 3678 deliciosis
1401 3621 1629 3681 autem
1682 3622 1747 3678 et
1783 3608 2113 3678 mollibus
2150 3609 2450 3679 vestibus
2484 3609 2568 3678 ad
2635 3609 3052 3679 tentandum
3119 3612 3259 3681 for·

686 3698 824 3767 tius
862 3698 1182 3767 animari.
1240 3697 1431 3767 Unde
1478 3718 1637 3767 cum
1685 3710 1883 3767 nocte
1932 3695 2232 3784 quadam
2272 3710 2547 3789 propter
2598 3697 3081 3769 infirmitatem
3147 3723 3259 3770 ca·

688 3787 850 3877 pitis
897 3800 963 3856 et
1009 3787 1396 3868 oculorum,
1430 3799 1701 3875 praeter
1748 3786 2029 3856 solitum
2069 3809 2324 3856 morem
2378 3786 2669 3856 cervical
2713 3787 2797 3857 de
2828 3788 3077 3877 pluma
3135 3812 3259 3879 po-

685 3876 894 3947 situm
932 3876 1225 3946 haberet
1258 3875 1343 3945 ad
1378 3897 1455 3943 ca
1512 3888 1609 3957 ut,
1649 3875 1942 3945 daemon
1982 3876 2049 3943 in
2095 3872 2267 3944 illud
2320 3876 2700 3965 ingressus
2741 3877 2976 3967 ipsum
3023 3900 3258 3966 usque

686 3964 769 4034 ad
825 3967 1061 4038 horam
1118 3965 1453 4035 matutina
1485 3985 1590 4033 em
1636 3964 2123 4052 inquietatum,
2163 3963 2568 4034 multimode
2602 3987 2643 4033 a
2676 3979 2956 4041 sanctae
2994 3968 3262 4038 oratio-

690 4054 794 4125 nis
829 4055 1058 4125 studio
1088 4054 1535 4144 perturbavit,
1561 4053 1803 4134 donec,
1833 4065 2068 4122 vocato
2100 4052 2307 4135 socio,
2337 4052 2657 4143 pulvinar
2683 4077 2842 4124 curn
2873 4054 3260 4126 daemonio

685 4141 841 4212 fecit
888 4158 1075 4213 extra
1109 4142 1430 4213 cellulam
1463 4143 1740 4232 longius
1772 4143 2136 4231 exportari.
2178 4148 2509 4233 Egressus
2544 4155 2770 4212 autem
2816 4165 2977 4212 cum
3024 4144 3262 4233 pulvi·

691 4233 838 4300 nari
888 4232 1095 4301 frater
1142 4234 1226 4301 de
1266 4231 1463 4312 cella,
1504 4232 1972 4301 membrorum
2024 4233 2336 4300 omnium
2395 4231 2572 4300 vires
2611 4232 2845 4302 amisit
2887 4246 2954 4301 et.
2984 4254 3255 4307 usum:

685 4343 1046 4407 quousque
1087 4320 1171 4390 ad
1227 4344 1452 4390 vocem
1521 4321 1741 4391 sancti
1797 4321 2038 4399 Patris,
2095 4320 2222 4389 hoc
2291 4321 2767 4409 cognoscentis
2816 4321 2885 4389 in
2959 4323 3255 4411 spiritu,

686 4411 879 4498 vigor
915 4408 1250 4498 pristinus
1298 4410 1527 4481 cordis
1566 4424 1631 4479 et
1679 4410 1988 4500 corporis
2039 4409 2170 4478 sibi
2219 4409 2348 4479 fuit
2412 4408 2713 4500 plenarie
2762 4410 3162 4485 restitutus.
