3347 4999
158 379 180 405 .
270 337 438 405 OCT.
500 338 524 401 Ἰ
1114 356 1192 401 DE
1240 355 1296 402 s.
1350 352 1610 402 nummo
1658 353 1952 401 Ancmssr.
2671 336 2712 401 9

265 434 750 527 magnificatus
797 456 837 503 a
885 433 1171 504 Domino
1220 434 1289 503 in
1339 448 1711 524 conspectu
1743 455 2007 533 regum,
2048 432 2115 501 in
2154 431 2378 503 verbis
2410 431 2579 513 suiS,
2621 432 2800 502 sicut

264 526 331 594 in
386 523 833 612 sequentibus
881 523 1348 604 ostendemuS‚
1406 536 1733 603 monstra,
1791 521 2101 591 videlicet
2150 542 2457 622 paganos
2505 520 2788 603 feroceS,

262 612 581 704 placavit.
636 612 872 681 Merito
920 612 1132 703 igitur
1168 633 1324 681 eum
1377 611 1781 681 Remedium
1834 610 2047 681 fuisse
2097 622 2527 680 nominatum
2573 610 2638 679 in
2677 611 2800 682 ba-

261 703 581 792 ptismate
626 700 1089 781 crederemuS‚
1144 700 1278 769 nisi
1314 701 1381 769 in
1418 699 2004 775 emendatioribus
2036 700 2246 789 gestis
2286 699 2481 768 illum
2519 699 2799 769 oraculo

259 792 492 861 divino
543 811 662 881 per
707 801 1022 861 sanctum
1072 794 1493 870 Montanum,
1533 788 1923 878 Remigium
1965 788 2187 857 vocari
2237 786 2504 867 debere,
2541 810 2799 877 cogno-

260 901 632 950 sceremus.
689 878 814 948 Sed
850 891 914 948 et
964 879 1031 946 in
1083 879 1393 949 versibus
1444 878 1746 948 metricis
1794 878 1879 947 ab
1916 877 2064 966 ipso
2096 876 2519 966 compositis,
2554 889 2618 946 et
2642 877 2799 966 jus-

259 969 452 1038 sione
517 966 707 1037 illius
773 967 840 1036 in
911 965 1206 1054 quodam
1262 988 1417 1036 vase
1465 966 1551 1036 ab
1599 988 1678 1036 eo
1725 978 2124 1036 consecrato
2174 964 2504 1054 sculptiS‚
2559 965 2653 1034 ita
2704 965 2797 1035 le-

261 1058 494 1148 gimus
528 1082 542 1122 ε

653 1179 905 1243 Hauriat
950 1181 1092 1242 hinc
1137 1180 1394 1258 populus
1436 1182 1623 1242 vitam
1668 1179 1745 1240 de
1786 1180 2088 1255 sanguine
2130 1194 2320 1253 sacre,

658 1260 882 1337 an'ecto
924 1267 1209 1322 aeternus
1245 1276 1427 1336 quem
1478 1259 1636 1321 fudit
1677 1259 1937 1320 vulnere
1972 1256 2268 1319 Christus.

659 1340 975 1418 Remigius
1016 1341 1215 1401 reddit
1258 1340 1519 1401 Domino
1560 1356 1662 1400 sua
1715 1345 1849 1400 vota
1893 1339 2189 1400 sacerdos.

262 1501 453 1584 Quod
507 1523 625 1570 vas
664 1522 883 1587 usque
931 1500 1014 1569 ad
1070 1512 1299 1569 nostra
1350 1511 1653 1587 tempora
1704 1497 2125 1588 perduravit,
2165 1498 2382 1568 donec
2431 1492 2691 1579 fusum,
2726 1497 2793 1566 in

258 1590 800 1680 redemptionem
851 1588 1090 1677 datum
1139 1601 1241 1658 est
1288 1587 1876 1667 Christianorum,
1931 1598 2008 1656 ut
2054 1608 2094 1655 a
2145 1586 2483 1658 ministris
2536 1586 2798 1657 diaboli

258 1679 700 1749 Nortmannis
750 1677 1110 1747 redimeret
1158 1677 1454 1766 pretium
1504 1676 1810 1765 argentei
1844 1675 2105 1755 caliciS,
2144 1697 2319 1761 quos
2353 1675 2437 1744 de
2473 1687 2800 1763 potestate

260 1768 695 1869 tenebrarum
731 1766 1109 1836 redemerat
1129 1766 1391 1836 effusus
1419 1765 1705 1855 sanguis
1731 1764 1997 1845 calicis,
2031 1764 2277 1834 Christi
2308 1764 2620 1834 videlicet
2648 1786 2799 1855 pas·

268 1879 506 1927 sionis.

346 1947 383 2032 ξ
429 1952 515 2016 5.
571 1943 887 2014 Traditus
935 1955 1160 2012 autem
1214 1965 1253 2012 a
1305 1941 1708 2032 parentibus
1743 1941 2016 2012 scholae
2052 1941 2296 2011 litteris
2347 1940 2793 2022 imbuenduS‚

259 2033 328 2102 in
381 2034 569 2103 brevi
617 2032 885 2101 coaevis
931 2044 997 2102 et
1042 2032 1245 2101 etiam
1300 2046 1467 2100 natu
1519 2030 1898 2119 maj0ribus
1931 2031 2077 2101 suis
2109 2029 2424 2100 doctrina
2462 2030 2799 2100 excellen-

260 2122 392 2191 tior
438 2134 537 2191 est
584 2122 886 2191 effectus.
966 2120 1292 2191 Studebat
1340 2141 1615 2207 quoque
1665 2132 1932 2190 teneros
1980 2141 2200 2189 annos
2251 2140 2519 2188 morum
2575 2133 2800 2188 matu-

260 2211 456 2279 ritate
506 2210 797 2291 vincere‚
848 2222 915 2278 et
960 2209 1500 2279 benevolentiam
1553 2207 1806 2288 cordis,
1843 2208 2199 2277 charitatis
2235 2207 2434 2277 melle
2481 2206 2785 2288 condire,

260 2298 495 2368 turbas
544 2297 1002 2385 frequentium
1059 2298 1473 2389 populorum
1525 2297 1761 2377 vitare,
1802 2309 1865 2366 et
1895 2309 1972 2366 ut
2013 2317 2417 2385 praeconem
2459 2319 2665 2366 suum
2707 2295 2797 2364 fe-

259 2387 435 2456 cisse
483 2385 839 2468 didicerat,
895 2387 1030 2456 vita
1077 2386 1384 2457 solitaria
1432 2387 1502 2453 in
1555 2384 1939 2455 reclusione
1989 2386 2278 2456 Domino
2325 2385 2624 2454 servire:
2676 2385 2798 2471 qui

256 2476 449 2546 locus
513 2476 581 2545 in
645 2489 865 2546 castro
930 2475 1260 2546 Lauduno
1305 2475 1542 2566 (Laon)
1610 2475 1944 2545 hactenus
1992 2474 2436 2566 designatur,
2493 2486 2558 2544 et
2628 2471 2799 2545 coli-

258 2577 392 2634 tur.
447 2570 524 2634 In
595 2586 733 2650 qua
805 2563 1189 2634 reclusione
1252 2564 1577 2646 secundis
1649 2565 2090 2634 successibus
2162 2563 2469 2633 certatim
2522 2576 2799 2633 sanctae

257 2653 795 2724 conversationis
833 2652 1094 2722 studiis
1122 2654 1356 2742 justus
1397 2652 1794 2722 adolescens
1827 2654 2112 2723 Domino
2148 2652 2486 2721 militavit.
2533 2657 2610 2721 Et
2634 2675 2792 2721 cum

258 2742 343 2811 ad
396 2742 634 2833 viginti
684 2752 748 2811 et
795 2741 971 2830 duos
1021 2742 1257 2812 aetatis
1306 2764 1469 2811 suae
1517 2764 1736 2811 annos
1789 2743 2115 2832 pervenit,
2170 2741 2494 2811 defuncto
2532 2746 2798 2809 Benna-

257 2831 371 2900 dio
428 2830 946 2920 archiepiscopo
1006 2829 1073 2898 in
1145 2830 1272 2899 hac
1332 2831 1502 2899 urbe
1550 2830 1966 2911 Rhemensi‚
2021 2831 2334 2900 omnium
2386 2829 2796 2918 generaliter

256 2919 428 2989 votis
474 2919 556 2988 ad
610 2919 948 3008 pontificii
994 2918 1270 2988 culmen
1323 2932 1561 3009 raptus
1598 2918 1813 2989 fuisse
1860 2919 2246 2988 dinoscitur
2297 2917 2543 3008 potius,
2582 2938 2793 3003 quam

257 3006 536 3078 electus.
592 3009 692 3077 Fit
756 3029 917 3097 ergo
966 3029 1349 3077 concursus
1401 3008 1672 3097 populi,
1728 3007 1979 3077 diversi
2027 3005 2308 3093 quidem
2361 3026 2588 3086 sexuS,
2642 3025 2795 3074 con-

256 3096 536 3165 ditionis
585 3119 663 3166 ac
713 3096 1093 3187 dignitatis,
1150 3117 1414 3166 necnon
1465 3108 1530 3165 et
1577 3097 1862 3165 aetatis:
1919 3094 2038 3165 sed
2098 3095 2312 3164 unius
2364 3106 2569 3181 atque
2605 3093 2796 3182 ejus—

257 3185 410 3253 dem
464 3186 838 3270 sententiae
885 3184 1117 3254 cuncti
1167 3185 1353 3254 hunc
1405 3206 1555 3253 vere
1604 3190 1736 3253 Deo
1798 3183 2085 3272 dignum
2116 3238 2132 3263 ‚
2203 3195 2268 3252 et
2332 3183 2452 3268 qui
2519 3182 2795 3272 populis

257 3273 538 3364 praefici
584 3273 880 3356 deberet,
933 3272 1434 3343 acclamabant.
1488 3273 1603 3341 Vir
1649 3285 1877 3341 autem
1930 3271 2371 3341 beatissimus
2419 3272 2529 3342 his
2578 3293 2788 3362 angu-

256 3363 406 3432 stiis
456 3361 824 3451 depressus
857 3416 872 3442 ,
927 3361 1165 3430 nimiis
1226 3360 1651 3431 afficiebatur
1709 3360 2128 3450 angoribus:
2181 3360 2349 3447 quia
2415 3382 2539 3430 nec
2590 3359 2795 3450 fugae

255 3451 448 3520 locus
496 3472 790 3537 usquam
844 3448 1158 3540 patebat,
1213 3471 1337 3518 nec
1380 3449 1669 3540 populo,
1726 3462 1802 3517 ut
1839 3451 1926 3519 ab
1976 3449 2354 3519 intentione
2402 3461 2639 3539 coepta
2691 3469 2794 3516 re-

255 3539 653 3628 sipisceret,
709 3537 856 3606 ullo
906 3536 1105 3607 modo
1171 3538 1562 3616 satisfacere
1612 3549 1896 3626 poterat.
1976 3538 2254 3607 Divinae
2304 3559 2602 3623 namque
2650 3549 2793 3606 erat

252 3627 649 3705 voluntatis.
704 3637 782 3696 ut
827 3626 947 3711 qui
993 3626 1305 3696 omnium
1350 3626 1557 3696 saluti
1593 3638 2081 3716 prospecturus
2114 3640 2281 3706 erat,
2325 3627 2636 3695 omnium
2678 3647 2794 3694 ac-

253 3715 787 3786 clamationibus
833 3713 1236 3803 eligeretur:
1281 3727 1345 3784 et
1391 3716 1511 3802 qui
1561 3715 1808 3784 unitati
1849 3715 2010 3784 fidei
2053 3737 2210 3785 cum
2245 3717 2391 3804 jam
2440 3714 2786 3793 fidelibus,

252 3817 317 3874 et
364 3804 615 3873 futuris
663 3801 985 3872 fidelibus
1031 3814 1174 3871 erat
1224 3803 1647 3890 provisurus,
1686 3804 1964 3884 unione,
2005 3804 2238 3873 cuncti
2288 3802 2526 3894 populi
2567 3803 2651 3871 ad
2691 3824 2794 3872 se-

253 3893 410 3962 dem
461 3893 859 3961 eveheretur
905 3891 1348 3960 sacerdotalis
1412 3891 1717 3962 honoris.
1787 3893 2277 3962 sanctissimus
2342 3889 2620 3993 quidem
2691 3891 2792 3959 vir

250 4003 411 4052 cum
464 3981 572 4050 his
619 3979 1232 4051 acclamationibus
1295 4002 1367 4048 se
1415 3982 1645 4071 urgeri
1704 3981 2179 4070 conspiceret,
2235 3980 2319 4050 de
2366 3980 2790 4052 infirmitatis

252 4082 318 4140 et
364 4070 603 4140 aetatis
660 4091 825 4139 suae
887 4079 1189 4157 ternpore
1249 4070 1576 4156 conqueri
1638 4070 1899 4158 coepit,
1951 4081 2017 4139 et
2062 4070 2223 4157 quia
2273 4068 2791 4139 Ecclesiasticus

253 4157 421 4228 ordo
470 4157 814 4228 infirmam
867 4168 1149 4226 aetatem
1200 4156 1285 4225 ad
1338 4159 1514 4227 hanc
1563 4180 1700 4234 non
1756 4157 2083 4248 reciperet
2121 4158 2573 4248 dignitatem,
2631 4177 2790 4227 voce

255 4246 535 4337 publica
584 4248 946 4317 fatebatur.
998 4245 1303 4317 Timebat
1341 4248 1552 4328 enim,
1604 4269 1684 4315 ne
1715 4247 2087 4316 immatura
2123 4260 2307 4317 aetas
2348 4244 2609 4315 inimici
2648 4267 2789 4315 ver-

260 4336 463 4405 sutiis
515 4337 943 4426 impugnata,
996 4334 1262 4421 aliquid
1312 4335 1744 4406 contraheret
1792 4335 2076 4405 sinistri.
2116 4335 2242 4405 Sed
2277 4335 2509 4404 divina
2542 4334 2782 4425 gratia,

255 4438 322 4493 et
379 4445 607 4504 vocem
681 4423 1094 4516 populorum
1163 4425 1719 4494 constantissime
1787 4426 1855 4493 in
1920 4425 2143 4514 ipsius
2215 4423 2589 4515 perdurare
2631 4422 2789 4491 fecit
