3347 4999
709 282 836 346 744
1282 298 1361 343 m:
1409 296 1501 344 ss.
1547 296 1814 344 zanomo
1862 298 1936 342 ar
1985 297 2252 344 ZENOBIA
2300 296 2490 343 mar.
2846 277 2996 344 oeT.
3039 281 3109 346 30

618 382 1126 464 revelationem,
1179 380 1201 450 i
1259 381 1353 451 sis
1415 381 1650 450 itidem
1708 394 1915 450 noctu
1950 382 2214 451 visam:
2268 402 2447 467 quae
2495 379 2771 467 quidem
2814 403 2958 450 voce
2997 383 3106 451 evi·

620 471 1025 540 dentissima
1077 493 1198 561 pro
1229 492 1377 552 usa,
1422 471 1521 540 eis
1568 469 1688 557 qui
1737 482 1933 540 erant
1978 470 2157 538 inter
2207 468 2362 540 illos
2409 470 2497 540 ob
2539 470 2848 539 virtutem
2894 484 3109 559 specta·

621 558 899 640 tissimi,
954 559 1319 660 perspicue
1377 558 1816 650 significavit,
1879 570 1954 628 ut
2013 571 2493 648 extra.portas
2540 558 2828 628 civitatis
2864 559 3099 648 egressi,

622 671 781 719 eum
846 653 1262 738 Episcopum
1332 646 1817 729 admitterent,
1880 646 2001 735 qui
2056 646 2225 738 ipsis
2269 669 2308 717 a
2365 651 2496 715 Deo
2550 659 2708 716 ante
2762 646 3115 747 designatus

622 749 788 808 erat.
843 741 990 820 Quo
1053 737 1137 807 ad
1195 737 1381 806 hunc
1440 735 1642 805 modo
1702 750 1913 836 gesto,
1980 735 2541 824 Jerosolymitani
2595 757 2939 806 communi
2989 736 3111 824 Epi·

624 847 988 928 scoporum
1038 847 1405 906 consensu,
1442 826 1563 913 qui
1621 823 1954 894 finitimas
1995 824 2334 893 Ecclesias
2384 825 2867 915 procurabant,
2927 846 3113 895 neces·

625 937 809 985 sarlo
858 914 1053 984 illum
1108 913 1292 1005 apud
1345 935 1417 983 se
1468 935 1747 984 manere
1795 915 2187 1004 coegerunt.

716 1007 752 1093 ἓ
793 1007 886 1075 8.
926 1002 1114 1072 Idem
1167 1004 1314 1093 ipse
1362 1001 1739 1072 Alexander
1770 1002 1836 1070 in
1882 1004 2027 1072 suis
2074 1000 2407 1092 epistolis,
2458 1024 2635 1090 quas
2666 1002 2749 1072 ad
2792 1000 3118 1071 Antinoitas

628 1092 930 1183 scripsit,
984 1114 1297 1180 quaeque
1344 1091 1573 1160 adhuc
1622 1090 1805 1181 apud
1878 1113 2003 1160 nos
2048 1103 2301 1172 extant,
2353 1090 2650 1161 Narcissi
2698 1089 2983 1180 collegae
3034 1092 3114 1159 sui

629 1181 697 1250 in
754 1179 1181 1272 praefectura
1230 1179 1570 1250 Ecclesiae
1615 1179 2232 1270 Jerosolymitanae
2280 1179 2576 1270 gerenda
2630 1180 3022 1249 mentionem
3050 1176 3113 1246 fa·

628 1269 741 1346 cit,
800 1269 927 1339 ista
980 1270 1047 1337 in
1091 1282 1392 1339 extrema
1436 1267 1555 1338 illa
1593 1268 1881 1359 epistola
1931 1268 2016 1337 ad
2072 1270 2355 1338 verbum
2416 1269 2768 1339 scribens:
2822 1291 2856 1335 «
2903 1266 3117 1336 Salutat

628 1381 748 1429 vos
797 1358 1183 1438 NarcissuS‚
1226 1358 1344 1446 qui
1387 1357 1499 1426 hic
1531 1371 1686 1427 ante
1736 1380 1844 1427 me
1885 1357 2335 1449 Episcopatus
2385 1356 2611 1427 locum
2664 1355 3029 1447 occupavit,
3071 1369 3115 1423 et

624 1459 898 1517 centum
933 1447 1078 1536 jam
1129 1461 1194 1516 et
1242 1446 1581 1516 sexdecim
1633 1468 1854 1516 annos
1890 1459 2463 1536 praetergressuS‚
2502 1467 2777 1516 mecum
2814 1446 2881 1514 in
2920 1442 3111 1514 eodem

625 1536 1006 1606 ministerio
1035 1535 1470 1623 quorundam
1504 1535 1826 1625 precibus
1855 1535 2274 1623 conjunctus
2311 1534 2477 1605 fuit:
2516 1535 2636 1621 qui
2667 1536 2974 1606 obsecrat
3000 1553 3111 1608 vos,

622 1637 699 1694 ut
748 1625 927 1694 idem
981 1646 1249 1694 mecum
1288 1624 1620 1705 sentiatis,
1673 1623 2051 1711 eademque
2101 1623 2250 1693 sitis
2297 1623 2666 1693 voluntate.
2705 1647 2744 1691 »

857 1950 1472 2052 MARTYRlUM
1541 1952 1680 2050 SS.
1755 1950 2159 2052 ZENOBll
2238 1951 2355 2050 ET
2427 1951 2936 2051 ZENOBlAE

1595 2173 1791 2239 Erus
1844 2172 2195 2239 sonoms

986 2385 1270 2434 AUCTORE
1318 2386 1445 2434 sm.
1503 2387 1974 2433 UETAPHRASTR.
2018 2386 2130 2433 EST
2174 2384 2243 2433 IN
2288 2384 2474 2433 'roms
2520 2384 2798 2433 ALovsll.

1301 2578 1497 2635 Paaai
1539 2582 1703 2634 eunt
1742 2591 1920 2634 anno
1962 2579 2091 2634 280
2121 2608 2195 2617 —
2226 2576 2490 2633 Asiani.

716 2776 856 2936 ἱί.
911 2781 1127 2867 Aegae
1160 2775 1192 2811 ⁴¹
1239 2789 1340 2846 est
1386 2777 1649 2857 civitaS,
1681 2798 1857 2864 quae
1888 2777 2020 2846 sita
2051 2776 2331 2863 quidem
2366 2787 2469 2845 est
2503 2775 2571 2844 in
2607 2775 2775 2847 sinu
2811 2770 3120 2847 sunit-,0¹⁹2

629 2866 713 2935 ha
770 2867 979 2936 itatur
1024 2878 1250 2936 autem
1302 2888 1341 2934 a
1391 2865 1759 2936 Cilicibus:
1813 2866 2016 2955 cujus
2054 2888 2132 2935 ea
2175 2887 2332 2956 pars
2378 2864 2685 2952 quidem,
2724 2886 2904 2952 quae
2951 2859 3126 2960 vergit

627 2955 712 3024 ad
762 2956 1248 3033 continentem,
1303 2976 1438 3022 non
1508 2969 1609 3024 est
1656 2976 1944 3044 magna:
2000 2953 2204 3024 latam
2256 2968 2486 3023 autem
2536 2968 2600 3023 et
2658 2966 3029 3044 porrectam
3072 2969 3124 3016 tn

630 3043 797 3113 satis
860 3066 1180 3134 magnam
1234 3043 1668 3113 latitudinem
1738 3043 2110 3134 propinqui
2167 3043 2379 3112 maris
2444 3055 2683 3131 portus
2750 3041 3012 3131 excipit.
3059 3041 3126 3105 Ea

630 3132 786 3202 tulit
833 3132 1106 3203 beatum
1158 3132 1554 3213 zenobium,
1603 3144 1837 3201 natum
1888 3155 1968 3202 ex
2019 3131 2152 3222 piis
2191 3131 2617 3222 parentibuS‚
2655 3131 2911 3201 radicis
2948 3130 3128 3199 bonae

632 3243 704 3289 re
754 3243 906 3290 vera
959 3222 1214 3290 bonum
1279 3243 1585 3312 germen.
1639 3222 1768 3303 Qui
1831 3242 1987 3290 cum
2053 3219 2551 3302 decessissent,
2603 3220 2663 3289 is
2712 3219 2989 3289 relictus
3030 3213 3128 3284 fuit

629 3309 814 3411 apud
866 3321 1215 3399 patruum.
1263 3314 1555 3380 Patruus
1602 3331 1783 3384 vero,
1836 3332 1994 3379 cum
2046 3321 2223 3379 esset
2272 3330 2342 3378 re
2391 3331 2548 3379 vera
2599 3308 2700 3377 vir
2747 3308 3039 3383 divinus,
3063 3315 3130 3404 ‚et

630 3398 900 3468 virtutis
948 3397 1325 3478 studiosus,
1382 3397 1620 3468 videns
1668 3419 1961 3487 puerum
2014 3399 2140 3468 rite
2188 3410 2580 3486 sequentem
2635 3411 2986 3488 paternam
3020 3411 3131 3490 pie·

630 3500 860 3566 tatem,
914 3499 979 3556 et
1025 3487 1371 3575 quomodo
1413 3487 1777 3557 universae
1815 3488 1965 3577 ejus
2012 3487 2476 3568 haereditatis,
2517 3487 2608 3556 ita
2640 3486 2848 3556 etiam
2901 3485 3130 3553 virtutis

627 3575 882 3646 factum
944 3597 1093 3645 esse
1142 3574 1547 3655 haeredem,
1602 3575 1793 3645 affini
1859 3597 2024 3646 suae
2089 3575 2325 3646 Teclae
2370 3597 2529 3645 eum
2590 3574 2986 3665 despondit,
3035 3588 3131 3659 pat·

631 3670 760 3736 Deo
808 3679 1082 3756 gratum
1119 3677 1395 3755 propter
1429 3665 1774 3755 pietatem,
1809 3679 1875 3734 et
1909 3664 2181 3756 insigne
2215 3664 2411 3735 bonis
2445 3664 2775 3735 omnibus
2813 3659 3125 3758 operibus·

628 3761 723 3824 Ex
755 3754 856 3824 eis
911 3775 1076 3842 ergo
1127 3762 1327 3823 natus
1361 3766 1462 3823 est
1495 3754 1867 3824 zenobius:
1916 3753 2164 3823 deinde
2201 3753 2405 3823 etiam
2459 3774 2651 3824 soror
2697 3754 2851 3842 ejus
2883 3746 3130 3820 Zenobia

624 3845 786 3933 (hoc
825 3843 1013 3913 enim
1050 3842 1149 3912 eis
1193 3863 1436 3911 nomen
1478 3841 1880 3931 impositum
1912 3841 2114 3913 suita
2156 3841 2612 3933 parentibus),
2659 3853 2976 3911 sanctum
3009 3852 3124 3927 par.

629 3933 803 4002 rami
854 3930 1112 4002 fertiles
1160 3930 1591 4022 spiritalibus
1637 3930 1987 4021 operibus.

721 4029 759 4102 ἓ
813 4026 901 4092 2.
958 4025 1123 4090 Cum
1175 4032 1403 4090 autem
1438 4020 1760 4121 egregius
1808 4019 2144 4090 Zenobius
2168 4018 2310 4108 jam
2353 4018 2437 4089 ad
2470 4018 2716 4109 ephebi
2755 4014 3133 4108 pervenisset

632 4122 945 4190 aetatem,
983 4110 1083 4179 eis
1132 4107 1409 4197 quidem
1465 4121 1859 4179 moriuntur
1909 4120 2263 4198 parentes;
2315 4121 2829 4178 consumuntur
2860 4125 3006 4174 vero
3053 4096 3133 4168 fa·

631 4196 947 4279 cultates‚
1004 4198 1250 4288 partim
1294 4197 1573 4286 quidem
1610 4198 1680 4267 in
1724 4209 1988 4269 ventres
2040 4219 2450 4288 pauperum,
2505 4197 2751 4286 partim
2806 4207 3021 4265 autem
3061 4183 3128 4257 ad

685 4359 712 4387 ¹⁸
741 4360 1216 4403 Animadvertendum
1239 4364 1310 4403 est
1331 4361 1443 4403 olim
1462 4363 1623 4412 piures
1648 4363 1798 4402 misse
1818 4362 2038 4403 civitates
2061 4362 2205 4411 hujus
2224 4363 2442 4402 neminis.

687 4413 743 4441 *¹*
772 4413 862 4462 Qui
881 4425 1006 4454 nunc
1029 4414 1205 4457 dicitur
1225 4417 1355 4466 Golfo
1373 4417 1766 4466 &Messanam-tta,
1787 4416 1837 4456 ln
1855 4417 1964 4455 Asia.
1982 4416 2169 4456 Minori.
