3347 4999
603 321 684 385 to
1361 338 1438 383 DE
1487 337 1540 383 s.
1594 335 1851 383 aninmo
1899 334 2190 384 Ancnmr.
2774 317 2946 384 OCT.
3004 319 3028 382 1
3131 336 3146 355 “

510 417 939 499 electionem,
975 428 1040 487 et
1088 428 1403 486 sanctum
1437 415 1660 484 virum
1716 416 1801 485 ab
1850 416 2117 503 antiqui
2151 415 2365 485 hostis
2397 416 2685 506 protexit
2719 416 3043 507 maligni-

512 516 668 575 tate.
743 510 821 576 Et
865 527 1024 574 cum
1078 505 1314 596 populi
1363 505 1775 575 acclamaret
1820 503 2247 591 frequentia,
2300 516 2366 574 et
2412 505 2892 575 sanctissimus
2942 505 3044 574 vir

512 615 764 695 magna
813 594 1219 664 reniteretur
1263 593 1669 677 constantia,
1728 593 1989 683 placuit
2034 594 2486 688 omnipotenti
2536 599 2665 663 Deo
2713 593 2774 662 ei
2827 594 3045 662 mani-

513 681 903 754 festissimis
937 695 1317 753 monstrare
1346 682 1647 765 indiciis,
1684 682 1867 769 quod
1911 682 2056 772 ipse
2089 683 2173 751 de
2219 704 2298 752 eo
2348 683 2624 752 haberet
2662 682 3038 774 judicium.

602 778 640 853 ἓ
691 777 782 843 6.
836 772 1098 841 Etenim
1149 794 1307 841 cum
1353 771 1555 841 modo
1604 771 1951 862 praedicto
2002 771 2200 841 reniti
2232 784 2616 853 conaretur,
2653 772 3043 840 videntibus

513 860 783 930 cunctis
830 860 951 947 qui
999 859 1305 941 aderant,
1359 857 1714 929 descendit
1761 860 1989 930 subito
2038 861 2277 930 radius
2325 862 2480 930 novi
2521 860 2809 930 luminis
2836 881 3046 949 super

515 949 735 1038 ipsius
784 949 911 1017 viri
960 950 1179 1019 sancti
1228 947 1572 1028 verticem,
1612 972 1693 1017 ac
1743 950 1801 1019 si
1851 950 1998 1038 ipse
2047 950 2146 1019 sol
2196 949 2281 1018 de
2326 949 2513 1018 coelo
2550 962 2798 1029 motuS‚
2837 970 3047 1037 super

511 1058 669 1106 eum
732 1037 1089 1107 ceciderit:
1143 1051 1208 1108 et
1271 1037 1436 1124 quia
1494 1036 2119 1107 illuminandarum
2179 1037 2296 1107 lux
2356 1038 2728 1128 parabatur
2775 1038 3045 1105 anima-

515 1147 694 1208 rum,
750 1126 897 1215 ipse
942 1148 1239 1214 quoque,
1293 1148 1449 1195 cum
1502 1127 1584 1195 ad
1639 1125 1766 1195 hoc
1813 1148 1989 1215 opus
2037 1126 2559 1207 adscisceretur,
2616 1125 2879 1195 lumine
2927 1125 3044 1193 de-

513 1214 662 1283 buit
710 1213 1041 1284 declarari
1093 1214 1369 1283 visibili.
1424 1220 1577 1304 Ipse
1628 1236 1927 1302 namque
1974 1227 2118 1285 erat
2166 1215 2470 1297 lucerna,
2522 1237 2699 1302 quae
2749 1236 2883 1282 non
2917 1215 3046 1283 sub

514 1303 744 1372 modio
789 1325 997 1372 curae
1043 1324 1453 1393 corporeae,
1523 1303 1638 1373 sed
1706 1325 1916 1394 super
1960 1303 2453 1374 candelabrum
2505 1303 2919 1393 purissimae
2966 1324 3045 1371 ac

516 1396 648 1460 Deo
695 1390 983 1461 dilectae
1030 1391 1565 1461 conversationis
1611 1403 1756 1461 erat
1804 1392 2161 1481 ponenda:
2214 1406 2556 1481 quatenus
2604 1391 2751 1472 his,
2803 1391 2924 1477 qui
2973 1392 3042 1459 in

513 1479 718 1549 domo
767 1493 1039 1549 sanctae
1086 1480 1429 1551 Ecclesiae
1474 1479 1689 1550 futuri
1738 1493 1953 1563 erant,
1987 1481 2220 1550 lumen
2257 1481 2557 1572 optimae
2591 1480 3044 1549 institutionis

515 1570 887 1659 praeberet.

600 1659 636 1743 ξ
682 1660 758 1727 ⁵2.
811 1657 1072 1727 Placuit
1119 1657 1321 1727 etiam
1372 1655 1911 1746 omnipotentiae
1945 1657 2240 1739 divinae,
2282 1658 2446 1727 huic
2483 1656 2819 1727 miraculo
2853 1655 3043 1725 aliud

513 1744 787 1826 addere,
830 1746 915 1815 ad
965 1745 1421 1816 ostensionem
1474 1745 1873 1815 meritorum
1909 1747 2288 1816 beatissimi
2333 1747 2479 1816 viri.
2522 1752 2597 1816 Et
2636 1747 2819 1815 enim
2855 1745 3046 1813 radio

514 1834 910 1923 supradicto
971 1857 1042 1904 se
1088 1835 1498 1914 illustrante,
1556 1836 1770 1905 sensit
1815 1836 2023 1923 capiti
2073 1857 2199 1904 suo
2246 1836 2584 1925 unguinis
2632 1834 2809 1903 sacri
2863 1833 3047 1902 infu-

515 1944 668 1991 sum
722 1923 1083 2010 liquorem,
1136 1945 1273 2009 quo
1320 1935 1533 1992 totum
1584 1923 1734 2011 ejus
1782 1923 2169 1993 delibutum
2216 1938 2317 1993 est
2364 1947 2439 1993 ca
2497 1938 2593 1993 ut.
2648 1927 2724 1993 Et
2766 1923 3040 1991 merito:

512 2024 588 2080 ut
637 2013 756 2098 qui
804 2011 1032 2082 oleum
1083 2011 1440 2101 spirituale
1467 2012 1788 2168 tpopulis,
1840 2034 1978 2099 quo
2024 2034 2260 2081 eorum
2312 1947 2592 2100 quidjem
2629 2011 2854 2102 capita
2888 2012 3048 2079 visi-

514 2098 663 2180 bili,
710 2115 973 2169 mentes
1021 2113 1249 2170 autem
1302 2121 1463 2190 prae
1518 2099 1830 2182 icatione,
1869 2106 2114 2171 Sancto
2155 2102 2415 2191 Spiritu
2464 2103 2531 2170 in
2583 2122 2654 2170 se
2706 2101 3043 2186 loquente,

514 2203 854 2258 uncturus
901 2201 1046 2259 erat
1093 2189 1464 2259 chrismate
1527 2188 1909 2270 invisibili,
1967 2190 2032 2258 id
2084 2201 2209 2271 est,
2262 2192 2484 2281 gratia
2531 2188 2840 2291 ejusdem
2896 2188 3049 2277 Spi-

515 2277 690 2348 ritus
740 2278 990 2359 Sancti,
1036 2279 1057 2345 i
1112 2299 1183 2346 se
1230 2298 1502 2365 quoque
1551 2279 1745 2368 prius
1786 2277 1902 2347 tali
1952 2278 2277 2348 unctione
2325 2279 2797 2380 insigniretur,
2850 2281 3048 2345 Acce-

517 2366 653 2455 ptis
720 2379 946 2436 autem
998 2377 1061 2435 ta
1100 2367 1254 2436 ibus
1316 2388 1396 2436 ac
1445 2366 1650 2437 tantis
1699 2366 2076 2456 auspiciis,
2131 2366 2386 2437 divinis
2437 2368 2664 2436 timuit
2711 2366 3050 2435 contraire

518 2455 812 2524 statutis,
879 2461 1107 2543 Neque
1152 2454 1336 2524 enim
1388 2467 1611 2525 tutum
1664 2455 1766 2525 illi
1818 2455 2030 2524 videri
2082 2468 2391 2545 poterat,
2448 2468 2540 2525 tot
2589 2455 2805 2546 signis
2856 2475 3048 2545 prae-

515 2545 979 2626 currentibuS,
1033 2544 1307 2613 divinae
1354 2544 1823 2614 contradicere
1860 2545 2188 2635 jussioni,
2235 2546 2642 2634 »praesertim
2685 2567 2843 2613 cum
2895 2543 3050 2611 luce
3111 2627 3118 2638 α

517 2643 582 2701 et
629 2633 956 2702 unctione
1004 2633 1234 2702 Sancti
1286 2633 1622 2723 SpirituS,
1680 2655 1857 2720 quae
1904 2634 2051 2703 oleo
2101 2633 2352 2702 visibili
2402 2634 2824 2723 designatur,
2880 2633 3050 2700 inte-

516 2721 665 2790 rius
714 2720 1097 2791 illustratus
1144 2733 1347 2808 atque
1395 2736 1794 2812 perunctus,
1845 2735 1921 2792 ut
1968 2734 2033 2790 et
2079 2735 2360 2793 sanctus
2403 2723 2646 2801 ⁴IsaiaS‚
2681 2721 3050 2789 admitten-

515 2809 681 2879 dum
734 2831 805 2881 se
851 2811 922 2879 in
973 2810 1286 2879 divinum
1338 2811 1827 2892 ministerium,
1864 2811 2111 2881 debere
2144 2832 2214 2879 se
2263 2811 2490 2901 potius
2538 2811 2800 2891 offerre,
2840 2830 3045 2897 quam

514 2919 861 2978 excusare,
915 2898 1259 2968 didicerit.

603 2989 639 3073 ξ
687 2990 768 3059 S.
837 2988 1231 3058 Posthabita
1274 3009 1437 3089 ergo
1504 2987 1692 3055 omni
1743 2987 2215 3068 dubitatione,
2283 2998 2485 3075 atque
2552 2986 2837 3077 ancipiti
2888 2988 3051 3056 sub—

517 3087 700 3143 mota
749 3078 1106 3158 sententia,
1154 3076 1618 3146 ‘unanimitate
1665 3076 2144 3166 episcoporum
2184 3076 2592 3146 Rhemensis
2630 3076 3043 3166 provinciae,

517 3162 758 3232 insulis
807 3164 1120 3233 induitur
1168 3164 1733 3245 sacerdotalibuS,
1786 3165 2260 3234 benedictione
2298 3178 2739 3236 consecratur
2785 3165 3051 3254 episco-

441 3336 445 3340 .
516 3251 702 3341 pali,
758 3265 961 3338 atque
1032 3255 1102 3321 in
1154 3252 1311 3322 sede
1359 3253 1793 3343 praesulatus
1840 3253 2220 3324 collocatur
2267 3253 2482 3341 hujus
2531 3253 2824 3323 civitatis
2874 3254 3053 3324 Rbe—

518 3361 816 3410 morum.
897 3339 1022 3409 Ubi
1072 3340 1301 3410 statim
1353 3342 1450 3410 sic
1498 3342 1823 3432 apparuit
1869 3356 2072 3433 aptus
2117 3354 2183 3411 et
2229 3342 2550 3424 devotus,
2607 3356 2932 3428 tanquam
2989 3343 3048 3410 si

517 3428 765 3510 officio,
819 3427 903 3497 ad
953 3427 1135 3515 quod
1188 3428 1449 3499 noviter
1495 3431 1921 3510 ascenderat,
1961 3431 2220 3531 jugiter
2265 3430 2694 3521 praefuisset.
2734 3431 2886 3499 Fuit
2926 3431 3053 3499 ita—

516 3538 651 3604 que
699 3517 768 3585 in
818 3517 1275 3606 eleemosynis
1322 3517 1591 3608 largus,
1647 3520 1716 3586 in
1767 3519 2022 3608 vigiliis
2072 3519 2358 3590 sedulus
2389 3575 2405 3599 ,
2460 3520 2529 3587 in
2580 3519 2887 3588 oratione
2935 3519 3052 3587 de-

517 3617 736 3687 votus,
790 3605 861 3675 in
914 3605 1341 3676 humanitate
1390 3606 1738 3696 profusuS,
1793 3609 1863 3676 in
1913 3608 2226 3676 doctrina
2276 3608 2716 3697 praecipuuS.
2771 3608 2840 3675 in
2892 3608 3053 3676 cha-

517 3694 714 3763 ritate
763 3693 1128 3781 perfectuS,
1182 3694 1252 3763 in
1304 3716 1618 3765 sermone
1668 3708 1971 3785 paratus,
2014 3696 2083 3763 in
2134 3697 2650 3766 conversatione
2699 3697 3053 3766 sanctissi-

518 3802 700 3851 mus,
754 3783 1221 3852 Sinceritatem
1275 3783 1567 3864 mentis,
1611 3784 1843 3853 vultus
1892 3785 2000 3854 sui
2053 3785 2412 3854 serenitate
2463 3788 2933 3855 monstrabat:
2987 3797 3053 3854 et

520 3871 837 3959 pietatem
889 3871 1412 3941 clementissimi
1458 3871 1732 3952 cordiS‚
1787 3872 2187 3942 ostendebat
2233 3873 2302 3941 in
2361 3874 2637 3942 lenitate
2686 3873 3046 3944 sermonis.

518 3959 857 4046 Quicquid
906 3959 992 4029 ad
1045 3960 1332 4030 salutem
1385 3972 1612 4049 posset
1662 3962 2000 4049 pertinere
2049 3973 2416 4040 aeternam,
2468 3984 2602 4031 non
2657 3963 2890 4031 minus
2926 3961 3053 4029 im-

519 4046 748 4136 plebat
795 4048 1236 4119 beatissimus
1284 4070 1510 4138 opere,
1567 4070 1774 4136 quam
1827 4051 2164 4120 sermonis
2200 4051 2709 4141 praedicatione
2738 4049 3044 4119 docebat.

519 4138 570 4205 Ο
606 4136 854 4217 virum,
898 4159 1019 4227 per
1049 4137 1281 4207 omnia
1317 4142 1447 4207 Deo
1479 4136 1795 4227 dignum.
1837 4139 2195 4210 Eminebat
2236 4141 2302 4208 in
2344 4140 2495 4230 ipso
2530 4139 2794 4219 habitu,
2835 4138 3051 4207 animi

519 4223 952 4314 pulcritudo:
1006 4226 1075 4295 in
1126 4226 1352 4315 specie
1407 4227 1758 4295 exterioris
1807 4227 2132 4309 hominis,
2188 4229 2408 4319 ipsam
2449 4242 2725 4319 putares
2779 4249 3051 4317 expres-

518 4334 663 4382 sam
714 4314 1083 4404 imaginem
1139 4315 1538 4386 sanctitatis.
1595 4320 1753 4384 Erat
1800 4315 2328 4387 irreverentibus
2363 4317 2689 4386 terribilis
2737 4329 3042 4406 aspectu,

515 4402 926 4473 reverendus
955 4403 1253 4485 incessu,
1288 4405 1698 4476 metuendus
1723 4405 2098 4487 severitate,
2136 4405 2566 4476 venerandus
2602 4405 3046 4497 benignitate.
