3347 4999
179 351 352 417 OCT.
409 354 478 417 Μ
937 371 1013 416 na
1062 372 1153 417 ss,
1207 368 1496 418 naitono
1545 372 1619 416 Er
1668 364 1806 418 soe.
1851 373 1965 418 mi.
2503 354 2631 420 339

174 454 577 524 crebriores.
632 460 709 525 Et
754 477 912 524 cum
968 468 1144 524 terra
1193 456 1596 545 irrigaretur
1650 456 2021 543 sanguine,
2075 468 2139 525 et
2187 470 2538 546 stuperent
2597 457 2720 543 qui

169 543 738 624 circumstabant,
792 554 857 613 et
904 544 991 612 ad
1031 565 1188 613 eum
1239 544 1664 613 clamarent:
1721 566 1755 608 «
1801 543 1965 612 Vide
2011 545 2198 614 hunc
2260 547 2522 614 fluxum
2574 568 2719 614 ma-

169 631 350 700 xime
389 632 788 713 terribilem,
823 645 895 701 et·
931 632 1050 701 tibi
1090 654 1326 722 parce;
1358 655 1393 698 »
1427 638 1701 721 Martyr‚
1742 630 1825 700 ad
1868 654 1983 701 eos
2018 633 2319 713 intuens,
2348 656 2384 699 «
2414 639 2557 716 Quo
2596 634 2719 720 qui

170 732 455 801 certant,
501 722 745 807 inquit,
802 732 1189 811 unguntur,
1243 720 1467 790 oleum
1520 733 1638 789 aut
1691 734 2150 810 unguentum,
2205 720 2390 789 hunc
2432 723 2720 821 sangui-

169 829 321 876 nem
364 824 652 899 reputo;
705 822 770 879 et
818 808 970 878 ideo
1010 810 1093 877 ad
1136 810 1514 878 certamina
1544 807 1755 878 evado
1795 809 2109 878 alacrior.
2145 832 2180 875 »
2226 808 2479 878 Deinde
2511 824 2718 877 etiam

169 896 238 963 in
289 911 523 968 ventre
574 920 815 967 rursus
862 898 1179 967 similiter
1229 898 1618 967 verberatus
1649 953 1663 978 ,
1719 920 1877 967 cum
1932 912 2179 967 terram
2232 897 2718 967 abundantiori

170 988 511 1075 sanguine
559 986 829 1057 fecisset
878 1008 1298 1076 purpuream
1340 1011 1353 1055 ε
1410 1010 1443 1053 «
1481 987 1763 1067 Christe,
1818 986 1918 1055 fer
1958 987 2125 1055 mihi
2159 1008 2384 1076 opem,
2419 1009 2454 1053 »
2491 986 2719 1056 solum

168 1085 270 1142 est
316 1074 655 1145 elocutus.
711 1081 788 1144 Et
834 1098 993 1144 cum
1043 1075 1326 1145 dixisset
1380 1080 1705 1145 Praeses:
1761 1098 1797 1141 «
1836 1076 1900 1145 Si
1953 1076 2076 1144 tibi
2125 1097 2322 1164 opem
2376 1076 2601 1156 ferret,
2657 1087 2720 1143 te

171 1159 494 1233 liberaret
541 1164 628 1233 ab
675 1163 1000 1233 omnibus
1049 1164 1160 1233 his
1229 1165 1627 1245 tormentis;
1672 1186 1707 1230 »
1769 1164 2113 1265 sapienter
2180 1163 2556 1233 admodum
2618 1185 2720 1232 re-

169 1252 451 1337 spondit
497 1254 611 1322 Vir
635 1253 916 1340 justus:
973 1275 1009 1318 «
1050 1257 1190 1322 Non
1243 1274 1497 1340 quaero
1548 1274 1682 1321 non
1736 1265 1898 1343 pati,
1954 1252 2069 1322 sed
2121 1252 2379 1321 fortiter
2428 1274 2507 1322 ac
2554 1273 2719 1321 con-

169 1350 428 1409 stanter
476 1340 652 1410 ferre
700 1340 1200 1431 perpessiones.
1254 1346 1461 1410 Nemo
1508 1342 1691 1409 enim
1752 1363 1829 1409 ex
1894 1342 1979 1409 iis
2044 1341 2163 1428 qui
2213 1341 2601 1429 decertant,
2657 1341 2716 1410 si

168 1423 374 1498 fuerit
409 1451 617 1499 sanae
651 1431 920 1510 mentis,
978 1429 1243 1519 petierit
1291 1429 1545 1498 auferri
1594 1452 1634 1498 a
1682 1430 2200 1511 certaminibuS,
2239 1430 2495 1516 quibus
2535 1449 2719 1498 asse-

168 1516 411 1598 quitur
449 1540 771 1588 coronam
809 1533 873 1587 et
904 1519 1232 1608 praemia.
1267 1522 1514 1587 Verum
1569 1530 1629 1587 te
1680 1516 1860 1598 latet,
1904 1539 1944 1586 o
1998 1517 2220 1600 'udex‚
2262 1540 2370 1587 me
2407 1531 2472 1587 et
2520 1516 2718 1587 valde

169 1600 388 1675 fuisse
436 1607 858 1688 exauditum,
911 1620 976 1676 et
1026 1607 1199 1675 mihi
1246 1607 1483 1675 datum
1535 1605 1749 1676 fuisse
1811 1607 2171 1675 auxiium.
2224 1611 2366 1676 Tua
2421 1627 2719 1692 namque

174 1707 544 1765 contemno
595 1710 970 1775 tormenta,
1048 1717 1179 1764 uon
1231 1695 1452 1763 victus
1505 1695 1592 1764 ab
1641 1695 1726 1766 iis
1787 1717 1908 1784 per
1962 1716 2138 1781 quae
2196 1696 2450 1785 putasti
2500 1707 2562 1764 te
2608 1716 2721 1763 me

169 1800 319 1851 esse
356 1784 728 1863 victurum,
781 1797 846 1853 et
892 1806 972 1853 ex
1005 1783 1471 1853 acerbissimis
1505 1784 1813 1873 corporis
1852 1783 2207 1853 doloribus
2246 1785 2559 1853 animum
2596 1805 2720 1851 na-

171 1880 324 1939 ctus
369 1874 925 1942 robustiorem.»
974 1876 1137 1941 Cum
1191 1872 1301 1941 his
1357 1871 1564 1940 simul
1623 1872 1961 1951 cessisset,
2006 1884 2070 1941 et
2117 1894 2273 1942 eum
2343 1871 2721 1940 dimisisset

161 1955 407 2044 judex,
461 1983 617 2030 eum
660 1960 937 2048 quidem
977 1961 1156 2030 ferro
1195 1960 1464 2038 vinciri,
1506 1974 1570 2029 et
1609 1961 1678 2029 in
1731 1982 2070 2030 carcerem
2109 1961 2360 2030 abduci
2401 1960 2618 2048 jubet,
2654 1972 2721 2029 et

167 2049 442 2118 extendi
487 2050 554 2117 in
590 2062 887 2136 quatuor
934 2048 1393 2119 foraminibus
1433 2048 1630 2139 ligni,
1685 2048 1769 2117 ad
1823 2048 2279 2135 torquendum
2314 2049 2714 2119 constructi.

265 2137 303 2221 ἓ
350 2144 438 2208 5.
494 2144 648 2208 Post
693 2159 897 2224 quem
951 2138 1193 2207 tertius
1238 2137 1369 2207 fuit
1416 2137 1854 2207 introductus
1902 2137 2328 2208 Andronicus
2357 2194 2372 2219 ,
2437 2158 2721 2227 corpore

168 2224 452 2307 quidem
475 2227 776 2315 juveniS,
811 2227 894 2297 iis
923 2240 1178 2307 autem,
1210 2226 1327 2314 qui
1369 2226 1560 2316 prius
1592 2224 2051 2306 decertarunt,
2080 2227 2360 2317 ingenio
2383 2225 2714 2313 aequaliS,

168 2323 235 2378 et
290 2315 657 2401 perfectus.
712 2315 1169 2397 Quamobrem
1221 2330 1283 2383 et
1330 2316 1814 2395 constantiam,
1868 2329 1930 2384 et
1979 2314 2253 2383 dicendi
2305 2313 2713 2395 libertatem,

168 2411 233 2467 et
267 2403 585 2472 eamdem
639 2403 934 2472 ostendit
980 2402 1383 2483 orationem,
1431 2424 1502 2472 se
1551 2403 2014 2473 Christianum
2058 2425 2330 2484 vocans,
2376 2418 2441 2473 et
2472 2403 2721 2474 Christi

173 2508 480 2559 servum.
550 2495 717 2561 Cum
787 2504 1012 2561 autem
1087 2507 1235 2581 post
1285 2493 1884 2582 interrogationem
1931 2492 2173 2581 jussus
2234 2506 2409 2563 esset
2455 2514 2528 2562 se
2582 2515 2719 2562 non

169 2576 379 2646 stulte
428 2601 660 2667 gerere
692 2633 711 2659 ,
769 2580 882 2649 sed
936 2580 1369 2658 sacrificare,
1426 2581 1755 2650 alieniore
1811 2581 2018 2651 simul
2070 2594 2135 2651 et
2183 2581 2441 2650 veriore
2507 2582 2711 2650 modo

167 2668 527 2754 respondit
566 2668 785 2755 judici
822 2692 836 2736 :
892 2691 928 2734 «
957 2674 1179 2749 Recte,
1211 2693 1251 2738 o
1278 2669 1588 2750 Maxime,
1621 2670 1884 2750 dicenS,
1923 2670 2298 2740 certamina
2330 2681 2564 2739 nostra
2599 2691 2720 2738 no-

169 2753 511 2827 minasses
539 2757 926 2839 stultitiam,
965 2759 1022 2826 si
1056 2779 1176 2847 spe
1211 2758 1729 2828 frustrarentur.
1770 2761 1836 2829 Si
1877 2760 2034 2846 quis
2066 2772 2291 2828 autem
2329 2757 2721 2849 adspexerit

174 2841 258 2909 ad
292 2865 481 2934 spem
518 2859 583 2914 et
622 2846 1270 2916 remunerationem.
1307 2867 1514 2933 quam
1549 2848 1841 2917 Verbum
1875 2849 2185 2937 promisit
2219 2846 2539 2926 salutare,
2571 2847 2719 2935 ipse

176 2949 451 3020 quoque
507 2935 790 3003 omnino
846 2934 1024 3003 dicet
1066 2957 1222 3003 cum
1267 2934 1522 3004 Paulo:
1577 2941 1719 3005 Non
1764 2948 1920 3004 sunt
1968 2938 2336 3026 condiqnae
2370 2937 2716 3027 passiones

173 3017 380 3110 hujus
415 3026 727 3113 temporis
753 3024 843 3093 ad
919 3027 1159 3092 loriam
1191 3024 1627 3093 revelandam
1659 3027 1729 3093 in
1760 3026 1983 3093 nobis»
2009 3024 2404 3113 (Romvni).
2443 3023 2564 3093 Ille
2595 3045 2720 3091 au-

173 3115 308 3206 tem
342 3132 614 3181 morsus
649 3112 777 3181 hac
819 3047 1252 3202 pgilosophia
1305 3114 1637 3199 Martyris,
1685 3134 1843 3181 cum
1882 3112 2079 3181 vellet
2116 3112 2471 3182 ostendere
2513 3111 2721 3180 verba

172 3195 345 3295 nihil
385 3199 577 3268 aliud
618 3222 789 3280 esse,
828 3223 1035 3287 quam
1077 3203 1302 3283 verba,
1358 3201 1616 3269 invenit
1664 3223 1772 3269 res
1813 3201 1997 3289 ipsas
2052 3201 2152 3270 eis
2200 3200 2374 3270 ferre
2412 3200 2720 3271 testimo-

173 3302 398 3381 tuum,
431 3301 495 3356 et
521 3309 600 3357 ea
625 3288 1059 3358 confirmare.
1083 3295 1248 3359 Nam
1277 3312 1433 3358 cum
1464 3288 1790 3376 jussisset
1822 3310 1979 3358 eum
2012 3289 2345 3380 suspendi
2378 3291 2445 3358 in
2501 3289 2713 3378 ligno,

172 3389 469 3463 lmperat
494 3390 570 3446 ut
599 3375 777 3446 ferro
807 3383 958 3464 eJ‘us
985 3379 1545 3467 imprimerentur
1581 3377 1786 3446 tibiae
1816 3400 1832 3457 ;
1886 3375 2156 3459 deinde,
2190 3391 2266 3448 ut
2304 3379 2458 3465 ejus
2509 3377 2721 3446 latera

173 3477 651 3555 pungerentur
684 3465 987 3535 stimulis
1018 3467 1464 3543 acutissimis,
1487 3477 1551 3534 et
1579 3466 1719 3534 sale
1760 3465 2282 3548 adfricarentur,
2307 3481 2370 3536 et
2399 3467 2588 3536 testis
2621 3466 2717 3535 la-

170 3567 602 3622 cerarentur:
645 3554 773 3623 hoc
824 3556 1137 3637 moliens,
1191 3567 1269 3624 ut
1315 3555 1631 3623 deficeret
1660 3554 1922 3624 Athleta
1957 3554 2271 3625 dolorum
2317 3555 2710 3625 acerbitate.

173 3638 296 3708 Sed
359 3641 474 3710 ille
522 3641 793 3712 dicebat
856 3642 1066 3712 salem
1136 3642 1421 3713 reddere
1468 3664 1721 3732 corpus
1776 3643 2059 3713 firmum
2109 3667 2188 3713 ac
2237 3643 2587 3725 solidum,
2641 3656 2721 3711 ut

169 3743 399 3812 posset
462 3729 776 3800 sufficere
838 3732 1117 3819 reliquis
1178 3730 1696 3801 certaminibus.
1770 3735 2229 3815 Quamobrem
2288 3754 2531 3802 rursus
2594 3731 2717 3800 de-

169 3811 392 3888 fessus
440 3820 499 3888 is
545 3821 665 3907 qui
720 3821 1067 3910 puniebat,
1111 3821 1322 3910 jussit
1369 3842 1526 3889 eum
1577 3842 1851 3909 quoque
1893 3820 2210 3891 similiter
2268 3820 2602 3890 custodiri
2643 3821 2716 3888 in

171 3922 465 3976 carcere.

258 3995 294 4079 ξ
343 4000 435 4065 θ.
491 4001 655 4066 Cum
708 3996 920 4088 igitur
984 3997 1230 4068 horum
1303 3997 1508 4066 trium
1580 3997 2112 4067 fortissimorum
2167 3998 2480 4066 Virorum
2539 3997 2718 4065 hanc

173 4082 711 4179 pulcherrimam
764 4087 1174 4175 sumpsisset
1230 4087 1747 4176 experientiam,
1805 4109 2045 4156 rursus
2091 4108 2207 4156 cos
2263 4086 2662 4176 singulatim
2697 4140 2712 4167 ‚

176 4172 385 4268 priori
414 4193 685 4260 quoque
726 4185 890 4243 tunc
926 4188 1123 4244 utens
1157 4174 1422 4255 ordine,
1516 4175 1788 4244 roduxit
1821 4175 1903 4244 ad
1940 4174 2271 4244 tribunal.
2314 4180 2721 4261 Rursusque

179 4270 504 4330 assistens
539 4263 883 4332 Tarachus
915 4285 1072 4333 cum
1113 4265 1409 4333 maxima
1496 4264 1717 4334 icendi
1752 4264 2084 4342 libertate,
2128 4264 2539 4342 Praesidem,
2585 4269 2718 4331 Im-

182 4360 548 4441 peratore&
593 4352 1041 4441 ipsorumque
1088 4352 1252 4422 deos
1290 4374 1438 4423 esse
1487 4353 1785 4422 maxime
1816 4352 2197 4422 imbecillos
2230 4353 2459 4444 arguit
2491 4351 2719 4421 fortis-

182 4450 376 4502 sime.
403 4437 592 4508 Unde
618 4441 821 4510 etiam
848 4465 1100 4534 corpus
1124 4441 1582 4532 confringitur
1622 4442 1998 4534 lapidibus,
2030 4454 2095 4512 et
2128 4442 2356 4533 ignem
2394 4439 2718 4510 manibus
