3347 4999
279 373 445 439 OCT.
502 374 579 437 t4
1012 391 1089 436 nss
1137 391 1191 436 s.
1246 389 1618 437 nunenaano
1667 390 1916 436 nssnmp.
1970 390 2066 435 ΕΡ.
2589 372 2716 436 399

276 476 390 561 qui
438 474 744 555 aderant,
805 474 1153 543 alacritate
1193 486 1394 561 atque
1446 474 1749 563 tripudio
1809 472 2316 543 inthronizavit.
2362 472 2613 542 Deinde
2665 473 2806 563 ple-

278 564 426 632 bem
476 563 557 631 ad
622 563 896 664 propria
962 563 1334 640 remittens,
1394 562 1538 650 ipse
1594 584 1755 632 cum
1817 562 2255 650 magnatibus
2303 573 2576 641 cuncta,
2631 584 2808 649 quae

271 653 386 739 jus
446 652 785 741 Episcopii
833 651 1026 739 juxta
1084 651 1340 741 patriae
1392 672 1649 719 morem
1699 650 2032 739 exigebat,
2083 672 2200 738 per
2248 649 2508 736 aliquot
2549 650 2803 721 ibidem

275 741 418 810 dies
465 744 925 820 commorans,
984 739 1459 809 venerabiliter
1496 738 1941 828 disponebat:
1992 738 2056 807 id
2101 751 2223 819 est,
2266 738 2636 808 terminum
2678 762 2802 808 un·

275 830 480 917 dique
532 852 741 898 novae
792 829 1108 908 dioecesi,
1167 842 1367 917 prout
1415 845 1810 917 competens
1859 827 2248 907 videbatur,
2306 826 2799 927 distinguebat,

279 919 636 1008 parochias
672 917 1086 1008 presbyteris
1136 939 1254 1006 per
1288 915 1598 1006 singulas
1636 915 1866 1006 plebes
1900 916 2387 1005 gubernandas
2418 913 2800 1001 dividebat3

274 1020 336 1076 et
374 1008 431 1076 si
481 1030 616 1093 qua
651 1020 914 1097 praeter
944 1006 1109 1074 haec
1149 1028 1251 1074 res
1285 1005 1759 1095 expostulavit,
1799 1026 1940 1073 una
1979 1026 2138 1074 cuni
2181 1005 2433 1074 novitio
2483 1003 2802 1093 praesule

274 1097 753 1168 constituebat.
820 1095 1118 1163 Tandem
1170 1094 1534 1174 universiS,
1575 1117 1750 1180 quae
1789 1094 1873 1162 ad
1913 1115 2235 1182 praesens
2270 1094 2614 1183 negotium
2657 1116 2804 1182 per-

277 1186 605 1264 tinebant,
642 1184 827 1253 domi
887 1183 1210 1270 forisque,
1256 1197 1454 1272 prout
1514 1195 1794 1271 poterat,
1844 1204 1974 1250 uon
2028 1184 2326 1271 segniter
2373 1182 2796 1271 compositiS‚

273 1274 589 1342 unanimi
639 1271 944 1341 valefecit
983 1272 1206 1340 amico
1252 1285 1316 1341 et
1364 1272 1769 1361 coepiscopo
1817 1271 2248 1340 Burchardo:
2304 1292 2506 1358 quem
2543 1270 2609 1338 in
2648 1293 2799 1361 pro·

276 1363 419 1449 pria
454 1362 613 1431 sede
655 1360 1072 1447 relinquens,
1112 1361 1254 1449 ipse
1284 1362 1671 1450 Mogontiae
1709 1359 2061 1448 metropoli
2106 1382 2175 1427 se
2206 1371 2792 1449 praesentaturu8‚

324 1464 429 1520 ost
481 1462 757 1520 mutuas
808 1451 1166 1535 utriusque
1221 1448 1586 1538 lacrymas,
1626 1449 1709 1516 ad
1768 1448 2045 1537 propria
2089 1448 2456 1538 repedavit.
2496 1452 2653 1516 Acta
2701 1461 2803 1519 est

272 1473 437 1609 haec
492 1562 661 1608 nova
710 1539 1048 1607 institutio
1106 1539 1254 1607 novi
1318 1538 1756 1627 pontificatus
1824 1537 2006 1625 apud
2059 1537 2301 1606 urbem
2353 1536 2794 1625 wirceburg,

271 1648 453 1696 anno
522 1626 914 1697 Dominicae
975 1626 1477 1695 Incarnationis
1535 1626 2142 1715 septingentesimo
2189 1626 2800 1715 quinquagesimo-

274 1717 536 1804 primo:
577 1738 758 1784 anno
801 1736 954 1783 vero
1004 1715 1732 1803 sexagesimosecundo
1784 1727 1932 1803 post
1984 1715 2368 1803 passionem
2407 1728 2798 1784 sanctorum

272 1809 643 1894 Martyrum
699 1804 948 1873 Kiliani
998 1826 1075 1872 ac
1125 1804 1467 1872 sociorum
1518 1804 1691 1892 ejus,
1737 1825 1911 1889 quae
1967 1803 2207 1873 incidit
2255 1804 2325 1872 in
2373 1824 2632 1872 annum
2686 1807 2800 1870 ln-

271 1892 690 1963 carnationis
744 1893 1132 1961 Dominicae
1195 1894 1759 1962 sexcentesimum
1811 1892 2303 1981 octogesimum
2360 1913 2662 1971 nonum;
2717 1889 2798 1958 ad

274 1982 775 2051 incrementum
844 1981 1298 2051 Ecclesiarum
1358 1980 1814 2059 Germaniae,
1874 1981 2303 2066 maximeque
2355 1980 2438 2049 ad
2511 1979 2798 2051 salutem

271 2073 481 2141 totius
529 2070 893 2140 Orientalis
946 2071 1289 2146 Franciae,
1342 2070 1741 2138 auctoritate
1778 2069 2104 2137 nimirum
2149 2069 2507 2139 Zachariae
2558 2074 2797 2157 Papae,

269 2181 614 2229 consensu
663 2180 937 2245 quoque
988 2158 1212 2247 Pipini
1251 2158 1589 2246 junioris,
1644 2157 1981 2245 Principis
2030 2159 2391 2237 Franciae,
2460 2157 2802 2226 mediante

272 2248 619 2317 Bonifacio
653 2247 972 2317 Praesule
1014 2247 1434 2336 MoguntinO,
1487 2250 1679 2315 beato
1722 2268 1873 2314 vero
1913 2246 2331 2327 Burcbardo,
2375 2247 2594 2336 primo
2645 2267 2802 2336 pon-

273 2336 453 2406 tifice
503 2337 587 2404 ad
631 2336 941 2404 eamdem
994 2334 1388 2405 cathedram
1424 2349 1842 2405 consecratO.

355 2428 391 2512 ἓ
442 2428 574 2496 u.
630 2425 850 2514 Igitur
898 2423 1304 2493 venerabilis
1340 2424 1630 2493 Antistes
1664 2423 2130 2504 BurcharduS,
2173 2424 2292 2511 qui
2332 2437 2463 2518 toto
2503 2424 2801 2493 ineuntis

268 2515 507 2583 aetatis
542 2537 706 2583 suae
759 2529 1055 2602 tempore
1105 2526 1299 2583 scuto
1348 2512 1507 2581 fidei
1559 2525 1922 2602 protectus,
1978 2514 2170 2604 galea
2212 2514 2455 2583 salutis
2492 2528 2556 2582 et
2593 2514 2801 2582 lorica

262 2600 574 2686 justitiae
636 2602 941 2682 indutus,
995 2625 1072 2670 ac
1124 2626 1154 2671 s
1212 2603 1408 2670 iritus
1457 2601 1712 2692 gladio,
1765 2603 1947 2688 quod
1998 2618 2099 2672 est
2148 2605 2431 2671 verbum
2487 2603 2621 2682 Dei,
2690 2625 2790 2670 ar·

271 2705 520 2771 matuS,
575 2703 808 2760 contra
860 2690 1149 2780 spiritua
1182 2713 1254 2759 es
1303 2690 1643 2777 nequitias
1685 2690 2245 2780 inexpugnabilis
2299 2703 2615 2769 steteram
2679 2688 2799 2759 ubi

266 2800 339 2846 se
378 2780 874 2871 speculatorem
925 2777 1173 2848 domus
1214 2778 1423 2848 Israel
1475 2779 1543 2846 in
1594 2780 1892 2865 quadam
1930 2780 2266 2849 Ecclesiae
2296 2779 2463 2849 turri
2500 2779 2795 2867 positum

266 2869 642 2960 conspexit,
697 2868 794 2937 sic
844 2890 1053 2956 super
1086 2868 1467 2938 custodiam
1521 2891 1716 2936 suam
1765 2869 1917 2938 totis
1961 2869 2275 2937 noctibus
2318 2880 2497 2935 stare
2537 2880 2800 2956 satage·
2877 2947 2883 2954 ,

267 2954 404 3037 bat,
462 2958 559 3027 sic
600 2978 829 3026 vocem
884 2979 1078 3027 suam
1131 2956 1329 3042 quasi
1381 2956 1543 3027 tuba
1578 2979 1785 3046 super
1819 2968 2115 3026 montem
2175 2954 2518 3023 excelsum
2561 2969 2797 3025 contra

267 3044 580 3131 gladium
626 3045 1003 3114 venientem
1068 3045 1362 3114 exaltare
1401 3046 1710 3125 curabat,
1765 3047 1859 3113 uti
1913 3067 1996 3112 ne
2053 3043 2356 3112 civitates
2403 3043 2796 3112 animarum

267 3133 398 3202 sibi
452 3134 940 3220 subjectarum,
996 3157 1066 3205 se
1119 3135 1578 3213 dormitante,
1625 3155 1904 3222 parcere
1961 3132 2234 3201 nescius
2276 3133 2487 3200 hostis
2542 3132 2798 3200 irrum-

273 3234 481 3307 peret,
530 3244 649 3291 nec
698 3223 934 3292 caulas
982 3223 1211 3291 ovium
1267 3222 1776 3291 Dominicarum
1829 3221 1976 3310 lupi
2028 3242 2329 3311 rapaces,
2366 3219 2507 3289 sive
2540 3220 2643 3289 leo
2673 3221 2795 3290 cir·

266 3312 583 3380 cumiens
633 3311 1050 3388 invaderent,
1104 3325 1168 3380 et
1207 3311 1293 3380 ob
1345 3311 1469 3379 hoc
1518 3310 1928 3399 sanguinem
1976 3310 2409 3399 pereuntium
2447 3309 2529 3378 de
2581 3332 2795 3380 manu

268 3398 418 3485 ejus
460 3421 779 3470 summus
818 3399 1309 3468 Paterfamilias
1346 3411 1573 3489 postea
1610 3398 2011 3484 requireret.
2054 3398 2300 3468 Sedula
2348 3420 2621 3486 quoque
2652 3420 2795 3468 cor·

269 3485 376 3555 dis
428 3488 763 3557 anxietate
812 3488 1033 3578 coepit
1069 3488 1405 3566 meditari,
1446 3487 1739 3574 qualiter
1787 3487 1915 3557 sibi
1966 3489 2370 3557 commissas
2414 3488 2799 3557 Dominicas

269 3595 427 3646 oves
480 3578 681 3646 verbo
736 3577 845 3645 Dei
906 3591 1250 3667 pasceret,
1289 3591 1351 3645 et
1401 3577 1469 3644 in
1518 3577 1708 3645 omni
1745 3575 1968 3645 fidelis
2011 3577 2500 3666 prudentisque
2534 3576 2799 3665 dispen-

270 3666 515 3734 satoris
549 3688 716 3734 cura
767 3680 900 3734 tam
954 3689 1048 3743 se,
1094 3687 1299 3751 quam
1354 3665 1600 3734 Christi
1648 3664 1981 3734 familiam
2027 3679 2307 3755 regeret,
2349 3667 2438 3733 ita
2487 3665 2662 3734 utin
2700 3687 2800 3734 ex·

269 3761 487 3822 tremo
515 3755 1087 3844 superniJudicis
1114 3754 1448 3833 examine,
1478 3759 1664 3843 Euqe
1692 3755 2118 3823 Dominicum
2152 3767 2373 3842 posset
2401 3754 2795 3842 promereri.

266 3841 424 3912 Erat
472 3856 698 3912 autem
744 3845 859 3912 Dei
910 3841 1215 3912 famulus
1255 3843 1529 3929 eloquio
1598 3843 1793 3911 valde
1853 3843 2077 3922 mitis,
2121 3843 2308 3912 vultu
2371 3843 2801 3913 venerandus

266 3941 330 3995 et
377 3931 699 4012 affabilis,
757 3932 822 3999 in
876 3930 1131 4019 vigiliis
1186 3931 1496 4011 seduluS,
1538 3931 1606 3999 in
1644 3931 1934 4001 lectione
1991 3931 2338 4010 assiduuS,
2398 3930 2463 3997 in
2513 3930 2801 4000 eleemo-

267 4020 505 4102 syniS‚
575 4034 909 4106 quantum
973 4019 1265 4088 facultas
1322 4020 1779 4110 suppetebat,
1847 4020 2013 4089 satis
2067 4019 2411 4119 benignus
2475 4033 2537 4086 et
2599 4018 2802 4087 bene-

265 4106 487 4189 volus,
528 4109 866 4179 sollicitus
915 4107 997 4175 de
1036 4108 1450 4188 commissis,
1512 4108 1838 4197 providus
1871 4109 1938 4175 in
1981 4108 2312 4188 consiliis,
2352 4108 2418 4174 in
2460 4108 2801 4177 universis

266 4199 579 4290 moribus
613 4196 1060 4286 composituS‚
1116 4197 1182 4264 in
1238 4197 1435 4266 bonis
1481 4197 1754 4266 actibus
1807 4196 2213 4276 indefessus,
2272 4196 2338 4263 in
2378 4196 2800 4284 contempla—

268 4289 450 4354 tione
501 4310 659 4374 prae
712 4285 981 4355 cunctis
1046 4307 1447 4374 suspensus,
1512 4292 1598 4354 De
1651 4287 1816 4354 tanti
1877 4285 1998 4352 viri
2054 4284 2442 4354 humilitate
2506 4285 2801 4354 scribere

264 4371 652 4469 quippiam,
707 4375 991 4443 omnino
1040 4375 1469 4464 superfluum
1515 4375 1742 4454 fuerit,
1779 4395 1936 4442 cum
1981 4373 2275 4443 necdum
2323 4396 2568 4443 nomen
2605 4386 2668 4441 et
2699 4371 2801 4440 of-

264 4452 502 4531 ficium
544 4463 943 4553 Episcopale
980 4464 1300 4533 valuisset
1339 4464 1831 4554 pompaticum,
1883 4462 2014 4531 nisi
2065 4462 2246 4550 quod
2300 4464 2470 4552 ipsa,
2523 4460 2803 4550 quaein
