<?xml version="1.0" encoding="UTF-8"?>
<!DOCTYPE html PUBLIC "-//W3C//DTD XHTML 1.0 Transitional//EN"
    "http://www.w3.org/TR/xhtml1/DTD/xhtml1-transitional.dtd">
<html xmlns="http://www.w3.org/1999/xhtml" xml:lang="en" lang="en">
 <head>
  <title>
</title>
<meta http-equiv="Content-Type" content="text/html;charset=utf-8" />
  <meta name='ocr-system' content='tesseract 3.04.00' />
  <meta name='ocr-capabilities' content='ocr_page ocr_carea ocr_par ocr_line ocrx_word'/>
</head>
<body>
  <div class='ocr_page' id='page_1' title='image "./historiaeseuvit03lippgoog_0271.png"; bbox 0 0 3347 4999; ppageno 0'>
   <div class='ocr_carea' id='block_1_1' title="bbox 186 363 2634 432">
    <p class='ocr_par' dir='ltr' id='par_1_1' title="bbox 186 363 2634 432">
     <span class='ocr_line' id='line_1_1' title="bbox 186 363 2634 432; baseline 0.001 -2"><span class='ocrx_word' id='word_1_1' title='bbox 186 364 364 430; x_wconf 86' lang='lat' dir='ltr'>OCT.</span> <span class='ocrx_word' id='word_1_2' title='bbox 417 363 457 428; x_wconf 89' lang='lat'>7</span> <span class='ocrx_word' id='word_1_3' title='bbox 932 380 1009 426; x_wconf 74' lang='lat' dir='ltr'>nr.</span> <span class='ocrx_word' id='word_1_4' title='bbox 1049 379 1140 425; x_wconf 81' lang='lat' dir='ltr'>ss‚</span> <span class='ocrx_word' id='word_1_5' title='bbox 1196 378 1417 425; x_wconf 69' lang='lat' dir='ltr'>senem</span> <span class='ocrx_word' id='word_1_6' title='bbox 1465 380 1540 425; x_wconf 72' lang='lat' dir='ltr'>Er</span> <span class='ocrx_word' id='word_1_7' title='bbox 1589 378 1828 426; x_wconf 75' lang='lat' dir='ltr'>BAccno</span> <span class='ocrx_word' id='word_1_8' title='bbox 1876 381 1990 427; x_wconf 74' lang='lat' dir='ltr'>mr.</span> <span class='ocrx_word' id='word_1_9' title='bbox 2515 367 2634 432; x_wconf 23' lang='lat'>24¹1</span> 
     </span>
    </p>
   </div>
   <div class='ocr_carea' id='block_1_2' title="bbox 118 462 2769 4549">
    <p class='ocr_par' dir='ltr' id='par_1_2' title="bbox 118 462 2756 2864">
     <span class='ocr_line' id='line_1_2' title="bbox 187 462 2743 554; baseline 0.001 -18"><span class='ocrx_word' id='word_1_10' title='bbox 187 468 309 554; x_wconf 91' lang='lat' dir='ltr'>qui</span> <span class='ocrx_word' id='word_1_11' title='bbox 359 466 745 538; x_wconf 89' lang='lat' dir='ltr'>adstabant.</span> <span class='ocrx_word' id='word_1_12' title='bbox 788 477 864 533; x_wconf 93' lang='lat' dir='ltr'>ut</span> <span class='ocrx_word' id='word_1_13' title='bbox 898 475 1213 532; x_wconf 88' lang='lat' dir='ltr'>sanctum</span> <span class='ocrx_word' id='word_1_14' title='bbox 1258 462 1570 532; x_wconf 91' lang='lat' dir='ltr'>tollentes</span> <span class='ocrx_word' id='word_1_15' title='bbox 1610 486 1645 530; x_wconf 91' lang='lat' dir='ltr'>e</span> <span class='ocrx_word' id='word_1_16' title='bbox 1687 464 1999 532; x_wconf 89' lang='lat' dir='ltr'>custodia</span> <span class='ocrx_word' id='word_1_17' title='bbox 2029 464 2282 553; x_wconf 90' lang='lat' dir='ltr'>(neque</span> <span class='ocrx_word' id='word_1_18' title='bbox 2316 468 2498 535; x_wconf 89' lang='lat' dir='ltr'>enim</span> <span class='ocrx_word' id='word_1_19' title='bbox 2588 483 2743 539; x_wconf 89' lang='lat' dir='ltr'>uta-</span> 
     </span>
     <span class='ocr_line' id='line_1_3' title="bbox 189 552 2743 645; baseline 0.001 -20"><span class='ocrx_word' id='word_1_20' title='bbox 189 557 307 625; x_wconf 89' lang='lat' dir='ltr'>bat</span> <span class='ocrx_word' id='word_1_21' title='bbox 339 556 482 624; x_wconf 85' lang='lat' dir='ltr'>fieri</span> <span class='ocrx_word' id='word_1_22' title='bbox 524 563 720 645; x_wconf 88' lang='lat' dir='ltr'>posse</span> <span class='ocrx_word' id='word_1_23' title='bbox 756 575 920 643; x_wconf 89' lang='lat' dir='ltr'>prae</span> <span class='ocrx_word' id='word_1_24' title='bbox 953 553 1198 641; x_wconf 78' lang='lat' dir='ltr'>plagiS‚</span> <span class='ocrx_word' id='word_1_25' title='bbox 1234 564 1309 620; x_wconf 88' lang='lat' dir='ltr'>ut</span> <span class='ocrx_word' id='word_1_26' title='bbox 1342 564 1649 621; x_wconf 90' lang='lat' dir='ltr'>uteretur</span> <span class='ocrx_word' id='word_1_27' title='bbox 1682 552 2025 640; x_wconf 89' lang='lat' dir='ltr'>pedibus),</span> <span class='ocrx_word' id='word_1_28' title='bbox 2067 553 2152 620; x_wconf 91' lang='lat' dir='ltr'>ad</span> <span class='ocrx_word' id='word_1_29' title='bbox 2192 577 2395 623; x_wconf 90' lang='lat' dir='ltr'>suum</span> <span class='ocrx_word' id='word_1_30' title='bbox 2432 556 2515 624; x_wconf 91' lang='lat' dir='ltr'>de</span> <span class='ocrx_word' id='word_1_31' title='bbox 2548 570 2743 628; x_wconf 89' lang='lat' dir='ltr'>erant</span> 
     </span>
     <span class='ocr_line' id='line_1_4' title="bbox 190 640 2741 723; baseline 0.002 -11"><span class='ocrx_word' id='word_1_32' title='bbox 190 644 519 713; x_wconf 78' lang='lat' dir='ltr'>tribunal.</span> <span class='ocrx_word' id='word_1_33' title='bbox 576 649 741 713; x_wconf 89' lang='lat' dir='ltr'>Cum</span> <span class='ocrx_word' id='word_1_34' title='bbox 796 642 899 710; x_wconf 93' lang='lat' dir='ltr'>illi</span> <span class='ocrx_word' id='word_1_35' title='bbox 950 656 1179 710; x_wconf 89' lang='lat' dir='ltr'>autem</span> <span class='ocrx_word' id='word_1_36' title='bbox 1231 640 1684 710; x_wconf 91' lang='lat' dir='ltr'>accessissent</span> <span class='ocrx_word' id='word_1_37' title='bbox 1749 641 1815 708; x_wconf 94' lang='lat' dir='ltr'>in</span> <span class='ocrx_word' id='word_1_38' title='bbox 1869 642 2281 723; x_wconf 79' lang='lat' dir='ltr'><strong>custodiam,</strong></span> <span class='ocrx_word' id='word_1_39' title='bbox 2337 645 2564 713; x_wconf 92' lang='lat' dir='ltr'>statim</span> <span class='ocrx_word' id='word_1_40' title='bbox 2610 647 2741 717; x_wconf 87' lang='lat' dir='ltr'>fuit</span> 
     </span>
     <span class='ocr_line' id='line_1_5' title="bbox 192 729 2746 822; baseline 0.002 -21"><span class='ocrx_word' id='word_1_41' title='bbox 192 738 467 822; x_wconf 69' lang='lat' dir='ltr'>Martyr,</span> <span class='ocrx_word' id='word_1_42' title='bbox 522 744 597 801; x_wconf 91' lang='lat' dir='ltr'>ut</span> <span class='ocrx_word' id='word_1_43' title='bbox 637 731 894 818; x_wconf 91' lang='lat' dir='ltr'>aquila,</span> <span class='ocrx_word' id='word_1_44' title='bbox 952 742 1339 809; x_wconf 88' lang='lat' dir='ltr'>renovatus,</span> <span class='ocrx_word' id='word_1_45' title='bbox 1397 751 1529 796; x_wconf 91' lang='lat' dir='ltr'>non</span> <span class='ocrx_word' id='word_1_46' title='bbox 1569 729 1796 797; x_wconf 91' lang='lat' dir='ltr'>ablata</span> <span class='ocrx_word' id='word_1_47' title='bbox 1837 743 2208 811; x_wconf 89' lang='lat' dir='ltr'>senectute,</span> <span class='ocrx_word' id='word_1_48' title='bbox 2250 731 2366 799; x_wconf 89' lang='lat' dir='ltr'>sed</span> <span class='ocrx_word' id='word_1_49' title='bbox 2419 735 2746 807; x_wconf 90' lang='lat' dir='ltr'>omnibus</span> 
     </span>
     <span class='ocr_line' id='line_1_6' title="bbox 188 817 2745 908; baseline 0.001 -20"><span class='ocrx_word' id='word_1_50' title='bbox 188 823 620 891; x_wconf 84' lang='lat' dir='ltr'>vulneribus.</span> <span class='ocrx_word' id='word_1_51' title='bbox 676 826 905 907; x_wconf 81' lang='lat' dir='ltr'>Neque</span> <span class='ocrx_word' id='word_1_52' title='bbox 956 819 1139 888; x_wconf 89' lang='lat' dir='ltr'>enim</span> <span class='ocrx_word' id='word_1_53' title='bbox 1192 840 1367 908; x_wconf 89' lang='lat' dir='ltr'>opus</span> <span class='ocrx_word' id='word_1_54' title='bbox 1436 817 1679 887; x_wconf 78' lang='lat' dir='ltr'>habuit</span> <span class='ocrx_word' id='word_1_55' title='bbox 1750 841 1959 887; x_wconf 89' lang='lat' dir='ltr'>manu</span> <span class='ocrx_word' id='word_1_56' title='bbox 2010 840 2186 905; x_wconf 90' lang='lat' dir='ltr'>quae</span> <span class='ocrx_word' id='word_1_57' title='bbox 2236 841 2394 889; x_wconf 90' lang='lat' dir='ltr'>eum</span> <span class='ocrx_word' id='word_1_58' title='bbox 2449 824 2745 893; x_wconf 90' lang='lat' dir='ltr'>sustine-</span> 
     </span>
     <span class='ocr_line' id='line_1_7' title="bbox 191 907 2746 997; baseline 0 -18"><span class='ocrx_word' id='word_1_59' title='bbox 191 925 343 991; x_wconf 92' lang='lat' dir='ltr'>ret,</span> <span class='ocrx_word' id='word_1_60' title='bbox 398 924 516 979; x_wconf 90' lang='lat' dir='ltr'>aut</span> <span class='ocrx_word' id='word_1_61' title='bbox 562 911 622 977; x_wconf 90' lang='lat' dir='ltr'>ei</span> <span class='ocrx_word' id='word_1_62' title='bbox 672 910 958 979; x_wconf 89' lang='lat' dir='ltr'>omnino</span> <span class='ocrx_word' id='word_1_63' title='bbox 1008 929 1206 997; x_wconf 90' lang='lat' dir='ltr'>opem</span> <span class='ocrx_word' id='word_1_64' title='bbox 1252 907 1453 975; x_wconf 83' lang='lat' dir='ltr'>ferret</span> <span class='ocrx_word' id='word_1_65' title='bbox 1488 907 1569 976; x_wconf 92' lang='lat' dir='ltr'>ad</span> <span class='ocrx_word' id='word_1_66' title='bbox 1611 908 2187 997; x_wconf 90' lang='lat' dir='ltr'>ingrediendum:</span> <span class='ocrx_word' id='word_1_67' title='bbox 2244 909 2357 978; x_wconf 92' lang='lat' dir='ltr'>sed</span> <span class='ocrx_word' id='word_1_68' title='bbox 2396 920 2461 977; x_wconf 94' lang='lat' dir='ltr'>et</span> <span class='ocrx_word' id='word_1_69' title='bbox 2510 910 2746 979; x_wconf 90' lang='lat' dir='ltr'>leviter</span> 
     </span>
     <span class='ocr_line' id='line_1_8' title="bbox 192 996 2744 1089; baseline 0 -21"><span class='ocrx_word' id='word_1_70' title='bbox 192 999 752 1089; x_wconf 65' lang='lat' dir='ltr'>ingrediebatur,</span> <span class='ocrx_word' id='word_1_71' title='bbox 806 1011 870 1068; x_wconf 90' lang='lat' dir='ltr'>et</span> <span class='ocrx_word' id='word_1_72' title='bbox 921 997 1161 1087; x_wconf 88' lang='lat' dir='ltr'>pulcre</span> <span class='ocrx_word' id='word_1_73' title='bbox 1224 996 1669 1077; x_wconf 87' lang='lat' dir='ltr'>movebatur,</span> <span class='ocrx_word' id='word_1_74' title='bbox 1731 1010 1797 1066; x_wconf 91' lang='lat' dir='ltr'>et</span> <span class='ocrx_word' id='word_1_75' title='bbox 1857 1010 2000 1065; x_wconf 91' lang='lat' dir='ltr'>erat</span> <span class='ocrx_word' id='word_1_76' title='bbox 2068 1017 2301 1066; x_wconf 92' lang='lat' dir='ltr'>revera</span> <span class='ocrx_word' id='word_1_77' title='bbox 2367 998 2556 1068; x_wconf 87' lang='lat' dir='ltr'>testis</span> <span class='ocrx_word' id='word_1_78' title='bbox 2609 999 2744 1068; x_wconf 84' lang='lat' dir='ltr'>fide</span> 
     </span>
     <span class='ocr_line' id='line_1_9' title="bbox 189 1084 2744 1177; baseline 0 -20"><span class='ocrx_word' id='word_1_79' title='bbox 189 1088 452 1177; x_wconf 85' lang='lat' dir='ltr'>dignus</span> <span class='ocrx_word' id='word_1_80' title='bbox 503 1089 798 1156; x_wconf 87' lang='lat' dir='ltr'>invictae</span> <span class='ocrx_word' id='word_1_81' title='bbox 859 1100 925 1155; x_wconf 92' lang='lat' dir='ltr'>et</span> <span class='ocrx_word' id='word_1_82' title='bbox 971 1084 1462 1174; x_wconf 89' lang='lat' dir='ltr'>omnipotentis</span> <span class='ocrx_word' id='word_1_83' title='bbox 1511 1084 1758 1154; x_wconf 85' lang='lat' dir='ltr'>Christi</span> <span class='ocrx_word' id='word_1_84' title='bbox 1821 1085 2113 1154; x_wconf 90' lang='lat' dir='ltr'>virtutis.</span> <span class='ocrx_word' id='word_1_85' title='bbox 2170 1089 2334 1155; x_wconf 86' lang='lat' dir='ltr'>Cum</span> <span class='ocrx_word' id='word_1_86' title='bbox 2389 1087 2572 1156; x_wconf 90' lang='lat' dir='ltr'>enim</span> <span class='ocrx_word' id='word_1_87' title='bbox 2644 1089 2744 1158; x_wconf 90' lang='lat' dir='ltr'>sic</span> 
     </span>
     <span class='ocr_line' id='line_1_10' title="bbox 191 1173 2739 1264; baseline -0.001 -17"><span class='ocrx_word' id='word_1_88' title='bbox 191 1179 516 1247; x_wconf 82' lang='lat' dir='ltr'>affectum</span> <span class='ocrx_word' id='word_1_89' title='bbox 586 1182 730 1245; x_wconf 85' lang='lat' dir='ltr'>Dux</span> <span class='ocrx_word' id='word_1_90' title='bbox 801 1174 1226 1264; x_wconf 83' lang='lat' dir='ltr'>adspexisset</span> <span class='ocrx_word' id='word_1_91' title='bbox 1285 1174 1605 1254; x_wconf 89' lang='lat' dir='ltr'>eminus,</span> <span class='ocrx_word' id='word_1_92' title='bbox 1661 1173 1848 1263; x_wconf 91' lang='lat' dir='ltr'>apud</span> <span class='ocrx_word' id='word_1_93' title='bbox 1903 1196 1973 1242; x_wconf 92' lang='lat' dir='ltr'>se</span> <span class='ocrx_word' id='word_1_94' title='bbox 2023 1174 2408 1243; x_wconf 90' lang='lat' dir='ltr'>mirabatur</span> <span class='ocrx_word' id='word_1_95' title='bbox 2468 1178 2739 1247; x_wconf 91' lang='lat' dir='ltr'>tacitus.</span> 
     </span>
     <span class='ocr_line' id='line_1_11' title="bbox 194 1263 2745 1354; baseline -0.001 -17"><span class='ocrx_word' id='word_1_96' title='bbox 194 1271 361 1337; x_wconf 88' lang='lat' dir='ltr'>Cum</span> <span class='ocrx_word' id='word_1_97' title='bbox 416 1279 640 1335; x_wconf 89' lang='lat' dir='ltr'>autem</span> <span class='ocrx_word' id='word_1_98' title='bbox 683 1266 830 1353; x_wconf 58' lang='lat' dir='ltr'>‚jam</span> <span class='ocrx_word' id='word_1_99' title='bbox 883 1285 1094 1354; x_wconf 92' lang='lat' dir='ltr'>prope</span> <span class='ocrx_word' id='word_1_100' title='bbox 1142 1276 1340 1342; x_wconf 78' lang='lat' dir='ltr'>esset,</span> <span class='ocrx_word' id='word_1_101' title='bbox 1389 1284 1539 1331; x_wconf 89' lang='lat' dir='ltr'>eam</span> <span class='ocrx_word' id='word_1_102' title='bbox 1593 1284 1735 1331; x_wconf 90' lang='lat' dir='ltr'>rem</span> <span class='ocrx_word' id='word_1_103' title='bbox 1783 1263 2066 1333; x_wconf 87' lang='lat' dir='ltr'>vocabat</span> <span class='ocrx_word' id='word_1_104' title='bbox 2099 1263 2442 1353; x_wconf 90' lang='lat' dir='ltr'>magiam;</span> <span class='ocrx_word' id='word_1_105' title='bbox 2482 1279 2546 1334; x_wconf 93' lang='lat' dir='ltr'>et</span> <span class='ocrx_word' id='word_1_106' title='bbox 2579 1266 2745 1335; x_wconf 93' lang='lat' dir='ltr'>deos</span> 
     </span>
     <span class='ocr_line' id='line_1_12' title="bbox 118 1351 2744 1446; baseline -0.001 -21"><span class='ocrx_word' id='word_1_107' title='bbox 118 1355 129 1368; x_wconf 77' lang='lat'><em>⁰</em></span> <span class='ocrx_word' id='word_1_108' title='bbox 182 1355 493 1446; x_wconf 87' lang='lat' dir='ltr'>jurabat,</span> <span class='ocrx_word' id='word_1_109' title='bbox 541 1366 606 1423; x_wconf 92' lang='lat' dir='ltr'>et</span> <span class='ocrx_word' id='word_1_110' title='bbox 637 1376 751 1423; x_wconf 93' lang='lat' dir='ltr'>eos</span> <span class='ocrx_word' id='word_1_111' title='bbox 793 1352 1075 1422; x_wconf 87' lang='lat' dir='ltr'>vocabat</span> <span class='ocrx_word' id='word_1_112' title='bbox 1110 1351 1685 1420; x_wconf 77' lang='lat' dir='ltr'>in‘testimonium</span> <span class='ocrx_word' id='word_1_113' title='bbox 1728 1373 1965 1421; x_wconf 89' lang='lat' dir='ltr'>eorum</span> <span class='ocrx_word' id='word_1_114' title='bbox 2017 1373 2192 1439; x_wconf 90' lang='lat' dir='ltr'>quae</span> <span class='ocrx_word' id='word_1_115' title='bbox 2246 1352 2539 1422; x_wconf 88' lang='lat' dir='ltr'>dicebat.</span> <span class='ocrx_word' id='word_1_116' title='bbox 2568 1355 2744 1437; x_wconf 85' lang='lat' dir='ltr'><strong>Quid</strong></span> 
     </span>
     <span class='ocr_line' id='line_1_13' title="bbox 195 1440 2750 1531; baseline -0.001 -17"><span class='ocrx_word' id='word_1_117' title='bbox 195 1458 298 1514; x_wconf 92' lang='lat' dir='ltr'>est</span> <span class='ocrx_word' id='word_1_118' title='bbox 345 1445 526 1512; x_wconf 90' lang='lat' dir='ltr'>enim</span> <span class='ocrx_word' id='word_1_119' title='bbox 581 1442 796 1518; x_wconf 88' lang='lat' dir='ltr'>aliud,</span> <span class='ocrx_word' id='word_1_120' title='bbox 837 1441 1086 1530; x_wconf 89' lang='lat' dir='ltr'>ajebat,</span> <span class='ocrx_word' id='word_1_121' title='bbox 1143 1440 1325 1527; x_wconf 92' lang='lat' dir='ltr'>quod</span> <span class='ocrx_word' id='word_1_122' title='bbox 1376 1452 1440 1508; x_wconf 91' lang='lat' dir='ltr'>et</span> <span class='ocrx_word' id='word_1_123' title='bbox 1489 1440 1672 1530; x_wconf 91' lang='lat' dir='ltr'>apud</span> <span class='ocrx_word' id='word_1_124' title='bbox 1727 1445 2215 1531; x_wconf 79' lang='lat' dir='ltr'>Imperatorem</span> <span class='ocrx_word' id='word_1_125' title='bbox 2258 1442 2317 1509; x_wconf 93' lang='lat' dir='ltr'>ei</span> <span class='ocrx_word' id='word_1_126' title='bbox 2359 1443 2552 1530; x_wconf 92' lang='lat' dir='ltr'>prius</span> <span class='ocrx_word' id='word_1_127' title='bbox 2596 1458 2750 1512; x_wconf 90' lang='lat' dir='ltr'>tan-</span> 
     </span>
     <span class='ocr_line' id='line_1_14' title="bbox 196 1528 2747 1623; baseline -0 -21"><span class='ocrx_word' id='word_1_128' title='bbox 196 1548 336 1602; x_wconf 86' lang='lat' dir='ltr'>tam</span> <span class='ocrx_word' id='word_1_129' title='bbox 390 1532 706 1623; x_wconf 88' lang='lat' dir='ltr'>praebuit</span> <span class='ocrx_word' id='word_1_130' title='bbox 754 1530 1125 1611; x_wconf 87' lang='lat' dir='ltr'>fiduciam,</span> <span class='ocrx_word' id='word_1_131' title='bbox 1197 1543 1262 1598; x_wconf 94' lang='lat' dir='ltr'>et</span> <span class='ocrx_word' id='word_1_132' title='bbox 1319 1550 1506 1598; x_wconf 91' lang='lat' dir='ltr'>nunc</span> <span class='ocrx_word' id='word_1_133' title='bbox 1569 1528 1795 1598; x_wconf 92' lang='lat' dir='ltr'>statim</span> <span class='ocrx_word' id='word_1_134' title='bbox 1860 1530 2066 1618; x_wconf 80' lang='lat' dir='ltr'>sopiit</span> <span class='ocrx_word' id='word_1_135' title='bbox 2112 1540 2175 1597; x_wconf 91' lang='lat' dir='ltr'>et</span> <span class='ocrx_word' id='word_1_136' title='bbox 2238 1530 2509 1600; x_wconf 81' lang='lat' dir='ltr'>obtudit</span> <span class='ocrx_word' id='word_1_137' title='bbox 2557 1554 2747 1602; x_wconf 88' lang='lat' dir='ltr'>acres</span> 
     </span>
     <span class='ocr_line' id='line_1_15' title="bbox 192 1618 2752 1719; baseline -0.001 -28"><span class='ocrx_word' id='word_1_138' title='bbox 192 1623 467 1691; x_wconf 89' lang='lat' dir='ltr'>dolores</span> <span class='ocrx_word' id='word_1_139' title='bbox 508 1622 898 1701; x_wconf 88' lang='lat' dir='ltr'>vulnerum,</span> <span class='ocrx_word' id='word_1_140' title='bbox 943 1620 1075 1688; x_wconf 91' lang='lat' dir='ltr'>nisi</span> <span class='ocrx_word' id='word_1_141' title='bbox 1118 1620 1352 1719; x_wconf 73' lang='lat' dir='ltr'>aperta</span> <span class='ocrx_word' id='word_1_142' title='bbox 1403 1618 1666 1708; x_wconf 89' lang='lat' dir='ltr'>magia,</span> <span class='ocrx_word' id='word_1_143' title='bbox 1727 1631 1792 1687; x_wconf 94' lang='lat' dir='ltr'>et</span> <span class='ocrx_word' id='word_1_144' title='bbox 1851 1621 2102 1698; x_wconf 88' lang='lat' dir='ltr'>verba,</span> <span class='ocrx_word' id='word_1_145' title='bbox 2164 1640 2340 1705; x_wconf 90' lang='lat' dir='ltr'>quae</span> <span class='ocrx_word' id='word_1_146' title='bbox 2397 1634 2474 1689; x_wconf 92' lang='lat' dir='ltr'>ut</span> <span class='ocrx_word' id='word_1_147' title='bbox 2527 1620 2752 1710; x_wconf 90' lang='lat' dir='ltr'>pluri-</span> 
     </span>
     <span class='ocr_line' id='line_1_16' title="bbox 198 1706 2750 1800; baseline 0 -21"><span class='ocrx_word' id='word_1_148' title='bbox 198 1734 391 1780; x_wconf 91' lang='lat' dir='ltr'>mum</span> <span class='ocrx_word' id='word_1_149' title='bbox 448 1712 716 1779; x_wconf 91' lang='lat' dir='ltr'>curiose</span> <span class='ocrx_word' id='word_1_150' title='bbox 777 1720 841 1777; x_wconf 93' lang='lat' dir='ltr'>et</span> <span class='ocrx_word' id='word_1_151' title='bbox 889 1708 1259 1798; x_wconf 79' lang='lat' dir='ltr'>sophistice</span> <span class='ocrx_word' id='word_1_152' title='bbox 1322 1706 1815 1776; x_wconf 76' lang='lat' dir='ltr'>incantantur?</span> <span class='ocrx_word' id='word_1_153' title='bbox 1864 1707 2122 1776; x_wconf 83' lang='lat' dir='ltr'>Exhinc</span> <span class='ocrx_word' id='word_1_154' title='bbox 2162 1706 2307 1794; x_wconf 82' lang='lat' dir='ltr'>jam</span> <span class='ocrx_word' id='word_1_155' title='bbox 2368 1708 2452 1777; x_wconf 93' lang='lat' dir='ltr'>de</span> <span class='ocrx_word' id='word_1_156' title='bbox 2513 1711 2750 1800; x_wconf 58' lang='lat' dir='ltr'>sergio</span> 
     </span>
     <span class='ocr_line' id='line_1_17' title="bbox 200 1797 2746 1901; baseline -0.001 -31"><span class='ocrx_word' id='word_1_157' title='bbox 200 1821 395 1901; x_wconf 89' lang='lat' dir='ltr'>spem</span> <span class='ocrx_word' id='word_1_158' title='bbox 434 1798 837 1886; x_wconf 89' lang='lat' dir='ltr'>abjiciebat;</span> <span class='ocrx_word' id='word_1_159' title='bbox 890 1808 954 1865; x_wconf 93' lang='lat' dir='ltr'>et</span> <span class='ocrx_word' id='word_1_160' title='bbox 987 1818 1146 1866; x_wconf 92' lang='lat' dir='ltr'>cum</span> <span class='ocrx_word' id='word_1_161' title='bbox 1198 1817 1354 1865; x_wconf 90' lang='lat' dir='ltr'>eum</span> <span class='ocrx_word' id='word_1_162' title='bbox 1399 1808 1710 1865; x_wconf 84' lang='lat' dir='ltr'>curasset</span> <span class='ocrx_word' id='word_1_163' title='bbox 1748 1817 1955 1883; x_wconf 89' lang='lat' dir='ltr'>quam</span> <span class='ocrx_word' id='word_1_164' title='bbox 1991 1797 2301 1897; x_wconf 81' lang='lat' dir='ltr'>proxime</span> <span class='ocrx_word' id='word_1_165' title='bbox 2334 1797 2746 1878; x_wconf 90' lang='lat' dir='ltr'>sistendum,</span> 
     </span>
     <span class='ocr_line' id='line_1_18' title="bbox 198 1884 2743 1975; baseline -0 -18"><span class='ocrx_word' id='word_1_166' title='bbox 198 1913 260 1957; x_wconf 78' lang='lat' dir='ltr'>si</span> <span class='ocrx_word' id='word_1_167' title='bbox 320 1888 490 1956; x_wconf 85' lang='lat' dir='ltr'>sorte</span> <span class='ocrx_word' id='word_1_168' title='bbox 558 1886 1022 1954; x_wconf 84' lang='lat' dir='ltr'>familiaritate</span> <span class='ocrx_word' id='word_1_169' title='bbox 1069 1907 1226 1955; x_wconf 89' lang='lat' dir='ltr'>eum</span> <span class='ocrx_word' id='word_1_170' title='bbox 1279 1885 1376 1954; x_wconf 92' lang='lat' dir='ltr'>sic</span> <span class='ocrx_word' id='word_1_171' title='bbox 1428 1884 1768 1965; x_wconf 86' lang='lat' dir='ltr'>alliceret,</span> <span class='ocrx_word' id='word_1_172' title='bbox 1830 1884 2096 1975; x_wconf 75' lang='lat' dir='ltr'>placide</span> <span class='ocrx_word' id='word_1_173' title='bbox 2144 1907 2301 1955; x_wconf 90' lang='lat' dir='ltr'>eum</span> <span class='ocrx_word' id='word_1_174' title='bbox 2356 1886 2743 1974; x_wconf 72' lang='lat' dir='ltr'>alloquenS‚</span> 
     </span>
     <span class='ocr_line' id='line_1_19' title="bbox 198 1974 2746 2064; baseline -0 -19"><span class='ocrx_word' id='word_1_175' title='bbox 198 1991 263 2045; x_wconf 85' lang='lat' dir='ltr'>et</span> <span class='ocrx_word' id='word_1_176' title='bbox 316 1976 400 2043; x_wconf 93' lang='lat' dir='ltr'>ad</span> <span class='ocrx_word' id='word_1_177' title='bbox 448 1975 740 2064; x_wconf 88' lang='lat' dir='ltr'>priorem</span> <span class='ocrx_word' id='word_1_178' title='bbox 796 1987 1137 2043; x_wconf 87' lang='lat' dir='ltr'>revertens</span> <span class='ocrx_word' id='word_1_179' title='bbox 1178 1974 1709 2043; x_wconf 83' lang='lat' dir='ltr'>assentationem</span> <span class='ocrx_word' id='word_1_180' title='bbox 1742 1998 1756 2040; x_wconf 90' lang='lat'><strong>:</strong></span> <span class='ocrx_word' id='word_1_181' title='bbox 1791 1996 1825 2039; x_wconf 88' lang='lat'>‹&lt;</span> <span class='ocrx_word' id='word_1_182' title='bbox 1857 1979 2021 2043; x_wconf 91' lang='lat' dir='ltr'>Rem</span> <span class='ocrx_word' id='word_1_183' title='bbox 2058 1975 2461 2060; x_wconf 92' lang='lat' dir='ltr'>quamdam,</span> <span class='ocrx_word' id='word_1_184' title='bbox 2495 1975 2746 2064; x_wconf 89' lang='lat' dir='ltr'>ajebat,</span> 
     </span>
     <span class='ocr_line' id='line_1_20' title="bbox 203 2062 2753 2149; baseline -0 -15"><span class='ocrx_word' id='word_1_185' title='bbox 203 2066 501 2135; x_wconf 89' lang='lat' dir='ltr'>arbitror</span> <span class='ocrx_word' id='word_1_186' title='bbox 548 2064 854 2132; x_wconf 88' lang='lat' dir='ltr'>divinam</span> <span class='ocrx_word' id='word_1_187' title='bbox 904 2077 969 2131; x_wconf 91' lang='lat' dir='ltr'>et</span> <span class='ocrx_word' id='word_1_188' title='bbox 1017 2063 1521 2144; x_wconf 88' lang='lat' dir='ltr'>incredibilem,</span> <span class='ocrx_word' id='word_1_189' title='bbox 1577 2062 1756 2149; x_wconf 91' lang='lat' dir='ltr'>quod</span> <span class='ocrx_word' id='word_1_190' title='bbox 1813 2062 1879 2129; x_wconf 90' lang='lat' dir='ltr'>in</span> <span class='ocrx_word' id='word_1_191' title='bbox 1937 2062 2174 2133; x_wconf 87' lang='lat' dir='ltr'>multis</span> <span class='ocrx_word' id='word_1_192' title='bbox 2222 2063 2513 2145; x_wconf 84' lang='lat' dir='ltr'>deliciis,</span> <span class='ocrx_word' id='word_1_193' title='bbox 2550 2079 2613 2133; x_wconf 90' lang='lat' dir='ltr'>et</span> <span class='ocrx_word' id='word_1_194' title='bbox 2647 2064 2753 2133; x_wconf 91' lang='lat' dir='ltr'>di-</span> 
     </span>
     <span class='ocr_line' id='line_1_21' title="bbox 204 2151 2749 2233; baseline 0 -11"><span class='ocrx_word' id='word_1_195' title='bbox 204 2154 410 2233; x_wconf 76' lang='lat' dir='ltr'>vitiiS,</span> <span class='ocrx_word' id='word_1_196' title='bbox 466 2166 531 2221; x_wconf 89' lang='lat' dir='ltr'>et</span> <span class='ocrx_word' id='word_1_197' title='bbox 582 2152 884 2222; x_wconf 85' lang='lat' dir='ltr'>honestis</span> <span class='ocrx_word' id='word_1_198' title='bbox 935 2152 1244 2221; x_wconf 89' lang='lat' dir='ltr'>moribus</span> <span class='ocrx_word' id='word_1_199' title='bbox 1271 2152 1629 2231; x_wconf 78' lang='lat' dir='ltr'>educatuS,</span> <span class='ocrx_word' id='word_1_200' title='bbox 1689 2163 1824 2220; x_wconf 86' lang='lat' dir='ltr'>tarn</span> <span class='ocrx_word' id='word_1_201' title='bbox 1877 2151 2140 2220; x_wconf 84' lang='lat' dir='ltr'>sortiter</span> <span class='ocrx_word' id='word_1_202' title='bbox 2173 2152 2414 2221; x_wconf 90' lang='lat' dir='ltr'>tuleris</span> <span class='ocrx_word' id='word_1_203' title='bbox 2448 2153 2575 2222; x_wconf 89' lang='lat' dir='ltr'>hoc</span> <span class='ocrx_word' id='word_1_204' title='bbox 2610 2166 2749 2221; x_wconf 89' lang='lat' dir='ltr'>tarn</span> 
     </span>
     <span class='ocr_line' id='line_1_22' title="bbox 207 2240 2756 2333; baseline 0.001 -24"><span class='ocrx_word' id='word_1_205' title='bbox 207 2264 416 2333; x_wconf 87' lang='lat' dir='ltr'>grave</span> <span class='ocrx_word' id='word_1_206' title='bbox 451 2254 888 2310; x_wconf 90' lang='lat' dir='ltr'>tormentum.</span> <span class='ocrx_word' id='word_1_207' title='bbox 922 2265 956 2307; x_wconf 87' lang='lat'>»</span> <span class='ocrx_word' id='word_1_208' title='bbox 988 2241 1112 2310; x_wconf 92' lang='lat' dir='ltr'>Sed</span> <span class='ocrx_word' id='word_1_209' title='bbox 1150 2242 1300 2330; x_wconf 86' lang='lat' dir='ltr'>ejus</span> <span class='ocrx_word' id='word_1_210' title='bbox 1341 2261 1725 2308; x_wconf 90' lang='lat' dir='ltr'>sermonem</span> <span class='ocrx_word' id='word_1_211' title='bbox 1764 2240 1991 2308; x_wconf 92' lang='lat' dir='ltr'>statim</span> <span class='ocrx_word' id='word_1_212' title='bbox 2037 2241 2549 2331; x_wconf 87' lang='lat' dir='ltr'>interrumpens</span> <span class='ocrx_word' id='word_1_213' title='bbox 2585 2247 2756 2311; x_wconf 86' lang='lat' dir='ltr'>Mar-</span> 
     </span>
     <span class='ocr_line' id='line_1_23' title="bbox 208 2328 2743 2420; baseline 0 -20"><span class='ocrx_word' id='word_1_214' title='bbox 208 2345 361 2420; x_wconf 79' lang='lat' dir='ltr'>tyr:</span> <span class='ocrx_word' id='word_1_215' title='bbox 421 2353 455 2396; x_wconf 85' lang='lat'>«</span> <span class='ocrx_word' id='word_1_216' title='bbox 500 2336 642 2400; x_wconf 88' lang='lat' dir='ltr'>Non</span> <span class='ocrx_word' id='word_1_217' title='bbox 686 2343 848 2399; x_wconf 90' lang='lat' dir='ltr'>sunt</span> <span class='ocrx_word' id='word_1_218' title='bbox 897 2330 1066 2398; x_wconf 86' lang='lat' dir='ltr'>mihi</span> <span class='ocrx_word' id='word_1_219' title='bbox 1099 2385 1113 2409; x_wconf 92' lang='lat'>,</span> <span class='ocrx_word' id='word_1_220' title='bbox 1168 2328 1418 2416; x_wconf 90' lang='lat' dir='ltr'>inquit,</span> <span class='ocrx_word' id='word_1_221' title='bbox 1474 2351 1512 2398; x_wconf 94' lang='lat' dir='ltr'>o</span> <span class='ocrx_word' id='word_1_222' title='bbox 1559 2328 1805 2408; x_wconf 86' lang='lat' dir='ltr'>Judex,</span> <span class='ocrx_word' id='word_1_223' title='bbox 1864 2341 2278 2398; x_wconf 89' lang='lat' dir='ltr'>tormentum</span> <span class='ocrx_word' id='word_1_224' title='bbox 2335 2332 2743 2417; x_wconf 90' lang='lat' dir='ltr'>praesentia,</span> 
     </span>
     <span class='ocr_line' id='line_1_24' title="bbox 206 2415 2752 2514; baseline -0 -24"><span class='ocrx_word' id='word_1_225' title='bbox 206 2420 327 2490; x_wconf 90' lang='lat' dir='ltr'>sed</span> <span class='ocrx_word' id='word_1_226' title='bbox 381 2441 573 2488; x_wconf 91' lang='lat' dir='ltr'>sacra</span> <span class='ocrx_word' id='word_1_227' title='bbox 674 2431 904 2510; x_wconf 90' lang='lat' dir='ltr'>ropter</span> <span class='ocrx_word' id='word_1_228' title='bbox 953 2419 1292 2514; x_wconf 46' lang='lat' dir='ltr'>christu-m</span> <span class='ocrx_word' id='word_1_229' title='bbox 1355 2438 1652 2508; x_wconf 91' lang='lat' dir='ltr'>pompa,</span> <span class='ocrx_word' id='word_1_230' title='bbox 1708 2428 1774 2486; x_wconf 89' lang='lat' dir='ltr'>et</span> <span class='ocrx_word' id='word_1_231' title='bbox 1827 2415 2075 2488; x_wconf 83' lang='lat' dir='ltr'>festum</span> <span class='ocrx_word' id='word_1_232' title='bbox 2136 2417 2402 2486; x_wconf 89' lang='lat' dir='ltr'>celebre</span> <span class='ocrx_word' id='word_1_233' title='bbox 2436 2473 2451 2499; x_wconf 93' lang='lat'>,</span> <span class='ocrx_word' id='word_1_234' title='bbox 2506 2442 2615 2489; x_wconf 91' lang='lat' dir='ltr'>me</span> <span class='ocrx_word' id='word_1_235' title='bbox 2667 2420 2752 2489; x_wconf 91' lang='lat' dir='ltr'>ad</span> 
     </span>
     <span class='ocr_line' id='line_1_25' title="bbox 211 2442 2754 2600; baseline 0 -22"><span class='ocrx_word' id='word_1_236' title='bbox 211 2511 441 2600; x_wconf 88' lang='lat' dir='ltr'>ipsum</span> <span class='ocrx_word' id='word_1_237' title='bbox 493 2442 758 2579; x_wconf 55' lang='lat' dir='ltr'>coeliun</span> <span class='ocrx_word' id='word_1_238' title='bbox 815 2508 1333 2599; x_wconf 87' lang='lat' dir='ltr'>jucundissime</span> <span class='ocrx_word' id='word_1_239' title='bbox 1400 2507 1898 2577; x_wconf 91' lang='lat' dir='ltr'>transmittens.</span> <span class='ocrx_word' id='word_1_240' title='bbox 1958 2530 1993 2573; x_wconf 82' lang='lat'>»</span> <span class='ocrx_word' id='word_1_241' title='bbox 2045 2511 2190 2576; x_wconf 82' lang='lat' dir='ltr'>Dux</span> <span class='ocrx_word' id='word_1_242' title='bbox 2246 2508 2475 2594; x_wconf 91' lang='lat' dir='ltr'>itaque</span> <span class='ocrx_word' id='word_1_243' title='bbox 2524 2508 2754 2579; x_wconf 91' lang='lat' dir='ltr'>adhuc</span> 
     </span>
     <span class='ocr_line' id='line_1_26' title="bbox 209 2596 2754 2688; baseline -0 -21"><span class='ocrx_word' id='word_1_244' title='bbox 209 2598 432 2688; x_wconf 87' lang='lat' dir='ltr'>magis</span> <span class='ocrx_word' id='word_1_245' title='bbox 467 2599 866 2688; x_wconf 88' lang='lat' dir='ltr'>desperans,</span> <span class='ocrx_word' id='word_1_246' title='bbox 909 2602 1235 2666; x_wconf 90' lang='lat' dir='ltr'>Sanctum</span> <span class='ocrx_word' id='word_1_247' title='bbox 1290 2597 1692 2666; x_wconf 88' lang='lat' dir='ltr'>transmittit</span> <span class='ocrx_word' id='word_1_248' title='bbox 1751 2597 1818 2663; x_wconf 91' lang='lat' dir='ltr'>in</span> <span class='ocrx_word' id='word_1_249' title='bbox 1871 2596 2282 2665; x_wconf 86' lang='lat' dir='ltr'>custodiam.</span> <span class='ocrx_word' id='word_1_250' title='bbox 2321 2601 2477 2685; x_wconf 92' lang='lat' dir='ltr'>lpse</span> <span class='ocrx_word' id='word_1_251' title='bbox 2524 2610 2754 2666; x_wconf 88' lang='lat' dir='ltr'>autem</span> 
     </span>
     <span class='ocr_line' id='line_1_27' title="bbox 205 2684 2753 2773; baseline -0.001 -17"><span class='ocrx_word' id='word_1_252' title='bbox 205 2688 480 2756; x_wconf 87' lang='lat' dir='ltr'>interim</span> <span class='ocrx_word' id='word_1_253' title='bbox 539 2708 819 2773; x_wconf 89' lang='lat' dir='ltr'>operam</span> <span class='ocrx_word' id='word_1_254' title='bbox 856 2686 1063 2755; x_wconf 90' lang='lat' dir='ltr'>dabat</span> <span class='ocrx_word' id='word_1_255' title='bbox 1094 2707 1488 2754; x_wconf 90' lang='lat' dir='ltr'>mensarum</span> <span class='ocrx_word' id='word_1_256' title='bbox 1532 2684 1860 2766; x_wconf 83' lang='lat' dir='ltr'>lautitiae,</span> <span class='ocrx_word' id='word_1_257' title='bbox 1897 2696 1961 2753; x_wconf 91' lang='lat' dir='ltr'>et</span> <span class='ocrx_word' id='word_1_258' title='bbox 1993 2685 2309 2766; x_wconf 90' lang='lat' dir='ltr'>laetitiae,</span> <span class='ocrx_word' id='word_1_259' title='bbox 2341 2696 2418 2754; x_wconf 91' lang='lat' dir='ltr'>ut</span> <span class='ocrx_word' id='word_1_260' title='bbox 2463 2686 2578 2772; x_wconf 90' lang='lat' dir='ltr'>qui</span> <span class='ocrx_word' id='word_1_261' title='bbox 2619 2709 2753 2755; x_wconf 91' lang='lat' dir='ltr'>non</span> 
     </span>
     <span class='ocr_line' id='line_1_28' title="bbox 203 2773 2746 2864; baseline -0.002 -18"><span class='ocrx_word' id='word_1_262' title='bbox 203 2777 429 2847; x_wconf 92' lang='lat' dir='ltr'>solum</span> <span class='ocrx_word' id='word_1_263' title='bbox 484 2776 624 2844; x_wconf 92' lang='lat' dir='ltr'>irae</span> <span class='ocrx_word' id='word_1_264' title='bbox 671 2788 737 2844; x_wconf 91' lang='lat' dir='ltr'>et</span> <span class='ocrx_word' id='word_1_265' title='bbox 784 2774 1236 2854; x_wconf 80' lang='lat' dir='ltr'>crudelitatis,</span> <span class='ocrx_word' id='word_1_266' title='bbox 1277 2773 1391 2842; x_wconf 93' lang='lat' dir='ltr'>sed</span> <span class='ocrx_word' id='word_1_267' title='bbox 1426 2773 1629 2843; x_wconf 90' lang='lat' dir='ltr'>etiam</span> <span class='ocrx_word' id='word_1_268' title='bbox 1673 2774 2040 2864; x_wconf 89' lang='lat' dir='ltr'>voluptatis</span> <span class='ocrx_word' id='word_1_269' title='bbox 2076 2773 2276 2843; x_wconf 89' lang='lat' dir='ltr'>vellet</span> <span class='ocrx_word' id='word_1_270' title='bbox 2305 2795 2453 2842; x_wconf 91' lang='lat' dir='ltr'>esse</span> <span class='ocrx_word' id='word_1_271' title='bbox 2485 2797 2746 2844; x_wconf 86' lang='lat' dir='ltr'>servus.</span> 
     </span>
    </p>

    <p class='ocr_par' dir='ltr' id='par_1_3' title="bbox 202 2862 2769 4549">
     <span class='ocr_line' id='line_1_29' title="bbox 293 2862 2754 2953; baseline -0.001 -18"><span class='ocrx_word' id='word_1_272' title='bbox 293 2869 328 2953; x_wconf 66' lang='grc' dir='ltr'>ξ</span> <span class='ocrx_word' id='word_1_273' title='bbox 382 2868 519 2937; x_wconf 73' lang='grc'>15.</span> <span class='ocrx_word' id='word_1_274' title='bbox 576 2870 740 2934; x_wconf 89' lang='lat' dir='ltr'>Cum</span> <span class='ocrx_word' id='word_1_275' title='bbox 794 2877 1022 2933; x_wconf 91' lang='lat' dir='ltr'>autem</span> <span class='ocrx_word' id='word_1_276' title='bbox 1075 2863 1249 2931; x_wconf 84' lang='lat' dir='ltr'>viam</span> <span class='ocrx_word' id='word_1_277' title='bbox 1306 2885 1548 2932; x_wconf 92' lang='lat' dir='ltr'>rursus</span> <span class='ocrx_word' id='word_1_278' title='bbox 1582 2875 1760 2932; x_wconf 89' lang='lat' dir='ltr'>esset</span> <span class='ocrx_word' id='word_1_279' title='bbox 1799 2864 2270 2952; x_wconf 87' lang='lat' dir='ltr'>ingressurus,</span> <span class='ocrx_word' id='word_1_280' title='bbox 2317 2874 2380 2931; x_wconf 89' lang='lat' dir='ltr'>et</span> <span class='ocrx_word' id='word_1_281' title='bbox 2414 2862 2500 2931; x_wconf 94' lang='lat' dir='ltr'>ad</span> <span class='ocrx_word' id='word_1_282' title='bbox 2541 2869 2754 2934; x_wconf 86' lang='lat' dir='ltr'>Rosa-</span> 
     </span>
     <span class='ocr_line' id='line_1_30' title="bbox 256 2951 2755 3042; baseline -0 -20"><span class='ocrx_word' id='word_1_283' title='bbox 256 2955 505 3023; x_wconf 91' lang='lat' dir='ltr'>borum</span> <span class='ocrx_word' id='word_1_284' title='bbox 558 2952 998 3023; x_wconf 89' lang='lat' dir='ltr'>contenderet</span> <span class='ocrx_word' id='word_1_285' title='bbox 1041 2951 1490 3041; x_wconf 88' lang='lat' dir='ltr'>praesidium,</span> <span class='ocrx_word' id='word_1_286' title='bbox 1544 2951 1627 3020; x_wconf 88' lang='lat' dir='ltr'>ad</span> <span class='ocrx_word' id='word_1_287' title='bbox 1680 2952 1864 3038; x_wconf 90' lang='lat' dir='ltr'>quod</span> <span class='ocrx_word' id='word_1_288' title='bbox 1918 2951 2228 3030; x_wconf 91' lang='lat' dir='ltr'>tendens,</span> <span class='ocrx_word' id='word_1_289' title='bbox 2275 2973 2314 3019; x_wconf 92' lang='lat' dir='ltr'>a</span> <span class='ocrx_word' id='word_1_290' title='bbox 2349 2952 2543 3021; x_wconf 90' lang='lat' dir='ltr'>Suris</span> <span class='ocrx_word' id='word_1_291' title='bbox 2595 2975 2755 3042; x_wconf 91' lang='lat' dir='ltr'>pro-</span> 
     </span>
     <span class='ocr_line' id='line_1_31' title="bbox 234 3040 2757 3131; baseline -0.001 -19"><span class='ocrx_word' id='word_1_292' title='bbox 234 3055 425 3112; x_wconf 91' lang='lat' dir='ltr'>ectus</span> <span class='ocrx_word' id='word_1_293' title='bbox 474 3041 741 3120; x_wconf 82' lang='lat' dir='ltr'>fuerat,</span> <span class='ocrx_word' id='word_1_294' title='bbox 798 3041 1122 3109; x_wconf 86' lang='lat' dir='ltr'>athletam</span> <span class='ocrx_word' id='word_1_295' title='bbox 1176 3063 1421 3111; x_wconf 88' lang='lat' dir='ltr'>rursus</span> <span class='ocrx_word' id='word_1_296' title='bbox 1479 3041 1829 3131; x_wconf 89' lang='lat' dir='ltr'>prioribus</span> <span class='ocrx_word' id='word_1_297' title='bbox 1879 3040 2260 3109; x_wconf 89' lang='lat' dir='ltr'>calceatum</span> <span class='ocrx_word' id='word_1_298' title='bbox 2311 3040 2659 3131; x_wconf 80' lang='lat' dir='ltr'>crepidiS‚</span> <span class='ocrx_word' id='word_1_299' title='bbox 2715 3064 2757 3110; x_wconf 95' lang='lat' dir='ltr'>a</span> 
     </span>
     <span class='ocr_line' id='line_1_32' title="bbox 207 3129 2754 3221; baseline -0.001 -21"><span class='ocrx_word' id='word_1_300' title='bbox 207 3131 653 3221; x_wconf 79' lang='lat' dir='ltr'>Tetrapyrgia</span> <span class='ocrx_word' id='word_1_301' title='bbox 702 3130 897 3199; x_wconf 81' lang='lat' dir='ltr'>duxit</span> <span class='ocrx_word' id='word_1_302' title='bbox 944 3152 1165 3215; x_wconf 88' lang='lat' dir='ltr'>usque</span> <span class='ocrx_word' id='word_1_303' title='bbox 1214 3129 1296 3197; x_wconf 92' lang='lat' dir='ltr'>ad</span> <span class='ocrx_word' id='word_1_304' title='bbox 1353 3130 1693 3218; x_wconf 88' lang='lat' dir='ltr'>Rosapba.</span> <span class='ocrx_word' id='word_1_305' title='bbox 1749 3133 1975 3211; x_wconf 87' lang='lat' dir='ltr'>Quum</span> <span class='ocrx_word' id='word_1_306' title='bbox 2026 3137 2252 3196; x_wconf 92' lang='lat' dir='ltr'>autem</span> <span class='ocrx_word' id='word_1_307' title='bbox 2296 3149 2456 3197; x_wconf 89' lang='lat' dir='ltr'>cum</span> <span class='ocrx_word' id='word_1_308' title='bbox 2514 3129 2754 3197; x_wconf 83' lang='lat' dir='ltr'>eadem</span> 
     </span>
     <span class='ocr_line' id='line_1_33' title="bbox 207 3216 2756 3306; baseline -0.001 -16"><span class='ocrx_word' id='word_1_309' title='bbox 207 3242 453 3290; x_wconf 90' lang='lat' dir='ltr'>rursus</span> <span class='ocrx_word' id='word_1_310' title='bbox 483 3219 855 3288; x_wconf 89' lang='lat' dir='ltr'>luctantem</span> <span class='ocrx_word' id='word_1_311' title='bbox 889 3219 1287 3287; x_wconf 89' lang='lat' dir='ltr'>necessitate</span> <span class='ocrx_word' id='word_1_312' title='bbox 1320 3218 1600 3287; x_wconf 84' lang='lat' dir='ltr'>vidisset</span> <span class='ocrx_word' id='word_1_313' title='bbox 1628 3224 2014 3306; x_wconf 79' lang='lat' dir='ltr'>Martyrem,</span> <span class='ocrx_word' id='word_1_314' title='bbox 2038 3216 2377 3296; x_wconf 90' lang='lat' dir='ltr'>eamdem,</span> <span class='ocrx_word' id='word_1_315' title='bbox 2406 3219 2756 3287; x_wconf 89' lang='lat' dir='ltr'>autetiam</span> 
     </span>
     <span class='ocr_line' id='line_1_34' title="bbox 208 3306 2757 3399; baseline 0 -22"><span class='ocrx_word' id='word_1_316' title='bbox 208 3309 537 3399; x_wconf 87' lang='lat' dir='ltr'>majorem</span> <span class='ocrx_word' id='word_1_317' title='bbox 589 3307 945 3377; x_wconf 92' lang='lat' dir='ltr'>ostendere</span> <span class='ocrx_word' id='word_1_318' title='bbox 978 3306 1475 3387; x_wconf 89' lang='lat' dir='ltr'>fortitudinem,</span> <span class='ocrx_word' id='word_1_319' title='bbox 1515 3318 1578 3376; x_wconf 90' lang='lat' dir='ltr'>et</span> <span class='ocrx_word' id='word_1_320' title='bbox 1614 3307 1813 3386; x_wconf 90' lang='lat' dir='ltr'>viam,</span> <span class='ocrx_word' id='word_1_321' title='bbox 1851 3326 2025 3392; x_wconf 90' lang='lat' dir='ltr'>quae</span> <span class='ocrx_word' id='word_1_322' title='bbox 2058 3317 2159 3373; x_wconf 90' lang='lat' dir='ltr'>est</span> <span class='ocrx_word' id='word_1_323' title='bbox 2198 3327 2238 3374; x_wconf 88' lang='lat' dir='ltr'>a</span> <span class='ocrx_word' id='word_1_324' title='bbox 2279 3307 2495 3387; x_wconf 80' lang='lat' dir='ltr'>SuriS,</span> <span class='ocrx_word' id='word_1_325' title='bbox 2533 3329 2757 3395; x_wconf 72' lang='lat' dir='ltr'>usque</span> 
     </span>
     <span class='ocr_line' id='line_1_35' title="bbox 202 3394 2752 3486; baseline -0.001 -20"><span class='ocrx_word' id='word_1_326' title='bbox 202 3397 292 3466; x_wconf 89' lang='lat' dir='ltr'>ad</span> <span class='ocrx_word' id='word_1_327' title='bbox 351 3396 689 3485; x_wconf 88' lang='lat' dir='ltr'>Rosapha,</span> <span class='ocrx_word' id='word_1_328' title='bbox 743 3418 902 3465; x_wconf 85' lang='lat' dir='ltr'>cum</span> <span class='ocrx_word' id='word_1_329' title='bbox 952 3395 1190 3465; x_wconf 83' lang='lat' dir='ltr'>ferreis</span> <span class='ocrx_word' id='word_1_330' title='bbox 1240 3396 1381 3465; x_wconf 89' lang='lat' dir='ltr'>illis</span> <span class='ocrx_word' id='word_1_331' title='bbox 1415 3395 1718 3486; x_wconf 77' lang='lat' dir='ltr'>crepidis</span> <span class='ocrx_word' id='word_1_332' title='bbox 1766 3394 1939 3463; x_wconf 89' lang='lat' dir='ltr'>citra</span> <span class='ocrx_word' id='word_1_333' title='bbox 1988 3394 2289 3462; x_wconf 91' lang='lat' dir='ltr'>laborem</span> <span class='ocrx_word' id='word_1_334' title='bbox 2350 3395 2752 3478; x_wconf 88' lang='lat' dir='ltr'>confecisse,</span> 
     </span>
     <span class='ocr_line' id='line_1_36' title="bbox 208 3482 2761 3575; baseline -0 -20"><span class='ocrx_word' id='word_1_335' title='bbox 208 3486 498 3556; x_wconf 90' lang='lat' dir='ltr'>omnino</span> <span class='ocrx_word' id='word_1_336' title='bbox 546 3485 666 3553; x_wconf 90' lang='lat' dir='ltr'>des</span> <span class='ocrx_word' id='word_1_337' title='bbox 721 3486 922 3554; x_wconf 70' lang='lat' dir='ltr'>crans</span> <span class='ocrx_word' id='word_1_338' title='bbox 969 3485 1111 3554; x_wconf 89' lang='lat' dir='ltr'>fore</span> <span class='ocrx_word' id='word_1_339' title='bbox 1160 3495 1234 3552; x_wconf 92' lang='lat' dir='ltr'>ut</span> <span class='ocrx_word' id='word_1_340' title='bbox 1285 3496 1692 3563; x_wconf 77' lang='lat' dir='ltr'>mutaretur,</span> <span class='ocrx_word' id='word_1_341' title='bbox 1726 3482 1926 3573; x_wconf 89' lang='lat' dir='ltr'>jubet</span> <span class='ocrx_word' id='word_1_342' title='bbox 1965 3482 2146 3551; x_wconf 91' lang='lat' dir='ltr'>beati</span> <span class='ocrx_word' id='word_1_343' title='bbox 2187 3485 2502 3573; x_wconf 76' lang='lat' dir='ltr'>Martyris</span> <span class='ocrx_word' id='word_1_344' title='bbox 2551 3496 2761 3575; x_wconf 89' lang='lat' dir='ltr'>caput</span> 
     </span>
     <span class='ocr_line' id='line_1_37' title="bbox 210 3571 2757 3664; baseline -0 -21"><span class='ocrx_word' id='word_1_345' title='bbox 210 3574 558 3664; x_wconf 89' lang='lat' dir='ltr'>amputari</span> <span class='ocrx_word' id='word_1_346' title='bbox 628 3573 881 3663; x_wconf 88' lang='lat' dir='ltr'>gadio.</span> <span class='ocrx_word' id='word_1_347' title='bbox 950 3574 1232 3642; x_wconf 87' lang='lat' dir='ltr'>Ducitur</span> <span class='ocrx_word' id='word_1_348' title='bbox 1298 3574 1525 3658; x_wconf 88' lang='lat' dir='ltr'>itaque</span> <span class='ocrx_word' id='word_1_349' title='bbox 1597 3577 1852 3660; x_wconf 74' lang='lat' dir='ltr'>Martyr</span> <span class='ocrx_word' id='word_1_350' title='bbox 1898 3594 1935 3640; x_wconf 94' lang='lat' dir='ltr'>a</span> <span class='ocrx_word' id='word_1_351' title='bbox 1987 3571 2327 3641; x_wconf 90' lang='lat' dir='ltr'>militibus</span> <span class='ocrx_word' id='word_1_352' title='bbox 2390 3572 2472 3641; x_wconf 91' lang='lat' dir='ltr'>ad</span> <span class='ocrx_word' id='word_1_353' title='bbox 2529 3573 2757 3642; x_wconf 88' lang='lat' dir='ltr'>locum</span> 
     </span>
     <span class='ocr_line' id='line_1_38' title="bbox 207 3660 2756 3752; baseline -0.001 -19"><span class='ocrx_word' id='word_1_354' title='bbox 207 3662 857 3733; x_wconf 84' lang='lat' dir='ltr'>consummationis.</span> <span class='ocrx_word' id='word_1_355' title='bbox 912 3668 1157 3752; x_wconf 86' lang='lat' dir='ltr'>Magna</span> <span class='ocrx_word' id='word_1_356' title='bbox 1196 3673 1425 3730; x_wconf 89' lang='lat' dir='ltr'>autem</span> <span class='ocrx_word' id='word_1_357' title='bbox 1468 3660 1849 3731; x_wconf 77' lang='lat' dir='ltr'>&#39;multitudo</span> <span class='ocrx_word' id='word_1_358' title='bbox 1909 3660 2212 3729; x_wconf 86' lang='lat' dir='ltr'>virorum</span> <span class='ocrx_word' id='word_1_359' title='bbox 2264 3672 2330 3729; x_wconf 94' lang='lat' dir='ltr'>et</span> <span class='ocrx_word' id='word_1_360' title='bbox 2379 3661 2756 3731; x_wconf 89' lang='lat' dir='ltr'>mulierum</span> 
     </span>
     <span class='ocr_line' id='line_1_39' title="bbox 204 3749 2761 3837; baseline -0.001 -16"><span class='ocrx_word' id='word_1_361' title='bbox 204 3765 275 3821; x_wconf 87' lang='lat' dir='ltr'>et</span> <span class='ocrx_word' id='word_1_362' title='bbox 333 3752 561 3821; x_wconf 88' lang='lat' dir='ltr'>omnis</span> <span class='ocrx_word' id='word_1_363' title='bbox 610 3750 852 3821; x_wconf 89' lang='lat' dir='ltr'>aetatis</span> <span class='ocrx_word' id='word_1_364' title='bbox 912 3752 1507 3837; x_wconf 86' lang='lat' dir='ltr'>consequebatur,</span> <span class='ocrx_word' id='word_1_365' title='bbox 1574 3762 1649 3818; x_wconf 92' lang='lat' dir='ltr'>ut</span> <span class='ocrx_word' id='word_1_366' title='bbox 1711 3771 1867 3819; x_wconf 92' lang='lat' dir='ltr'>eum</span> <span class='ocrx_word' id='word_1_367' title='bbox 1922 3749 2231 3819; x_wconf 87' lang='lat' dir='ltr'>viderent</span> <span class='ocrx_word' id='word_1_368' title='bbox 2277 3761 2342 3818; x_wconf 92' lang='lat' dir='ltr'>et</span> <span class='ocrx_word' id='word_1_369' title='bbox 2404 3749 2761 3819; x_wconf 90' lang='lat' dir='ltr'>decertan-</span> 
     </span>
     <span class='ocr_line' id='line_1_40' title="bbox 216 3839 2752 3929; baseline -0.001 -19"><span class='ocrx_word' id='word_1_370' title='bbox 216 3854 374 3921; x_wconf 89' lang='lat' dir='ltr'>tem,</span> <span class='ocrx_word' id='word_1_371' title='bbox 407 3853 471 3908; x_wconf 89' lang='lat' dir='ltr'>et</span> <span class='ocrx_word' id='word_1_372' title='bbox 522 3840 929 3919; x_wconf 90' lang='lat' dir='ltr'>vincentem,</span> <span class='ocrx_word' id='word_1_373' title='bbox 986 3852 1051 3909; x_wconf 93' lang='lat' dir='ltr'>et</span> <span class='ocrx_word' id='word_1_374' title='bbox 1084 3850 1511 3909; x_wconf 88' lang='lat' dir='ltr'>coronatum.</span> <span class='ocrx_word' id='word_1_375' title='bbox 1552 3839 1940 3921; x_wconf 89' lang='lat' dir='ltr'>Quinetiam</span> <span class='ocrx_word' id='word_1_376' title='bbox 1994 3839 2184 3929; x_wconf 91' lang='lat' dir='ltr'>ipsae</span> <span class='ocrx_word' id='word_1_377' title='bbox 2231 3859 2506 3925; x_wconf 92' lang='lat' dir='ltr'>quoque</span> <span class='ocrx_word' id='word_1_378' title='bbox 2547 3839 2752 3920; x_wconf 85' lang='lat' dir='ltr'>ferae,</span> 
     </span>
     <span class='ocr_line' id='line_1_41' title="bbox 208 3927 2759 4019; baseline 0 -24"><span class='ocrx_word' id='word_1_379' title='bbox 208 3928 420 4011; x_wconf 82' lang='lat' dir='ltr'>veluti</span> <span class='ocrx_word' id='word_1_380' title='bbox 472 3940 708 4019; x_wconf 85' lang='lat' dir='ltr'>captae</span> <span class='ocrx_word' id='word_1_381' title='bbox 775 3928 1075 4014; x_wconf 89' lang='lat' dir='ltr'>quodam</span> <span class='ocrx_word' id='word_1_382' title='bbox 1141 3949 1373 3996; x_wconf 88' lang='lat' dir='ltr'>amore</span> <span class='ocrx_word' id='word_1_383' title='bbox 1439 3928 1778 4009; x_wconf 91' lang='lat' dir='ltr'>athletae,</span> <span class='ocrx_word' id='word_1_384' title='bbox 1840 3927 2096 3996; x_wconf 91' lang='lat' dir='ltr'>relictis</span> <span class='ocrx_word' id='word_1_385' title='bbox 2159 3928 2461 4017; x_wconf 92' lang='lat' dir='ltr'>propriis</span> <span class='ocrx_word' id='word_1_386' title='bbox 2526 3950 2759 3998; x_wconf 90' lang='lat' dir='ltr'>caver-</span> 
     </span>
     <span class='ocr_line' id='line_1_42' title="bbox 216 4015 2764 4109; baseline 0 -24"><span class='ocrx_word' id='word_1_387' title='bbox 216 4020 368 4098; x_wconf 78' lang='lat' dir='ltr'>niS,</span> <span class='ocrx_word' id='word_1_388' title='bbox 427 4040 583 4087; x_wconf 90' lang='lat' dir='ltr'>eum</span> <span class='ocrx_word' id='word_1_389' title='bbox 640 4015 908 4109; x_wconf 89' lang='lat' dir='ltr'>placide</span> <span class='ocrx_word' id='word_1_390' title='bbox 956 4029 1021 4085; x_wconf 91' lang='lat' dir='ltr'>et</span> <span class='ocrx_word' id='word_1_391' title='bbox 1072 4027 1423 4086; x_wconf 90' lang='lat' dir='ltr'>mansuete</span> <span class='ocrx_word' id='word_1_392' title='bbox 1472 4017 1950 4098; x_wconf 84' lang='lat' dir='ltr'>deducebant,</span> <span class='ocrx_word' id='word_1_393' title='bbox 2014 4015 2206 4084; x_wconf 86' lang='lat' dir='ltr'>illius</span> <span class='ocrx_word' id='word_1_394' title='bbox 2267 4016 2552 4102; x_wconf 91' lang='lat' dir='ltr'>quidem</span> <span class='ocrx_word' id='word_1_395' title='bbox 2605 4017 2764 4086; x_wconf 91' lang='lat' dir='ltr'>bea-</span> 
     </span>
     <span class='ocr_line' id='line_1_43' title="bbox 215 4104 2763 4195; baseline 0.001 -21"><span class='ocrx_word' id='word_1_396' title='bbox 215 4120 363 4174; x_wconf 88' lang='lat' dir='ltr'>tum</span> <span class='ocrx_word' id='word_1_397' title='bbox 416 4106 543 4176; x_wconf 89' lang='lat' dir='ltr'>iter</span> <span class='ocrx_word' id='word_1_398' title='bbox 589 4106 1098 4194; x_wconf 91' lang='lat' dir='ltr'>quodammodo</span> <span class='ocrx_word' id='word_1_399' title='bbox 1150 4105 1517 4195; x_wconf 89' lang='lat' dir='ltr'>probantes</span> <span class='ocrx_word' id='word_1_400' title='bbox 1564 4119 1629 4175; x_wconf 92' lang='lat' dir='ltr'>et</span> <span class='ocrx_word' id='word_1_401' title='bbox 1676 4104 2266 4184; x_wconf 92' lang='lat' dir='ltr'>commendantes,</span> <span class='ocrx_word' id='word_1_402' title='bbox 2323 4104 2576 4195; x_wconf 90' lang='lat' dir='ltr'>impios</span> <span class='ocrx_word' id='word_1_403' title='bbox 2641 4130 2763 4176; x_wconf 89' lang='lat' dir='ltr'>au-</span> 
     </span>
     <span class='ocr_line' id='line_1_44' title="bbox 222 4194 2767 4285; baseline 0 -21"><span class='ocrx_word' id='word_1_404' title='bbox 222 4209 356 4264; x_wconf 90' lang='lat' dir='ltr'>tem</span> <span class='ocrx_word' id='word_1_405' title='bbox 395 4196 645 4285; x_wconf 73' lang='lat' dir='ltr'>reipsa</span> <span class='ocrx_word' id='word_1_406' title='bbox 694 4206 1083 4285; x_wconf 88' lang='lat' dir='ltr'>arguentes,</span> <span class='ocrx_word' id='word_1_407' title='bbox 1138 4194 1321 4281; x_wconf 89' lang='lat' dir='ltr'>quod</span> <span class='ocrx_word' id='word_1_408' title='bbox 1372 4216 1573 4282; x_wconf 91' lang='lat' dir='ltr'>quem</span> <span class='ocrx_word' id='word_1_409' title='bbox 1609 4195 1789 4263; x_wconf 86' lang='lat' dir='ltr'>ferae</span> <span class='ocrx_word' id='word_1_410' title='bbox 1817 4204 1981 4263; x_wconf 90' lang='lat' dir='ltr'>sunt</span> <span class='ocrx_word' id='word_1_411' title='bbox 2010 4194 2360 4275; x_wconf 82' lang='lat' dir='ltr'>reveritae,</span> <span class='ocrx_word' id='word_1_412' title='bbox 2398 4194 2531 4284; x_wconf 88' lang='lat' dir='ltr'>ipsi</span> <span class='ocrx_word' id='word_1_413' title='bbox 2561 4194 2767 4285; x_wconf 90' lang='lat' dir='ltr'>plane</span> 
     </span>
     <span class='ocr_line' id='line_1_45' title="bbox 218 4282 2760 4368; baseline 0 -16"><span class='ocrx_word' id='word_1_414' title='bbox 218 4283 405 4352; x_wconf 87' lang='lat' dir='ltr'>caeci</span> <span class='ocrx_word' id='word_1_415' title='bbox 470 4283 911 4354; x_wconf 88' lang='lat' dir='ltr'>interficiunt.</span> <span class='ocrx_word' id='word_1_416' title='bbox 987 4283 1108 4352; x_wconf 90' lang='lat' dir='ltr'>Ille</span> <span class='ocrx_word' id='word_1_417' title='bbox 1158 4294 1385 4352; x_wconf 89' lang='lat' dir='ltr'>autem</span> <span class='ocrx_word' id='word_1_418' title='bbox 1446 4307 1605 4354; x_wconf 92' lang='lat' dir='ltr'>cum</span> <span class='ocrx_word' id='word_1_419' title='bbox 1670 4285 1757 4352; x_wconf 92' lang='lat' dir='ltr'>ab</span> <span class='ocrx_word' id='word_1_420' title='bbox 1822 4282 1907 4351; x_wconf 90' lang='lat' dir='ltr'>iis</span> <span class='ocrx_word' id='word_1_421' title='bbox 1964 4282 2086 4368; x_wconf 92' lang='lat' dir='ltr'>qui</span> <span class='ocrx_word' id='word_1_422' title='bbox 2145 4304 2303 4351; x_wconf 91' lang='lat' dir='ltr'>eum</span> <span class='ocrx_word' id='word_1_423' title='bbox 2369 4282 2760 4365; x_wconf 91' lang='lat' dir='ltr'>ducebant,</span> 
     </span>
     <span class='ocr_line' id='line_1_46' title="bbox 222 4370 2767 4473; baseline 0.001 -34"><span class='ocrx_word' id='word_1_424' title='bbox 222 4370 560 4442; x_wconf 88' lang='lat' dir='ltr'>militibus</span> <span class='ocrx_word' id='word_1_425' title='bbox 609 4373 807 4444; x_wconf 92' lang='lat' dir='ltr'>breve</span> <span class='ocrx_word' id='word_1_426' title='bbox 847 4372 1126 4460; x_wconf 83' lang='lat' dir='ltr'>aliquod</span> <span class='ocrx_word' id='word_1_427' title='bbox 1180 4383 1451 4473; x_wconf 89' lang='lat' dir='ltr'>tempus</span> <span class='ocrx_word' id='word_1_428' title='bbox 1501 4370 1804 4462; x_wconf 90' lang='lat' dir='ltr'>petiisset</span> <span class='ocrx_word' id='word_1_429' title='bbox 1836 4370 1920 4439; x_wconf 94' lang='lat' dir='ltr'>ad</span> <span class='ocrx_word' id='word_1_430' title='bbox 1954 4370 2356 4454; x_wconf 91' lang='lat' dir='ltr'>orationem,</span> <span class='ocrx_word' id='word_1_431' title='bbox 2402 4378 2467 4442; x_wconf 87' lang='lat' dir='ltr'>et</span> <span class='ocrx_word' id='word_1_432' title='bbox 2503 4372 2589 4441; x_wconf 92' lang='lat' dir='ltr'>ab</span> <span class='ocrx_word' id='word_1_433' title='bbox 2626 4372 2767 4441; x_wconf 90' lang='lat' dir='ltr'>illis</span> 
     </span>
     <span class='ocr_line' id='line_1_47' title="bbox 212 4459 2769 4549; baseline 0 -20"><span class='ocrx_word' id='word_1_434' title='bbox 212 4460 694 4549; x_wconf 81' lang='lat' dir='ltr'>impetrasset,</span> <span class='ocrx_word' id='word_1_435' title='bbox 750 4463 833 4532; x_wconf 93' lang='lat' dir='ltr'>ad</span> <span class='ocrx_word' id='word_1_436' title='bbox 910 4485 1115 4532; x_wconf 88' lang='lat' dir='ltr'>suum</span> <span class='ocrx_word' id='word_1_437' title='bbox 1191 4473 1421 4531; x_wconf 86' lang='lat' dir='ltr'>statim</span> <span class='ocrx_word' id='word_1_438' title='bbox 1474 4460 1840 4531; x_wconf 90' lang='lat' dir='ltr'>Dominum</span> <span class='ocrx_word' id='word_1_439' title='bbox 1894 4471 2099 4530; x_wconf 88' lang='lat' dir='ltr'>totam</span> <span class='ocrx_word' id='word_1_440' title='bbox 2151 4459 2455 4531; x_wconf 89' lang='lat' dir='ltr'>animam</span> <span class='ocrx_word' id='word_1_441' title='bbox 2507 4460 2769 4531; x_wconf 77' lang='lat' dir='ltr'>extollit</span> 
     </span>
    </p>
   </div>
   <div class='ocr_carea' id='block_1_3' title="bbox 386 4571 2612 4643">
    <p class='ocr_par' dir='ltr' id='par_1_4' title="bbox 386 4571 2612 4643">
     <span class='ocr_line' id='line_1_48' title="bbox 386 4571 2612 4643; baseline 0.004 -8"><span class='ocrx_word' id='word_1_442' title='bbox 386 4580 627 4638; x_wconf 77' lang='lat' dir='ltr'>surius</span> <span class='ocrx_word' id='word_1_443' title='bbox 657 4611 679 4624; x_wconf 91' lang='lat'><strong>·</strong></span> <span class='ocrx_word' id='word_1_444' title='bbox 721 4580 885 4641; x_wconf 78' lang='lat' dir='ltr'>Vitae</span> <span class='ocrx_word' id='word_1_445' title='bbox 918 4578 1021 4643; x_wconf 86' lang='lat' dir='ltr'>SS.</span> <span class='ocrx_word' id='word_1_446' title='bbox 1054 4613 1077 4625; x_wconf 92' lang='lat'>-</span> <span class='ocrx_word' id='word_1_447' title='bbox 1107 4579 1233 4642; x_wconf 73' lang='lat' dir='ltr'>vot.</span> <span class='ocrx_word' id='word_1_448' title='bbox 1263 4578 1335 4639; x_wconf 86' lang='lat' dir='ltr'>X.</span> <span class='ocrx_word' id='word_1_449' title='bbox 2537 4571 2612 4635; x_wconf 67' lang='lat'>16</span> 
     </span>
    </p>
   </div>
  </div>
 </body>
</html>
