3347 4999
232 355 407 422 OCT.
460 354 544 418 20
1125 370 1202 415 nn
1251 369 1307 416 s.
1360 367 1633 415 Anniano
1682 368 1870 414 mar.
2386 343 2395 354 ’
2544 352 2659 416 60⁴

233 456 899 548 septuagiesseptieS,
955 453 1298 542 quomodo
1346 453 1587 523 dicunt
1637 466 1857 522 vestra
1903 452 2203 539 eloquia.
2243 476 2279 519 »
2340 459 2592 545 Martyr
2637 477 2759 525 au-

232 558 364 617 tem
400 569 415 613 :
453 568 489 612 «
522 545 786 626 Audivi,
824 544 1070 631 inquit,
1106 543 1287 631 quod
1325 543 1425 611 ira
1456 542 1788 611 divinitus
1832 542 2168 622 immissa,
2206 555 2273 610 et
2323 542 2466 633 igni
2499 566 2537 612 e
2569 543 2760 613 coelo

231 635 512 713 missus,
556 634 761 703 deum
815 645 1009 702 tuum
1052 631 1397 711 occiderit,
1451 643 1516 699 et
1559 643 1776 700 totum
1827 630 1978 719 ejus
2033 629 2361 720 templ-um
2424 652 2759 702 consum-

281 724 464 793 serit.
514 723 582 792 Si
629 744 791 811 ergo
838 732 981 791 erat
1028 721 1222 801 deuS‚
1277 741 1405 788 cur
1435 740 1568 788 non
1622 740 1694 789 se
1743 720 2033 788 servavit
2079 741 2157 787 ex
2205 718 2467 809 igne?»
2525 722 2760 789 Foedi-

256 834 464 903 tagus
503 822 731 880 autem
778 810 1144 880 Julianus:
1188 831 1223 875 <‹
1253 807 1539 889 VideriS,
1599 829 1639 876 o
1699 810 1993 876 maxime
2050 807 2263 898 impie
2292 862 2312 888 ‚
2371 820 2444 877 tu
2484 830 2759 896 quoque

228 899 398 970 forte
447 900 555 968 his
603 899 960 981 insultare,
1008 912 1074 968 et
1122 897 1434 967 lubenter
1467 896 1776 977 irridere,
1814 909 2165 983 tamquam
2219 897 2339 984 qui
2382 897 2755 967 vindictam

229 989 531 1077 aliquam
575 989 670 1059 sis
718 1011 756 1058 a
807 992 936 1058 Deo
987 998 1103 1056 tuo
1149 998 1647 1056 consecutus.»
1698 989 1952 1073 Martyr
1998 997 2266 1054 autem:
2331 1007 2367 1051 «
2403 986 2562 1054 Mihi
2615 1008 2761 1055 om-

228 1078 421 1159 nino,
466 1077 712 1164 inquit,
772 1077 954 1145 venit
992 1076 1060 1145 in
1105 1090 1400 1145 mentem
1445 1074 1691 1155 ridere,
1743 1087 1809 1143 et
1838 1074 2140 1143 exultare
2175 1086 2453 1164 propter
2483 1074 2755 1165 lapsum

229 1179 505 1236 tuorum
556 1165 867 1248 deorum,
919 1188 959 1235 o
1006 1164 1448 1235 stultissime:
1504 1163 1782 1255 gloriari
1820 1176 2045 1231 autem
2095 1175 2161 1231 et
2197 1164 2430 1232 laetari
2483 1176 2758 1252 propter

225 1255 587 1335 miracula,
650 1277 827 1342 quae
868 1259 1043 1324 Deus
1093 1275 1286 1322 meus
1334 1252 1495 1323 facit
1540 1252 1870 1340 quotidie.
1914 1251 2247 1321 Ultionem
2295 1274 2450 1321 vero
2484 1274 2748 1334 eorum,

227 1365 405 1431 quae
452 1366 490 1412 a
540 1354 601 1412 te
651 1342 822 1412 mihi
874 1344 1320 1422 intentantur,
1377 1341 1519 1410 illic
1567 1341 1928 1431 accipiam,
1967 1340 2246 1427 quando
2293 1352 2355 1410 te
2404 1341 2423 1409 i
2481 1342 2585 1411 nis
2643 1341 2758 1412 ille

226 1432 845 1522 comprehenderit,
898 1444 963 1500 et
1009 1443 1359 1499 aeternum
1413 1429 1860 1520 supplicium.
1920 1434 2123 1499 Porro
2171 1440 2396 1499 autem
2492 1430 2550 1498 ic
2583 1452 2756 1517 quo·

225 1542 401 1608 que,
473 1543 604 1589 non
660 1519 874 1589 multo
935 1520 1289 1607 interjecto
1339 1532 1685 1608 tempore,
1740 1518 2071 1586 memoria
2120 1529 2232 1586 tua
2299 1518 2547 1609 peribit
2594 1541 2749 1586 eum

228 1610 482 1680 sonitu.
517 1632 554 1675 »
616 1608 1059 1700 Foedifragus
1100 1628 1253 1676 vero
1299 1608 1650 1676 Julianus:
1690 1611 1917 1675 «Cum
1971 1606 2235 1675 videam
2289 1621 2349 1677 te
2390 1607 2755 1708 suppliciis

149 1724 155 1731 ·
227 1697 572 1778 delectari,
619 1698 904 1788 egotibi
953 1696 1407 1767 accessionem
1461 1696 1738 1765 afferam
1793 1693 2178 1783 voluptatis.
2217 1696 2340 1765 Sed
2376 1696 2497 1764 tibi
2550 1717 2755 1786 pareo

227 1799 504 1876 propter
544 1808 764 1855 meam
807 1786 1325 1876 benignitatem,
1377 1796 1441 1853 et
1482 1784 1630 1853 volo
1681 1795 1764 1863 te,
1827 1783 2118 1854 dimissa
2157 1784 2585 1874 ignorantia⁹
2645 1806 2754 1853 sa-

229 1876 440 1965 pienti
482 1877 579 1944 uti
632 1875 1191 1954 ratiocinatione,
1244 1885 1310 1943 et
1369 1873 1801 1943 accedentem
1859 1873 2245 1942 sacrificare
2292 1873 2429 1942 diis
2479 1874 2753 1942 immor·

227 1963 503 2034 talibuS.
575 1969 739 2033 Nam
820 1977 884 2033 et
953 1964 1252 2032 maxima
1317 1961 1650 2051 dignitate
1715 1982 1787 2030 es
1847 1972 2176 2043 ornatuS,
2239 1974 2305 2032 et
2377 1962 2543 2031 satis
2607 1983 2751 2031 ma·-

227 2073 402 2142 gnae
452 2050 728 2121 divitiae
774 2074 812 2120 a
864 2051 999 2121 tuis
1070 2050 1449 2138 majoribus
1495 2051 1617 2121 tibi
1670 2061 1831 2119 sunt
1877 2064 2349 2141 congregatae,
2401 2062 2465 2119 et
2512 2049 2748 2121 multis

222 2140 496 2208 virtutis
533 2140 809 2210 dotibus
862 2152 922 2210 te
986 2140 1081 2210 dii
1154 2139 1648 2219 honestarunt,
1715 2139 1985 2208 etiamsi
2035 2154 2444 2229 conspectus
2494 2139 2590 2227 sis
2647 2140 2748 2207 in-

225 2241 463 2329 gratus
499 2229 566 2296 in
608 2250 710 2309 ec,
758 2230 878 2316 qui
928 2240 989 2299 te
1027 2229 1398 2298 affecerunt
1437 2227 1793 2298 beneficio.
1835 2250 1871 2293 »
1909 2232 2161 2317 Martyr
2199 2242 2466 2298 autem:
2497 2226 2744 2311 ‹cQuid

224 2318 514 2397 insaniS,
577 2316 824 2404 inquit,
869 2340 908 2386 o
961 2318 1420 2405 iniquissime,
1480 2330 1545 2387 et
1597 2315 1991 2385 immoraris
2048 2317 2116 2384 in
2176 2317 2285 2386 his
2344 2338 2519 2404 quae
2572 2316 2745 2386 nihil

225 2403 638 2496 proficiunt?
688 2406 961 2475 mittens
1009 2418 1236 2475 autem
1288 2406 1566 2496 aggredi
1621 2405 1973 2485 barbarOS,
2026 2418 2091 2475 et
2131 2404 2388 2476 bellum
2424 2405 2748 2478 differens

221 2495 597 2575 Persicum,
657 2507 928 2587 propter
963 2495 1142 2583 quod
1184 2494 1585 2565 universum
1635 2496 1870 2566 orbem
1913 2507 2129 2564 terrae
2176 2496 2626 2577 commovisti,
2673 2496 2743 2564 in

222 2604 333 2652 me
383 2584 495 2653 Dei
544 2605 816 2654 servum
869 2596 1082 2654 totum
1124 2585 1482 2654 consumis
1538 2584 1805 2654 otium?
1863 2589 2386 2672 Quamcumque
2432 2606 2595 2675 ergo
2644 2585 2746 2654 vis

222 2684 507 2741 mortem
559 2673 626 2743 in
689 2694 811 2742 nos
868 2674 1276 2764 pronuncia.
1342 2678 1480 2765 Ego
1534 2675 1720 2743 enim
1777 2695 2000 2761 neque
2047 2673 2210 2744 deos
2266 2686 2416 2742 tuos
2468 2674 2686 2743 colam
2722 2728 2738 2755 ,

219 2782 442 2848 neque
475 2762 612 2832 tuis
643 2760 861 2848 jussis
906 2763 1176 2851 parebo,
1219 2785 1255 2830 »

307 2851 343 2936 ἓ
389 2855 530 2922 n.
594 2854 772 2920 Haec
817 2867 977 2920 oum
1030 2851 1361 2922 audiisset
1406 2851 1758 2932 Julianus,
1795 2864 1858 2920 et
1906 2863 2082 2920 esset
2120 2851 2397 2920 animus
2443 2850 2597 2937 ejus
2640 2850 2744 2922 ita

217 2937 542 3027 repletus,
595 2940 880 3009 accersit
922 2939 1295 3031 lapicidaS,
1348 2952 1447 3021 et,
1487 2963 1523 3007 «
1554 2939 1844 3021 Videtis,
1897 2940 2143 3027 inquit,
2205 2940 2381 3008 hanc
2441 2939 2746 3030 petram?

216 3026 618 3117 (ostendens
649 3029 1019 3115 quamdam
1053 3042 1490 3120 praeruptam
1524 3050 1605 3098 ex
1634 3028 1919 3099 adverso
1953 3027 2247 3117 theatri).
2270 3033 2431 3097 Eam
2469 3029 2535 3096 in
2568 3027 2745 3098 duas

217 3127 446 3217 partes
493 3116 808 3199 dividite;
850 3129 1109 3188 etcum
1163 3119 1446 3188 alteram
1498 3129 1758 3208 partem
1813 3119 2131 3206 supinam
2200 3118 2269 3185 in
2320 3130 2567 3186 terram
2620 3115 2743 3185 de-

209 3204 554 3295 JeceritiS,
616 3216 680 3274 et
727 3228 876 3276 eam
938 3206 1233 3297 desuper
1294 3207 1480 3275 hunc
1541 3205 1929 3275 maleficum
1994 3205 2469 3285 extenderitiS,
2529 3205 2743 3275 altera

217 3304 409 3383 parte
449 3315 604 3362 cum
667 3293 931 3384 impetu
979 3294 1208 3385 ipsum
1265 3295 1649 3384 cooperite,
1715 3305 1790 3363 ut
1857 3293 1913 3361 is
1977 3293 2243 3364 medius
2294 3295 2733 3385 interceptus,

221 3381 431 3450 simul
467 3381 712 3451 habeat
749 3404 990 3453 carnes
1040 3395 1104 3453 et
1158 3406 1311 3453 ossa
1369 3395 1723 3472 corrupta:
1776 3394 1839 3451 et
1875 3381 2070 3451 factis
2102 3382 2273 3473 ipsis
2304 3383 2544 3464 discat,
2589 3383 2741 3453 cui-

218 3491 378 3539 nam
434 3470 741 3552 resistat,
805 3483 868 3540 et
930 3493 1013 3539 an
1070 3473 1181 3541 Dei
1233 3472 1341 3540 sui
1406 3470 1672 3541 fruatur
1728 3470 2091 3541 auxilio.·»
2150 3477 2239 3541 Eo
2287 3487 2513 3542 autem
2561 3472 2741 3542 facto

220 3558 402 3628 dicto
449 3557 678 3640 citius,
717 3572 781 3628 et
820 3565 1065 3629 Sancto
1114 3561 1181 3629 in
1219 3560 1463 3629 mediis
1506 3560 1713 3650 petris
1755 3560 2151 3650 intercepto,
2199 3571 2381 3631 tanta
2416 3573 2559 3631 erat
2608 3561 2731 3642 νίς,

216 3668 391 3735 quae
422 3668 579 3717 eum
633 3648 1001 3737 premebat.
1048 3661 1124 3718 ut
1161 3672 1317 3718 cum
1361 3650 1511 3735 ejus
1557 3671 1714 3718 ossa
1760 3648 2399 3740 confringerentur,
2452 3649 2734 3738 quidam

215 3758 431 3806 sonus
478 3750 541 3805 et
589 3735 818 3826 fragor
848 3759 888 3806 a
924 3737 1161 3809 multis
1192 3737 1655 3808 exaudiretur.
1698 3738 2017 3828 Disrupta
2050 3740 2231 3807 enim
2269 3750 2433 3809 sunt
2471 3738 2731 3818 omnia,

212 3846 390 3913 quae
434 3837 627 3894 erant
676 3826 852 3894 intra
902 3825 1159 3914 ipsum,
1210 3838 1275 3897 et
1321 3826 1651 3896 contritae
1690 3840 1853 3896 sunt
1899 3849 2138 3899 omnes
2186 3848 2552 3918 compages
2584 3825 2736 3913 ejus

213 3915 500 3996 ossium,
553 3927 618 3984 et
649 3914 832 3983 oculi
877 3927 1314 3984 excesserunt
1359 3937 1396 3984 e
1450 3917 1609 3985 sede
1659 3916 1960 4005 propria.
2030 3916 2152 3986 Sed
2194 3918 2513 4003 quamvis
2560 3925 2739 3984 esset

213 4001 299 4071 ad
358 4003 536 4072 hanc
586 4002 929 4074 adductus
993 4005 1461 4074 necessitatem
1498 4059 1518 4086 ‚
1577 4026 1711 4074 non
1765 4003 2058 4096 neglexit
2106 4015 2330 4073 tamen
2382 4004 2467 4074 ad
2521 4008 2733 4072 Deum

213 4111 478 4160 canere.
516 4093 862 4162 Psallebat
893 4092 1116 4161 enim:
1154 4098 1292 4162 «In
1321 4105 1537 4184 petra,
1574 4092 1835 4172 dicens,
1877 4095 2210 4163 emaltasti
2250 4116 2376 4174 me,
2430 4103 2494 4162 et
2532 4092 2734 4161 dedu-

211 4181 385 4248 oeisti
425 4204 551 4262 me,
594 4184 910 4272 quoniam
940 4183 1162 4269 factus
1190 4204 1258 4251 es
1293 4204 1440 4273 spes
1470 4205 1652 4263 mea,
1712 4184 1921 4251 turnis·
1968 4183 2241 4251 virtutt's
2295 4205 2340 4251 a
2383 4183 2559 4270 facie
2608 4183 2737 4250 ini-

213 4268 394 4336 mici.
457 4273 777 4341 Statuisti
840 4293 1050 4361 supra
1105 4281 1370 4362 petram
1429 4271 1633 4362 pedes
1687 4293 1863 4339 meos
1884 4325 1898 4349 ‚
1964 4280 2027 4340 et
2088 4271 2408 4340 diremisti
2467 4292 2737 4361 qressus

213 4376 390 4425 meos
433 4357 646 4445 (Psal.
700 4365 784 4429 60
817 4370 879 4430 et
918 4364 1002 4430 39
1042 4414 1055 4427 .
1111 4359 1351 4460 Accipe
1385 4381 1579 4450 ergo,
1633 4358 1761 4428 Fili
1811 4359 1925 4428 Dei
1983 4359 2365 4451 Unigenite,
2410 4359 2732 4450 spiritum

214 4464 473 4527 meum,
512 4458 576 4516 et
608 4469 690 4517 ne
721 4448 970 4519 conclu
1022 4470 1098 4517 as
1130 4470 1238 4518 me
1267 4469 1336 4517 tn
1373 4469 1622 4519 manus
1655 4448 2126 4519 inimicorum.
2165 4472 2201 4516 »
2235 4450 2343 4520 Sic
2381 4471 2543 4540 ergo
2572 4470 2733 4519 cum
