3347 4999
317 116 337 147 Ι

159 347 337 415 OCT.
398 348 422 411 l
1018 358 1101 407 na
1150 360 1202 405 s.
1260 360 1521 409 aninmo
1568 361 1860 409 Areatar.
2416 338 2419 342 ’
2545 344 2616 408 21

156 445 462 515 necdum
499 442 910 533 baptizatus,
952 463 1024 511 se
1055 464 1094 509 a
1123 454 1360 509 sancto
1403 441 1779 530 postularet
1817 441 2127 532 Remigio
2163 440 2447 522 visitari,
2484 442 2717 531 etjam

158 534 349 605 velut
397 534 464 601 in
520 534 765 603 ultimo
799 530 1052 620 spiritu
1101 529 1389 619 posituS‚
1444 531 1721 599 credere
1773 552 1846 599 se
1893 529 2218 599 fateretur
2262 543 2327 598 et
2382 530 2714 620 baptizari

155 624 613 713 deposceret,
668 632 944 710 aegroto
993 617 1558 699 abrenunciante,
1606 634 1670 688 et
1708 618 2068 688 benedicto
2101 619 2304 699 fonte,
2361 624 2427 688 S.
2491 619 2718 688 Remi-

152 713 321 803 gius
369 734 410 779 a
461 710 857 800 presbytero
906 708 1038 777 loci
1084 705 1275 775 illius
1304 709 1759 777 exorcizatum
1797 708 2024 777 oleum
2067 721 2132 777 et
2170 707 2474 776 chrisma
2507 731 2718 795 quae·

154 802 346 871 sivit.
401 801 531 883 Qui
573 797 865 889 simplex
912 795 1141 865 oleum
1191 817 1264 864 se
1311 795 1562 865 habere
1598 851 1613 877 ,
1670 796 1787 866 sed
1851 797 2079 867 oleum
2145 796 2599 865 exorcizatum
2652 810 2717 867 et

153 890 474 958 chrisma
522 889 591 957 in
642 885 999 975 ampullis,
1048 886 1114 953 in
1152 883 1407 971 quibus
1454 884 1700 966 fuerat,
1734 885 1880 972 jam
1982 886 2211 954 enitus
2243 883 2573 954 defecisse
2608 908 2715 955 re-

149 978 466 1069 spondit.
503 982 793 1046 Sanctus
822 988 1052 1044 autem
1094 973 1451 1061 Remigius
1494 975 1680 1062 ipsas
1712 908 2062 1063 ampullas
2093 972 2225 1042 sibi
2261 973 2487 1042 afferri
2526 996 2717 1064 prae-

146 1068 381 1156 cepit:
436 1088 611 1153 quas
662 1086 911 1134 vacuas
968 1083 1177 1152 super
1222 1061 1436 1131 altare
1489 1063 1719 1143 misit,
1772 1075 1837 1131 et
1887 1083 1958 1131 se
2006 1064 2076 1131 in
2126 1063 2503 1132 orationem
2561 1085 2716 1152 pro-

148 1155 429 1225 stravit.
484 1160 788 1245 Surgens
835 1163 1063 1221 autem
1121 1151 1208 1221 ab
1267 1153 1613 1231 oratione,
1683 1150 2116 1240 ampullam,
2180 1151 2249 1219 in
2306 1172 2446 1238 qua
2492 1151 2718 1222 brevis

106 1244 552 1314 habebatur
616 1243 745 1312 olei
796 1240 1197 1310 exorcizati:
1248 1253 1314 1309 et
1372 1241 1655 1309 alteram
1715 1239 2128 1328 ampullam,
2184 1240 2252 1307 in
2303 1261 2440 1326 qua
2488 1240 2715 1309 brevis

150 1332 650 1404 continebatur
704 1330 880 1401 sacri
931 1329 1351 1408 chrismatiS,
1407 1330 1646 1419 plenas
1696 1329 1977 1397 invenit.
2025 1329 2272 1414 Sicque
2326 1328 2712 1409 infirmum,

154 1423 287 1510 qui
336 1434 493 1491 ante
527 1419 1166 1498 abrenunciaverat,
1209 1430 1359 1506 post
1405 1418 2089 1515 abrenunciationem
2140 1415 2289 1486 oleo
2337 1418 2715 1486 exorcizato

159 1511 532 1602 perunxit:
585 1510 1009 1594 demumque
1054 1507 1515 1596 baptizatum,
1571 1507 1955 1576 secundum
2010 1506 2446 1575 traditionem
2496 1506 2715 1576 eccle-

163 1600 547 1679 siasticam,
604 1599 977 1668 chrismate
1024 1617 1217 1666 sacro
1269 1594 1512 1663 linivit.
1568 1595 1698 1678 Qui
1749 1617 1904 1665 mox
1953 1596 2225 1663 animae
2278 1595 2570 1665 sanitate
2620 1617 2720 1666 re-

161 1702 366 1778 cepta
400 1744 415 1769 ‚
481 1688 684 1756 etiam
737 1685 1044 1775 corporis
1092 1683 1633 1754 incolumitatem
1692 1685 2090 1773 promeruit.
2147 1689 2362 1767 Quem
2395 1738 2410 1765 ,
2472 1683 2716 1754 fratres

163 1776 538 1855 carissimi,
583 1797 786 1863 quem
828 1775 1169 1842 imitatum
1220 1785 1423 1859 atque
1456 1785 1767 1842 secutum
1806 1773 1871 1840 in
1908 1773 2035 1842 hoc
2068 1772 2403 1842 miraculo
2438 1772 2715 1842 beatum

161 1866 558 1954 Remigium
611 1864 943 1933 debemus
990 1862 1360 1939 advertere,
1400 1863 1533 1930 nisi
1565 1883 1724 1931 eum
1776 1862 1894 1948 qui
1944 1861 2012 1930 in
2066 1862 2350 1951 nuptiiS,
2404 1862 2490 1930 ad
2538 1883 2714 1949 quas

158 1955 397 2023 venire
436 1965 500 2021 et
531 1974 648 2023 eas
697 1973 821 2022 sua
873 1952 1255 2041 praesentia
1287 1951 1615 2040 dignatus
1646 1961 1749 2018 est
1785 1951 2239 2030 sanctificare,
2280 1950 2564 2038 hydrias
2604 1973 2717 2019 va-

159 2065 333 2111 cuas
367 2043 547 2128 aqua
594 2040 866 2129 impleri
902 2041 1268 2129 praecepit,
1320 2052 1384 2108 et
1432 2038 1744 2107 eamdem
1787 2061 2037 2126 aquam
2092 2052 2268 2108 nutu
2315 2060 2441 2108 suo
2494 2040 2561 2107 in
2612 2040 2715 2107 vi-

153 2152 333 2198 num
377 2130 749 2198 convertit?
778 2134 854 2197 Et
885 2127 1163 2215 quidem
1202 2129 1535 2197 Dominus
1566 2128 1785 2217 potuit
1818 2128 2103 2219 implere
2135 2150 2386 2196 vacuas
2429 2128 2715 2217 hydrias

147 2219 349 2298 vin0,
402 2219 521 2305 qui
571 2219 639 2286 in
689 2217 966 2287 exordio
1015 2216 1412 2286 mundanae
1470 2217 1837 2286 creationis
1886 2231 2132 2286 cuncta
2181 2217 2435 2285 creavit
2481 2238 2560 2285 ex
2614 2218 2715 2285 ni-

148 2306 346 2376 hilo:
401 2307 517 2376 sed
563 2306 804 2376 maluit
835 2307 922 2375 de
954 2328 1134 2393 aqua
1167 2306 1449 2393 hydrias
1485 2305 1784 2394 impleri,
1823 2317 1889 2374 et
1935 2305 2018 2374 de
2072 2307 2218 2395 ipsa
2259 2327 2440 2392 aqua
2488 2304 2713 2375 facere
2799 2311 2809 2323 '

147 2397 447 2464 vinum:
500 2408 575 2465 ut
625 2396 1099 2465 ministrorum
1167 2395 1496 2482 obsequio
1536 2394 1820 2482 hydriae
1885 2398 2060 2481 aqua
2121 2394 2589 2485 replerentur,
2647 2407 2714 2463 et

151 2484 668 2556 benedictionis
727 2508 892 2554 suae
941 2497 1113 2554 nutu
1162 2507 1341 2571 aqua
1391 2496 1764 2554 verteretur
1812 2483 1881 2551 in
1937 2484 2217 2554 vinum:
2271 2495 2348 2554 ut
2409 2496 2719 2574 patenter

162 2574 576 2654 ostenderet,
632 2576 797 2661 quia
844 2574 1024 2643 sicut
1055 2575 1290 2642 omnia
1335 2572 1493 2643 fecit
1525 2596 1605 2642 ex
1639 2573 1879 2652 nihilo,
1928 2574 2017 2642 ita
2053 2588 2117 2644 et
2160 2587 2442 2643 naturas
2481 2596 2713 2643 rerum

160 2663 515 2732 sanctione
563 2685 686 2732 sua
723 2675 961 2743 mutat,
1017 2675 1091 2730 ut
1139 2663 1284 2752 ipse
1335 2661 1529 2731 volet.
1570 2667 1646 2730 Et
1682 2661 1921 2731 beatus
1964 2663 2321 2752 Remigius
2370 2684 2611 2731 servus
2647 2675 2714 2731 et

160 2751 433 2821 amicus
473 2752 708 2841 sponsi
744 2751 1106 2831 Ecclesiae,
1160 2752 1549 2820 credentem
1653 2773 1728 2819 er
1775 2752 2010 2821 divina
2060 2752 2386 2840 mysteria
2441 2751 2717 2820 socians

157 2840 384 2909 eidem
435 2841 705 2930 corpori
766 2841 969 2927 ejuS,
1036 2840 1260 2910 verbis
1308 2773 1740 2910 solemnibus
1798 2853 2058 2931 poterat
2131 2839 2426 2928 simplex
2484 2839 2713 2909 oleum

158 2929 565 3008 exorcizare,
618 2942 684 2999 et
731 2941 1045 2998 sanctum
1097 2929 1426 3009 chrisma,
1480 2928 1659 2998 sicut
1718 2941 1782 2998 et
1844 2927 2148 3008 fontem,
2218 2949 2529 2997 sacrare:
2594 2927 2712 2997 sed

158 3018 408 3088 maluit
444 3033 521 3087 ut
553 3019 885 3088 Dominus
919 3017 1320 3108 singulatim
1374 3016 1459 3086 de
1495 3017 1947 3087 sacramentis
1998 3016 2406 3087 sanctificati
2441 3015 2716 3105 ampul-

155 3105 284 3187 laS,
340 3107 405 3174 in
443 3107 700 3194 quibus
734 3106 1028 3187 fuerant,
1083 3106 1583 3176 benedictionis
1632 3127 1800 3175 suae
1834 3105 2134 3195 potentia
2171 3105 2484 3194 repleret,
2538 3118 2603 3174 et
2644 3126 2717 3176 se

155 3195 435 3264 fidelem
490 3196 556 3264 in
596 3196 821 3267 verbis
861 3196 1031 3276 suiS,
1084 3196 1342 3282 quibus
1389 3196 1688 3264 dixerat:
1744 3194 1811 3262 Si
1852 3193 2019 3280 quid
2074 3195 2405 3285 petieritis
2445 3201 2711 3264 Patrem

150 3284 228 3352 in
275 3285 553 3353 nomine
608 3306 757 3354 meo
788 3339 803 3364 ,
858 3284 1051 3353 dabit
1096 3284 1289 3354 vobis
1338 3283 1425 3353 ad
1475 3282 2024 3352 confirmandam
2095 3283 2303 3353 fidem
2381 3283 2713 3373 neophyti

150 3372 498 3442 credentis
542 3373 871 3460 obsequio
920 3372 1162 3442 famuli
1230 3374 1365 3453 sui,
1420 3370 1832 3442 ostenderet.
1888 3376 2158 3441 Certum
2203 3386 2328 3454 est,
2382 3373 2712 3460 quoniam

149 3462 277 3548 qui
312 3462 383 3529 in
424 3463 700 3531 exordio
738 3462 1127 3544 creationis,
1163 3462 1497 3532 creaturis
1532 3460 1832 3549 singulis
1861 3460 2230 3541 benedixit,
2284 3474 2350 3530 et
2377 3483 2494 3531 eas
2531 3482 2714 3531 sem-

154 3571 282 3639 per
316 3551 464 3640 ipsa
504 3550 976 3620 benedictione
1028 3551 1096 3618 in
1150 3573 1322 3621 usus
1374 3551 1738 3619 hominum
1788 3571 2094 3619 crescere
2141 3563 2206 3620 et
2257 3549 2712 3639 multiplicari

152 3637 363 3708 fecit:
416 3652 480 3707 et
527 3638 611 3707 de
659 3639 996 3709 creaturis
1050 3641 1252 3728 panis
1292 3661 1371 3708 ac
1420 3638 1566 3707 vini
1614 3640 1794 3724 aqua
1847 3640 2061 3718 mixti,
2117 3641 2232 3707 sed
2285 3651 2349 3708 et
2399 3639 2554 3718 olei,
2611 3658 2715 3706 se-

151 3728 467 3797 cundum
533 3750 731 3796 suam
787 3728 1220 3797 traditionem
1252 3782 1267 3808 ‚
1324 3726 1411 3795 ad
1462 3727 1963 3796 invocationem
2016 3726 2391 3797 sacerdotis
2441 3748 2719 3816 semper

155 3817 340 3886 bona
387 3829 607 3885 creat:
665 3838 797 3886 non
850 3816 1163 3886 faciendo
1197 3815 1380 3902 quod
1426 3815 1567 3903 jam
1620 3828 1852 3885 erant:
1908 3817 2023 3886 sed
2079 3830 2516 3887 sacrosancta
2567 3837 2715 3904 my-

156 3906 362 3975 steria
412 3904 729 3975 faciendo
761 3906 1069 3987 existere,
1116 3903 1299 3991 quod
1353 3905 1665 3975 nondum
1720 3918 1936 3983 erant,
1990 3926 2244 3994 corpus
2286 3904 2599 3974 videlicet
2650 3915 2717 3974 et

154 3993 567 4084 sanguinem
632 4016 865 4075 suum,
929 4008 993 4063 et
1039 3994 1347 4063 chrisma
1402 3993 1647 4063 salutis
1714 4008 2064 4063 aeternae:
2123 3994 2303 4063 idem
2361 3992 2713 4083 ampullas

154 4082 473 4174 singulas
519 4083 668 4153 oleo
705 4082 1009 4172 replevit,
1054 4095 1118 4151 et
1165 4080 1252 4150 ad
1295 4082 1791 4152 invocationem
1845 4081 2221 4152 sacerdotis
2270 4083 2403 4164 sui,
2458 4083 2714 4151 sancti-

158 4171 500 4242 ficationis
532 4171 1080 4242 benedictionem
1119 4170 1525 4261 singulatim
1576 4170 1856 4241 infudit.

244 4264 281 4348 ξ
334 4264 491 4332 23.
545 4267 713 4331 Cum
755 4261 981 4352 gentis
1017 4265 1461 4341 Francorum,
1518 4273 1594 4330 ut
1636 4260 1963 4330 historiae
2000 4258 2324 4348 produnt,
2379 4258 2462 4327 de
2512 4258 2715 4347 Troja

150 4348 449 4428 civitate,
482 4348 1065 4440 impugnantibus
1094 4361 1158 4419 et
1195 4349 1760 4440 expugnantibus
1787 4349 2086 4428 GraeciS‚
2169 4370 2283 4416 ars
2307 4370 2465 4417 cum
2491 4352 2712 4416 Aenea

155 4438 225 4505 in
280 4437 544 4508 Italiam
614 4439 944 4529 perrexit:
1003 4460 1160 4529 pars
1229 4461 1466 4508 eorum
1503 4491 1518 4517 ,
1591 4437 1903 4507 videlicet
1951 4436 2086 4506 duo
2140 4438 2316 4506 ecim
2372 4436 2588 4504 millia
2639 4437 2710 4503 in
