3347 4999
253 327 424 394 OCT.
481 329 505 392 t
1099 347 1179 393 na
1226 348 1282 395 s.
1336 346 1594 395 ummo
1641 344 1938 395 Ancnmr.
2615 331 2683 395 tt

251 428 620 494 Censuram
656 425 1082 496 auctoritatis
1116 481 1132 508 ,
1215 429 1635 517 temperabat
1676 427 2133 497 mansuetudo
2167 426 2604 498 humilitatis.
2661 434 2785 497 De-

251 512 729 600 linquentibus
797 515 1075 601 quidem
1138 516 1535 585 minabatur
1609 516 1853 586 frontis
1926 518 2339 597 austeritas,
2397 516 2518 587 sed
2592 513 2785 587 blan·

249 602 568 672 diebatur
605 602 832 673 cordis
881 604 1232 674 serenitas.
1287 610 1459 693 Erga
1510 605 1684 673 bene
1731 618 2010 706 agentes
2041 659 2056 685 ,
2110 610 2348 675 Petrus
2408 609 2785 721 apparebat

247 691 320 759 in
376 691 601 761 vultu:
660 714 821 782 erga
870 692 1393 780 delinquentes,
1456 694 1713 764 Paulus
1770 715 1842 762 ln
1903 693 2196 782 spiritu:
2240 716 2320 763 ac
2379 696 2480 763 sic
2529 716 2775 764 conve-

250 780 481 849 niente
529 781 600 849 in
649 803 789 851 uno
837 781 1226 851 diversitate
1273 783 1649 872 gratiarum
1685 836 1707 864 ,
1762 782 1953 852 illius
2003 782 2316 872 pietatis,
2374 783 2584 873 hujus
2639 796 2784 854 erat

250 869 633 939 aemulator
678 870 1160 940 districtionis:
1214 871 1308 940 ita
1355 867 1435 941 ut
1476 893 1635 941 cum
1703 872 2160 961 praesentiam
2208 871 2360 960 ejus
2407 873 2781 958 quisquam

249 957 359 1026 vix
407 959 812 1039 sustineret,
879 959 1259 1030 absentiam
1332 958 1506 1029 ferre
1572 982 1704 1028 non
1759 974 2007 1049 posset.
2062 964 2497 1028 Inter-norum
2548 973 2781 1029 autem

249 1046 587 1116 bonorum
632 1069 916 1119 suorum
963 1048 1220 1119 formas
1268 1071 1347 1118 ac
1395 1048 1683 1138 specieS,
1739 1048 1919 1117 sicut
1967 1069 2169 1117 nemo
2202 1048 2289 1116 ad
2333 1047 2617 1137 plenum
2654 1070 2774 1138 po-

253 1134 381 1204 tuit
429 1135 769 1225 inspicere
801 1191 817 1217 ,
874 1136 963 1206 ita
1016 1159 1215 1207 nemo
1264 1137 1518 1207 sufficit
1574 1136 1939 1226 explicare.
2008 1142 2191 1219 Quas
2240 1137 2420 1206 sicut
2467 1135 2583 1205 ille
2630 1150 2778 1206 stu-

249 1222 402 1292 duit
432 1225 759 1305 excolere,
806 1225 899 1294 ita
930 1239 994 1296 et
1027 1226 1357 1295 laboravit
1386 1225 1741 1295 occulere:
1778 1237 1844 1295 et
1882 1248 2043 1294 cum
2080 1226 2247 1294 haec
2282 1225 2480 1294 vellet
2509 1226 2773 1315 augeri,

252 1312 527 1382 nolebat
573 1314 877 1404 agnosci.
954 1315 1078 1385 Sed
1129 1315 1293 1402 quia
1341 1316 1508 1384 haec
1554 1327 1658 1383 est
1708 1327 1955 1384 natura
1993 1313 2303 1401 justitiae
2334 1368 2350 1395 ,
2402 1325 2479 1383 ut
2525 1327 2782 1401 quanto

248 1400 630 1474 studiosius
678 1403 1006 1472 abscondi
1054 1415 1264 1493 optat,
1318 1416 1503 1473 tanto
1551 1403 1807 1472 clarius
1850 1404 2250 1484 innotescat,
2304 1416 2369 1471 et
2416 1403 2781 1473 occultatio

250 1490 443 1589 ipsa,
498 1491 915 1581 praedicatio
963 1492 1086 1562 sit:
1144 1514 1263 1580 per
1310 1491 1601 1582 populos
1650 1504 1994 1561 tantorum
2045 1491 2384 1561 bonorum
2435 1491 2618 1560 fama
2666 1513 2780 1560 vo-

248 1577 509 1648 litabat.
565 1581 922 1650 Eminebat
968 1582 1036 1649 in
1087 1581 1543 1650 admiratione
1598 1580 1914 1649 omnium
1951 1635 1966 1661 ,
2024 1580 2229 1649 veluti
2277 1580 2520 1651 civitas
2570 1602 2781 1670 super

247 1668 564 1737 verticem
633 1670 887 1739 montis
948 1671 1252 1759 exposita
1287 1724 1303 1751 ,
1358 1691 1482 1738 nec
1541 1669 1691 1759 jam
1743 1669 2023 1738 lucerna
2074 1681 2334 1758 poterat
2381 1669 2587 1738 latere
2651 1669 2781 1738 sub

250 1756 500 1826 modio.
557 1756 864 1827 Gloriosa
925 1758 1044 1827 illa
1097 1759 1329 1827 anima
1377 1758 1646 1848 aperuit
1688 1756 1973 1827 latentes
2016 1757 2086 1825 in
2137 1780 2208 1826 se
2257 1757 2529 1826 divitias
2567 1758 2781 1827 coele-

247 1846 456 1914 stium
492 1867 884 1926 munerum,
930 1860 996 1916 et
1033 1848 1117 1916 de
1155 1848 1454 1917 armario
1495 1846 2039 1916 suaveolentium
2075 1846 2432 1927 virtutum,
2476 1859 2784 1915 aromata

250 1933 817 2006 sanctificationis
839 1947 903 2004 et
933 1937 1310 2026 gratiarum
1347 1958 1630 2006 suarum
1661 1957 1873 2025 supra
1903 1956 2177 2004 omnem
2213 1934 2391 2003 hanc
2418 1934 2779 2005 eeclesiam

248 2022 514 2092 effudit.
553 2023 907 2113 Neglector
943 2026 1217 2112 quietis,
1258 2024 1497 2115 refuga
1535 2023 1930 2113 voluptatiS,
1971 2023 2310 2113 appetitor
2350 2024 2628 2105 laboris,
2664 2047 2784 2114 pa-

249 2111 426 2179 tiens
466 2111 894 2198 abjectionis,
934 2114 1305 2203 impatiens
1345 2114 1651 2192 honoriS,
1700 2134 1963 2203 pauper
1997 2112 2065 2180 in
2118 2112 2433 2201 pecunia,
2487 2112 2675 2181 dives
2710 2113 2781 2180 in

247 2198 688 2282 conseientia,
740 2201 1029 2272 humilis
1076 2202 1162 2272 ad
1217 2203 1483 2283 merita,
1522 2203 1868 2291 superbus
1914 2201 2001 2270 ad
2051 2201 2238 2270 vitia.
2295 2201 2402 2270 Sic
2453 2202 2522 2268 in
2565 2223 2637 2270 se
2669 2223 2783 2269 ex-

246 2286 460 2357 coluit
507 2289 812 2361 diversas
911 2292 1237 2360 ratiarum
1287 2291 1596 2369 virtutes,
1651 2301 1729 2359 ut
1777 2290 1886 2359 vix
1935 2290 2139 2379 pauci
2188 2302 2495 2360 tenerent
2542 2289 2785 2379 singu-

247 2374 373 2456 las,
426 2379 770 2463 quomodo
821 2379 863 2447 il
899 2402 935 2447 e
982 2379 1293 2470 implevit
1332 2379 1716 2448 universas.
1755 2382 2036 2468 Semper
2067 2378 2138 2446 in
2173 2378 2402 2468 operis
2435 2378 2776 2458 exerciti0,

248 2486 521 2555 semper
553 2466 624 2534 in
672 2468 1227 2558 compunctionis
1274 2469 1544 2539 affectu.
1592 2466 1794 2539 Nulla
1841 2467 1943 2536 illi
1990 2488 2070 2537 ex
2117 2467 2443 2538 omnibus
2494 2489 2786 2558 propen-

249 2553 390 2622 sior
436 2577 627 2635 cura,
669 2556 803 2625 nisi
837 2568 912 2627 ut
945 2571 1063 2628 aut
1100 2558 1185 2626 de
1220 2563 1351 2628 Deo
1390 2558 1460 2626 in
1498 2556 1789 2626 lectione
1830 2570 2034 2643 atque
2066 2578 2405 2638 sermone,
2460 2570 2580 2626 aut
2616 2579 2777 2627 cum

246 2645 382 2709 Deo
413 2642 483 2709 in
518 2644 823 2714 oratione
871 2645 1284 2733 loqueretur.
1330 2646 1459 2729 Qui
1500 2646 1795 2714 contrita
1847 2645 2266 2714 continuatis
2289 2642 2581 2735 jejuniis
2630 2667 2787 2715 ossa

248 2729 569 2800 studebat
614 2732 698 2801 de
733 2748 1164 2823 persecutore
1196 2735 1500 2815 inimico,
1540 2734 1748 2824 longo
1790 2733 2223 2823 triumphare
2258 2734 2609 2822 martyri0‚
2661 2756 2781 2823 pro

244 2819 399 2887 cibo
447 2841 524 2889 ac
568 2834 730 2910 potu
780 2821 906 2892 hoc
954 2845 1186 2893 secum
1239 2825 1661 2892 incessanter
1696 2823 2105 2891 ruminans:
2139 2828 2441 2891 Fuerunt
2468 2824 2644 2891 mihi
2682 2825 2784 2890 la-

246 2930 515 2997 crymae
560 2932 747 2979 meae
790 2935 998 3002 panes
1038 2914 1145 2982 die
1193 2937 1272 2982 ac
1303 2923 1510 2982 nocte.
1571 2914 1989 3000 Concupiscet
2019 2922 2081 2979 et
2109 2911 2329 2999 deficit
2367 2913 2600 2979 anima
2623 2933 2779 2979 mea

244 2998 316 3064 in
364 2999 545 3066 atria
592 3002 873 3069 Domini.
953 3007 1077 3073 Cor
1122 3025 1341 3072 meum
1396 3011 1458 3070 et
1520 3024 1673 3070 caro
1720 3023 1872 3069 mea
1918 3002 2404 3068 emanaverunt
2453 3001 2524 3068 in
2571 3004 2783 3069 Deum

241 3087 491 3154 vivum.
545 3090 793 3176 Defecit
841 3091 914 3157 in
940 3093 1246 3160 salutare
1293 3101 1483 3159 tuum
1532 3092 1766 3158 anima
1811 3111 1984 3158 mea.
2040 3088 2261 3156 Sitivit
2310 3088 2378 3155 in
2432 3099 2502 3156 te-
2544 3087 2782 3156 anima

244 3193 419 3253 mea,
450 3195 658 3261 quam
691 3177 1161 3267 multipliciter
1191 3179 1313 3249 tibi
1342 3199 1500 3247 caro
1529 3200 1700 3246 mea.
1742 3177 1963 3247 Sitivit
1994 3176 2228 3245 anima
2263 3198 2415 3245 mea
2449 3176 2535 3245 ad
2566 3181 2784 3245 Deum

244 3260 499 3331 fontem
542 3265 819 3334 vivum:
871 3266 1149 3352 quando
1198 3267 1466 3336 veniam
1524 3281 1587 3334 et
1642 3266 1992 3354 apparebo
2022 3277 2178 3334 ante
2219 3263 2462 3334 faciem
2500 3266 2660 3334 Dei?
2707 3269 2785 3333 Et

243 3349 662 3422 consolando
701 3375 772 3423 se
806 3354 1110 3425 dicebat:
1165 3362 1388 3439 Quare
1436 3355 1650 3424 tristis
1684 3375 1756 3422 es
1798 3354 2032 3422 anima
2069 3375 2242 3435 mea,
2279 3366 2344 3423 et
2376 3376 2591 3441 quare
2616 3375 2782 3423 con-

243 3439 481 3509 turbas
532 3442 689 3510 me?
737 3448 947 3531 Spera
996 3445 1064 3512 in
1123 3450 1272 3526 Deo,
1326 3444 1658 3532 quoniam
1709 3441 1939 3512 adhuc
1988 3442 2366 3512 confitebor
2413 3442 2556 3511 illi:
2596 3442 2784 3511 salu-

241 3539 383 3597 tare
414 3528 644 3598 vultus
678 3532 808 3600 mei
839 3545 904 3601 et
934 3537 1109 3602 Deus
1144 3555 1361 3604 meus.
1397 3532 1732 3612 Satiabor,
1772 3531 1939 3600 dum
1975 3531 2530 3602 manifestabitur
2563 3531 2785 3621 gloria

242 3615 395 3704 ejus
439 3617 505 3705 (e
551 3619 894 3709 Psalmis).

329 3706 364 3791 ξ
412 3708 506 3774 9.
561 3712 726 3776 Nam
762 3710 925 3795 quia
982 3711 1210 3798 specie
1250 3711 1360 3779 sui
1394 3708 1773 3778 conditoris
1812 3706 1897 3777 ad
1939 3729 2146 3795 quam
2190 3708 2582 3787 anhelabat,
2626 3728 2783 3776 nec-

240 3792 408 3861 dum
452 3795 853 3879 satiabatur,
893 3799 1245 3868 continuis
1294 3798 1617 3887 suspiriis
1664 3810 1869 3884 atque
1920 3797 2318 3886 gemitibuS,
2366 3797 2639 3866 diurnis
2678 3807 2783 3864 at-

239 3902 373 3967 que
436 3885 791 3954 nocturnis
835 3887 1158 3976 lacrymis
1199 3886 1396 3956 illum
1431 3885 1857 3988 dpsiderans„
1908 3887 2020 3975 pio
2082 3886 2272 3954 luctu
2323 3884 2408 3954 ad
2472 3906 2775 3975 superna

237 3970 494 4125 gaudia
530 3972 905 4056 sublevata,
938 3976 1188 4056 flendo,
1223 3997 1296 4045 se
1335 3972 1570 4044 anima
1610 3985 1846 4045 sancta
1891 3975 2215 4064 pascebat
2248 4000 2263 4041 z
2300 3985 2367 4043 et
2400 3973 2586 4043 intus
2631 3974 2782 4060 qui-

289 4079 394 4126 em
423 4060 679 4130 doloris
704 4063 812 4131 sui
838 4065 1172 4154 gemitum
1209 4063 1558 4145 tolerabat,
1591 4064 1708 4132 sed
1733 4084 1812 4132 eo
1846 4062 2233 4132 refectionis
2261 4061 2596 4152 pabulum
2627 4083 2782 4151 per-

242 4146 581 4235 cipiebat,
625 4172 762 4237 quo
827 4152 937 4221 hic
993 4154 1094 4221 vis
1150 4153 1407 4222 amoris
1476 4174 1596 4243 per
1657 4152 2000 4240 lacrymas
2060 4150 2448 4221 emanabat.
2516 4156 2788 4220 Praeter

242 4235 448 4335 vitam
500 4239 699 4308 avide
750 4239 922 4309 nibil
972 4241 1352 4324 esuriebat,
1396 4255 1662 4343 praeter
1689 4293 1692 4294 ν
1699 4240 2041 4329 justitiam
2081 4238 2255 4308 nihil
2292 4239 2785 4319 delectabiliter

246 4324 536 4423 sitiebat.
591 4329 981 4399 Praesentia
1033 4343 1355 4418 tanquam
1394 4331 1630 4399 inania
1664 4342 1869 4416 atque
1918 4340 2282 4410 transacta,
2323 4329 2602 4398 absente
2641 4328 2783 4415 spi-

240 4425 375 4481 ritu
443 4437 579 4484 non
635 4417 928 4499 videbat,
988 4431 1052 4488 et
1117 4420 1186 4487 in
1254 4419 1483 4488 futuro
1541 4418 1839 4508 reposita
1910 4417 2112 4504 quasi
2189 4417 2412 4488 oculis
2497 4415 2780 4488 subdita
