3347 4999
711 336 837 459 3352
2842 332 3018 397 OCT.
3081 333 3178 397 42

1208 456 1213 461 ι
1439 538 1919 618 HISTORIA
1972 538 2347 617 BREVIS

852 686 866 702 ’
944 760 1589 862 &watinum
1664 762 1974 861 Ense.
2051 750 2829 861 EBORACENSIS*

798 1016 878 1063 Ex
923 995 1097 1062 Hz'st.
1150 994 1532 1062 Ecclesz'ast.
1585 995 1804 1083 gentis
1853 996 2255 1083 Anqlorum‚
2311 1014 2510 1061 sanat
2573 1014 2968 1061 parsurum.

1238 1210 1556 1266 Mortuus
1598 1214 1703 1266 est
1743 1224 1922 1266 anno
1964 1211 2091 1265 ’109
2133 1237 2207 1250 -
2248 1210 2536 1277 Anglua.

712 1414 749 1499 ξ
798 1414 873 1481 Ι.
926 1415 1189 1480 Interea
1238 1415 1374 1480 Rex
1404 1408 1701 1479 Alchfrid
1748 1410 1935 1478 misit
1969 1408 2358 1478 Wilsridum
2399 1409 2870 1499 presbyterum
2908 1409 2992 1478 ad
3030 1415 3173 1479 Re-

627 1521 779 1590 gem
832 1498 1233 1576 Galliarum,
1288 1498 1403 1586 qui
1455 1521 1611 1567 eum
1665 1498 1794 1565 sibi
1847 1498 2128 1584 suisque
2175 1499 3174 1587 consecrarisaceretEpisco-

629 1611 818 1674 pum.
870 1592 945 1657 At
995 1588 1107 1657 ille
1146 1588 1329 1656 misit
1379 1587 1572 1656 illum
1624 1586 2086 1656 ordinandum
2133 1587 2215 1655 ad
2251 1587 2695 1676 Agilbertum,
2734 1588 2877 1673 qui,
2921 1587 3167 1657 relicta

626 1677 1017 1758 Britannia,
1082 1678 1461 1745 Parisiacae
1507 1675 1800 1743 civitatis
1849 1674 2068 1744 factus
2116 1689 2257 1744 erat
2305 1676 2684 1764 Episcopus
2722 1729 2737 1753 ,
2804 1690 2868 1744 et
2915 1698 3166 1745 conse-

627 1779 856 1835 cratus
895 1781 997 1834 est
1039 1786 1287 1854 magno
1335 1786 1493 1832 cum
1558 1764 1813 1831 honore
1852 1761 1938 1833 ab
2001 1765 2173 1853 ipso,
2230 1764 2795 1833 co‘nvenientibus
2839 1764 3170 1853 plurimis

628 1856 983 1944 Episcopis
1033 1855 1099 1922 in
1155 1854 1299 1921 vico
1351 1852 1557 1938 regio,
1602 1853 1719 1938 qui
1760 1867 2057 1932 vocatur,
2098 1854 2163 1920 in
2201 1853 2635 1942 compendio.
2676 1854 2965 1923 Veniens
2990 1874 3170 1943 quof

627 1965 761 2029 que
811 1945 877 2011 in
930 1942 1348 2011 Britanniam
1406 1939 1782 2019 Wilfridus,
1827 1942 1971 2031 jam
2023 1942 2403 2030 Episcopus
2446 1941 2688 2021 factu5‚
2730 1955 2792 2010 et
2829 1942 2973 2030 ipse
3012 1964 3169 2031 per-

629 2032 829 2121 plura
889 2030 1263 2100 catholicae
1324 2030 1817 2098 observationis
1878 2030 2343 2099 moderamina
2419 2030 2738 2099 Ecclesiis
2782 2030 3165 2119 Anglorum

630 2124 754 2189 sua
803 2120 1113 2189 doctrina
1162 2118 1471 2188 contulit.
1512 2118 1701 2186 Unde
1735 2118 1986 2187 factum
2023 2134 2146 2198 est,
2188 2130 2283 2196 ut,
2325 2130 2671 2187 crescente
2707 2140 2825 2208 per
2856 2118 3005 2189 dies
3055 2120 3164 2187 in·

630 2209 979 2279 stitutione
1028 2207 1385 2286 catholica,
1434 2208 1607 2275 Scoti
1650 2229 1912 2286 omnes,
1977 2207 2097 2290 qui
2150 2207 2322 2275 inter
2372 2208 2622 2293 Anglos
2683 2208 3159 2287 morabantur,

630 2312 749 2365 aut
784 2298 892 2366 bis
928 2317 1175 2364 manus
1207 2296 1469 2375 darent,
1509 2309 1627 2363 aut
1661 2318 1877 2364 suam·
1911 2295 2208 2363 redirent
2254 2295 2337 2363 ad
2396 2297 2711 2384 patriam.

718 2389 752 2471 ξ
798 2390 877 2455 ².
932 2391 1121 2453 Anno
1172 2385 1562 2453 Dominicae
1599 2384 2092 2453 incarnationis
2127 2385 2617 2452 sexcentesimo
2649 2386 3164 2473 septuagesimo

630 2488 887 2552 octavo,
944 2474 1062 2561 qui
1114 2487 1214 2542 est
1272 2495 1498 2542 annus
1539 2473 1807 2562 imperii
1862 2473 2064 2562 Regis
2133 2472 2432 2563 Ecgsridi
2481 2486 2784 2552 octavuS,
2838 2473 3167 2562 apparuit

632 2585 863 2632 mense
903 2569 1204 2652 Augusto
1240 2561 1457 2642 stella,
1520 2583 1697 2648 quae
1753 2562 2008 2630 dicitur
2056 2568 2346 2641 Cometa,
2399 2575 2463 2631 et
2523 2562 2744 2630 tribus
2804 2563 3166 2631 mensibus

630 2653 1065 2742 permanens,
1107 2651 1461 2719 matutinis
1489 2650 1675 2719 horis
1705 2650 2073 2728 oriebatur,
2104 2650 2437 2720 excelsam
2484 2650 2814 2718 radiantis
2844 2651 3168 2721 flammae

627 2741 827 2826 quasi
879 2739 1272 2809 columnam
1326 2739 1736 2829 praeferens
1801 2743 1946 2820 Quo
1993 2740 2194 2807 etiam
2256 2761 2462 2821 anno,
2510 2743 2655 2807 orta
2707 2740 2880 2809 inter
2929 2741 3164 2826 ipsum

631 2835 877 2919 Regem
931 2829 1326 2918 Ecgfridum
1364 2843 1428 2897 et
1464 2827 2109 2896 reverendissimum
2164 2829 2532 2896 Antistitem
2585 2827 2972 2896 Wilfridum
3016 2829 3166 2895 dis—

628 2919 963 2999 sensione,
1023 2918 1262 3007 pulsus
1310 2931 1411 2986 est
1447 2916 1624 2984 idem
1662 2917 1952 2984 Antistes
1984 2939 2020 2983 a
2057 2915 2215 2984 sede
2254 2918 2361 2984 sui
2397 2917 2640 3005 Episco
2695 2931 2872 2985 atus.
2913 2916 3170 2985 Pulsus

627 3022 726 3076 est
774 3007 997 3076 autem
1043 3006 1128 3075 ab
1179 3006 1595 3094 Episcopatu
1643 3003 1769 3075 suo
1817 3003 2191 3084 WilfriduS,
2245 3019 2309 3074 et
2359 3005 2572 3073 multa
2674 3006 2745 3073 iu
2794 3004 2944 3072 loca
3008 3026 3169 3093 per-

632 3109 935 3184 vagatuS‚
992 3101 1273 3164 Romam
1327 3095 1518 3174 adiit,
1577 3093 1732 3162 dein
1785 3094 2204 3162 Britanniam
2260 3093 2480 3162 rediit.
2530 3095 2667 3163 Etsi
2710 3107 2983 3183 propter
3029 3093 3170 3160 ini-

630 3184 925 3252 micitias
955 3184 1307 3251 memorati
1344 3183 1571 3270 RegiS,
1629 3183 1698 3250 in
1754 3182 2042 3271 patriam
2088 3183 2226 3251 sive
2279 3183 2671 3272 parochiam
2712 3204 2907 3250 suam
2946 3180 3171 3269 recipi

634 3294 763 3340 non
820 3272 1055 3360 potuit,
1104 3294 1235 3340 non
1290 3285 1514 3340 tamen
1568 3272 1654 3340 ab
1703 3270 2216 3359 evangelizandi
2270 3272 2486 3360 potuit
2540 3271 2917 3339 ministerio
2962 3270 3172 3338 cohi-

634 3360 798 3429 beri.
862 3359 1209 3445 Siquidem
1272 3359 1611 3428 divertens
1660 3359 1745 3427 ad
1803 3360 2220 3448 provinciam
2272 3359 2687 3428 Australium
2757 3363 3104 3428 Saxonum
3141 3413 3163 3437 ‚

628 3469 802 3533 quae
854 3461 1000 3536 post
1050 3449 1447 3516 Cantuarios
1494 3448 1578 3516 ad
1631 3453 1949 3517 Austrum
2019 3462 2083 3516 et
2139 3448 2222 3516 ad
2292 3447 2726 3517 Occidentem
2793 3470 3011 3534 usque
3068 3447 3166 3516 ad

628 3534 1091 3606 Occidentales
1141 3540 1435 3604 Saxones
1473 3537 1815 3626 pertingit,
1855 3537 2114 3605 habens
2153 3550 2397 3605 terram
2436 3537 2856 3604 familiarum
2894 3548 3165 3625 septem

634 3624 953 3704 millium,
1008 3638 1071 3692 et
1117 3646 1194 3692 eo
1241 3624 1470 3693 adhuc
1522 3639 1823 3713 tempore
1876 3626 2161 3725 paganis
2209 3625 2512 3694 cultibus
2562 3625 2934 3703 serviebat,
2994 3625 3168 3694 huic

633 3713 907 3782 verbum
964 3712 1121 3782 fidei
1169 3726 1232 3781 et
1282 3713 1628 3782 lavacrum
1688 3713 1930 3782 salutis
2002 3714 2454 3782 ministrabat.
2517 3718 2674 3782 Erat
2730 3726 2960 3782 autem
3019 3718 3168 3781 Rex

631 3803 851 3891 gentis
901 3801 1087 3871 illius
1144 3802 1507 3883 Edilwach‚
1566 3824 1697 3870 non
1753 3802 1967 3870 multo
2018 3817 2172 3871 ante
2233 3802 2614 3890 baptizatus
2679 3802 2748 3869 in
2805 3801 3168 3891 provincia

633 3890 1063 3970 Merciorum,
1113 3904 1464 3979 praesente
1498 3913 1575 3959 ac
1611 3905 2019 3980 suggerente
2059 3897 2236 3980 Rege
2271 3891 2593 3959 Vulbere:
2655 3913 2691 3959 a
2732 3912 2869 3977 quo
2925 3891 3167 3970 etiam,

630 4001 946 4068 egressus
994 3978 1076 4047 de
1125 3980 1329 4060 sonte,
1385 3980 1506 4048 filii
1560 3979 1702 4048 loco
1753 3993 2115 4067 susceptus
2164 3994 2285 4060 est,
2327 3980 2395 4047 in
2447 3979 2647 4062 cujus
2681 3981 2960 4068 signum
2999 3978 3169 4046 ado-

633 4069 912 4158 ptionis,
955 4067 1130 4137 duas
1166 4069 1266 4137 illi
1321 4069 1705 4158 provincias
1753 4067 2052 4146 donavit,
2085 4074 2351 4136 vectam
2389 4068 2700 4137 videlicet
2734 4068 3033 4136 insulam
3065 4067 3167 4147 *ᾗ

634 4168 698 4225 et
758 4162 1218 4227 Meavarorum
1293 4158 1712 4247 provinciam
1787 4159 1852 4225 in
1928 4170 2125 4248 gente
2184 4157 2723 4226 occidentalium
2785 4161 3170 4225 Saxonum.

634 4250 869 4331 Itaque
926 4248 1328 4336 EpiscopuS,
1394 4247 1830 4326 concedente,
1889 4246 2099 4313 immo
2150 4246 2444 4314 multum
2502 4245 2891 4335 gaudente,
2953 4250 3169 4333 Rege,

636 4336 894 4424 primos
953 4336 1339 4424 provinciae
1394 4341 1611 4406 Duces
1665 4357 1746 4403 ac
1805 4334 2055 4403 milites
2099 4350 2534 4404 sacrosancto
2591 4335 2774 4403 fonte
2812 4333 3180 4403 abluebat.

684 4459 710 4487 ’⁸¹
739 4460 871 4511 Angl.
895 4461 1030 4501 Yon-k.
1899 4463 1953 4488 *¹³
1982 4457 2110 4511 Angl.
2143 4459 2290 4512 Wiyeh,
