3347 4999
829 330 959 395 732
2931 333 3066 398 oei.
3102 336 3158 400 28

1208 521 1559 601 SERMO
1613 522 2277 600 MEGINHARDI
2332 520 2801 601 MONAGHI

1385 728 1512 830 DE
1576 729 1658 829 S.
1728 727 2248 830 FERRUTIO
2319 729 2629 829 MART.

922 961 1298 1009 lunarum
1361 963 1435 1010 tu
1499 962 1896 1019 Anrtouts
1959 961 2566 1011 nanuscntr'rls
2626 961 3039 1011 contentus,

1093 1140 1238 1197 Βοο.
1262 1140 1346 1207 V,
1376 1143 1456 1195 ut
1483 1139 1774 1206 videtur,
1801 1139 2114 1208 martyrii
2137 1140 2362 1209 gloria
2400 1142 2765 1198 decoratus
2790 1142 2907 1196 eat.

1000 1339 1429 1406 PROLOGUS
1474 1340 1874 1407 AUCTORIS
1922 1342 2023 1406 An
2064 1342 2557 1409 ADELGERUM
2608 1341 2983 1408 ABBATEM.

828 1497 1117 1566 Domino
1164 1495 1489 1586 Adelgero
1548 1519 1710 1566 cum
1776 1519 1981 1587 grege
2041 1497 2174 1566 sibi
2237 1498 2533 1579 credito,
2596 1495 3052 1588 meginhardus
3084 1492 3166 1562 eti·
3248 1521 3249 1530 ¹

735 1609 942 1678 guuS,
979 1608 1185 1655 omne
1231 1585 1470 1654 datum
1517 1586 1883 1674 optimum,
1934 1585 2363 1657 descendens
2406 1610 2448 1656 a
2500 1600 2688 1676 patre
2739 1587 3074 1656 luminum.
3096 1587 3161 1650 lu-

736 1689 845 1744 xta
899 1674 1171 1744 laudem
1230 1675 1605 1763 sapientiae
1667 1674 2063 1756 veridicam,
2125 1676 2248 1762 qui
2310 1677 2657 1765 propriam
2694 1677 2878 1746 novit
2918 1671 3161 1744 occultare

736 1763 1124 1844 stultitiam,
1178 1785 1375 1832 suam
1432 1774 1726 1851 praestat
1772 1763 2216 1833 abscondenti
2266 1766 2649 1833 scientiam.
2706 1763 2891 1834 Unde
2935 1782 3097 1847 saepe
3116 1779 3165 1824 ru·

737 1853 879 1944 gati
937 1854 1003 1920 in
1060 1851 1335 1921 laudem
1386 1853 1604 1921 sancti
1655 1853 1939 1921 Ferrutii
1988 1853 2266 1942 scriptis
2310 1853 2575 1939 aliquid
2613 1853 2836 1930 edere,
2890 1848 3169 1920 maluimus

739 1941 1007 2012 silendo
1067 1941 1295 2021 latere,
1347 1962 1554 2027 quam
1607 1941 1836 2041 palam
1892 1942 2416 2011 subsannationi
2467 1964 2562 2010 nu
2613 1964 2690 2010 as
2740 1937 3079 2030 promendo
3103 1956 3170 2032 pq·

741 2043 902 2099 tere.
957 2035 1185 2115 Neque
1215 2030 1399 2098 enim
1454 2029 1819 2098 minimum
1875 2052 1999 2098 nos
2048 2029 2163 2099 illa
2197 2030 2509 2100 'l'ulliana
2605 2030 2959 2100 eclamatio
2988 2036 3170 2096 terruit.

737 2140 916 2204 quae
950 2117 1216 2207 tepidos
1255 2120 1355 2188 sic
1386 2140 1676 2207 carpens
1709 2119 2077 2206 scriptores
2124 2119 2461 2188 intonuit:
2498 2121 2822 2189 Mandare
2866 2134 3175 2210 quemquam

739 2208 984 2276 litteris
1045 2208 1477 2296 coqitale‘ones
1531 2229 1714 2284 suas,
1767 2209 1889 2298 qui
1946 2230 2060 2276 eas
2120 2231 2236 2276 nec
2301 2208 2668 2298 disponere,
2745 2232 2864 2277 nec
2916 2210 3176 2277 illustrare

735 2296 966 2386 possit,
1012 2318 1131 2364 nec
1178 2295 1612 2364 delectatione
1658 2298 1898 2387 aliqua
1941 2298 2217 2365 allicere
2265 2299 2596 2376 lectorem,
2666 2298 2950 2366 hominis
2998 2304 3074 2364 est
3094 2292 3176 2389 ‚in-

736 2394 1184 2473 temperanter
1211 2385 1541 2452 abutentis
1572 2395 1634 2453 et
1666 2387 1798 2453 otio
1827 2396 1890 2454 et
1925 2387 2167 2454 litteris
2201 2386 2257 2452 *.
2301 2386 2570 2453 Diutina
2618 2386 2957 2472 siquidem
2999 2380 3174 2476 deltbe

737 2473 997 2542 ratione
1067 2472 1502 2552 fluctuanteS,
1577 2494 1976 2544 vacaremus
2037 2495 2157 2552 ne,
2224 2496 2310 2543 an
2378 2474 2893 2553 scriberemus,
2955 2471 3179 2561 effecum

737 2560 1012 2631 tandem
1066 2560 1182 2629 illa
1229 2560 1528 2629 charitas
1577 2562 1760 2642 vicit,
1821 2583 1998 2648 quae
2061 2584 2198 2630 non
2250 2562 2380 2631 nisi
2443 2585 2484 2631 o
2536 2562 2798 2632 erando
2844 2560 3081 2631 ardoris
3115 2573 3178 2651 stu

734 2651 1055 2720 flammas
1113 2671 1382 2719 exerere
1452 2650 1656 2719 novit.
1710 2651 1841 2733 Qui
1904 2672 2059 2719 vero
2108 2673 2235 2720 nos
2296 2650 2541 2720 tantili
2596 2673 2715 2741 per
2763 2652 3183 2739 subarescentts

733 2738 986 2810 stillam
1041 2738 1269 2817 rivuli,
1302 2738 1673 2825 quicquam
1726 2761 1850 2808 nos
1898 2753 2242 2829 praestare
2291 2754 2613 2828 putemus
2647 2740 2971 2809 fluctibus
3010 2735 3179 2805 Rheni.

731 2828 854 2915 qui
902 2827 1234 2915 quicquid
1286 2833 1529 2897 natura
1591 2829 2005 2916 pretiosum,
2055 2827 2384 2915 quicquid
2448 2828 2833 2898 moralitate
2892 2828 3183 2896 decorum.

734 2917 1064 3004 quicquid
1143 2918 1400 2985 ratione
1475 2914 1915 3005 splendidum
1993 2916 2299 2985 mundus
2370 2916 3016 3006 quadrangulariter
3074 2925 3185 2979 teres

731 3028 1028 3093 usquam
1070 3007 1472 3074 mortalibus
1503 3006 1716 3085 effert,
1751 3005 1946 3075 divae
1978 3005 2288 3076 tumidus
2322 3019 2535 3075 totum
2582 3006 2969 3096 moguntiae
2994 3001 3053 3034 ⁴⁸*
3076 3015 3182 3067 con·

733 3094 910 3163 fert‘?
953 3094 1343 3164 Ambrosios
1374 3093 1554 3162 enim
1606 3095 1870 3183 gremio
1914 3093 2245 3176 confovet,
2295 3095 2418 3180 qui
2463 3093 2782 3163 divinum
2822 3093 3052 3163 vertice
3077 3082 3187 3156 mel·

734 3183 909 3253 liflui
979 3184 1273 3253 nectaris
1330 3182 1606 3252 odorem
1682 3183 2070 3273 adspirent;
2122 3184 2571 3273 AugustinoS,
2636 3183 2770 3269 qui
2839 3179 3183 3252 divinitatem

734 3273 911 3341 inter
957 3271 1320 3341 Cherubim
1372 3271 1818 3359 speculando,
1876 3272 2068 3340 miris
2100 3272 2397 3341 armaria
2441 3272 2845 3341 tractatibus
2884 3271 3183 3357 adaugent?

733 3360 1118 3449 GregoriOS,
1170 3362 1286 3447 qui
1329 3360 1514 3428 verbi
1562 3360 1779 3429 divini
1832 3360 2083 3450 pabula
2123 3360 2646 3449 vigilantissime
2697 3361 3116 3431 ruminantes,
3144 3367 3182 3415 ¹¹¹

735 3449 1227 3538 promptuariis
1262 3471 1338 3517 ex
1370 3448 1597 3518 hocin
1634 3449 1807 3517 illud
1855 3450 2399 3529 eructuantibus‚
2452 3462 2845 3538 opportune
2895 3436 3187 3539 promendo

736 3536 1131 3608 recondant.
1169 3537 1273 3606 Ibi
1321 3536 1472 3605 fons
1523 3536 2041 3626 philosophicus
2110 3552 2299 3626 prata
2364 3539 2645 3607 virentia
2724 3539 2895 3607 rivis
2966 3543 3187 3623 septems

736 3625 1052 3705 inundat,
1098 3625 1445 3715 gratisque
1477 3639 1784 3715 potentes
1818 3625 2185 3695 dulcedine
2221 3627 2390 3695 terni
2427 3627 2696 3715 saporis
2722 3626 3031 3697 inebriat.
3064 3611 3191 3689 uude

735 3716 1143 3804 suppliciter
1191 3714 1646 3804 imploramus
1700 3715 2030 3785 culminis
2077 3713 2560 3784 celsitudinem
2628 3717 2878 3796 vestri,
2935 3719 3191 3801 quatenns

738 3806 915 3874 inter
959 3825 1166 3873 aurea
1215 3825 1690 3893 gemmeaque,
1741 3804 1998 3890 quibus
2066 3804 2470 3884 abundatis,
2530 3804 2938 3892 poculorum
2992 3811 3191 3890 genesi·

734 3895 1038 3965 craterae
1086 3892 1239 3961 vilis
1290 3891 1388 3961 vel
1438 3905 1718 3982 gustum
1773 3914 1906 3961 non
1972 3891 2486 3981 dedignemini,
2542 3892 3015 3979 fraternaeque
3062 3899 3193 3982 ³²9⁰:

740 3983 825 4051 tis
886 3979 1426 4061 munusculum,
1498 3980 1911 4051 humilitatis
1980 3981 2219 4050 saltem
2287 3982 2507 4070 gratia
2569 4003 2704 4051 non
2782 3987 3194 4072 aspernemim·

740 4070 866 4140 Sed
914 4092 1071 4141 ecce
1115 4069 1285 4139 dum
1334 4091 1544 4159 supra
1595 4069 1775 4139 vires
1818 4091 2195 4150 conamur,
2242 4071 2370 4138 sub
2418 4091 2625 4140 onere
2673 4070 3016 4149 labimur,
3056 4052 3195 4132 etad

798 4249 824 4276 ⁸
852 4250 908 4289 In
929 4251 956 4290 1
971 4251 1140 4290 Tama.
1159 4252 1330 4299 Quam.

793 4303 848 4329 ⁸⁸
879 4304 1097 4352 Mna-amia
1129 4300 1206 4343 vel
1245 4302 1475 4353 alemanna.
1507 4311 1649 4352 germ.
1688 4303 1850 4347 Marna,
1884 4302 1982 4343 ital.
2027 4302 2254 4351 magona,
2288 4297 2583 4341 nobilissima
2609 4301 2890 4342 Germaniae
2917 4292 3197 4343 urbsflw‘·

737 4354 900 4395 decem
934 4365 1082 4396 annos
1113 4361 1227 4396 ante
1261 4357 1311 4397 Χ.
1343 4356 1396 4396 N.
1426 4356 1634 4401 tundata,
1660 4360 1804 4405 atque
1824 4366 1851 4396 a
1868 4353 2061 4396 Francia
2090 4354 2309 4403 Regibus,
2327 4353 2526 4395 maxime
2547 4366 2574 4395 ι
2591 4356 2762 4396 carolo
2783 4346 3197 4404 nagnam-⁸⁹2³

740 4408 974 4459 ampliata,
992 4410 1313 4459 aedificiisque
1332 4410 1578 4449 instructa.
1603 4411 1718 4449 Eam
1745 4408 1977 4459 dignitate
2004 4409 2391 4459 archiepiscopali
2418 4407 2663 4448 exornavit
2696 4408 2738 4449 S.
2772 4408 3043 4449 Bonis-etun.
3065 4396 3199 4443 W·-

739 4462 916 4502 neoults
935 4460 1123 4512 elavata,
1139 4463 1278 4512 pluro
1298 4462 1499 4503 conenit
1516 4463 1828 4510 provincialia
1846 4465 1959 4503 suut
1977 4463 2212 4503 celebrata
2231 4464 2387 4512 magni
2407 4462 2627 4512 ponderis
2647 4465 2696 4501 et
2714 4462 2955 4503 momenti.
