3347 4999
250 338 422 404 OCT.
481 340 561 402 ⁴9
1045 357 1122 401 DE
1173 357 1263 401 ss.
1320 357 1480 402 VARO
1531 357 1604 402 Er
1653 356 1852 403 sociis
1903 359 2013 403 MM.
2588 340 2713 403 559

248 441 527 528 quidem
584 440 897 508 tormenti
952 441 1289 509 acerbitas
1337 442 1581 516 effecit,
1636 455 1713 509 ut
1762 443 2007 510 Christi
2059 446 2317 529 Martyr
2365 440 2629 527 aliquid
2699 463 2805 509 re-

251 532 546 599 mitteret
592 529 676 596 de
726 531 852 598 sua
902 530 968 597 in
1013 530 1330 617 patiendo
1376 552 1495 619 pro
1545 532 1811 599 Christo
1859 532 2272 609 constantia,
2320 552 2440 598 nec
2486 544 2559 597 ut
2594 529 2803 599 molle

250 635 369 687 aut
435 620 757 708 ignavum
811 618 1088 704 aliquod
1145 621 1425 687 verbum
1484 619 1896 704 loqueretur,
1971 620 2069 687 vel
2120 619 2398 705 aliquod
2478 641 2794 707 parvum,

249 721 368 775 aut
415 730 743 797 magnum
799 707 1205 785 ostenderet,
1260 729 1397 794 quo
1440 708 1863 796 significaret
1913 731 1983 778 se
2018 709 2293 777 cedere:
2335 710 2549 777 immo
2593 708 2804 793 majo-

251 819 391 863 rem
423 818 727 865 amorem
764 796 821 863 ei
866 797 931 864 in
973 796 1316 865 Christum
1345 797 1680 876 accendit,
1722 812 1786 866 et
1819 799 2151 867 adversus
2178 820 2416 884 graves
2450 797 2803 866 cruciatus

249 883 406 954 fecit
454 910 610 955 eum
649 884 847 953 ferire
887 885 1195 975 judicem
1239 887 1583 975 responsis
1617 888 2073 976 gravioribus.
2112 910 2146 952 «
2178 882 2340 955 Nam
2378 901 2449 955 tu
2479 886 2789 972 quidem,

248 972 499 1059 inquit,
554 996 592 1041 o
645 974 944 1063 maligne
994 974 1331 1042 malorum
1384 976 1799 1044 daemonum
1838 977 2265 1055 administer,
2321 991 2384 1045 et
2424 976 2640 1044 hostis
2676 975 2793 1044 ho-

248 1064 546 1143 minum,
600 1076 666 1131 et
711 1064 829 1148 qui
872 1064 1080 1132 *bonis
1131 1063 1325 1132 valde
1394 1065 1826 1145 adversaris,
1913 1089 2056 1135 mea
2124 1066 2410 1135 fortasse
2478 1065 2795 1133 intestina

246 1150 538 1222 educere
581 1153 867 1241 poteris:
927 1153 1056 1220 mei
1106 1166 1330 1221 autem
1384 1153 1612 1221 cordis
1663 1154 1730 1222 in
1769 1156 2112 1223 Christum
2179 1154 2347 1224 tides
2401 1155 2567 1222 mihi
2621 1154 2793 1242 eripi

248 1260 383 1309 non
430 1243 697 1331 poterit.
749 1264 782 1306 »
837 1241 1063 1309 Sancti
1115 1254 1341 1309 autem
1385 1265 1540 1311 cum
1581 1243 1911 1313 vidissent
1944 1245 2265 1312 intestina
2319 1243 2632 1333 Martyris
2667 1243 2796 1313 dis·

247 1332 509 1420 rumpi,
563 1344 627 1398 et
686 1352 805 1420 per
854 1344 1098 1399 terram
1157 1329 1501 1420 dispergi,
1568 1347 1791 1401 tenere
1868 1347 1930 1401 et
1983 1333 2463 1402 miserabiliter
2527 1334 2788 1413 flentes,

248 1417 499 1488 Christi
551 1419 959 1487 invocabant
1013 1418 1345 1487 auxilium
1387 1475 1401 1501 ,
1459 1443 1580 1509 pro
1625 1444 1764 1507 quo
1828 1421 1992 1490 haec
2032 1424 2435 1512 patiebatur.
2494 1427 2565 1490 In
2624 1443 2797 1507 quos

248 1528 408 1576 cum
456 1509 673 1598 judex
715 1509 1117 1596 conjecisset
1156 1508 1414 1588 oculos,
1468 1523 1532 1577 et
1582 1510 2055 1589 humanitatiS,
2095 1525 2213 1581 aut
2264 1512 2489 1600 potius
2541 1511 2796 1580 amoris

245 1594 313 1662 in
354 1596 660 1677 fratrem,
710 1598 984 1687 signum
1043 1596 1320 1666 vidisset
1363 1598 1726 1687 lacrymas,
1766 1622 1941 1684 quae
1975 1614 2167 1669 erant
2203 1602 2266 1667 in
2306 1599 2548 1680 oculis,
2589 1598 2794 1667 veluti

245 1688 551 1769 quadam
611 1686 911 1775 repletus
964 1686 1252 1753 laetitia:
1299 1716 1319 1745 a
1359 1689 1667 1776 Superati
1721 1690 1882 1758 estis
1915 1691 2221 1769 omnino,
2265 1689 2565 1779 superati
2598 1688 2785 1768 estiS,

247 1773 477 1860 inquit
527 1776 924 1843 vociferans.
983 1774 1206 1864 Hujus
1255 1791 1481 1844 autem
1557 1777 1890 1846 indicium
1965 1794 2064 1847 est
2130 1780 2292 1846 haec
2358 1800 2607 1866 magna
2676 1777 2790 1845 tri-

244 1864 426 1933 stitia
480 1878 544 1932 et
595 1864 960 1953 lacrymae.
1039 1866 1102 1931 Si
1178 1863 1357 1931 enim
1444 1879 1693 1953 posset,
1775 1868 2018 1952 inquit,
2095 1882 2309 1937 vester
2363 1872 2533 1935 Deus
2584 1866 2785 1945 hanc,

243 1972 454 2035 quam
512 1975 626 2022 vos
679 1953 960 2042 fingitis,
1016 1953 1474 2021 immortalem
1529 1955 1731 2022 vitam
1807 1957 1996 2024 vobis
2075 1957 2418 2044 praebere,
2489 1977 2791 2042 quanam

244 2039 329 2107 de
378 2046 593 2110 causa
643 2041 967 2132 lugeretis
1030 2041 1368 2121 amicum,
1424 2043 1543 2128 qui
1598 2043 1785 2112 vobis
1839 2044 2012 2111 male
2065 2046 2285 2133 perit?
2318 2069 2352 2110 »
2406 2044 2510 2113 llli
2560 2058 2787 2112 autem

243 2128 304 2195 ei
354 2130 700 2200 dixerunt:
759 2136 996 2199 «Haec
1033 2143 1222 2219 gutta
1277 2129 1739 2220 lacrymarum
1797 2134 2174 2201 naturalem
2208 2134 2554 2224 significat
2602 2155 2792 2202 com-

247 2218 789 2288 miserationem.
832 2225 996 2289 Nam
1050 2243 1171 2289 nos
1215 2227 1441 2289 nostra
1496 2221 1828 2290 sententia
1883 2244 2237 2308 nunquam
2309 2222 2791 2291 defleverimus

242 2304 554 2386 fratrem,
610 2310 727 2395 qui
783 2308 898 2378 tali
967 2324 1181 2378 morte
1230 2309 1540 2389 decedit;
1598 2313 1809 2377 immo
1868 2333 2021 2377 vero
2101 2324 2375 2400 propter
2427 2311 2622 2379 talem
2678 2310 2794 2378 de-

240 2416 516 2466 cessum
570 2419 725 2465 eum
784 2398 1054 2465 beatum
1109 2398 1456 2473 ducimus,
1532 2412 1594 2467 et
1655 2398 1917 2467 felicem
1987 2421 2344 2486 voramuS,
2390 2400 2570 2486 quod
2634 2400 2783 2479 hoc,

239 2488 422 2571 quod
464 2501 565 2555 est
605 2486 684 2554 ad
742 2497 1014 2576 tempus
1081 2501 1437 2567 tormento„
1500 2486 1693 2564 illud,
1775 2488 1954 2574 quod
2023 2512 2294 2578 semper
2361 2504 2624 2568 manet,
2682 2512 2787 2557 re-

290 2597 459 2645 num
513 2575 928 2644 conciliavit.
983 2581 1122 2644 Non
1171 2577 1353 2645 hunc
1402 2598 1585 2667 ergo,
1641 2594 1717 2646 ut
1759 2578 2085 2652 diximus,
2142 2578 2253 2646 sed
2321 2591 2513 2646 tuum
2557 2579 2785 2666 potius

286 2667 580 2734 essemus
650 2664 1026 2743 interitum,
1093 2679 1157 2733 et
1207 2667 1436 2754 gravia
1509 2666 1713 2746 mala,
1793 2688 1968 2752 quae
2044 2667 2162 2735 tibi
2219 2683 2379 2735 sunt
2428 2683 2777 2734 eventura.

240 2752 492 2822 Christi
544 2755 726 2821 enim
784 2754 883 2821 lex
938 2775 1060 2823 nos
1100 2755 1296 2842 jubet
1332 2755 1492 2823 flere
1525 2757 1728 2824 etiam
1786 2777 1905 2840 pro
1940 2757 2189 2825 nostris
2232 2755 2558 2833 inimiciS,
2624 2754 2788 2822 cha-

237 2841 465 2912 ritatis
509 2843 654 2931 lege
702 2856 766 2911 et
803 2843 1268 2932 benignitatis
1327 2866 1361 2910 »

327 2935 495 3016 §Q
550 2933 829 3000 Interim
899 2945 1124 3000 autem
1190 2931 1355 3001 dum
1437 2933 1603 3001 baec
1675 2933 2083 3000 dicebantur
2154 2938 2435 3002 Sanctos
2498 2930 2782 3017 quidem

237 3037 487 3089 rursus
524 3021 788 3110 excepit
835 3043 1068 3088 carcer
1115 3022 1330 3090 donec
1379 3021 1843 3090 consideraret
1885 3020 2138 3105 judex,
2193 3021 2612 3105 quibusnam
2666 3041 2781 3088 eos

238 3111 538 3177 traderet
578 3109 962 3198 suppliciis
995 3115 1237 3178 Beatus
1273 3123 1496 3178 autem
1551 3116 1769 3178 Varus
1801 3109 2123 3177 sublimis
2154 3109 2383 3177 adhuc
2436 3108 2777 3198 pendebat

230 3194 304 3262 in
361 3198 588 3287 ligno:
645 3200 742 3266 sic
790 3200 972 3265 enim
1017 3200 1294 3288 jussum
1349 3199 1567 3266 fuerat
1618 3212 1692 3267 ut
1758 3211 2092 3278 maneret,
2166 3197 2382 3266 donec
2447 3198 2782 3266 emitteret

238 3287 573 3356 animam.
623 3292 983 3372 Postquam
1023 3302 1248 3355 autem
1301 3288 1465 3356 vidit
1516 3291 1797 3354 Sanctos
1840 3287 2122 3365 vinctos,
2168 3300 2419 3355 etcum
2474 3286 2780 3355 custodi-

235 3371 368 3444 bus
410 3375 572 3443 duci
626 3375 692 3442 in
728 3397 1096 3454 carcerem,
1141 3380 1389 3463 magna
1426 3398 1608 3443 voce:
1642 3398 1677 3440 «
1717 3380 1899 3443 Bono
1948 3376 2203 3457 animo,
2260 3375 2505 3461 inquit,
2558 3390 2781 3466 patres

237 3466 397 3544 mei,
458 3464 637 3533 bono
687 3463 919 3531 animo
979 3476 1224 3533 estote:
1280 3486 1403 3554 ego
1452 3463 1633 3532 enim
1689 3462 2093 3543 nihilifacio,
2149 3486 2324 3552 quae
2378 3465 2542 3533 mihi
2606 3464 2779 3532 inl'e-

236 3568 488 3623 runtur
536 3552 928 3641 supplicia:
997 3553 1109 3621 sed
1161 3574 1265 3620 me
1318 3575 1465 3622 meo
1532 3552 1795 3622 Christo
1865 3553 2363 3632 commendate,
2430 3568 2492 3621 et
2553 3553 2780 3622 Salva-

236 3643 389 3722 tori,
447 3655 511 3710 et
560 3641 983 3709 confidenter
1031 3641 1114 3708 ad
1169 3642 1396 3731 ipsum
1461 3641 1699 3709 vadam
1756 3656 2128 3710 vestrarum
2183 3643 2569 3711 orationum
2628 3665 2779 3710 mu-

236 3728 424 3823 nitus
476 3730 837 3820 praesidio.
888 3752 922 3793 »
973 3734 1138 3799 Cum
1190 3752 1350 3820 ergo
1410 3731 1715 3817 quinque
1767 3730 1951 3799 horis
2004 3754 2074 3800 se
2138 3731 2396 3799 fortiter
2458 3731 2785 3819 gessisset.

233 3834 306 3883 ln
374 3821 504 3889 hoc
558 3833 915 3895 tormento,
975 3820 1040 3886 in
1098 3841 1262 3907 pace
1312 3819 1631 3908 spiritum
1711 3825 1842 3888 Deo
1891 3821 2276 3889 committit.
2325 3825 2491 3888 Eum
2549 3832 2777 3887 autem

239 3904 464 3977 adhuc
518 3909 738 3977 vivere
786 3921 1100 3997 putantes
1127 3908 1246 3994 qui
1290 3922 1646 3996 praeerant
1684 3913 2062 3988 tormentiS,
2101 3932 2181 3976 ne
2231 3908 2581 3976 decaetero
2613 3907 2773 3994 qui-

239 3989 389 4062 dem
434 4011 831 4067 cessarunt:
870 3996 984 4065 sed
1023 3998 1241 4065 instar
1290 4018 1646 4065 corvorum
1704 3998 2113 4084 torquebant
2159 3998 2359 4065 etiam
2402 4012 2551 4086 post
2594 4017 2776 4064 mor·

240 4086 395 4152 tem.
431 4093 792 4174 Postquam
837 4108 989 4154 vero
1021 4087 1106 4154 ab
1144 4086 1312 4175 ipsis
1344 4087 1693 4173 cognitum
1735 4085 1884 4166 fuit,
1908 4099 1971 4154 et
1997 4109 2032 4153 a
2065 4100 2379 4174 tyranno,
2422 4099 2768 4153 mortuum

241 4183 384 4263 §sse
430 4180 705 4253 Varum,
762 4198 1015 4264 corpus
1065 4174 1567 4265 deposuerunt:
1607 4188 1670 4243 ct
1701 4198 1859 4244 cum
1908 4197 2027 4262 per
2063 4175 2356 4244 mediam
2416 4176 2776 4243 traxissent

239 4259 600 4355 civitatem,
655 4265 946 4334 canibus
1012 4285 1217 4332 canes
1280 4263 1705 4332 exedendum
1775 4263 2229 4333 tradiderunt.
2283 4270 2494 4349 Atque
2554 4269 2773 4331 Varus

237 4347 508 4430 quidem
563 4354 803 4432 talem,
858 4367 922 4422 et
973 4365 1105 4422 tam
1172 4352 1434 4421 felicem
1491 4352 1748 4420 invenit
1807 4353 2087 4421 exitum.
2142 4353 2472 4422 Postridie
2537 4365 2768 4421 autem

233 4450 391 4501 cum
423 4439 759 4511 sistendos
783 4448 1105 4531 Martyres
1129 4456 1436 4511 curasset
1469 4442 1835 4533 parricida,
1866 4463 2086 4530 neque
2108 4456 2336 4533 posset
2362 4441 2776 4533 persuadere
