3347 4999
765 336 893 401 548
1343 350 1419 396 nt:
1468 349 1524 396 s.
1580 349 1778 396 enno
1824 349 1902 396 nn
1951 345 2322 395 ΑιοΑΝτΑιιΑ
2369 347 2553 395 cour.
2915 329 3102 395 OCT.
3171 332 3247 395 ¹9
3335 362 3336 367 κ

677 437 762 508 ad
814 437 1127 505 omnium
1208 434 1432 503 ta'men
1500 433 1706 523 pedes
1771 432 2071 502 mirabili
2139 432 2560 502 demissione
2630 445 3077 521 prosternens
3144 455 3246 503 se.

680 525 1060 597 Praecinxit
1106 522 1304 593 illum
1354 528 1530 592 Deus
1579 524 1852 602 virtute,
1889 535 1953 591 et
1988 522 2218 613 posuit
2262 521 2778 590 immaculatam
2817 520 2994 589 viam
3036 522 3246 609 ejus;

678 626 1101 717 paupertate,
1145 611 1507 701 religiosae
1540 611 1957 702 disciplinae
1992 612 2241 702 rigore,
2275 612 2430 680 rara
2463 610 2825 680 oculorum
2865 610 3245 693 modesti&

678 702 1067 773 lncredibili
1122 701 1233 771 siti
1282 701 1720 770 cruciatuum
1774 722 2099 791 magnam
2140 701 2208 768 in
2262 699 2592 770 omnibus
2648 699 2964 769 excitavit
3011 700 3253 768 admi·

680 794 1011 863 rationem
1065 791 1199 860 sui.

772 890 811 964 g
859 886 943 954 4.
992 879 1378 950 Solemnem
1432 878 1954 968 professionem,
2019 878 2284 967 expleto
2347 877 2648 947 tirocinii
2697 900 2922 956 anno,
2967 878 3237 959 emisit,

674 984 742 1040 et
790 992 937 1039 sese
984 968 1259 1037 elevans
1307 990 1517 1059 supra
1568 990 1661 1048 se,
1712 969 2015 1036 humana
2065 968 2300 1036 omnia
2350 965 2843 1036 transcendens
2899 982 2962 1038 et
3012 968 3232 1036 anhe-

680 1060 832 1129 lans
881 1057 963 1128 ad
1016 1056 1362 1137 coelestia,
1411 1057 1632 1126 oculis
1685 1069 1907 1125 tamen
1961 1056 2028 1124 in
2067 1069 2317 1125 terram
2371 1078 2510 1127 sem
2569 1077 2643 1124 er
2681 1055 2987 1146 dejectis,
3031 1057 3239 1144 igno-

679 1151 876 1218 rabat
923 1170 1009 1216 an
1060 1146 1316 1215 chorus
1365 1146 1694 1216 ecclesiae
1739 1145 1974 1234 (quem
2022 1158 2351 1235 perpetuo
2399 1145 2509 1213 adi
2566 1145 2663 1233 at)
2695 1145 2955 1217 fornice
3004 1145 3240 1215 obdu-

678 1251 833 1308 ctus
869 1249 1071 1317 esset,
1124 1257 1210 1304 an
1265 1234 1614 1321 laqueari;
1667 1257 1754 1302 an
1798 1233 2049 1303 cellula
2086 1257 2210 1305 sua
2251 1255 2329 1303 ex
2367 1233 2739 1323 lapidibuS,
2786 1259 2872 1306 an
2907 1258 2992 1305 ex
3023 1235 3242 1324 lignis

678 1337 1064 1405 constaret3
1103 1338 1167 1393 et
1198 1325 1453 1394 exactis
1490 1325 1557 1392 in
1592 1322 1894 1411 quodam
1924 1323 2032 1391 sui
2067 1323 2346 1393 Ordinis
2375 1323 2703 1392 coenobio
2738 1326 2965 1396 tribus
2998 1326 3236 1403 anniS,

682 1416 925 1485 fratres
976 1436 1107 1482 non
1161 1435 1237 1482 ex
1288 1412 1508 1495 vultu,
1564 1413 1684 1481 sed
1732 1434 1814 1480 ex
1863 1411 2008 1481 solo
2059 1414 2238 1481 vocis
2289 1413 2745 1501 cognoscebat
2803 1415 3077 1483 auditu.
3136 1414 3239 1482 si-

686 1505 872 1574 lentii
939 1524 1214 1590 quoque
1269 1502 1494 1592 rigore
1558 1501 1869 1591 linguam
1929 1501 2302 1591 reprimere
2351 1501 2636 1570 studens
2683 1525 2805 1591 per
2854 1503 3240 1572 triennium

685 1592 1025 1681 quosdam
1081 1592 1147 1661 in
1199 1612 1314 1660 ore
1368 1589 1640 1680 lapillos
1690 1589 1935 1659 detulit
1970 1596 2000 1670 ,'
2054 1603 2131 1659 ut
2187 1590 2285 1658 vel
2345 1590 2442 1657 sic
2507 1589 2831 1678 loquendi
2885 1592 3238 1682 pruritum

684 1685 1049 1752 coerceret.
1131 1679 1343 1750 Senili
1396 1679 1761 1769 prudentia
1802 1680 2232 1765 juventutem
2290 1700 2835 1769 supergressuS‚
2904 1681 3241 1770 vigesimo

688 1772 930 1841 aetatis
979 1790 1187 1850 ann0,
1225 1781 1494 1858 praeter
1544 1769 1718 1838 sacri
1772 1766 2050 1838 Ordinis
2103 1789 2387 1847 morem,
2433 1782 2665 1838 custos
2697 1771 3016 1839 coenobii
3071 1774 3242 1837 San-

576 1918 580 1922 .
686 1874 835 1930 ctae
884 1859 1133 1928 Mariae
1182 1863 1275 1927 An
1373 1857 1596 1926 lorum
1650 1856 2099 1926 renunciatus
2163 1868 2304 1937 est;
2374 1857 2494 1925 ubi
2561 1871 2652 1928 tot
2722 1859 3233 1928 charismatum

687 1951 866 2018 dona
920 1947 1207 2017 coelitus
1261 1947 1359 2014 ili
1409 1945 1651 2016 collata
1707 1957 1909 2025 sunt,
1964 1959 2039 2014 ut
2087 1968 2162 2014 ex
2231 1967 2310 2014 eo
2351 1952 2492 2032 Jam
2546 1958 2848 2037 tempore
2901 1947 3238 2037 prodigiis

685 2048 1109 2108 coruscaret.
1150 2041 1314 2105 Cum
1368 2036 1550 2103 enim
1603 2057 1876 2104 annona
1927 2034 2153 2102 omnis
2202 2034 2581 2113 defecisset,
2619 2059 2696 2104 ac
2728 2036 2976 2105 fratres
3003 2035 3240 2125 egredi

685 2126 769 2196 ad
826 2125 1190 2215 petendam
1242 2123 1748 2213 eleemosynam
1806 2124 2336 2213 prohiberentur
2368 2124 2708 2194 altissima
2757 2127 2910 2194 nive
2941 2147 3241 2193 conven-

687 2229 834 2284 tum
885 2212 1264 2292 obsidente,
1319 2214 1648 2299 conqueri
1701 2212 1785 2281 de
1837 2218 2026 2281 Petro
2074 2226 2470 2301 coeperunt,
2536 2214 2656 2299 qui
2715 2216 2916 2284 etiarn
2975 2216 3241 2303 rigente

690 2304 914 2372 hieme
962 2303 1134 2392 ipsis
1181 2301 1480 2391 cogitare
1520 2302 1605 2370 de
1638 2302 1940 2370 crastino
1990 2303 2341 2381 vetuisset,
2396 2302 2734 2389 quidquid
2788 2325 3075 2372 mensae
3126 2326 3241 2372 su-

691 2404 958 2482 pererat
1005 2390 1312 2477 quotidie
1359 2390 1427 2457 in
1483 2412 1822 2479 pauperes
1870 2390 2282 2459 distribuere
2327 2405 2726 2481 consuetus.
2782 2397 2856 2460 At
2885 2391 3028 2472 ille,
3058 2406 3242 2461 certo

687 2481 915 2551 sciens
961 2478 1408 2551 enutriendos
1454 2501 1602 2548 esse
1650 2479 1768 2567 qui
1798 2479 2059 2568 jactant
2105 2481 2477 2581 cogitatum
2530 2504 2735 2552 suum
2792 2481 2858 2550 in
2917 2482 3239 2560 Domino,

680 2571 895 2660 jussit
943 2569 1026 2638 ad
1077 2569 1328 2638 ostium
1387 2568 1712 2658 puerulos
1762 2591 2066 2659 pergere,
2107 2569 2250 2650 ubi,
2291 2591 2500 2657 super
2538 2591 2855 2639 acervum
2899 2571 3086 2639 nivis
3133 2593 3246 2660 po·

689 2660 912 2731 stibus
960 2659 1376 2737 haerentem,
1418 2658 1844 2749 praegrande
1890 2658 2267 2727 canistrum
2313 2659 2633 2728 refertum
2688 2659 2997 2750 panibus
3050 2660 3245 2728 inve-

691 2761 963 2829 nerunt,
1018 2761 1154 2816 tam
1209 2748 1604 2838 importuno
1653 2760 1979 2838 ternpore,
2024 2760 2088 2816 et
2137 2748 2378 2816 itinere
2426 2748 2563 2816 alta
2599 2749 2749 2816 nive
2783 2749 3036 2828 obsito,
3075 2771 3248 2816 non·

692 2838 828 2907 nisi
877 2838 963 2906 ab
1012 2836 1279 2926 angelis
1347 2858 1425 2904 eo
1481 2836 1827 2905 delatum:
1879 2858 2085 2923 quam
2136 2836 2409 2906 divinae
2461 2837 2928 2926 providentiae
2996 2860 3249 2906 curam

687 2927 845 2996 aliis
883 2947 1159 3013 quoque
1207 2925 1475 2994 vicibus
1524 2939 1624 2993 est
1671 2939 2014 3014 expertuS.

777 3018 814 3102 ξ
860 3020 948 3086 ὅ.
1028 3015 1150 3083 Sed
1206 3014 1589 3083 mirabilior
1636 3027 1781 3082 erat
1845 3015 2016 3084 Petri
2070 3013 2205 3082 vita
2241 3069 2256 3093 ,
2310 3035 2487 3100 quae
2537 3028 2611 3084 ut
2660 3014 2807 3083 viva
2859 3015 2970 3084 lex
3022 3015 3256 3105 perfe-

686 3104 937 3174 ctionis
978 3104 1299 3173 alumnos
1350 3103 1761 3192 provocabat
1808 3104 1889 3172 ad
1931 3104 2383 3171 sanctitatem.
2431 3108 2556 3172 Pro
2590 3105 2831 3190 quovis
2869 3107 3255 3204 praeconio

688 3191 1033 3262 sufficeret
1082 3192 1327 3262 referre
1377 3192 1517 3269 illa,
1564 3214 1741 3278 quae
1787 3192 1871 3260 de
1913 3192 2040 3260 hoc
2076 3192 2218 3259 viro
2260 3193 2696 3262 sanctissimo
2745 3193 2914 3262 dixit
2949 3196 3258 3264 sanctis-

695 3281 869 3351 sima
920 3281 1178 3370 pariter
1223 3282 1413 3370 virgo
1456 3282 1723 3350 Teresia
1775 3281 2290 3349 carmelitarum
2347 3280 2891 3351 Reformatorum
2949 3305 3244 3372 pareus.

691 3369 1027 3450 videlicet,
1085 3391 1169 3438 ne
1220 3382 1565 3439 momento
1597 3370 1876 3456 quidem
1929 3369 2061 3438 diei
2107 3392 2184 3438 ac
2236 3370 2454 3440 noctis
2503 3375 2772 3439 Petrum
2809 3372 2896 3438 ab
2931 3373 3259 3442 oratione

688 3479 1044 3540 cessasse3
1099 3471 1185 3538 et,
1243 3479 1325 3526 ne
1373 3481 1661 3528 somnus
1710 3459 1933 3527 oranti
1983 3458 2359 3546 obreperet,
2431 3459 2623 3528 flexis
2672 3460 2975 3549 genibus
3008 3516 3022 3540 ‚
3083 3484 3259 3532 cum

688 3547 900 3631 quieti
955 3560 1220 3615 tantum
1273 3546 1634 3637 indulgere
1671 3549 2067 3649 cogebatur,
2121 3546 2203 3615 ad
2260 3547 2428 3636 ligni
2481 3548 2778 3636 stipitem
2835 3549 3094 3636 parieti
3155 3552 3262 3620 in-

691 3636 904 3705 fixum
955 3649 1163 3723 caput
1211 3636 1622 3705 admoveret.
1681 3636 1878 3705 Illius
1925 3636 2120 3716 cella,
2162 3635 2400 3704 eadem
2435 3636 2702 3705 Teresia
2737 3650 2928 3716 teste,
2977 3640 3254 3728 pedum

688 3737 987 3812 quatuor
1036 3724 1534 3815 longitudinem
1587 3747 1746 3793 cum
1812 3724 2102 3793 dimidio
2151 3747 2286 3793 non
2323 3725 2723 3806 excedebat3
2761 3724 3084 3814 adeoque
3141 3728 3261 3798 de·
3323 3719 3324 3764 ¹

742 3836 927 3885 ressa
975 3827 1141 3894 erat,
1204 3827 1278 3883 ut
1325 3814 1519 3882 flexis
1567 3814 1861 3904 genibus
1909 3827 1974 3883 et
2021 3814 2251 3890 curvis
2301 3836 2573 3904 semper
2614 3815 2924 3883 humeris
2985 3817 3060 3884 in
3139 3817 3260 3887 illa

690 3837 972 3973 llaerere
1019 3915 1396 3993 cogeretur.
1465 3908 1589 3972 Per
1636 3904 2096 3993 quadraginta
2145 3925 2487 3973 annorum
2541 3904 3260 3995 decursum-sesqui-

687 3992 927 4062 horam
983 4006 1246 4063 tantum
1288 4013 1530 4062 somno
1578 3992 1937 4062 concessit.
1972 3993 2337 4082 Jejunium
2390 3993 2643 4061 amavit
2676 3992 2846 4061 adeo
2879 4007 2960 4062 ut
2994 3995 3090 4064 ad
3139 3999 3261 4067 tri-

683 4081 907 4150 duum
959 4082 1329 4162 ordinarie,
1383 4094 1445 4150 et
1494 4082 1578 4149 ad
1615 4094 1767 4150 octo
1806 4080 2182 4169 aliquando
2230 4080 2375 4149 dies
2425 4081 2724 4150 inediam
2778 4087 3262 4172 protraxerit:

688 4171 1069 4258 asperrimo
1122 4183 1466 4258 praeterea
1516 4170 1744 4240 cilicio
1800 4182 2148 4251 armatus,
2217 4171 2490 4239 bractea
2538 4171 2753 4239 ferrea
2806 4193 2931 4260 per
3003 4174 3264 4266 viginti
3321 4195 3322 4240 l

692 4280 912 4328 annos
954 4260 1274 4349 praefixis
1313 4261 1572 4329 aculeis
1623 4277 1875 4350 corpus
1908 4259 2281 4340 dilanians,
2326 4260 2428 4328 bis
2464 4261 2530 4328 in
2569 4258 2678 4327 die
2714 4260 3024 4360 flagellis
3077 4266 3162 4333 iu
3203 4285 3267 4334 se

685 4347 1170 4418 crudelissime
1211 4350 1787 4429 animadvertens,
1859 4350 2126 4427 itinera,
2173 4348 2491 4434 quamvis
2563 4348 2982 4437 longissima
3050 4368 3270 4443 atque

687 4437 1095 4528 asperrima,
1135 4441 1356 4529 capite
1392 4461 1665 4530 semper
1699 4438 1983 4520 detectO,
2033 4438 2376 4525 nudisque
2423 4437 2714 4528 pedibus
2752 4459 2877 4527 per
2919 4456 3186 4516 aestus
3215 4456 3274 4515 et
