3347 4999
760 304 887 368 508
1559 320 1638 366 ηε
1685 320 1740 366 s.
1793 317 2087 366 nnnwtcss
2134 319 2329 367 vlnuA
2885 298 3049 366 OCT.
3101 301 3167 364 ⁴7

669 426 827 474 vero
867 404 950 473 ad
1002 404 1377 473 devotionis
1418 402 1725 474 studium
1774 404 2064 473 excitare
2111 425 2271 472 eum
2324 416 2571 493 posset,
2627 402 3014 492 complures
3064 401 3168 470 do-

672 494 817 563 cuit
863 514 1116 583 preces.
1170 496 1311 561 Hoc
1343 492 1524 561 enim
1569 513 1841 581 semper
1874 491 1942 559 in
1987 493 2160 562 votis
2209 490 2305 560 illi
2340 506 2504 574 erat,
2536 505 2614 562 ut
2661 493 2741 571 is,
2781 512 2982 578 quem
3018 490 3166 559 inter

672 582 987 651 homines
1026 581 1126 651 vel
1178 580 1472 650 maxime
1519 580 1849 671 diligebat
1897 579 1963 649 in
2016 580 2325 661 Domino,
2369 582 2568 651 etiarn
2617 586 2745 650 Deo
2782 602 2909 650 suo
2953 578 3162 647 devoto

670 670 874 739 corde
922 670 1222 739 serviret.

756 761 793 846 ἓ
838 762 987 831 81.
1042 764 1306 828 Donum
1357 756 1627 845 pietatis
1658 768 1724 825 et
1764 756 2278 826 misericordiae
2314 777 2534 843 usque
2573 757 2742 827 adeo
2800 755 2934 825 sibi
2979 752 3166 825 vindi-

669 848 844 917 cavit
890 869 1008 917 cor
1043 848 1277 916 beatae
1326 845 1539 932 hujus
1564 845 1811 915 Christi
1860 844 2173 928 ancillae,
2209 858 2286 916 ut
2330 845 2415 914 ad
2452 845 2740 936 gloriam
2784 845 2895 914 Dei
2939 855 3003 913 et
3028 847 3165 912 San-

668 950 932 1008 ctorum
983 936 1156 1025 ejus,
1212 947 1415 1020 atque
1448 932 1535 1002 ad
1567 934 2114 1004 subveniendum
2147 934 2474 1024 proximis
2506 946 2570 1003 et
2616 935 2854 1004 animo
2889 945 2954 1002 et
2993 951 3164 1020 opere

670 1046 942 1113 semper
1014 1023 1531 1111 promptissima
1612 1022 1838 1092 fuerit.
1903 1023 2194 1092 Verbum
2265 1022 2434 1092 illud
2502 1022 2872 1093 Salvatoris
2930 1018 3155 1097 nostri,

669 1119 890 1184 Estote
936 1112 1425 1192 misericorde&
1490 1111 1786 1181 habebat
1832 1111 2242 1201 inscriptum
2298 1110 2629 1183 altissime
2677 1110 2872 1180 cordi
2919 1129 3072 1192 suo,
3114 1120 3164 1173 et

668 1203 869 1271 factis
901 1212 1217 1270 accurate
1255 1199 1641 1289 complevit.
1695 1205 1851 1269 Erat
1911 1199 2010 1269 illi
2062 1200 2294 1269 innata
2357 1199 2756 1279 elementia,
2815 1218 3015 1286 quam
3057 1216 3158 1263 au-

670 1292 871 1381 gebat
921 1290 1135 1378 pietas
1178 1289 1352 1358 Jesu
1399 1288 1691 1358 Christi:
1731 1290 1932 1379 cujus
1978 1289 2198 1378 gratia
2244 1311 2392 1357 earn
2442 1288 2836 1377 instigante,
2890 1283 3161 1356 studebat

670 1379 1001 1467 quicquid
1053 1378 1211 1447 boni
1296 1388 1509 1447 oterat
1559 1399 1808 1448 manus
1838 1377 2011 1465 ejuS,
2069 1378 2399 1447 instanter
2452 1378 2766 1466 operari:
2820 1395 2994 1463 quae
3036 1390 3156 1468 vero

675 1490 793 1558 per
833 1468 1128 1556 seipsam
1177 1400 1442 1535 efficere
1492 1487 1624 1536 non
1677 1467 1918 1556 potuit,
1964 1465 2255 1536 aliorum
2291 1486 2498 1554 opera
2531 1466 2772 1535 effecit.
2832 1470 3009 1534 Inter
3050 1458 3157 1529 alia

672 1555 1184 1625 misericordiae
1214 1576 1444 1645 opera,
1483 1575 1796 1624 summae
1839 1555 2105 1644 pietatis
2142 1554 2573 1625 existimabat
2604 1556 2994 1623 animarum
3079 1567 3156 1615 ro-

672 1665 941 1714 movere
990 1643 1305 1714 salutem.
1342 1648 1501 1711 Eam
1554 1643 1640 1712 ob
1705 1665 1844 1713 rem
1897 1644 2216 1713 maritum
2254 1666 2459 1713 suum
2508 1641 2820 1712 consiliis
2850 1654 2913 1710 et
2958 1660 3030 1708 ex
3073 1655 3152 1704 or-

671 1733 1043 1802 tationibus
1084 1732 1229 1801 suis
1277 1731 1630 1822 permovit,
1685 1744 1758 1800 ut
1793 1732 2088 1821 propriis
2137 1732 2472 1820 impensis
2525 1741 2951 1800 construeret
2993 1723 3155 1794 Treb-

672 1823 975 1890 niciense
1012 1820 1499 1890 monasterium
1553 1819 2184 1917 sanctimonialium
2213 1820 2677 1890 Cisterciensis
2702 1817 3000 1889 Ordinis:
3028 1832 3151 1899 qua·

672 1931 826 1979 rum
880 1910 1350 1999 impensarum
1388 1929 1685 1988 summa,
1742 1920 1816 1978 ut
1874 1931 1914 1977 a
1972 1910 2528 1997 procuratoribus
2574 1921 2998 1998 compertum
3040 1912 3145 1976 est,

673 1998 954 2087 triginta
988 2018 1379 2066 marcarum
1430 1994 1648 2065 millia
1687 1995 1842 2086 plus
1891 1997 2125 2066 minus
2172 1997 2467 2088 collegit.
2515 2002 2679 2067 Nam
2731 1996 2865 2066 soli
2914 1992 3151 2084 parietes

678 2101 945 2176 praeter
985 2099 1261 2166 tectum,
1308 2084 1489 2171 quod
1543 2106 1661 2174 per
1712 2098 1926 2155 toturn
1975 2085 2354 2155 claustrum
2407 2084 2745 2172 hodieque.
2797 2082 3149 2175 plumbeum

672 2189 795 2255 est,
837 2175 1042 2244 vicies
1092 2173 1278 2243 mille
1317 2172 1568 2242 marcis
1620 2174 1944 2243 constitit.
1999 2173 2383 2243 Fundatum
2440 2187 2539 2243 est
2587 2187 2817 2243 autem
2851 2172 2976 2241 hoc
3021 2180 3150 2262 tegn-

668 2262 861 2351 plum
904 2277 968 2332 et
1002 2263 1489 2331 monasterium
1526 2261 1609 2330 ad
1652 2262 1981 2331 honorem
2030 2263 2515 2351 omnipotentis
2567 2262 2704 2341 Dei,
2742 2276 2809 2331 et
2842 2255 3148 2350 gloriosiss,

674 2352 889 2420 simae
937 2350 1233 2439 Virginis
1265 2351 1515 2419 Mariae
1546 2362 1750 2438 atque
1799 2350 2295 2421 Bartholomaei
2325 2350 2646 2441 Apostoli,
2698 2372 2882 2419 anno
2931 2352 3149 2415 Domtm

675 2439 1041 2509 millesimo
1082 2439 1549 2509 ducentesimo
1601 2439 1816 2522 terti0,
1868 2453 1932 2510 et
1979 2440 2367 2511 dedicatum
2418 2461 2600 2509 anno
2650 2437 3008 2509 millesimo
3047 2428 3148 2498 du·

672 2529 1041 2598 centesimo
1088 2529 1560 2598 decimonono.
1593 2530 1870 2598 Interim
1904 2541 2156 2610 autem,
2201 2529 2367 2599 dum
2401 2530 2551 2617 ejus
2595 2524 2985 2598 monasterii
3007 2533 3152 2614 stru·
3251 2541 3252 2546 ¹

669 2630 860 2687 ctura
888 2618 1098 2698 fieret,
1140 2616 1408 2687 nullum
1460 2617 1726 2688 sinebat
1752 2618 2254 2706 cujuscumque
2279 2617 2603 2687 facinoris
2627 2621 2842 2687 causa
2865 2604 3150 2706 sententk'}

672 2706 1008 2797 principis
1047 2705 1147 2775 vel
1184 2707 1416 2776 curiae
1461 2706 1616 2793 ejus
1651 2707 1851 2776 morti
1889 2705 2359 2795 adjudicatum
2410 2705 2725 2785 interfici,
2768 2704 2885 2775 sed
2917 2700 3038 2770 vita
3070 2689 3146 2762 tlh

669 2795 1078 2875 condonata,
1131 2795 1217 2864 ad
1252 2817 1402 2864 eam
1443 2807 1858 2864 structuram
1919 2793 2182 2864 volebat
2228 2816 2386 2865 eum
2438 2817 2637 2864 suam
2685 2794 2985 2864 conferre
3025 2799 3148 2885 ppe-

670 2906 844 2963 ram,
898 2884 1114 2953 donec
1147 2883 1230 2953 ad
1284 2883 1781 2973 praescriptum
1833 2896 2103 2973 tempus
2145 2906 2265 2974 pro
2298 2883 2598 2953 facinore
2645 2904 2768 2952 suo
2818 2885 2894 2952 ea
2933 2885 3146 2966 ratione

669 2971 1127 3043 satisfecisset.
1180 2978 1281 3042 Ita
1346 2986 1549 3062 prout
1594 2972 1884 3059 quisque
1947 2971 2103 3061 plus
2173 2972 2484 3041 minusve
2554 2970 2979 3061 peccaverat,
3024 2961 3148 3030 hu¹⁰

664 3064 1100 3151 mancipatus
1146 3060 1335 3150 operi
1371 3060 1803 3130 inserviebat.
1848 3064 2323 3130 Constructum
2349 3062 2495 3148 jam
2525 3053 3144 3150 monasteriumtDux

667 3151 1007 3221 Henricus
1053 3172 1132 3219 ex
1164 3147 1453 3219 consilio
1499 3149 1734 3218 beatae
1772 3148 2112 3239 Hedwigis
2144 3149 2398 3219 dotavit
2442 3161 2508 3218 et
2539 3149 2729 3218 auxit
2777 3144 3139 3235 largissufns

668 3237 1075 3319 redditibuS,
1129 3239 1250 3324 qui
1290 3237 1375 3306 ad
1441 3259 1680 3308 omnes
1717 3249 2037 3327 sumptus
2095 3237 2522 3307 necessarios·
2570 3235 2956 3308 sufficerent
2996 3218 3145 3295 mille

674 3326 1008 3415 personis.
1059 3339 1124 3395 et
1174 3337 1537 3415 perpetuae
1591 3326 2004 3395 exercendae
2052 3324 2176 3395 hos
2232 3324 2536 3394 italitati:
2591 3328 2719 3395 sua
2764 3308 3142 3400 eleemosyna

672 3413 1046 3513 promereri
1077 3414 1387 3503 cupiens,
1441 3427 1517 3483 ut
1564 3413 1819 3503 dignus
1848 3426 2024 3483 esset
2069 3435 2157 3483 au
2214 3414 2308 3483 ire
2364 3413 2726 3483 Dominum
2783 3413 2852 3482 in
2898 3413 3144 3478 extremss

657 3500 907 3590 judicii
942 3500 1052 3569 die
1090 3500 1474 3573 dicturum:
1526 3507 1776 3593 Hospes
1821 3504 1950 3591 sui,
2006 3512 2068 3572 et
2119 3503 2482 3592 colleqzktis
2530 3524 2635 3571 me
2679 3500 2941 3591 (Manli.
2974 3482 3138 3568 xxv)-

669 3593 825 3678 Ipsa
872 3609 1145 3676 quoque
1190 3589 1384 3659 beata
1435 3589 1778 3680 Hedwigis
1804 3590 2094 3660 contulit
2131 3590 2350 3659 eidem
2390 3591 2801 3660 monasterio
2851 3590 3013 3658 bona
3040 3589 3139 3672 3μᾶ

666 3676 942 3757 dotalia,
997 3681 1259 3749 Sanons
1297 3701 1454 3748 cum
1496 3679 1691 3768 pagis
1736 3677 2234 3767 adjacentibus,
2276 3700 2575 3760 mans03,
2627 3691 2706 3748 ut
2752 3680 3140 3766 vocabu-clf:

664 3766 833 3836 citer
876 3766 1415 3856 quadringentos
1460 3769 1759 3856 optimae
1833 3782 2067 3837 terrae.
2148 3773 2351 3837 Porro
2414 3789 2455 3837 a
2502 3766 3033 3856 Babenbergenst
3068 3766 3142 3816 οἱ·

662 3856 864 3925 vitate
911 3868 975 3925 et
1021 3855 1313 3926 dioecesi
1355 3855 1727 3925 monachas
1775 3855 2238 3926 Cisterciensis
2285 3856 2580 3926 instituti
2628 3855 2890 3934 accivit,
2937 3851 3144 3923 easque

663 3944 732 4013 in
776 3945 905 4014 hoc
957 3944 1365 4013 monasterio
1412 3944 1656 4038 degere
1694 3943 1927 4024 voluit,
1982 3944 2050 4012 in
2099 3966 2238 4032 quo
2286 3946 2611 4033 temporis
2658 3958 2975 4014 successu
3015 3941 3143 3998 5³¹1·

663 4032 1092 4102 ctimoniales
1139 4046 1411 4103 centum
1453 4032 1780 4113 inclusae,
1838 4034 2152 4103 vixerunt
2199 4033 2267 4101 in
2331 4033 2603 4103 servitio
2650 4031 2934 4102 Christi:
2972 4026 3140 4100 atque

663 4120 868 4191 hodie
917 4121 1058 4191 illic
1110 4122 1350 4213 viginti
1399 4143 1609 4210 supra
1640 4133 1915 4191 centum
1951 4121 2195 4210 degere
2232 4121 2570 4191 seruntur.
2608 4121 2835 4190 Prima
2879 4114 3013 4203 ejus
3039 4097 3141 4171 Ab*

662 4209 919 4280 batissa
958 4209 1085 4280 fuit
1131 4210 1445 4290 Petrissa,
1484 4232 1693 4297 quarn
1737 4211 1933 4280 beata
1956 4210 2303 4311 Hedwigis
2332 4209 2571 4280 babuit
2596 4210 2982 4299 magistram
3012 4204 3142 4291 909·

660 4297 857 4366 ritiae
927 4320 1137 4379 suae,
1194 4313 1258 4369 et
1304 4322 1343 4368 a
1392 4299 1830 4387 Babenberga
1876 4320 2035 4369 cum
2112 4298 2269 4370 aliis
2334 4297 2752 4369 monialibus
2813 4284 3133 4366 accersunt·

661 4387 984 4469 Quamvis
1032 4399 1258 4456 autem
1304 4387 1698 4458 monasterii
1746 4387 1896 4477 ejus
1945 4388 2298 4459 sororibus
2336 4387 2610 4457 abunde
2641 4385 2972 4478 provisum
2998 4366 3140 4441 8850‘
