3347 4999
709 304 836 368 506
1498 318 1575 364 niz
1623 318 1678 365 s.
1735 316 2025 364 niinwieii
2073 314 2266 365 vinuli
2839 298 3007 364 OCT.
3067 299 3150 363 ⁴7

622 414 1229 496 repraesentarent,
1286 403 1718 473 veneratione
1766 403 2012 472 affecit.
2051 408 2217 471 Nam
2268 401 2689 489 ubicumque
2750 401 2946 472 humi
2982 423 3153 471 con-

623 495 841 585 spexit
879 495 1186 583 jacentes
1236 490 1574 581 stipulaS,
1648 492 1882 563 Crucis
1944 492 2314 581 imaginem
2381 488 2789 570 referentes,
2857 490 3152 579 genibus

621 585 810 653 flexis
858 582 1224 651 adorabat:
1291 579 1670 667 tollensque
1717 601 1831 648 eas
1878 590 1943 649 et
1988 580 2433 659 exosculans',
2487 577 2606 647 tali
2670 594 2786 648 eas
2835 577 2980 647 loco
3045 600 3157 647 re-

623 672 872 763 posuit,
927 671 1045 740 ubi
1102 690 1236 738 non
1284 681 1560 759 possent
1608 667 1898 758 pedibus
1936 667 2353 738 conculcari.

709 763 744 848 ἓ
794 764 955 832 28.
1012 758 1343 859 Diligebat
1389 758 1593 827 etiam
1634 756 1949 826 decorem
2000 757 2249 826 domus
2303 756 2451 824 Dei:
2487 768 2690 843 atque
2738 754 2993 826 idcirco
3041 776 3157 824 or-

620 863 941 919 namenta
1001 860 1292 936 pretiosa
1353 845 1662 915 ecclesiis
1723 856 1789 915 et
1835 846 2170 915 altaribus
2232 844 2535 914 donavit.
2590 850 2818 914 Vestes
2873 865 3154 931 quoque

619 936 1075 1010 sacerdotales
1122 949 1186 1005 et
1226 935 1551 1005 Leviticas
1584 946 1788 1021 atque
1824 934 2297 1004 ministrorum
2330 933 2594 1013 altariS,
2632 934 2779 1003 suis
2809 933 3153 1023 impensis

620 1027 1063 1117 comparavit,
1102 1025 1316 1094 immo
1375 1037 1441 1093 et
1489 1024 1749 1112 paravit
1797 1036 1939 1092 tum
1995 1044 2115 1111 per
2162 1022 2458 1108 seipsam
2497 1077 2514 1105 ,
2588 1034 2733 1092 tum
2786 1043 2907 1111 per
2975 1021 3152 1091 alias

617 1138 776 1186 cum
826 1114 974 1204 ipsa
1028 1126 1381 1183 manentes
1431 1110 1721 1180 feminas
1753 1166 1768 1190 ‚
1832 1133 2009 1198 quae
2054 1133 2134 1180 ex
2182 1132 2352 1181 auro
2400 1122 2465 1179 et
2529 1111 2746 1181 serico
2809 1125 3148 1179 noverant

619 1226 656 1275 e
708 1204 889 1303 regie
935 1202 1227 1292 operari.
1281 1206 1382 1270 Ita
1426 1222 1588 1290 ergo
1634 1199 1778 1281 illa,
1845 1212 1919 1269 ut
1966 1200 2292 1279 diximus,
2351 1211 2414 1268 et
2474 1199 2557 1268 ad
2630 1211 3145 1270 sacramentum

620 1316 659 1362 a
694 1307 856 1362 taris
902 1291 1287 1370 accedebat,
1327 1302 1392 1359 et
1439 1310 1632 1359 sacra
1669 1288 1994 1377 mysteria
2043 1288 2504 1378 promovebat.
2559 1293 2657 1357 Ita
2705 1309 2862 1358 cum
2929 1286 3154 1355 fideli-

620 1382 753 1451 bus
802 1380 1057 1450 terebat
1096 1379 1338 1448 limina
1375 1377 1623 1447 domus
1662 1378 1769 1446 Dei
1805 1400 1818 1444 :
1854 1389 2058 1465 atque
2096 1377 2441 1465 ejusmodi
2474 1399 2632 1446 cum
2674 1374 3144 1446 moderatione

621 1491 853 1540 coram
891 1468 1291 1538 hominibus
1322 1465 1700 1536 devotionis
1731 1487 1896 1536 suae
1926 1465 2152 1535 studia
2182 1466 2556 1535 exercebat.
2591 1464 2886 1534 Peractis
2918 1477 3146 1534 autem

624 1559 879 1628 divinis
924 1556 1191 1638 officiis,
1246 1555 1649 1642 cunctisque
1687 1554 1804 1641 qui
1855 1553 2237 1635 adfuerant,
2280 1568 2581 1644 tempore
2613 1566 3003 1643 opportuno
3031 1552 3154 1621 do-

624 1667 815 1716 mum
846 1646 1281 1725 abeuntibuS,
1320 1656 1396 1714 ut
1428 1644 1735 1733 corporis
1773 1643 2098 1712 alimenta
2135 1643 2582 1733 perciperent,
2612 1655 2677 1711 et
2710 1663 2816 1711 res
2844 1663 3007 1711 suas
3039 1663 3153 1711 ex-

624 1749 853 1805 ternas
884 1746 1228 1812 curarent,
1268 1732 1387 1801 illa
1418 1754 1576 1801 cum
1618 1732 1857 1820 paucis
1907 1731 2298 1821 pedisequis
2332 1733 2399 1799 in
2434 1731 2720 1805 ecclesia
2759 1732 3142 1808 remanens,

626 1825 709 1894 ad
763 1824 1066 1892 internas
1118 1822 1362 1890 mentis
1402 1820 1643 1909 epulas
1691 1833 1755 1889 et
1787 1820 2180 1909 spirituales
2212 1820 2497 1891 delicias
2536 1821 2603 1888 in
2640 1820 2843 1889 domo
2880 1817 3143 1888 Domini

628 1911 1009 2003 captandas
1056 1933 1127 1980 se
1161 1910 1523 2001 diligenter
1570 1908 2168 1988 accommodabat,
2235 1909 2525 1996 cupiens
2589 1907 2707 1977 illa
2755 1906 3147 1976 divinarum

625 2001 1174 2071 consolationum
1225 1998 1557 2068 suavitate
1605 1996 1888 2067 uberius
1940 1997 2220 2087 perfrui,
2259 1998 2462 2087 cujus
2501 2009 2782 2087 gustum
2823 1994 3148 2066 suavissi-

627 2111 817 2160 mum
859 2090 1006 2189 jam
1049 2087 1409 2175 aliquoties
1456 2099 1727 2175 experta
1778 2099 1976 2156 esset.
2022 2090 2099 2156 Et
2135 2085 2296 2173 quia
2350 2099 2512 2155 tunc
2551 2085 2708 2154 aliis
2742 2084 3149 2154 absentibus

627 2200 699 2247 se
747 2176 1120 2247 solitariam
1164 2175 1496 2245 sentiebat
1528 2186 1592 2244 et
1637 2189 2134 2274 praeparatam,
2198 2174 2482 2246 liberius
2524 2195 2763 2243 vacare
2798 2175 3020 2262 potuit
3052 2172 3154 2240 di-

626 2266 840 2336 versis
892 2263 1112 2333 modis
1159 2263 1533 2351 quaerendi
1585 2263 1940 2332 Dilectum.
1985 2269 2218 2350 Itaque
2249 2263 2509 2332 orando
2547 2261 2961 2332 circumibat
2994 2283 3151 2330 aras

628 2375 889 2432 omnes,
931 2367 1300 2443 pectusque
1350 2352 1618 2431 tundeS,
1671 2351 1969 2441 gemitus
2016 2352 2223 2421 dabat
2268 2364 2333 2421 et
2380 2352 2721 2441 suspiria;
2777 2349 3154 2437 levatisque

628 2443 697 2512 in
733 2441 998 2512 coelum
1031 2441 1252 2513 oculis
1283 2454 1347 2512 et
1380 2440 1725 2520 manibus,
1765 2452 1966 2527 atque
1997 2440 2198 2510 etiam
2231 2454 2453 2511 mente
2485 2440 2660 2531 ipsa,
2697 2452 2886 2509 stans
2916 2460 3154 2530 preces

628 2532 915 2602 Domino
964 2531 1313 2622 supplices
1360 2530 1721 2600 offerebat:
1781 2542 1929 2599 turn
1978 2551 2248 2617 quoque
2296 2529 2490 2600 humi
2556 2552 2627 2599 se
2679 2540 3147 2619 prosternenS,

628 2621 713 2690 ad
756 2619 962 2711 pedes
1007 2620 1271 2689 Domini
1318 2625 1485 2689 ,lesu
1530 2640 1688 2688 cum
1731 2623 1829 2687 Ma
1884 2617 2130 2688 dalena
2165 2618 2517 2688 humiliter
2566 2640 2713 2688 sese
2760 2617 3154 2687 ab'iciebat.

629 2711 763 2779 Etsi
800 2720 1024 2779 autem
1070 2709 1434 2778 Salvatoris
1481 2708 1693 2777 nostri
1748 2728 1829 2796 pe
1880 2728 1953 2775 es
1999 2707 2445 2796 corporaliter
2482 2707 2625 2795 jam
2677 2727 2846 2776 oscu
2875 2707 2976 2775 ari
3014 2726 3151 2775 non

631 2809 900 2888 posset,
969 2810 1035 2867 at
1084 2797 1358 2867 illorum
1402 2809 1625 2865 tamen
1681 2795 1826 2864 loco
1877 2795 2165 2863 humum
2228 2796 2672 2866 osculabatur
2719 2794 3154 2884 saepissime,

630 2909 754 2956 nec
783 2908 933 2956 raro
968 2886 1432 2976 pavimentum
1474 2898 1538 2954 et
1579 2897 1823 2953 terram
1864 2883 2188 2973 lacrymis
2220 2885 2584 2973 irrigabat:
2623 2896 2835 2971 utque
2863 2896 2928 2952 et
2961 2904 3159 2953 amo-

631 2976 749 3054 ris,
787 2997 924 3062 quo
971 2974 1275 3054 ardebat,
1319 2995 1442 3042 nec
1474 2972 1695 3043 celare
1736 2985 2015 3061 poterat,
2056 2972 2385 3043 servorem
2440 2973 2689 3042 Dilecto
2736 2971 3154 3053 ostenderet,

628 3078 693 3134 et
742 3075 1169 3154 peccatorum
1215 3064 1479 3131 veniam
1531 3061 2118 3150 copiosioremque
2166 3063 2457 3152 gratiam
2518 3063 2935 3150 impetraret,
2994 3060 3157 3161 pul-

632 3174 852 3222 verem
909 3164 972 3220 et
1030 3152 1327 3220 cinerem
1387 3171 1457 3219 se
1508 3171 1912 3239 agnoscenS,
1966 3171 2042 3219 os
2096 3172 2299 3219 suum
2344 3150 2699 3220 humiliter
2731 3148 3184 3250 ‚ponebatin'

632 3241 933 3331 pulvere,
991 3240 1195 3326 idque
1250 3242 1329 3309 ea
1383 3259 1503 3325 spe
1549 3252 1614 3308 et
1662 3238 1941 3315 fiduciA,
1998 3239 2179 3326 quod
2226 3251 2539 3308 aeternae
2596 3260 2786 3328 pacis
2833 3238 3155 3308 osculum

629 3327 1045 3416 quandoque
1112 3351 1150 3396 a
1222 3327 1471 3396 Dilecto
1541 3341 1905 3417 acceptura
1969 3340 2166 3397 esset.
2230 3328 2685 3410 Quamobrem
2748 3326 2955 3395 etiam
3015 3346 3159 3394 non

629 3416 1061 3485 mediocriter
1125 3414 1525 3502 hujusmodi
1589 3416 2163 3507 prostrationibus
2211 3415 2572 3496 delectata,
2627 3413 2895 3485 tamdiu
2943 3435 3155 3504 saepe

622 3505 841 3594 jacuit
901 3525 1131 3573 coram
1183 3505 1467 3574 Domino
1517 3504 1585 3572 in
1649 3505 1934 3594 longum
1987 3517 2293 3595 porrecta
2325 3561 2341 3584 ,
2392 3517 2470 3575 ut
2528 3517 2663 3573 tam
2727 3503 2951 3573 debile
3000 3524 3162 3572 cor-

631 3592 1001 3684 pusculum
1063 3591 1257 3661 nulla
1310 3593 1568 3662 ratione
1622 3592 1690 3662 id
1750 3592 2049 3662 laturum
2109 3592 2358 3673 suerit,
2420 3593 2550 3664 nisi
2598 3591 2977 3662 devotionis
3024 3592 3163 3660 fer-

633 3703 787 3752 vore
832 3695 895 3751 et
929 3681 1223 3782 Spiritus
1258 3681 1523 3751 Domini
1554 3680 1955 3751 fortitudine
1988 3681 2466 3753 corroboratus
2499 3693 2699 3751 esset.
2740 3686 2942 3750 Soror
2970 3683 3160 3749 Gau-

632 3770 861 3840 dentia
909 3770 1279 3857 aliquando
1325 3769 1668 3841 curiosius
1707 3770 2058 3860 explorare
2106 3770 2338 3841 volens
2386 3770 2810 3840 devotionem
2862 3768 3059 3839 illius
3098 3781 3165 3838 et

634 3859 877 3929 orandi
920 3859 1225 3941 modum,
1278 3881 1315 3927 a
1359 3858 1648 3947 prandio
1696 3880 1766 3929 se
1815 3858 2167 3939 subduxit,
2223 3859 2625 3946 intransque
2674 3858 2743 3926 iii
2787 3856 3159 3946 templum,

634 3950 800 4018 vidit
847 3947 1034 4017 illam
1078 3960 1215 4018 toto
1262 3968 1544 4036 corpore
1595 3960 2026 4037 prostratam,
2071 3947 2335 4017 tamdiu
2383 3948 2762 4038 manere3in
2800 3945 3160 4036 precibuS,

633 4052 708 4106 ut
758 4038 903 4127 ipsa
954 4037 1227 4106 interim
1276 4035 1646 4105 dimidium
1696 4035 2061 4105 absolverit
2116 4035 2544 4125 psalterium.
2609 4041 2814 4105 Porro
2875 4047 2951 4105 ut
3008 4056 3165 4103 ma-

622 4126 841 4216 jorem
893 4127 1160 4215 corpori
1211 4124 1604 4215 fatigatione
1637 4125 1927 4205 afferret,
1968 4145 2128 4214 prae
2175 4124 2584 4194 admirando
2631 4123 2890 4193 fervore
2936 4122 3168 4193 divini

632 4214 910 4294 amoriS,
971 4215 1086 4300 qui
1148 4235 1297 4283 eam
1349 4235 1620 4304 semper
1665 4213 1752 4282 ad
1805 4213 2022 4283 ardua
2065 4212 2480 4302 impellebat,
2536 4235 2696 4283 cum
2747 4214 2845 4283 sic
2892 4212 3166 4280 orando

635 4302 833 4370 humi
881 4315 1214 4392 prostrata
1266 4303 1554 4390 jaceret,
1617 4315 1855 4391 pectus
1901 4314 1966 4370 et
2012 4313 2220 4391 caput
2265 4300 2667 4371 sustollebat
2717 4301 2797 4370 ad
2846 4299 3166 4369 codicem

634 4412 861 4460 coram
936 4392 1085 4480 ipsa
1145 4412 1571 4480 expansum,
1635 4403 1841 4477 atque
1905 4391 1971 4459 in
2032 4412 2111 4460 eo
2162 4391 2452 4480 scriptas
2501 4411 2736 4480 preces
2785 4387 3164 4457 lectitabat.

3309 314 3312 371 ¹
