3347 4999
87 351 231 416 ΜΤ.
285 352 326 416 5
811 369 891 414 m:
923 364 1015 414 SS.
1056 366 1317 416 PLActno
1365 368 1439 413 m·
1486 367 1687 415 socus
1736 370 1850 416 uu.
2391 354 2519 418 489

87 466 252 524 ›eato
301 452 577 522 Placido
626 451 974 533 resideret,
1012 464 1078 522 et
1104 451 1440 522 nonnulla
1474 451 1558 520 de
1598 452 1710 520 his
1747 475 1925 539 quae
1972 453 2058 522 ad
2109 467 2457 524 aeternam
2511 455 2608 523 vi-

87 566 193 613 am
246 543 538 612 attinent
569 542 657 611 ab
706 540 725 608 i
783 564 859 610 so
891 541 1184 621 audiret,
1240 542 1615 628 requisitus
1664 542 1753 610 ab
1802 542 2038 611 eodem
2092 566 2286 614 servo
2339 544 2610 613 Domini

88 645 158 701 :st
189 631 275 700 de
311 564 864 720 possessionibus
906 653 986 700 ac
1037 629 1394 720 portubus,
1441 629 1525 698 de
1559 631 1773 698 servis
1806 643 1871 700 et
1894 630 2193 712 ancillis,
2247 654 2425 720 quae
2461 635 2609 723 ipse

87 743 199 791 ina
245 742 406 789 cuin
458 718 781 800 Tertull0,
840 732 1029 808 patre
1078 741 1235 788 su0.
1308 718 1819 808 imperpetuum
1906 719 2345 809 possidenda,
2415 723 2652 793 beato.

87 809 421 879 lenedicto
470 808 865 878 tradiderat.
924 806 1362 877 Desiderabat
1419 808 1606 875 enim
1664 807 1894 878 videre
1941 807 2345 898 singillatim
2408 810 2603 891 loca,

87 921 127 968 n
178 897 436 986 quibus
469 897 935 987 possessiones
991 910 1208 966 erant.
1269 897 1553 986 Rogavit
1599 895 1805 965 etiam
1858 909 1935 966 ut
1981 896 2351 966 adventum
2394 920 2604 968 suum

87 987 387 1056 »mnibus
419 987 665 1056 amicis
694 985 974 1055 Tertulli
1008 985 1220 1075 patris
1252 985 1362 1054 sui
1397 983 1799 1064 notificaret,
1840 1006 2104 1055 necnon
2142 1007 2394 1066 servos,
2430 1008 2608 1074 quos

87 1077 156 1146 bi
204 1075 523 1157 habebat,
590 1074 998 1154 ostenderet,
1059 1086 1533 1165 procuratores
1584 1094 1893 1161 quoque,
1957 1096 2133 1162 quos
2179 1076 2326 1165 jam
2379 1075 2610 1145 dictus

87 1165 328 1254 genitor
359 1187 531 1236 suus
570 1185 781 1252 super
825 1163 1102 1232 easdem
1162 1176 1382 1233 cortes
1482 1174 1957 1252 raeposuerat,
2021 1163 2106 1232 ad
2166 1186 2239 1235 se
2286 1165 2610 1235 accersiri

86 1255 284 1326 ussit.
340 1254 747 1326 Messalinus
795 1275 951 1322 vero
985 1251 1331 1322 Metellum
1372 1251 1595 1321 flium
1640 1273 1849 1321 suum
1893 1273 2208 1333 evocanS,
2267 1254 2612 1355 praecepit

85 1358 137 1413 ιι
165 1365 326 1413 cum
362 1365 503 1414 uno
551 1364 631 1412 ex
671 1341 886 1411 servis
937 1341 1082 1411 suis
1130 1354 1350 1411 cortes
1399 1352 1465 1410 et
1499 1340 1971 1430 possessiones
2002 1340 2284 1411 Tertulli
2336 1342 2609 1431 patricii

85 1444 519 1512 >ercurreret,
575 1444 639 1501 et
676 1429 1072 1500 earumdem
1124 1430 1416 1499 cortium
1471 1442 1949 1520 procuratores
1979 1453 2058 1499 ac
2111 1444 2434 1519 portuum
2485 1454 2612 1501 cu-

85 1520 289 1592 stodes
323 1543 484 1590 cum
526 1520 770 1590 amicis
810 1519 954 1606 jam
991 1519 1154 1588 dicti
1210 1518 1478 1608 patricii
1511 1518 1596 1587 ad
1647 1519 1925 1588 beatum
1989 1519 2343 1589 Placidum
2409 1520 2616 1590 duce-

85 1625 184 1680 ·et.
239 1610 369 1692 Qui
419 1608 724 1698 paternis
762 1608 984 1698 jussis
1031 1609 1540 1697 obtemperans,
1593 1628 1739 1677 uno
1772 1619 2039 1676 tantum
2099 1630 2291 1678 servo
2340 1631 2612 1679 assum-

85 1711 199 1779 ›to,
236 1700 543 1798 ascensis
589 1696 811 1785 equiS,
864 1718 1040 1783 quae
1101 1698 1237 1767 sibi
1290 1697 1601 1787 injuncta
1656 1695 1954 1781 fuerant,
1979 1696 2267 1787 implere
2318 1697 2610 1768 sollicite

85 1809 177 1858 :oe
233 1799 305 1856 tt.
1947 1831 1968 1842 ι

149 1810 330 1962 §pa
385 1874 836 1944 Illuccscente
884 1895 1041 1944 vero
1098 1873 1233 1954 die,
1295 1875 1538 1944 heatus
1588 1872 1909 1943 Placidus
1967 1874 2410 1945 Messalinum
2461 1896 2615 1944 evo-

85 1986 259 2044 zanS,
301 1964 471 2033 dixit
501 1962 585 2031 ad
620 1984 823 2031 eum:
862 1985 899 2030 «
932 1967 1074 2033 Non
1124 1963 1318 2032 decet
1348 1962 1761 2032 Monachum
1806 1962 1874 2030 in
1913 1962 2238 2034 domibus
2273 1964 2611 2033 laicorum

85 2054 425 2123 nationem
478 2051 769 2132 habere,
826 2052 991 2139 quia
1045 2052 1471 2121 contrarium
1535 2062 1639 2120 est
1699 2051 2028 2121 omnibus
2089 2052 2314 2124 modis
2371 2053 2612 2122 Ordini

88 2153 321 2210 iostr0.
357 2145 803 2230 Quapropter,
839 2141 899 2209 si
934 2153 1191 2210 vestrae
1241 2139 1583 2211 nobilitati
1633 2161 1770 2209 non
1820 2140 2115 2210 habetur
2154 2143 2607 2223 contrarium,

86 2253 329 2310 eamus,
382 2242 445 2300 et
489 2228 968 2319 provideamus
1019 2230 1246 2300 locum
1300 2230 1369 2298 in
1422 2229 1980 2319 possessionibus
2034 2230 2246 2319 patris
2305 2232 2475 2311 mei,
2542 2231 2613 2299 in

84 2342 201 2406 {uo
251 2318 740 2388 monasterium
776 2330 1174 2390 construere
1223 2318 1510 2398 valeam,
1554 2339 1689 2386 non
1737 2318 2104 2388 aedificare
2151 2321 2338 2388 enim
2395 2341 2609 2409 supra

83 2407 591 2477 'undamentum
614 2406 929 2477 alienum
966 2407 1307 2477 decrevi.»
1342 2407 1770 2494 veniensque
1813 2419 1962 2497 post
2002 2408 2170 2478 haec
2204 2408 2291 2478 ad
2376 2420 2605 2479 ortum

84 2498 305 2577 naris,
363 2496 622 2566 invenit
652 2495 881 2566 locum
923 2496 1222 2568 habilem
1256 2496 1342 2566 ad
1388 2495 1883 2567 monasterium
1934 2512 2305 2569 construen
2363 2521 2508 2579 um,
2550 2512 2616 2570 et

84 2609 224 2657 :um
275 2585 545 2663 baculo,
583 2585 766 2673 quod
801 2607 1015 2656 manu
1062 2585 1391 2687 gestabat,
1437 2584 1825 2676 designavit
1873 2585 2127 2668 locum,
2168 2589 2239 2657 in
2288 2610 2426 2675 quo
2465 2609 2617 2656 ora-

90 2677 314 2746 orium
348 2675 689 2775 Baptistae
732 2674 1025 2743 Joannis
1072 2697 1142 2743 in
1195 2697 1333 2762 quo
1371 2674 1656 2744 domum
1709 2696 1907 2744 suam
1966 2688 2033 2745 et
2082 2677 2310 2746 omnis
2373 2697 2614 2744 mona-

83 2764 254 2834 ·›terii
292 2763 605 2833 officinas
652 2774 1050 2833 construere
1086 2763 1358 2833 valeret.
1398 2769 1554 2833 Post
1592 2764 1760 2833 haec
1810 2764 2053 2835 beatus
2103 2763 2423 2833 Placidus
2447 2784 2610 2833 con-

83 2875 303 2923 versus
327 2853 413 2922 ad
456 2851 929 2932 Messalinum,
967 2851 1175 2923 dixit:
1216 2875 1251 2919 «
1283 2852 1721 2942 Praepositus
1754 2853 1957 2923 istius
1993 2864 2233 2941 portus
2265 2858 2617 2921 Messanae

83 2941 359 3011 :ivitatis
405 2941 526 3012 ubi
574 2954 698 3021 est,
750 2953 817 3010 et
875 2961 1012 3029 quo
1074 2942 1354 3011 nomine
1413 2946 1914 3031 nuncupatur?
1947 2964 1981 3007 »
2025 2946 2101 3011 Et
2145 2940 2554 3010 Messalinus
2592 2995 2634 3021 ,.

83 3032 278 3111 (Hic,
345 3030 594 3117 inquit,
652 3051 862 3119 prope
915 3043 1054 3100 est:
1107 3031 1192 3100 de
1262 3030 1538 3100 nomine
1584 3044 1841 3110 autem,
1899 3029 2085 3099 unde
2146 3029 2609 3130 interrogasti,

83 3120 266 3200 ;ciaS,
311 3120 476 3206 quia
509 3121 874 3209 Pompejus
896 3119 1106 3189 Cilius
1138 3119 1551 3209 appellatur.
1593 3141 1627 3184 »
1662 3125 1832 3188 Tum
1870 3130 2152 3187 sanctus
2170 3118 2380 3206 jussit
2414 3117 2617 3188 illum

83 3209 291 3277 rocari
334 3208 418 3277 ad
455 3230 559 3289 se;
596 3210 741 3296 qui,
781 3208 948 3277 dum
980 3209 1295 3290 venisset,
1334 3207 1582 3277 cecidit
1611 3207 1698 3275 ad
1734 3206 1942 3296 pedes
1981 3208 2155 3297 ejus.
2202 3212 2415 3290 Quem
2455 3208 2612 3276 bea-

91 3320 176 3367 us
210 3296 527 3366 Placidus
572 3318 610 3365 e
657 3310 834 3366 terra
895 3296 1192 3379 elevans,
1260 3296 1606 3386 praecepit
1653 3295 1837 3382 quod
1897 3294 1981 3364 de
2041 3297 2257 3385 pretio
2294 3295 2476 3384 quod
2529 3296 2615 3365 de

83 3398 273 3455 >ortu
298 3397 672 3473 acceperat,
709 3399 1135 3455 construeret
1167 3385 1479 3464 domum,
1520 3384 1589 3452 in
1625 3406 1765 3471 qua
1813 3385 1962 3472 ipse
2014 3408 2173 3453 cum
2218 3387 2365 3456 suis
2421 3385 2616 3455 habi-

92 3487 260 3555 aret,
316 3473 525 3544 simul
565 3475 769 3542 etiam
801 3487 865 3543 et
902 3474 1262 3544 ecclesiam
1315 3472 1397 3543 ad
1453 3473 1781 3543 honorem
1828 3472 2004 3542 beati
2047 3476 2386 3563 Baptistae
2416 3473 2617 3543 Joan-

84 3564 179 3632 iis
216 3564 284 3632 in
316 3584 455 3649 qua
493 3562 605 3631 die
637 3585 716 3631 ac
758 3574 952 3633 nocte
981 3562 1436 3652 omnipotenti
1476 3563 1762 3631 Domino
1795 3561 2188 3633 deserviret.
2228 3569 2304 3633 Et
2336 3562 2616 3632 dixitad

84 3651 311 3721 llum:
352 3673 387 3717 «
421 3657 642 3721 Tuum
684 3651 860 3732 volo,
913 3664 989 3722 ut
1024 3652 1133 3732 sit,
1175 3650 1474 3720 artifices
1522 3651 1592 3718 in
1637 3650 1765 3721 hoc
1816 3650 1964 3722 loco
2012 3651 2097 3720 ad
2149 3651 2611 3742 operandum,

83 3741 495 3828 ubicumque
540 3760 656 3809 eos
695 3762 818 3829 per
870 3753 1079 3809 totam
1130 3739 1433 3809 Siciliam
1490 3740 1856 3821 inveneris,
1911 3740 2276 3821 adducere,
2348 3761 2615 3810 necnon

83 3852 301 3900 servos
338 3842 404 3898 et
435 3828 724 3899 ancillas
756 3828 842 3897 ad
879 3828 1145 3918 lapides
1190 3841 1254 3897 et
1292 3849 1605 3915 quaeque
1652 3830 2041 3899 necessaria
2080 3843 2242 3899 sunt
2300 3850 2617 3919 compor-

83 3918 281 3988 tanda
313 3917 630 3997 adunari,
670 3929 745 3986 ut
779 3917 907 3986 hoc
940 3940 1117 4007 opus
1148 3917 1375 4006 ipsum
1412 3917 1706 3988 celerius
1749 3919 1961 4007 possit
1992 3918 2273 4008 expleri,
2322 3919 2621 3987 maxime

83 4021 298 4076 tamen
335 4007 584 4077 domus
625 4006 694 4074 in
753 4028 891 4092 qua
937 4006 1247 4075 habitare
1295 4005 1581 4075 valeam.
1646 4012 1725 4075 Et
1781 4019 1856 4076 ut
1907 4008 2071 4077 haec
2126 4007 2359 4076 omnia
2408 4007 2619 4076 citius

83 4096 266 4176 fiant,
318 4116 560 4165 omnes
607 4116 771 4185 prae
823 4094 1034 4164 ositos
1081 4106 1405 4185 portuum
1457 4107 1521 4164 et
1553 4108 2031 4184 procuratores
2078 4095 2371 4164 cortium
2429 4108 2615 4165 tanto

83 4183 290 4253 labori
326 4184 650 4254 interesse
685 4206 766 4254 vo
800 4205 1030 4265 umuS,
1083 4182 1314 4252 dando
1360 4196 1685 4273 sumptus
1734 4197 1799 4252 et
1844 4205 2161 4271 quaeque
2227 4184 2616 4254 necessaria

83 4274 229 4343 sine
274 4271 599 4343 dilatione
652 4272 908 4359 aliqua.
971 4271 1217 4341 Filium
1266 4294 1424 4343 vero
1472 4283 1667 4341 tuum
1720 4273 1864 4341 vice
1913 4284 2030 4341 tua
2079 4294 2288 4362 super
2338 4286 2616 4362 portum

83 4382 440 4451 praepone.
494 4368 594 4432 Tu
634 4383 788 4430 vero
820 4360 1003 4431 insta
1048 4360 1370 4442 fabricae,
1409 4373 1487 4430 ut
1524 4360 1657 4430 cito
1695 4361 1908 4450 possit
1945 4361 2278 4451 expleri.»
2338 4368 2619 4431 Praece-

83 4450 309 4541 pitque
356 4462 431 4520 ut
468 4449 552 4520 de
600 4450 988 4521 redditibus
1034 4450 1355 4533 conium,
1392 4465 1459 4523 et
1503 4448 1588 4518 de
1622 4470 1837 4519 censu
1872 4462 2196 4541 portuum
2247 4450 2617 4542 pecuniam
