3347 4999
156 360 331 431 OCT.
384 364 423 428 4
1028 382 1107 426 na
1157 382 1213 426 s.
1266 380 1612 427 Faxncisco
1661 380 1846 427 conr.
2499 363 2624 426 1165

155 480 258 536 est
311 467 380 534 in
431 463 881 544 contrarium,
935 464 1120 551 quod
1165 464 1434 533 videtur
1469 464 2016 554 praeponderare
2050 465 2159 533 his
2193 465 2520 536 omnibus
2555 478 2715 535 ante

157 561 416 635 Deum,
486 552 671 641 quod
738 552 1054 621 videlicet
1105 553 1514 644 Unigenitus
1578 554 1691 621 Dei
1742 553 1979 632 filius,
2040 553 2163 639 qui
2225 566 2325 623 est
2373 576 2443 622 sa
2505 554 2718 624 ientia

157 665 460 723 summa,
509 657 783 732 propter
824 642 1217 711 animarum
1264 641 1555 710 salutem
1593 641 1680 711 de
1715 642 1876 711 sinu
1911 643 2126 710 Patris
2177 642 2420 711 descen
2482 644 2580 724 it,
2641 657 2716 713 ut

156 756 281 805 suo
320 731 660 800 mundum
709 729 1093 800 informans
1126 731 1440 820 exemplo
1469 786 1484 811 ‚
1541 730 1823 799 verbum
1869 730 2113 799 salutis
2161 730 2563 799 hominibus
2615 732 2717 801 lo·-

156 835 507 909 queretur,
548 841 724 907 quos
756 819 934 889 sacri
984 820 1349 909 sanguinis
1396 832 1461 888 et
1507 820 1723 907 pretio
1753 819 2141 899 redimeret,
2197 833 2260 888 et
2307 819 2718 891 emundaret

158 912 452 990 lavacr0,
507 922 572 979 et
607 907 856 998 poculo
898 921 1330 989 sustentaret,
1379 908 1552 977 nihil
1604 908 1738 977 sibi
1787 908 2073 997 omnino
2108 929 2490 988 reservans,
2530 910 2717 995 quod

156 1022 294 1069 non
362 1000 430 1067 in
495 998 785 1067 salutem
853 1012 1155 1066 nostram
1226 996 1598 1066 liberaliter
1653 1008 1987 1087 erogaret.
2044 1002 2121 1065 Et
2167 997 2332 1084 quia
2380 997 2718 1066 debemus

154 1088 390 1158 omnia
439 1087 660 1156 facere
708 1086 1092 1156 secundum
1143 1087 1493 1176 exemplar
1523 1108 1762 1155 eorum
1813 1108 1992 1173 quae
2041 1085 2355 1155 videmus
2407 1087 2475 1154 in
2531 1086 2709 1177 ipso,

161 1191 513 1264 tamquam
569 1177 637 1244 in
684 1188 912 1244 monte
952 1175 1262 1254 sublimi,
1317 1175 1585 1243 videtur
1641 1175 1864 1265 magis
1914 1180 2046 1243 Deo
2097 1174 2423 1264 placitum
2461 1228 2476 1258 ,
2531 1174 2718 1261 quod

158 1266 552 1335 intermissa
586 1264 813 1351 quiete
848 1263 1028 1333 foras
1062 1263 1376 1354 egrediar
1406 1264 1489 1333 ad
1531 1263 1861 1333 laborem.
1904 1286 1939 1330 »
1976 1269 2282 1351 Cumque
2318 1286 2437 1353 per
2465 1263 2721 1335 multos

159 1355 306 1424 dies
350 1354 553 1422 verba
609 1352 1016 1440 hujusmodi
1076 1353 1457 1422 ruminaret
1502 1374 1661 1421 cum
1716 1352 2089 1432 fratribus,
2142 1352 2719 1423 certitudinaliter

161 1443 489 1531 nequibat
519 1442 892 1533 percipere,
928 1441 1094 1528 quid
1125 1443 1368 1511 horum
1400 1442 1530 1512 sibi
1564 1440 1735 1510 foret
1764 1456 1839 1510 ut
1863 1442 2128 1510 Christo
2159 1464 2310 1511 vere
2335 1442 2713 1531 acceptiu5‚

158 1532 584 1622 eligendum.
642 1535 807 1600 Cum
844 1531 1029 1599 enim
1088 1529 1403 1600 miranda
1446 1545 1675 1599 nosset
1725 1552 1846 1620 per
1883 1530 2205 1619 spiritum
2266 1531 2665 1619 prophetiae
2696 1585 2712 1611 ‚

160 1622 341 1690 hanc
376 1643 495 1711 per
515 1621 824 1710 seipsum
856 1620 1325 1705 quaestionem
1357 1619 1732 1689 dissolvere
1755 1641 1887 1688 non
1920 1619 2185 1688 valebat
2217 1620 2299 1687 ad
2340 1619 2713 1707 liquidum,

159 1715 294 1779 Deo
333 1710 582 1778 melius
618 1707 1038 1797 providente,
1095 1721 1174 1778 ut
1222 1708 1751 1798 praedicationis
1803 1708 2124 1776 meritum
2181 1730 2301 1798 per
2333 1729 2719 1799 supernum

162 1799 721 1868 manifestaretur
768 1796 1126 1866 oraculum
1163 1850 1182 1876 ,
1243 1810 1308 1865 et
1368 1798 1551 1866 Servi
1611 1797 1859 1866 Christi
1911 1796 2269 1866 humilitas
2304 1810 2713 1882 servaretur.

158 1894 300 1956 Non
354 1888 802 1955 erubescebat
860 1908 899 1954 a
960 1886 1345 1956 minoribus
1397 1908 1605 1975 parva
1644 1907 1974 1973 quaerere
2024 1907 2226 1954 verus
2275 1886 2495 1954 Minor
2528 1941 2542 1967 ,
2597 1885 2719 1972 qui

158 1997 415 2065 magna
462 1975 798 2043 didicerat
844 1996 881 2041 a
934 1975 1253 2064 Magistro
1303 1997 1651 2065 supremo,
1711 1974 1951 2044 Studio
2002 1995 2302 2061 namque
2343 1975 2719 2064 praecipuo

159 2064 404 2133 solitus
451 2078 593 2132 erat
642 2063 1019 2149 exquirere,
1064 2064 1254 2149 quali
1291 2065 1397 2132 via
1430 2063 1760 2150 qualique
1795 2063 1999 2132 modo
2037 2069 2167 2132 Deo
2206 2075 2433 2153 posset
2473 2084 2721 2133 secun-

162 2153 330 2221 dum
385 2153 606 2238 ipsius
656 2151 1163 2241 beneplacitum
1218 2153 1585 2241 perfectius
1617 2153 1984 2221 deservire.
2030 2156 2210 2221 Haec
2254 2174 2527 2221 summa
2562 2151 2718 2239 ejus

164 2240 627 2330 philosophia,
675 2241 801 2309 hoc
845 2263 1199 2310 summum
1250 2242 1401 2331 ejus
1450 2240 1873 2310 desiderium
1926 2242 2164 2320 extitit,
2225 2241 2450 2329 quoad
2504 2241 2716 2321 vixit,

160 2343 239 2397 ut
276 2342 628 2415 quaereret
669 2353 707 2399 a
743 2330 1173 2418 sapientibus
1204 2343 1269 2398 et
1310 2331 1771 2421 simplicibus,
1822 2329 2137 2419 perfectis
2170 2342 2235 2399 et
2269 2329 2715 2419 imperfectiS,

162 2418 471 2509 parvulis
503 2431 568 2487 et
602 2418 1035 2509 grandaevis,
1073 2418 1369 2506 qualiter
1399 2420 1484 2488 ad
1523 2419 1961 2511 perfectionis
2008 2419 2288 2489 culmen
2337 2418 2721 2489 virtuosius

168 2510 526 2598 pervenire
579 2507 849 2576 valeret.

250 2600 287 2683 ἓ
334 2602 484 2668 28.
515 2603 889 2666 Assumens
925 2597 1153 2683 itaque
1185 2596 1362 2665 duos
1416 2619 1496 2665 ex
1535 2596 1889 2676 fratribus,
1933 2598 2120 2668 misit
2154 2597 2238 2667 ad
2275 2596 2555 2666 fratrem
2592 2596 2724 2665 Sil-

166 2699 497 2765 vestrum,
538 2687 658 2773 qui
709 2689 990 2755 Crucem
1024 2686 1483 2776 egredientem
1529 2686 1790 2756 viderat
1841 2687 1925 2756 de
1978 2708 2093 2756 ore
2143 2687 2388 2777 ipsiuS‚
2441 2700 2505 2755 et
2556 2698 2723 2755 tunc

162 2774 233 2843 in
295 2788 522 2844 monte
581 2794 792 2863 supra
853 2773 1185 2843 Assisium
1258 2774 1507 2865 ‘ugiter
1552 2776 1845 2845 orationi
1896 2776 2224 2856 vacabat,
2280 2787 2355 2843 ut
2402 2773 2722 2842 divinum

160 2884 373 2953 super
418 2863 849 2932 dubitatione
900 2798 1298 2952 hujusmodi
1363 2886 1771 2965 responsum
1829 2864 2299 2954 perquireret,
2353 2862 2536 2948 quod
2589 2862 2723 2930 sibi

160 2974 240 3020 ex
275 2966 464 3040 parte
488 2953 759 3021 Domini
795 2951 1264 3021 demandaret.
1297 2956 1438 3022 Hoc
1467 2975 1698 3042 ipsum
1734 2953 2174 3022 demandavit
2201 2971 2434 3020 sacrae
2466 2950 2724 3041 virgini

166 3040 422 3122 Clarae,
469 3054 544 3110 ut
602 3063 722 3127 per
759 3040 1066 3127 aliquam
1111 3042 1455 3130 puriorem
1507 3054 1572 3110 et
1608 3042 2103 3131 simpliciorem
2163 3039 2248 3109 de
2282 3039 2670 3140 virginibus
2700 3092 2717 3120 ,

159 3129 292 3198 sub
332 3130 553 3219 ipsius
579 3129 952 3220 disciplina
983 3130 1417 3220 degentibuS,
1451 3131 1697 3220 etipsa
1725 3152 1883 3200 cum
1924 3128 2277 3199 sororibus
2303 3128 2461 3198 aliis
2485 3149 2716 3210 oranS,

160 3239 375 3308 super
417 3218 544 3287 hoc
594 3221 980 3305 exquireret
1030 3220 1302 3289 Domini
1343 3219 1791 3288 voluntatem.
1848 3217 2443 3288 concordaverunt
2489 3230 2723 3286 autem

152 3306 571 3375 mirabiliter
608 3308 677 3375 in
716 3307 1020 3399 idipsum
1050 3361 1069 3388 ,
1127 3330 1432 3398 superno
1465 3309 1567 3376 eis
1602 3306 1942 3376 revelante
1987 3307 2270 3396 Spiritu,
2309 3305 2721 3376 venerabilis

153 3394 505 3475 sacerdoS‚
552 3408 616 3464 et
646 3395 838 3485 virgo
875 3402 1005 3465 Deo
1038 3395 1287 3477 dicata,
1328 3395 1739 3486 beneplaciti
1777 3396 2037 3465 scilicet
2070 3417 2219 3465 esse
2252 3394 2494 3477 divini,
2533 3393 2720 3482 quod

151 3484 408 3553 Christi
455 3504 699 3571 praeco
733 3485 820 3553 ad
859 3484 1401 3574 praedicandum
1453 3485 1686 3554 exiret.
1744 3485 2263 3555 Revertentibus
2304 3485 2533 3571 itaque
2582 3483 2723 3552 fra-

152 3574 408 3650 tribus,
448 3584 512 3641 et
565 3574 701 3654 Dei,
759 3573 957 3662 juxta
1002 3574 1185 3660 quod
1230 3587 1670 3663 acceperant,
1726 3573 2201 3644 indicantibus
2250 3573 2668 3642 voluntatem
2699 3626 2715 3653 ,

150 3683 545 3751 exsurgens
570 3661 897 3731 continuo
933 3663 1275 3732 succinxit
1299 3683 1393 3744 se,
1428 3662 1759 3748 nullaque
1843 3684 2077 3733 rorsus
2115 3675 2463 3732 contracta
2499 3663 2717 3742 mora,

151 3751 288 3820 iter
322 3772 696 3840 aggressus
727 3763 849 3820 est.
896 3751 1045 3821 Ibat
1083 3765 1312 3820 autem
1350 3773 1511 3820 cum
1552 3764 1737 3820 tanto
1771 3685 2055 3832 lgrvore,
2101 3763 2179 3821 ut
2210 3751 2525 3820 divinum
2567 3771 2722 3819 exe-

153 3854 485 3927 queretur
540 3838 912 3928 imperium
946 3895 961 3920 ,
1019 3853 1294 3927 tamque
1343 3839 1655 3909 celeriter
1705 3840 2191 3931 percurrebat,
2246 3861 2325 3909 ac
2383 3839 2483 3922 si,
2542 3838 2723 3908 facta

157 3950 371 3997 manu
407 3929 519 3997 Dei
555 3949 766 4017 super
797 3949 983 4009 eum,
1031 3950 1276 3997 novam
1321 3927 1668 3999 induisset
1707 3951 1744 3999 e
1783 3929 1972 3999 coelo
2011 3926 2356 3998 firtutem.

244 4018 463 4103 §22
513 4021 683 4086 ‘Cum
751 4017 965 4117 igitur
1028 4018 1620 4106 appropinquaret
1689 4019 1984 4088 Bevanio
2033 4018 2114 4099 ⁴⁸,
2189 4016 2274 4086 ad
2346 4014 2720 4104 quemdam

154 4104 386 4175 locum
437 4105 748 4185 devenit,
788 4127 859 4174 in
909 4127 1047 4193 quo
1080 4105 1333 4174 diversi
1384 4107 1658 4197 generis
1706 4108 1940 4177 avium
1993 4105 2295 4175 maxima
2345 4104 2720 4174 multitudo

155 4207 591 4264 convenerat.
647 4199 832 4277 Quas
879 4216 1038 4264 cum
1092 4198 1386 4264 Sanctus
1435 4196 1549 4264 Dei
1601 4196 1925 4276 vidisset,
1982 4195 2303 4264 alacriter
2363 4194 2580 4263 currit
2628 4192 2716 4262 ad

158 4282 414 4362 locum,
479 4297 543 4353 et
597 4304 712 4352 eas
772 4282 957 4352 velut
1005 4283 1292 4352 rationis
1343 4284 1584 4374 partici
1641 4306 1714 4355 es
1771 4282 2117 4355 salutavit.
2172 4283 2512 4353 Omnibus
2561 4302 2720 4350 vero

157 4372 719 4462 exspectantibus
751 4385 816 4441 et
848 4371 1405 4443 convertentibus
1431 4396 1503 4445 se
1527 4396 1567 4442 a
1649 4395 1835 4455 eum,
1873 4373 1965 4441 ita
1998 4384 2075 4442 ut
2113 4394 2289 4460 quae
2322 4372 2390 4441 in
2419 4369 2722 4442 arbustis

211 4499 239 4525 ¹⁸
267 4495 436 4539 Italico
456 4499 690 4549 Rev-gna,
707 4499 759 4540 in
776 4496 983 4541 umbris.
