3347 4999
766 322 887 385 ‚134
1534 339 1610 384 m:
1660 339 1716 385 s.
1771 337 2113 385 rametsco
2161 338 2345 385 cosp.
2964 319 3158 385 OCT.
3207 324 3230 387 l

672 425 957 493 evadere
1006 438 1517 492 conversantem
1570 445 1728 492 cum
1781 424 1904 503 eiS,
1962 424 2093 493 nisi
2147 423 2711 513 probatissimum
2768 425 3041 502 virum,
3110 437 3230 492 tam

674 514 872 584 facile
905 513 1097 593 dixit,
1166 535 1374 599 quam
1420 513 1616 601 juxta
1673 513 2139 601 scripturam,
2195 513 2263 580 in
2318 513 2475 602 igne
2532 510 2920 590 ambulare,
2981 526 3057 580 et
3109 535 3228 580 non

674 606 1081 673 comburere
1131 601 1399 692 plantas
1450 603 1677 690 (Prov.
1735 624 1819 680 vt,
1875 601 2010 689 21).
2068 600 2418 688 Siquidem
2470 600 2618 690 ipse
2666 601 2835 670 adeo
2897 617 3238 670 averterat

673 693 911 763 oculos
942 713 1126 770 suos,
1181 695 1266 759 n‘e
1317 689 1722 780 hujusmodi
1766 690 2127 759 vanitatem
2191 690 2535 768 viderent,
2588 689 2768 776 quod
2836 690 3068 770 (sicut
3121 690 3236 758 ali·

673 779 952 867 quando
1003 780 1185 850 socio
1235 779 1460 868 dixit)
1505 780 1705 865 quasi
1771 779 2034 848 nullam
2088 779 2615 870 recognoscebat
2675 779 2741 846 in
2807 777 3019 848 facie.
3097 784 3226 848 Non

671 871 855 939 enim
900 891 1220 938 securum
1274 891 1422 937 esse
1478 868 1781 957 putabat,
1827 889 2066 937 earum
2118 867 2496 937 formarum
2550 868 2893 937 introrsus
2947 867 3232 937 haurire

673 959 1034 1049 imagineS,
1071 980 1248 1046 quae
1283 970 1571 1046 possunt
1600 971 1719 1026 aut
1743 956 2080 1027 edomitae
2113 957 2344 1026 carnis
2365 957 2769 1026 resuscitare
2803 956 3228 1047 igniculum.

671 1062 789 1116 aut
825 1047 1115 1136 pudicae
1158 1047 1406 1115 mentis
1458 1046 1808 1114 maculare
1860 1047 2171 1115 nitorem.
2212 1045 2569 1115 Asserebat
2616 1046 2846 1124 etiam,
2903 1044 3231 1114 frivolum

669 1159 818 1205 esse
854 1135 1167 1205 mulieris
1201 1134 1649 1222 colloquium,
1678 1149 1956 1223 excepta
1979 1135 2122 1204 sola
2153 1134 2604 1213 confessione,
2637 1133 2736 1202 vel
2773 1135 3233 1204 instructione

670 1227 1101 1300 brevissima,
1149 1227 1349 1311 Juxta
1407 1222 1589 1310 quod
1654 1238 1719 1293 et
1758 1225 1961 1293 saluti
2012 1227 2089 1292 ex
2144 1223 2306 1302 edit,
2360 1236 2426 1293 et
2478 1244 2605 1291 con
2664 1223 2798 1292 ruit
2850 1222 3228 1292 honestati.

671 1324 858 1397 Quae
893 1328 1076 1392 sunt,
1123 1312 1367 1400 inquit,
1406 1312 1751 1411 Religioso
1781 1335 1937 1381 cum
1985 1334 2102 1380 mu
2138 1313 2272 1381 iere
2323 1324 2583 1381 tractan
2640 1334 2678 1380 a
2731 1313 3045 1400 negotia.
3112 1316 3231 1382 nisi

668 1426 828 1473 cum
866 1416 1171 1471 sanctam
1212 1402 1726 1490 poenitentiam,
1773 1403 1872 1470 vel
1918 1400 2221 1470 melioris
2257 1402 2430 1470 vitae
2476 1400 2849 1470 consilium
2905 1400 3232 1491 religiosa

670 1492 994 1581 petitione
1026 1491 1384 1579 deposcit?
1433 1496 1521 1559 Ex
1560 1491 1774 1559 nimia
1817 1492 2180 1560 securitate
2232 1491 2463 1559 minus
2519 1502 2794 1559 cavetur
2843 1489 3129 1568 hostis;
3181 1509 3232 1560 et

668 1578 1014 1657 diabolus,
1061 1581 1115 1648 si
1168 1580 1252 1648 de
1284 1602 1412 1648 suo
1443 1577 1775 1666 capillum
1813 1592 2030 1667 potest
2061 1579 2311 1649 habere
2355 1582 2422 1648 in
2477 1579 2774 1659 homine,
2813 1579 2961 1648 cito
3003 1602 3234 1650 excre-

669 1691 857 1738 scere
888 1668 1047 1738 facit
1081 1670 1146 1737 in
1194 1668 1483 1737 trabem.
1520 1667 1750 1737 Otium
1788 1681 2042 1743 autem,
2096 1671 2409 1737 omnium
2466 1666 2804 1737 malarum
2858 1670 3231 1758 cogitatio-

666 1781 837 1827 num
900 1759 1288 1833 sentinam,
1344 1757 1631 1826 docebat
1687 1779 2126 1845 summopere
2197 1756 2605 1847 fugiendum
2644 1812 2658 1826 .
2720 1759 3061 1846 exemplo
3132 1760 3234 1827 de·

670 1861 1095 1925 monstrans,
1138 1845 1456 1914 rebellem
1516 1868 1795 1915 carnem
1856 1848 2250 2002 etAEigram.
2311 1843 2703 1934 disciplinis
2742 1847 3127 1917 continuis
3183 1865 3233 1915 et

670 1936 1042 2006 fructuosis
1095 1935 1446 2004 laboribus
1485 1957 1634 2004 esse
1672 1935 1926 2005 doman
1982 1957 2119 2003 am.
2177 1935 2367 2004 Unde
2400 1956 2652 2023 corpus
2678 1957 2885 2004 suum
2947 1935 3232 2006 fratrem

669 2027 942 2093 asinum
999 2024 1413 2113 appellabat,
1461 2036 1812 2110 tamquam
1873 2024 2235 2093 laboriosis
2282 2024 2818 2112 supponendum
2858 2028 3234 2096 oneribus.

667 2113 932 2183 crebris
971 2113 1400 2182 caedendum
1438 2111 1754 2202 flagellis,
1793 2128 1858 2181 et
1890 2113 2001 2182 vili
2038 2113 2290 2202 pabulo
2325 2111 2884 2183 sustentandum.
2920 2115 3000 2183 Si
3032 2138 3236 2201 quein

670 2225 828 2272 vero
862 2202 1183 2271 cernebat
1229 2202 1522 2271 otiosum
1574 2217 1640 2271 et
1691 2225 1968 2292 vagum,
2012 2201 2308 2271 aliorum
2352 2200 2521 2270 velle
2560 2200 3000 2271 manducare
3049 2203 3235 2272 labo·

669 2314 804 2368 res,
860 2292 1136 2359 fratrem
1191 2312 1498 2360 muscam
1556 2290 2062 2360 nominandum
2112 2292 2457 2371 censebat,
2489 2312 2567 2360 eo
2605 2289 2788 2376 quod
2830 2289 3007 2360 talis
3069 2293 3234 2361 nihil

672 2379 831 2447 boni
886 2380 1165 2458 l'acienS,
1206 2380 1321 2448 sed
1364 2378 1713 2449 benefacta
1773 2379 2114 2457 inficiens,
2172 2380 2369 2448 vilem
2441 2396 2504 2448 et
2554 2379 3127 2450 abominabilem
3181 2404 3239 2450 se

665 2469 995 2538 omnibus
1046 2468 1305 2538 reddat.
1338 2475 1616 2559 Propter
1644 2468 1826 2555 quod
1864 2468 2034 2538 dixit
2065 2467 2153 2536 ali
2210 2468 2470 2538 uando:
2509 2467 2715 2537 «Volo
2753 2466 3016 2538 fratres
3053 2492 3240 2540 ineos

669 2558 899 2626 labore
946 2560 1324 2638 exercitari,
1384 2582 1464 2626 ne
1511 2559 1649 2627 otio
1684 2557 1921 2636 dediti,
1966 2579 2086 2647 per
2132 2558 2176 2625 il
2215 2558 2370 2626 icita
2418 2557 2624 2627 corde
2663 2572 2782 2626 aut
2823 2557 3092 2647 lingua
3139 2583 3240 2627 va·

667 2661 989 2735 geritur.»
1022 2647 1506 2736 Evangelicum
1552 2647 1896 2734 siquidem
1951 2646 2213 2716 volebat
2251 2669 2288 2714 a
2347 2647 2678 2716 fratribus
2728 2646 3105 2717 observari
3158 2651 3240 2717 si·

669 2737 983 2815 lentium,
1036 2751 1108 2804 ut
1156 2735 1472 2804 videlicet
1506 2736 1592 2804 ab
1641 2736 1831 2805 omni
1882 2737 2099 2806 otioso
2148 2735 2350 2804 verbo
2398 2736 2586 2803 omni
2640 2749 2950 2824 tempore
3017 2737 3239 2806 absti-

668 2838 905 2894 nerent
939 2824 1251 2905 sollicite,
1310 2840 1656 2912 tamquam
1714 2824 2050 2894 reddituri
2115 2824 2180 2892 in
2231 2824 2342 2892 die
2374 2824 2624 2911 judicii
2674 2823 2758 2891 de
2809 2824 3237 2913 hujusmodi

672 2917 1029 2983 rationem.
1087 2914 1214 2983 Sed
1263 2928 1327 2982 et
1355 2915 1409 2982 si
1447 2935 1650 3000 quem
1690 2914 2060 2984 invenisset
2100 2913 2376 2983 fratrem
2415 2913 2640 2982 verbis
2672 2927 3041 2982 assuetum
3084 2915 3240 2982 ina-

669 3005 900 3081 nibus,
955 3004 1202 3072 acriter
1251 3003 1605 3101 arguebat,
1663 3003 2194 3072 taciturnitatem
2236 3002 2638 3081 modestam,
2682 3015 2747 3071 et
2782 3003 2935 3090 puri
2992 3003 3240 3073 cordis

665 3090 1022 3160 affirmans
1092 3092 1519 3171 custodiam,
1594 3105 1661 3160 et
1713 3113 1845 3160 non
1901 3091 2242 3160 modicam
2292 3113 2441 3161 esse
2499 3098 2841 3170 virtutem,
2908 3113 3042 3180 pro
3124 3115 3232 3165 eo,

664 3179 846 3265 quod
904 3201 1087 3248 mors
1136 3196 1200 3249 et
1251 3181 1383 3249 vita
1434 3180 1576 3249 sore
1630 3181 1964 3249 dicuntur
2029 3182 2096 3247 in
2142 3180 2465 3250 manibus
2528 3178 2826 3270 linguae,
2884 3202 3030 3249 non
3089 3194 3233 3250 tam

624 3270 930 3337 ,ratione
980 3282 1249 3357 gustuS,
1294 3290 1504 3354 quam
1545 3270 1804 3337 ratione
1855 3267 2187 3355 loquelae.

754 3359 790 3443 ξ
838 3362 994 3429 zu.
1052 3358 1232 3426 Licet
1279 3372 1507 3425 autem
1554 3379 1675 3448 pro
1725 3358 1988 3427 viribus
2028 3356 2111 3425 ad
2160 3357 2362 3426 vitam
2418 3368 2762 3426 austeram
2818 3356 3071 3426 fratres
3128 3361 3236 3425 in·

662 3444 965 3523 duceret,
1016 3458 1408 3514 nontamen
1460 3447 1520 3514 ei
1566 3446 1878 3535 placebat
1925 3446 2375 3517 districtionis
2431 3445 2792 3520 severitas,
2846 3467 3031 3531 quae
3085 3449 3234 3536 pie-

640 3534 823 3603 .tatis
867 3552 999 3599 non
1055 3533 1279 3601 induit
1342 3536 1622 3615 viscera,
1686 3559 1806 3603 nec
1860 3550 1962 3603 est
2016 3533 2450 3604 discretionis
2500 3533 2642 3603 sale
2690 3533 2992 3604 condita.
3049 3540 3228 3605 Cum

663 3623 847 3690 enim
886 3621 1187 3710 quadam
1244 3636 1436 3692 nocte
1462 3647 1645 3695 unus
1684 3647 1764 3694 ex
1804 3624 2135 3694 fratribus
2175 3644 2336 3713 prae
2377 3623 2727 3696 nimietate
2759 3622 3233 3693 abstinentiae

662 3710 1037 3779 admodum
1090 3710 1270 3781 fame
1318 3714 1693 3793 cruciatuS,
1752 3712 2017 3782 nullam
2061 3725 2283 3801 posset
2333 3712 2586 3781 habere
2633 3712 2960 3798 quietem,
3019 3713 3232 3781 intel-

664 3800 1037 3889 ligeretque
1075 3800 1228 3889 pius
1281 3814 1510 3889 pastor
1556 3802 1664 3870 ovi
1715 3824 1881 3872 suae
1931 3802 2295 3871 imminere
2378 3800 2747 3881 ericulum,
2790 3801 3054 3869 vocavit
3087 3799 3233 3870 fra·

663 3905 863 3965 trem,
921 3890 1247 3978 apposuit
1297 3900 1591 3978 panem·‚
1658 3905 1724 3959 et
1770 3905 1846 3960 ut
1909 3891 2225 3960 ruborem
2280 3889 2380 3959 ili
2433 3889 2738 3968 tolleret,
2796 3890 3024 3978 coepit
3075 3892 3234 3978 ipse

665 3977 854 4065 prior
912 3977 1311 4055 comedere,
1367 4001 1666 4066 eumque
1727 3979 1812 4048 ad
1896 3979 2464 4049 manducandum
2541 3978 2837 4048 dulciter
2899 3978 3230 4047 invitare.

664 4067 988 4155 Deposuit
1034 4066 1242 4136 frater
1288 4067 1802 4139 verecundiam.
1859 4069 2157 4157 sumpsit
2202 4066 2466 4146 cibum,
2512 4068 2794 4156 gavisus
2840 4067 3236 4156 quamplu-

663 4155 946 4234 rimum,
1000 4156 1181 4242 quod
1250 4179 1370 4245 per
1433 4157 2004 4245 circumspectam
2070 4155 2722 4227 condescensionem
2775 4158 3099 4236 Pastoris,
3162 4172 3238 4225 et

659 4244 969 4331 corporis
1001 4245 1328 4315 evasisset
1360 4244 1834 4335 dispendium,
1887 4258 1952 4313 et
2004 4266 2135 4314 non
2177 4244 2528 4314 modicum
2588 4246 2968 4335 accepisset
3023 4245 3236 4314 aedi-

660 4332 1004 4403 ficationis
1050 4334 1469 4424 exemplum.
1516 4340 1713 4404 Mane
1762 4333 1961 4415 fact0,
2014 4334 2344 4406 fratribus
2390 4333 2781 4405 convocatis
2830 4334 2900 4402 in
2953 4355 3224 4415 uuum,

662 4423 777 4490 Vir
834 4422 944 4491 Dei
1008 4420 1304 4493 referens
1364 4423 1543 4510 quod
1601 4421 1940 4493 acciderat
1989 4437 2250 4505 nocte,
2323 4422 2604 4513 provida
2674 4422 3234 4493 commonitione
