3347 4999
752 317 836 378 96
1338 332 1416 377 ni:
1465 331 1520 378 s.
1575 330 1864 394 enniano
1913 328 2155 378 Annam
2207 331 2540 379 enom-351
2959 314 3166 380 OCT.
3219 316 3288 379 3,

665 417 902 507 degit,
979 437 1179 486 verus
1229 415 1478 486 Christi
1528 437 1806 496 servuS,
1863 417 1931 484 in
1983 429 2279 505 angusto
2328 415 2681 487 domicilio
2731 417 3026 487 divinae
3083 440 3246 486 con·

667 505 1095 595 templationi
1146 526 1418 596 vacans,
1477 505 1543 572 in
1599 506 1750 592 ipso
1799 503 2114 574 videlicet
2166 506 2565 576 monasterii
2628 505 3005 576 vestibulo,
3070 511 3246 576 Eum

670 595 840 663 mihi
887 615 1185 675 assume,
1239 607 1303 662 et
1351 593 1663 662 coenobii
1717 594 1847 662 mei
1900 616 2140 663 curam
2196 594 2295 663 illi
2336 594 2714 663 demanda:
2749 595 3130 682 siquidem
3167 596 3244 664 ad

668 684 733 750 id
790 684 1099 753 muneris
1136 703 1334 751 nemo
1369 683 1439 752 in
1474 683 1603 751 hac
1639 681 1916 772 regione
1950 682 2123 751 mihi
2152 682 2270 752 illo
2305 684 2525 774 magis
2555 683 2848 755 idoneus
2878 684 3246 754 videtur.»

668 773 787 840 His
836 771 1061 851 dictis,
1119 771 1288 841 visio
1335 771 1442 841 dis
1497 771 1702 840 aruit.

756 868 792 942 ἓ
843 865 988 934 24.
1047 865 1128 931 Ut
1175 873 1405 930 autem
1484 872 1670 929 ector
1719 858 2081 949 intelligat,
2135 860 2301 948 quid
2358 862 2484 930 hae
2533 861 2710 931 beati
2746 861 3028 932 Gisleni
3073 883 3242 947 que·

671 950 1004 1019 rimoniae
1054 949 1318 1029 velint,
1378 970 1581 1019 nosse
1629 949 1874 1028 debet,
1939 950 2267 1019 habuisse
2323 971 2483 1020 eum
2557 950 2902 1037 hodieque
2982 951 3241 1020 habere

666 1039 1045 1108 oratorium
1096 1060 1175 1108 eo
1227 1037 1296 1106 in
1350 1038 1498 1107 loco
1532 1093 1547 1117 ‚
1601 1058 1806 1124 quem
1872 1037 1993 1106 alii
2055 1037 2302 1107 Cellam
2343 1094 2358 1118 ,
2414 1039 2530 1108 alii
2584 1039 3079 1129 Ursidongum
3135 1063 3240 1108 vo·

666 1140 847 1196 cant.
916 1133 1125 1196 Erant
1189 1139 1420 1196 autem
1488 1126 1754 1214 aliquot
1809 1126 1905 1196 ibi
1966 1128 2261 1197 instituti
2324 1149 2447 1198 seu
2494 1127 2802 1218 deputati
2857 1129 3128 1197 Clerici
3179 1130 3238 1197 in

671 1217 1128 1287 ministerium
1184 1219 1249 1284 S.
1305 1215 1588 1296 Gisleni‚
1647 1214 1983 1304 regularis
2032 1216 2446 1306 disciplinae
2482 1239 2766 1306 prorsus
2800 1217 3078 1306 ignari,
3125 1239 3237 1287 nec

670 1319 741 1373 ut
790 1319 952 1374 sunt
1000 1303 1202 1373 hodie
1251 1305 1591 1384 canonici,
1647 1306 1762 1373 sed
1816 1305 2057 1391 quales
2105 1320 2289 1384 sunt,
2344 1326 2517 1392 quos
2567 1306 3096 1376 Matricularios
3139 1330 3238 1375 vo-

666 1408 846 1462 cant.
896 1394 943 1462 Ii
999 1414 1155 1462 vero
1206 1395 1452 1493 partim
1507 1393 1603 1463 rei
1654 1392 2019 1463 familiaris
2070 1395 2304 1483 inopia
2352 1394 2721 1484 compulsi,
2771 1397 3040 1482 partim
3082 1418 3235 1465 ava-

672 1482 865 1550 ritiae
918 1481 1154 1550 morbo
1206 1482 1491 1560 incitati,
1548 1482 1973 1551 sacrabeati
2021 1484 2436 1553 confessoris
2482 1506 2638 1553 ossa
2669 1484 2811 1553 sive
2847 1498 3062 1554 artus
3098 1487 3234 1554 suis

672 1570 978 1639 numeris
1032 1592 1149 1659 per
1202 1571 1382 1641 vicos
1430 1585 1493 1639 et
1546 1571 1803 1660 plateas
1852 1572 2165 1642 solebant
2212 1573 2610 1642 cantitando
2643 1587 2990 1660 quaestus
3023 1579 3232 1643 causa

667 1658 1136 1729 circumferre.
1191 1665 1237 1728 Α
1285 1682 1423 1746 qua
1476 1661 1849 1729 temeritate
1897 1683 2054 1730 cum
2093 1684 2226 1730 non
2255 1677 2625 1741 cessarent,
2658 1662 2774 1731 sed
2816 1664 3062 1754 magis
3101 1685 3232 1731 ma·

669 1749 909 1837 gisque
958 1749 1028 1816 in
1077 1770 1156 1818 ea
1208 1748 1807 1839 progrederentur,
1853 1751 2248 1837 justissima
2282 1751 2756 1841 indignatione
2795 1766 3226 1822 commotus.

674 1858 805 1904 non
879 1859 1126 1925 passus
1193 1851 1295 1906 est
1352 1850 1634 1907 sanctus
1683 1838 2035 1907 confessor
2079 1840 2149 1907 id
2199 1861 2315 1909 eos
2368 1841 2652 1929 impune
2698 1839 2975 1910 diutius
3032 1840 3228 1910 ferre.

671 1926 982 1995 Permisit
1032 1927 1260 2012 itaque
1309 1948 1380 1995 se
1428 1948 1465 1994 a
1519 1927 1650 2014 piis
1696 1927 1804 2015 (ut
1854 1928 1946 1996 ita
1994 1927 2253 2016 dicam)
2283 1929 2556 1999 furibus
2587 1928 2867 2009 auferri,
2901 1930 3038 2016 qui
3073 1950 3231 2017 quo-

582 2077 587 2082 .
667 2014 1035 2083 dammodo
1088 2015 1369 2084 moleste
1416 2015 1724 2084 ferebant
1761 2038 1912 2085 eam
1966 2017 2186 2086 sancti
2239 2019 2364 2087 viri
2416 2019 2787 2105 injuriam:
2825 2019 2958 2099 vel,
3009 2031 3095 2089 ut
3137 2019 3230 2087 di·

659 2125 906 2171 camus
958 2102 1050 2181 id,
1106 2102 1287 2190 quod
1339 2115 1440 2174 est
1487 2126 1643 2174 vero
1692 2106 2025 2186 similiuS,
2081 2107 2200 2193 qui
2257 2108 2412 2196 plus
2461 2091 2997 2177 delectabantur
3049 2131 3232 2178 com·

671 2191 891 2261 modis
928 2192 1097 2268 suis,
1135 2214 1343 2279 quam
1380 2193 1647 2262 alienis.
1685 2194 1757 2262 Id
1786 2195 1908 2264 ubi
1936 2208 2421 2285 compererunt
2447 2196 2786 2266 Cellenses
2824 2196 2926 2264 illi
2962 2197 3230 2267 clerici.

669 2302 817 2358 sero
866 2289 1329 2370 agnoscentes
1365 2282 1641 2371 culpam
1697 2305 1893 2351 suam
1924 2338 1938 2362 ‚
1999 2306 2128 2352 non
2188 2285 2514 2354 mediocri
2565 2306 2731 2353 sane
2778 2298 2843 2353 et
2911 2307 3232 2356 moerore

667 2383 729 2435 et
784 2370 1044 2456 pudore
1095 2384 1256 2441 sunt
1306 2370 1555 2439 affecti.
2531 2403 2538 2410 ·
2766 2360 2791 2394 ⁸

760 2465 795 2538 ἓ
852 2463 1002 2531 ⁰35.
1058 2463 1265 2529 Porro
1314 2458 1737 2530 Giselbertus
1787 2481 1922 2529 non
1975 2462 2342 2532 immemor
2390 2462 2677 2532 visionis
2712 2517 2730 2542 ,
2787 2484 2944 2532 eam
3000 2463 3100 2533 ad
3152 2463 3234 2533 ef·

669 2546 920 2615 fectum
973 2548 1349 2637 perducere
1396 2549 1653 2629 volem,
1711 2550 1999 2619 accersit
2048 2555 2602 2621 Cameracensem
2638 2552 3058 2643 (Cambray)
3097 2555 3233 2643 epi·

666 2656 950 2725 scopum
980 2636 1369 2706 Tietdonem
1400 2650 1466 2706 et
1498 2637 1918 2726 Raginerum
1948 2640 2409 2710 Hainoensem
2450 2642 2818 2730 (Hainaut.)
2856 2643 3225 2719 comitem,

668 2724 885 2811 iisque
933 2725 1268 2813 quicquid
1316 2747 1394 2794 ea
1434 2726 1697 2795 visione
1722 2742 2102 2815 acceperat,
2134 2743 2365 2798 exacte
2391 2742 2911 2804 commemorat.
2951 2735 3038 2799 Et
3075 2754 3228 2800 cum

664 2815 749 2883 ab
796 2813 907 2883 eis‘
946 2826 1196 2904 peteret
1226 2814 1621 2895 consilium,
1653 2814 1755 2883 illi
1789 2817 1981 2906 ajunt
2013 2839 2084 2886 se
2113 2818 2287 2886 nihil
2322 2818 2576 2887 audere
2602 2820 2972 2888 consulere
3002 2818 3227 2899 aliud,

662 2924 872 2988 quam
901 2905 1085 2990 quod
1121 2904 1453 2974 divinitus
1490 2902 1712 2973 facere
1738 2905 1982 2993 jussus
2012 2921 2213 2985 esset,
2251 2908 2652 2997 praesertim
2679 2930 2839 2977 cum
2871 2907 3230 2977 Gerardus

666 3014 787 3077 pro
838 2993 1009 3062 vitae
1058 2993 1518 3063 sanctimonia
1567 2993 1688 3062 toti
1722 2992 1870 3080 jam
1917 2996 2307 3083 provinciae
2359 2996 2756 3066 innotuerit.
2796 3001 2985 3066 Tum*
3014 2998 3231 3067 Gisel-

664 3080 899 3150 bertus
933 3082 1017 3150 ad
1053 3104 1205 3151 eos:
1242 3105 1279 3149 «
1314 3085 1541 3172 Ocyus
1564 3104 1752 3173 ergo,
1794 3082 2048 3169 inquit,
2082 3084 2168 3154 ad
2204 3086 2428 3154 virum
2465 3085 2582 3154 Dei
2613 3085 2794 3154 abite
2826 3106 2998 3154 cum
3037 3087 3228 3176 virga

666 3169 1013 3256 pastorali,
1068 3192 1401 3258 eumque,
1460 3171 1618 3241 velit
1667 3170 1860 3251 nolit,
1916 3194 2159 3243 curam
2209 3174 2421 3263 hujus
2471 3173 2810 3244 Ecclesiae
2861 3175 3228 3266 suscipere

662 3257 1121 3346 compellite.»
1171 3259 1279 3328 Illi
1332 3281 1482 3328 mox
1529 3262 1997 3350 accinguntur
2044 3262 2130 3330 ad
2183 3262 2341 3345 iter-3
2396 3263 2807 3352 perveniunt
2854 3262 2946 3331 ad
2983 3262 3224 3335 locum

662 3359 1011 3434 optatum;
1065 3347 1475 3434 perquirunt
1527 3349 1783 3438 passim
1835 3349 1921 3418 de
1970 3372 2160 3420 servo
2195 3351 2348 3432 Dei3
2391 3352 2747 3442 reperiunt
2775 3373 2937 3421 eum
2981 3353 3061 3422 in
3095 3354 3227 3423 cel-

664 3434 807 3502 lula
855 3435 1204 3505 secretiori
1253 3435 1791 3518 delitescentem,
1850 3439 2155 3508 salutant
2200 3439 2525 3521 officiose,
2564 3442 2633 3508 in
2690 3453 2932 3511 mutua
2988 3442 3225 3512 chari·

667 3522 821 3591 tatis
867 3524 1105 3593 oscula
1154 3538 1392 3593 ruunt.
1448 3529 1755 3614 Cumque
1805 3526 2073 3597 itineris
2124 3530 2232 3598 sui
2281 3552 2530 3603 causas
2577 3530 2641 3599 ei
2687 3530 3222 3619 exposuissent,

662 3627 726 3680 et
773 3611 953 3697 quod
1005 3635 1083 3681 ea
1132 3612 1402 3703 legati0‚
1463 3618 1588 3684 Deo
1635 3628 1937 3698 auctore,
1991 3639 2193 3688 susce
2248 3631 2313 3688 ta
2361 3629 2563 3698 esset,
2619 3618 2758 3699 ille,
2812 3630 2890 3688 ut
2921 3634 3086 3690 erat
3118 3643 3227 3691 co·

667 3700 984 3771 lumbina
1050 3701 1531 3791 simplicitate,
1586 3704 1685 3773 sic
1733 3703 1875 3774 illis
1924 3727 2170 3807 respon
2230 3708 2315 3776 it:
2371 3732 2408 3775 «
2469 3713 2616 3790 Qua
2662 3730 2787 3798 ego
2835 3707 3118 3779 ratione
3167 3709 3228 3778 id

664 3787 1002 3871 efficiam,
1056 3790 1235 3878 quod
1287 3791 1583 3879 exigitiS,
1640 3806 1868 3882 patres
1917 3796 2308 3865 carissimi?
2357 3801 2495 3886 Ego
2527 3851 2542 3877 ‚
2598 3797 2914 3883 inquam,
2977 3797 3227 3869 mundi

666 3877 879 3965 liujus
924 3879 1209 3949 vanitati
1258 3880 1597 3949 nuncium
1647 3882 1922 3959 remisi,
1976 3897 2041 3953 et
2088 3884 2325 3955 divino
2373 3886 2595 3955 amori
2644 3884 2882 3955 omnia
2931 3888 3230 3984 postha·
3287 3948 3288 3951 ,

668 3968 823 4035 bere
870 3967 1163 4037 decrevi.
1200 3974 1330 4038 Vos
1364 3969 1522 4058 ipsi,
1561 3991 1842 4057 quaeso,
1881 3970 2047 4042 ferte
2095 3974 2532 4055 sententiam,
2574 3996 2744 4043 num
2780 3973 2954 4043 mih1
2994 3974 3229 4046 isthuc

662 4056 997 4142 expediat.
1054 4058 1378 4128 Novimus
1425 4059 1594 4145 quid
1644 4060 2007 4148 Apostolus
2055 4061 2282 4133 dicat:
2336 4069 2539 4134 Nemo
2563 4065 2873 4132 militans
2907 4067 3071 4145 De0,
3109 4067 3229 4134 im·

658 4147 872 4233 plicat
909 4168 978 4214 se
1008 4149 1293 4237 neqotz'z‘s
1322 4150 1742 4218 secularibus
1768 4148 1965 4238 (Tim.
2022 4150 2120 4239 11).
2178 4155 2332 4233 Or0,
2386 4164 2464 4222 ut
2504 4173 2612 4221 me
2640 4152 2885 4221 sinatis
2912 4151 3035 4221 tali
3073 4158 3226 4223 sar-

660 4233 818 4332 cina
867 4233 1200 4315 liberum,
1257 4235 1668 4326 plangendis
1716 4259 1955 4307 vacare
2004 4241 2302 4329 peccatis
2354 4241 2550 4311 meis.
2617 4245 2833 4328 Atque
2881 4260 3055 4311 sane
3117 4244 3227 4312 in-

662 4320 954 4411 dignum
1007 4345 1112 4392 me
1154 4325 1278 4394 hoc
1331 4346 1613 4395 munere
1661 4325 2014 4409 confiteor,
2082 4349 2206 4399 nec
2257 4350 2541 4420 possum
2591 4329 2664 4399 in
2717 4350 2824 4398 me
2874 4329 3212 4421 recipere,

660 4410 844 4496 quod
880 4411 1139 4485 vultis:
1196 4434 1418 4500 neque
1464 4416 1656 4484 enim
1712 4415 2005 4487 idoneus
2077 4439 2236 4489 sum
2297 4418 2417 4507 qui
2485 4418 2642 4491 aliis
2693 4418 3021 4508 praesim.
3075 4425 3222 4491 Non
