3347 4999
608 297 689 361 to
1366 313 1444 359 nii
1492 312 1545 358 s.
1600 310 1856 358 iii-:iricio
1904 308 2195 358 Ancniiii’.
2779 291 2951 357 OCT.
3009 293 3032 355 1
3139 309 3150 325 ·

515 394 944 474 electionem,
980 405 1045 463 et
1093 404 1406 463 sanctum
1442 391 1665 460 virum
1720 390 1806 461 ab
1853 390 2122 477 antiqui
2156 389 2371 459 hostis
2403 389 2690 480 protexit
2723 389 3049 480 maligni-

518 494 673 553 tate.
748 487 826 552 Et
871 503 1029 551 cum
1082 481 1320 572 populi
1368 480 1779 550 acclamaret
1825 478 2209 567 frequentia
2238 534 2253 559 ,
2306 492 2371 549 et
2417 478 2898 548 sanctissimus
2947 478 3050 547 vir

518 593 771 672 magna
819 570 1223 640 reniteretur
1268 569 1676 650 constantia,
1732 569 1994 659 placuit
2039 569 2492 658 omnipotenti
2541 572 2671 637 Deo
2718 566 2780 636 ei
2833 567 3051 636 mani-

517 659 908 729 festissimis
943 671 1323 728 monstrare
1351 657 1653 739 indiciis,
1689 657 1872 744 quod
1915 658 2061 747 ipse
2094 657 2179 726 de
2225 679 2303 726 eo
2353 656 2630 727 haberet
2668 655 3044 747 judicium.

608 756 646 829 ἓ
696 753 787 819 6.
842 748 1102 816 Etenim
1155 769 1312 816 cum
1359 746 1560 816 modo
1611 746 1956 836 praedicto
2007 745 2206 815 renlti
2238 758 2621 826 conaretur,
2658 744 3050 814 videntibus

518 836 789 906 cunctis
835 836 956 923 qui
1004 836 1311 917 aderant,
1364 834 1720 904 descendit
1766 835 1994 905 subito
2046 835 2282 904 radius
2332 836 2486 904 novi
2526 834 2816 904 luminis
2843 854 3053 922 super

520 925 741 1014 ipsius
789 925 916 993 viri
965 925 1185 994 sancti
1234 924 1578 1003 verticem,
1618 946 1698 993 ac
1748 924 1806 994 si
1856 924 2003 1013 ipse
2052 924 2148 993 sol
2201 923 2286 992 de
2333 923 2519 993 coelo
2558 936 2805 1003 motuS,
2844 943 3053 1011 super

517 1034 675 1082 eum
738 1013 1094 1083 ceciderit:
1148 1025 1215 1083 et
1277 1013 1444 1099 quia
1501 1012 2125 1082 illuminandarum
2185 1012 2302 1081 lux
2364 1012 2735 1101 parabatur
2781 1012 3051 1079 anima-

520 1124 700 1182 rum,
755 1102 903 1191 ipse
949 1124 1245 1189 quoque,
1298 1123 1455 1170 cum
1507 1102 1590 1170 ad
1644 1100 1772 1170 boc
1819 1123 1994 1191 opus
2042 1100 2566 1181 adscisceretur,
2624 1100 2886 1169 lumine
2934 1099 3051 1167 de—

518 1190 669 1261 buit
715 1189 1049 1259 declarari
1099 1190 1375 1259 visibili.
1430 1195 1583 1279 Ipse
1634 1211 1933 1277 namque
1979 1202 2123 1258 erat
2170 1190 2477 1270 lucerna,
2529 1211 2706 1277 quae
2758 1208 2889 1256 non
2924 1188 3052 1256 sub

522 1279 749 1347 modio
796 1301 1002 1348 curae
1048 1300 1412 1369 corporeae
1443 1332 1458 1358 ‚
1529 1278 1644 1348 sed
1712 1299 1921 1368 super
1967 1278 2458 1348 candelabrum
2512 1277 2925 1368 purissimae
2973 1298 3052 1345 ac

523 1371 654 1436 Deo
702 1367 988 1437 dilectae
1036 1366 1571 1437 conversationis
1617 1379 1762 1436 erat
1810 1367 2168 1456 ponenda:
2221 1381 2563 1455 quatenus
2611 1366 2758 1446 his,
2810 1365 2931 1451 qui
2979 1365 3049 1432 in

520 1455 724 1526 domo
773 1469 1046 1526 sanctae
1092 1457 1434 1526 Ecclesiae
1480 1454 1695 1525 futuri
1744 1468 1960 1537 erant,
1994 1455 2228 1524 lumen
2264 1456 2564 1547 optimae
2599 1453 3051 1523 institutionis

521 1545 893 1635 praeberet.

607 1635 643 1719 ξ
689 1636 765 1703 ³2.
818 1633 1079 1702 Placuit
1125 1633 1327 1702 etiam
1378 1632 1918 1721 omnipotentiae
1951 1632 2248 1713 divinae,
2289 1633 2453 1701 huic
2491 1630 2826 1701 miraculo
2861 1629 3050 1699 aliud

520 1720 794 1803 addere,
837 1721 923 1790 ad
972 1721 1428 1792 ostensionem
1481 1721 1880 1790 meritorum
1915 1721 2296 1791 beatissimi
2340 1721 2486 1790 viri.
2529 1726 2604 1790 Et
2643 1721 2826 1789 enim
2862 1718 3053 1786 radio

521 1811 916 1899 supradicto
978 1832 1049 1879 se
1096 1810 1505 1889 illustrante,
1563 1810 1777 1879 sensit
1822 1810 2031 1911 capiti
2080 1832 2206 1880 suo
2253 1809 2591 1900 unguinis
2640 1808 2817 1877 sacri
2871 1806 3055 1875 infu-

522 1920 675 1968 sum
730 1899 1090 1987 liquorem,
1143 1921 1280 1985 quo
1327 1910 1540 1967 totum
1591 1899 1742 1986 ejus
1789 1898 2176 1969 delibutum
2223 1912 2324 1967 est
2372 1921 2447 1967 ca
2505 1911 2600 1966 ut.
2655 1901 2731 1966 Et
2772 1896 3047 1964 merito:

520 1998 597 2057 ut
644 1988 762 2074 qui
812 1987 1039 2057 oleum
1091 1986 1447 2077 spirituale
1543 1987 1796 2076 opuliS‚
1849 2009 1985 2074 quo
2031 2008 2267 2056 eorum
2319 1921 2600 2074 quidjem
2637 1984 2863 2075 capita
2895 1985 3056 2052 visi-

522 2074 670 2156 bili,
719 2091 980 2145 mentes
1030 2090 1255 2146 autem
1309 2097 1470 2166 prae
1525 2075 1838 2156 icatione,
1877 2080 2122 2145 Sancto
2163 2076 2422 2165 Spiritu
2472 2076 2539 2144 in
2591 2096 2663 2144 se
2712 2074 3051 2159 loquente,

521 2178 862 2234 uncturus
908 2175 1052 2234 erat
1100 2164 1471 2235 chrismate
1535 2164 1916 2244 invisibili,
1975 2165 2042 2233 id
2092 2176 2216 2245 est,
2270 2165 2492 2255 gratia
2539 2162 2848 2265 ejusdem
2903 2161 3057 2250 Spi—

522 2253 698 2325 ritus
748 2254 998 2335 Sancti,
1044 2254 1065 2321 i
1120 2275 1191 2322 se
1237 2274 1510 2340 quoque
1561 2254 1751 2343 prius
1794 2252 1911 2322 tali
1958 2253 2284 2323 unctione
2333 2253 2805 2354 insigniretur,
2858 2254 3056 2318 Acce-

525 2342 660 2432 ptis
727 2354 952 2412 autem
1007 2354 1068 2411 ta
1107 2343 1262 2412 ibus
1324 2364 1404 2411 ac
1453 2342 1658 2412 tantis
1707 2341 2084 2430 auspiciis,
2139 2341 2393 2411 divinis
2445 2342 2672 2411 timuit
2719 2338 3058 2409 contraire

525 2431 820 2499 statutis,
887 2436 1114 2519 Neque
1160 2430 1344 2499 enim
1396 2443 1619 2501 tutum
1672 2430 1774 2498 illi
1827 2430 2038 2498 videri
2090 2442 2399 2519 poterat,
2455 2442 2548 2499 tot
2596 2429 2813 2519 signis
2863 2448 3056 2518 prae-

523 2520 988 2602 currentibu5‚
1041 2520 1315 2588 divinae
1362 2519 1832 2589 contradicere
1868 2519 2196 2611 jussioni,
2244 2520 2650 2609 praesertim
2693 2541 2851 2587 cum
2903 2517 3058 2585 luce
3119 2601 3126 2612 ¹

525 2620 590 2678 et
636 2609 964 2678 unctione
1013 2609 1242 2678 Sancti
1294 2608 1632 2698 SpirituS,
1688 2630 1864 2696 quae
1912 2609 2058 2678 oleo
2108 2608 2360 2678 visibili
2410 2608 2832 2697 designatur,
2890 2606 3059 2673 inte-

525 2699 672 2767 rius
719 2698 1106 2767 illustratus
1152 2709 1355 2784 atque
1404 2710 1802 2786 perunctus,
1854 2710 1930 2767 ut
1976 2711 2041 2766 et
2087 2709 2369 2768 sanctus
2412 2698 2654 2775 Isaias,
2691 2695 3058 2764 admitten-

524 2786 688 2855 dum
742 2807 813 2857 se
860 2787 930 2855 in
981 2786 1295 2855 divinum
1347 2786 1836 2867 ministerium,
1873 2786 2117 2855 debere
2152 2807 2223 2854 se
2272 2786 2499 2876 potius
2547 2785 2809 2865 offerre,
2848 2801 3053 2870 quam

522 2896 870 2955 excusare,
924 2875 1267 2944 didicerit.

611 2965 648 3049 ξ
695 2966 777 3035 S.
846 2963 1238 3034 Posthabita
1283 2984 1445 3064 ergo
1513 2963 1701 3031 omni
1752 2962 2224 3043 dubitatione,
2293 2974 2494 3050 atque
2561 2960 2846 3051 ancipiti
2897 2962 3060 3030 sub-

525 3062 711 3120 mota
758 3052 1115 3134 sententia,
1164 3051 1626 3122 ‘unanimitate
1675 3052 2154 3141 episcoporum
2193 3051 2602 3121 Rhemensis
2639 3050 3052 3140 provinciae,

526 3139 767 3209 infulis
816 3140 1129 3210 induitur
1176 3139 1742 3221 sacerdotalibuS,
1795 3140 2270 3209 benedictione
2307 3152 2748 3211 consecratur
2794 3139 3061 3228 episco-

450 3311 454 3316 ,
525 3228 712 3318 pali,
767 3241 970 3316 atque
1041 3232 1111 3296 in
1162 3229 1320 3298 sede
1368 3228 1803 3319 praesulatus
1851 3228 2229 3298 collocatur
2277 3229 2491 3316 hujus
2540 3227 2833 3297 civitatis
2883 3228 3063 3298 Rhe-

527 3338 825 3386 morum.
906 3316 1033 3386 Ubi
1082 3318 1310 3386 statim
1362 3318 1459 3386 sic
1507 3318 1832 3407 apparuit
1879 3331 2081 3407 aptus
2127 3329 2192 3386 et
2240 3317 2559 3397 devotus,
2617 3329 2943 3402 tanquam
2998 3317 3059 3384 si

526 3404 774 3486 officio,
828 3404 912 3474 ad
962 3404 1144 3492 quod
1198 3405 1459 3475 noviter
1505 3406 1931 3486 ascenderat,
1970 3406 2230 3506 jugiter
2275 3404 2704 3495 praefuisset.
2744 3404 2896 3472 Fuit
2936 3405 3063 3473 ita-

525 3515 659 3581 que
708 3494 778 3562 in
828 3493 1284 3582 eleemosynis
1332 3493 1601 3584 largus,
1657 3495 1725 3562 in
1779 3494 2032 3583 vigiliis
2081 3494 2367 3564 sedulus
2399 3550 2414 3574 ,
2470 3495 2539 3562 in
2590 3494 2896 3563 oratione
2945 3493 3062 3561 de-

527 3595 746 3664 votus,
800 3582 868 3651 in
921 3582 1350 3652 humanitate
1399 3581 1748 3672 profusuS,
1804 3583 1873 3650 in
1923 3583 2236 3652 doctrina
2286 3583 2726 3670 praecipuuS.
2781 3581 2849 3649 in
2902 3581 3063 3649 cha-

527 3671 723 3740 ritate
773 3670 1137 3758 perfectuS,
1191 3670 1261 3738 in
1313 3692 1628 3741 sermone
1679 3683 1981 3760 paratus,
2023 3672 2092 3739 in
2144 3671 2660 3740 conversatione
2708 3670 3063 3738 sanctissi-

528 3779 709 3827 mus.
764 3758 1232 3829 Sinceritatem
1284 3759 1576 3840 mentis,
1620 3759 1853 3829 vultus
1902 3760 2011 3829 sui
2063 3760 2422 3828 serenitate
2473 3760 2942 3828 monstrabat:
2998 3772 3062 3827 et

528 3847 847 3937 pietatem
898 3847 1420 3917 clementissimi
1467 3847 1742 3927 cordiS,
1797 3847 2197 3917 ostendebat
2243 3849 2312 3916 in
2370 3847 2648 3917 lenitate
2696 3846 3056 3918 sermonis,

528 3936 865 4023 Quicquid
917 3936 1001 4004 ad
1054 3936 1341 4006 salutem
1394 3948 1621 4026 posset
1672 3937 2010 4026 pertinere
2058 3949 2426 4014 aeternam..
2477 3958 2613 4005 non
2667 3937 2900 4004 minus
2935 3935 3064 4002 im-

528 4024 758 4114 plebat
804 4024 1246 4095 beatissimus
1293 4046 1520 4114 opere,
1577 4047 1785 4113 quam
1838 4025 2174 4094 sermonis
2211 4025 2718 4115 praedicatione
2748 4023 3055 4093 docebat.

529 4115 580 4182 Ο
616 4113 864 4193 virum,
907 4135 1029 4204 per
1059 4113 1291 4183 omnia
1326 4118 1457 4182 Deo
1489 4112 1804 4204 dignum.
1847 4114 2205 4183 Eminebat
2246 4115 2313 4182 in
2355 4115 2505 4204 ipso
2540 4113 2805 4193 habitu,
2845 4111 3062 4179 animi

529 4201 962 4291 pulcritudo:
1016 4202 1084 4270 in
1136 4201 1363 4291 specie
1417 4203 1768 4272 exterioris
1819 4201 2142 4283 hominis,
2200 4203 2419 4292 ipsam
2460 4217 2734 4293 putares
2789 4222 3062 4290 expres·

529 4311 674 4360 sam
725 4291 1094 4381 imaginem
1149 4290 1548 4361 sanctitatis.
1605 4296 1763 4359 Erat
1811 4291 2339 4361 irreverentibus
2374 4290 2699 4360 terribilis
2748 4302 3053 4380 aspectu,

527 4379 936 4450 reverendus
965 4379 1263 4461 incessu,
1299 4380 1708 4451 metuendus
1734 4379 2109 4461 severitate,
2147 4379 2578 4449 venerandus
2615 4379 3058 4471 benignitate.
