3347 4999
262 306 440 372 OCT.
491 305 578 369 20
1159 320 1236 366 DE
1285 321 1341 367 s.
1393 318 1668 367 Ammo
1718 319 1910 366 mar.
2585 303 2712 369 593

345 410 382 494 ξ
434 411 587 479 25.
641 411 1021 495 Imperator
1067 417 1294 473 autem
1342 403 1576 473 divino
1631 402 1962 473 accersito
1996 409 2325 493 Martyre:
2381 426 2418 471 «
2453 409 2627 488 Tua,
2694 405 2804 476 in-

262 497 435 584 quit,
477 495 819 565 temeritas
857 516 962 562 me
1011 493 1232 583 coegit
1266 492 1365 561 vel
1396 492 1693 561 invitum
1737 491 1986 583 probro
2024 491 2293 562 afficere
2323 504 2517 562 tuum
2555 516 2797 585 geum,

259 597 329 656 et
358 598 474 654 tuo
508 582 858 673 splendori
906 583 1184 652 inurere
1220 581 1701 671 ignominiam,
1753 593 1819 650 et
1865 581 2058 672 ipsas
2109 593 2264 651 tuas
2309 604 2551 651 carnes
2597 583 2806 653 attin-

312 696 445 743 ere.
488 672 614 742 Sed
650 672 707 742 si
753 670 922 739 mihi
964 692 1221 740 morem
1244 691 1467 760 geraS,
1511 692 1553 740 o
1589 669 1865 751 Artemi,
1903 680 1968 739 et
2009 670 2343 740 accedens
2394 670 2808 746 sacrificaris

263 698 401 831 giis
448 760 979 840 immortalibUS‚
1031 771 1097 829 et
1146 759 1439 828 maxime
1489 758 1855 848 Daphnaeo
1889 757 2219 849 Apollini,
2247 780 2385 828 non
2436 758 2657 829 solum
2691 783 2807 831 ex·

265 851 564 942 piaberis
604 873 643 919 a
673 848 881 919 caede
928 848 1158 918 fratris
1196 848 1349 929 mei,
1390 846 1506 918 sed
1561 846 1892 935 majorem
1928 870 2177 917 rursus
2235 847 2536 938 accipies
2584 847 2812 940 digni-

265 952 496 1022 tatem,
539 951 604 1008 et
640 937 859 1029 magis
893 937 1366 1017 honorificam;
1405 948 1469 1006 et
1504 948 1564 1007 te
1612 936 2027 1007 constituam
2064 936 2488 1006 Praefectum
2533 950 2806 1027 praeto-

267 1029 391 1110 rio,
446 1040 646 1115 teque
694 1048 1106 1117 magnorum
1173 1025 1461 1095 deorum
1532 1025 1778 1095 creabo
1826 1025 2265 1106 Pontificem,
2320 1036 2384 1095 et
2441 1023 2808 1116 appellabo

317 1131 557 1197 atrem,
601 1127 666 1186 et
699 1114 961 1186 tenebis
994 1113 1375 1184 secundum
1418 1112 1644 1183 locum
1698 1113 1766 1182 in
1821 1135 1973 1183 meo
2023 1113 2340 1205 imperiO,
2388 1125 2453 1183 et
2501 1114 2637 1183 eris
2688 1136 2810 1184 no-

268 1141 537 1276 ssiscum
589 1217 725 1275 toto
760 1204 933 1273 vitae
982 1215 1139 1273 tuae
1194 1214 1518 1293 tempore,
1572 1202 1809 1272 fruens
1857 1202 2040 1271 felici
2089 1217 2154 1273 et
2194 1224 2520 1293 prospero
2574 1224 2808 1272 rerum

266 1307 472 1365 statu.
525 1298 691 1363 Nam
749 1306 822 1362 tu
869 1313 1142 1380 quoque
1189 1291 1324 1361 scis
1381 1290 1658 1360 fratrem
1726 1312 1957 1361 meum
2008 1313 2145 1361 non
2208 1304 2386 1361 recte
2443 1313 2568 1361 nec
2608 1292 2800 1380 juste

266 1383 481 1453 fuisse
528 1382 830 1452 occisum
872 1404 913 1450 a
948 1380 1384 1451 Constantio:
1429 1379 1546 1450 sed
1599 1381 1829 1470 ipsum
1878 1379 2169 1450 confecit
2216 1379 2497 1462 invidia,
2549 1392 2614 1450 et
2653 1403 2805 1450 om-

271 1473 463 1541 nium
517 1471 877 1541 hominum
920 1469 1214 1539 maxime
1251 1468 1511 1559 impius
1542 1467 1901 1549 EusebiuS,
1949 1469 2219 1539 etiamsi
2268 1490 2404 1538 non
2446 1469 2611 1539 satis
2649 1491 2803 1560 poe·

272 1582 518 1631 narum
554 1582 678 1650 pro
710 1558 925 1659 impio
963 1557 1263 1627 facinore
1312 1556 1440 1626 luit
1491 1556 1591 1626 vir
1653 1557 2245 1628 sceleratissimus.
2312 1563 2517 1628 Porro
2573 1571 2803 1628 autem

266 1651 397 1720 hoc
429 1669 701 1736 quoque
734 1669 891 1728 scis,
945 1647 1128 1734 quod
1178 1644 1264 1715 ad
1325 1657 1632 1717 nostrum
1692 1668 1913 1737 genus
1960 1646 2183 1737 magis
2231 1647 2523 1737 pertinet
2588 1647 2805 1738 impe-

272 1738 478 1808 rium.
532 1742 719 1807 Meus
765 1737 950 1805 enim
988 1747 1177 1826 pater
1212 1735 1671 1814 Constantius,
1729 1748 1933 1805 natus
1963 1734 2095 1804 fuit
2125 1757 2248 1804 avo
2284 1758 2434 1805 meo
2466 1757 2547 1804 ex
2595 1735 2807 1805 Maxi-

269 1826 483 1896 miani
528 1825 672 1894 filia
696 1824 1068 1905 Theodora;
1105 1824 1590 1895 Constantinus
1624 1836 1852 1892 autem
1885 1845 1966 1893 ex
2005 1822 2263 1894 Helena
2294 1823 2410 1892 vili
2442 1837 2507 1894 et
2536 1824 2807 1912 abjecta

268 1915 564 1995 femina,
630 1925 694 1983 et
739 1915 1033 1984 obscuro
1068 1912 1214 1983 loco
1252 1925 1431 1994 nata,
1472 1911 1682 1999 idque
1726 1934 1885 1982 cum
1929 1912 2240 1982 nondum
2294 1925 2565 1983 creatus
2625 1924 2807 1983 esset

274 2008 538 2083 Caesar,
593 2002 708 2072 sed
761 2002 964 2071 vitam
1027 2001 1257 2071 adhuc
1309 2013 1537 2092 ageret
1601 2000 1976 2091 privatam.
2033 2002 2515 2072 Constantinus
2575 2013 2806 2072 autem

273 2113 433 2161 cum
465 2090 713 2161 audaci
761 2090 993 2160 animo
1043 2091 1385 2181 rapuisset
1431 2090 1830 2179 imperium,
1884 2102 2145 2180 patrem
2184 2112 2412 2160 meum
2454 2103 2519 2160 et
2564 2090 2806 2159 fratres

269 2180 428 2268 ejus
475 2180 730 2270 injuste
778 2179 1135 2248 interfecit.
1188 2179 1351 2269 Ejus
1406 2200 1680 2265 quoque
1734 2177 1923 2247 filius
1974 2180 2409 2249 Constantius
2459 2200 2569 2261 se,
2630 2179 2809 2249 sicut

275 2281 489 2371 pater,
526 2290 794 2358 gerenS,
832 2268 1108 2337 fratrem
1152 2289 1382 2336 meum
1419 2265 1691 2336 Gallum
1725 2267 1998 2354 occidit;
2042 2267 2250 2354 idque
2281 2290 2438 2337 cum
2490 2266 2807 2337 horribili

266 2357 726 2445 ¹1urejurando
760 2357 823 2424 ei
869 2357 1178 2426 cavisset.
1230 2360 1436 2425 Porro
1483 2368 1711 2425 autem
1765 2378 1889 2425 nos
1938 2378 2212 2444 quoque
2264 2356 2452 2444 ipsos
2498 2357 2591 2426 ita
2647 2356 2805 2425 affe-

272 2446 500 2530 cisset,
561 2445 693 2515 nisi
729 2445 970 2516 servati
1020 2466 1329 2515 essemus
1376 2444 1661 2515 deorum
1712 2444 2160 2534 providentia.
2209 2445 2335 2516 Sed
2388 2444 2521 2537 ipsi
2575 2444 2810 2535 prohi-

273 2533 597 2616 buerunt,
648 2534 847 2606 nobis
906 2547 1059 2603 ante
1107 2534 1344 2604 oculos
1399 2533 1832 2604 ostendentes
1881 2534 2197 2615 salutem,
2251 2556 2426 2622 quae
2493 2533 2579 2603 ab
2638 2535 2808 2625 ipsis

277 2624 760 2714 proficiscitur.
799 2624 1065 2706 Quibus
1096 2645 1221 2713 ego
1261 2622 1497 2704 fretuS‚
1537 2622 1851 2712 abjurato
1891 2624 2435 2704 ChristianismO,
2465 2621 2811 2692 declinavi

275 2712 361 2781 ad
401 2717 812 2783 Graecorum
855 2711 1290 2802 religionem:
1343 2723 1420 2781 ut
1474 2712 1594 2798 qui
1642 2712 1814 2782 bene
1855 2713 2105 2794 sciam,
2158 2711 2340 2799 quod
2393 2715 2810 2782 Graecorum

277 2813 342 2871 et
381 2808 848 2872 Romanorum
885 2801 1018 2869 vita
1050 2799 1554 2887 antiquissima.
1600 2800 1801 2870 bonis
1833 2814 2034 2871 utens
2069 2801 2377 2869 moribus
2409 2811 2474 2869 et
2506 2799 2801 2889 legibuS,

276 2890 441 2960 deos
488 2890 810 2979 appellat,
863 2890 983 2976 qui
1012 2911 1089 2958 ex
1125 2911 1353 2958 rerum
1405 2889 1715 2978 ipsarum
1769 2890 2044 2959 veritate
2077 2889 2208 2957 sibi
2242 2888 2446 2956 fidem
2490 2888 2775 2956 faciunt.

361 2982 398 3066 ξ
450 2984 609 3051 28.
666 3001 702 3045 «
733 2978 899 3061 Quis
948 2978 1129 3047 enim
1181 2978 1395 3047 animi
1435 2977 1638 3046 fuerit
1688 2977 1967 3059 dubiuS,
2006 2978 2126 3064 qui
2174 2977 2417 3045 viderit
2465 2976 2685 3047 Solem
2736 2975 2811 3044 in

278 3065 466 3137 coelo
505 3067 923 3154 equitantem
959 3090 973 3131 :
1027 3066 1344 3137 similiter
1376 3079 1602 3136 autem
1654 3077 1719 3136 et
1746 3072 2030 3147 Lunam,
2075 3087 2249 3152 quae
2288 3064 2556 3134 vehitur
2598 3086 2814 3134 curru

276 3160 572 3226 aurato?
597 3161 761 3226 Nam
799 3155 914 3224 ille
943 3155 1222 3243 quidem
1254 3155 1433 3224 diem
1470 3153 1678 3223 efficit
1717 3153 2055 3234 lucidum,
2106 3168 2170 3222 et
2208 3153 2520 3223 homines
2566 3152 2813 3223 excitat

277 3244 361 3314 ad
413 3266 660 3333 opera:
701 3244 868 3313 haec
916 3255 1140 3314 autem
1176 3243 1356 3312 nocti
1394 3242 1685 3332 praefert
1722 3241 1926 3322 faces,
1983 3241 2561 3332 vigilantibusque
2593 3253 2658 3311 et
2685 3241 2811 3311 iter

275 3332 690 3403 facientibus
729 3354 809 3401 ex
842 3353 914 3401 se
963 3354 1286 3422 magnam
1337 3331 1614 3421 praebet
1683 3330 2071 3399 utilitatem.
2128 3336 2219 3400 Ea
2280 3331 2535 3400 Graeci.
2565 3344 2629 3400 et
2677 3336 2813 3399 Ro-

277 3420 470 3491 mani
518 3421 583 3488 in
628 3419 792 3490 deos
847 3419 1169 3501 referunt,
1221 3433 1286 3489 et
1339 3419 1596 3498 colunt,
1652 3431 1717 3488 et
1766 3441 1955 3509 spem
2009 3419 2077 3488 in
2140 3419 2307 3510 ipsis
2356 3419 2805 3500 collocarunt,

280 3511 528 3595 Solem,
581 3507 859 3595 quidem
911 3507 1334 3598 appellantes
1381 3506 1788 3597 Apollinem,
1825 3512 2085 3578 Lunam
2124 3531 2280 3578 vero
2328 3509 2637 3578 Dianam.
2681 3507 2810 3577 Sed

275 3612 344 3669 et
391 3621 468 3667 ex
511 3595 725 3669 stellis
777 3597 1133 3678 maximas,
1178 3596 1492 3666 Planetas
1525 3596 1836 3666 videlicet
1883 3596 2283 3688 appellataS‚
2339 3619 2463 3688 pro
2502 3597 2637 3665 diis
2685 3595 2812 3665 ha*

278 3689 467 3768 bent,
505 3707 680 3772 quae
711 3684 1011 3772 reliquas
1040 3684 1347 3772 quinque
1392 3706 1598 3756 zonas
1630 3684 1953 3756 coelestes
2003 3697 2264 3756 tenent:
2309 3699 2374 3755 et
2419 3685 2625 3754 aliam
2660 3685 2814 3772 qui-

281 3777 436 3846 dem
477 3779 874 3854 Saturnum,
913 3773 1117 3843 aliam
1166 3775 1435 3855 Jovem,
1489 3772 1695 3843 aliam
1746 3775 2199 3856 Mercurium,
2249 3774 2452 3844 aliam
2504 3780 2807 3854 Martem,

280 3864 485 3935 aliam
539 3874 765 3933 autem
819 3868 1142 3932 Venerem
1186 3863 1569 3933 nominant.
1606 3869 1737 3933 Eae
1779 3864 1965 3933 enim
2022 3862 2360 3933 mundum
2410 3862 2815 3931 universum

280 3952 794 4032 administrant,
855 3964 921 4020 et
965 3974 1204 4021 earum
1270 3949 1640 4022 virtutibus
1688 3952 1948 4054 regitur
1997 3954 2322 4021 universa
2370 3963 2569 4033 terra,
2641 3972 2819 4037 quae

277 4055 378 4112 est
425 4042 556 4112 sub
604 4039 817 4110 coelo.
869 4045 1131 4110 Horum
1171 4063 1331 4132 ergo
1366 4052 1739 4111 statuentes
1772 4064 1911 4110 ima
1965 4040 2137 4122 ineS,
2193 4039 2508 4109 homines
2556 4061 2670 4109 eas
2702 4061 2817 4109 co-

286 4131 437 4200 lunt
464 4143 529 4201 et
562 4129 925 4212 honorant,
979 4128 1189 4199 simul
1238 4129 1441 4200 etiam
1492 4130 1828 4221 quasdam
1863 4129 1927 4198 fa
1980 4129 2136 4199 ulas
2185 4128 2522 4220 fingentes
2570 4127 2655 4198 ad
2706 4151 2822 4198 vo-

284 4218 358 4288 lu
413 4231 640 4290 tatem.
715 4224 857 4289 Non
928 4232 1276 4306 tamquam
1344 4217 1508 4289 deos
1571 4230 1802 4288 autem
1865 4217 2103 4289 colunt
2186 4238 2423 4287 eorum
2481 4217 2823 4308 imagines

283 4306 352 4396 (a
408 4307 545 4397 sit),
573 4308 701 4378 hoc
729 4308 912 4378 enim
945 4307 1041 4378 ita
1070 4307 1421 4398 accipiunt
1453 4307 1860 4399 agrestiores
1894 4307 2213 4377 homines
2243 4317 2307 4376 et
2337 4306 2816 4399 simpliciores:

287 4395 415 4465 Sed
463 4396 585 4483 qui
631 4397 1007 4488 cupiditate
1047 4408 1364 4466 tenentur
1419 4396 1837 4488 sapientiae,
1889 4409 1954 4467 et
2009 4419 2117 4467 res
2164 4395 2452 4467 deorum
2507 4409 2824 4467 accurate

445 4516 683 4574 surius
712 4545 739 4562 -
776 4514 945 4577 Vitae
969 4514 1076 4578 SS·
1102 4547 1131 4562 ·
1161 4513 1295 4579 Vol.
1322 4513 1397 4580 X.
2586 4513 2664 4574 38
