3347 4999
149 418 158 426 .
259 357 433 423 OCT.
487 356 559 420 2⁴
1104 371 1182 417 nn
1230 371 1285 416 s.
1326 367 1670 416 ammons
1718 369 1958 417 Annua
2575 353 2702 419 605

257 459 534 529 eremus
584 477 662 525 ac
702 455 1100 546 jejunium,
1170 476 1292 523 nec
1365 454 1633 525 Domini
1681 453 2372 537 salvatoristurbae‚
2431 455 2614 538 cibi,
2676 477 2795 546 po-

258 562 372 619 tus
428 568 509 616 ue
575 542 946 635 placuere.'
981 549 1227 613 Verum
1298 543 1634 612 destinato
1697 543 1883 633 operi
1933 542 2288 633 imponam
2349 565 2678 626 manum,
2731 555 2798 614 et

260 570 564 726 Scylleos
612 655 819 703 canes
865 634 1183 702 obturata
1229 654 1396 701 aure
1445 631 1774 702 transibo,

344 727 382 881 ξ
477 729 566 795 2.
619 722 927 792 Hilarion
980 735 1173 791 ortus
1218 720 1252 754 ¹*
1301 721 1446 790 vico
1510 720 1902 800 Thabatha,
1972 719 2095 806 qui
2157 720 2431 790 circiter
2488 722 2799 808 quinque

260 814 353 882 mi
392 812 479 882 lia
528 835 568 882 a
616 815 792 881 Gaza
839 811 1013 880 urbe
1058 809 1480 879 Palaestinae
1529 808 1615 878 ad
1684 814 2006 878 Austrum
2050 809 2224 880 situs
2271 821 2417 891 est,
2462 831 2622 880 cum
2675 810 2798 879 ha-

256 904 443 974 beret
532 915 800 970 arentes
847 898 1052 969 idolis
1099 898 1389 979 deditos,
1446 919 1624 978 rosa,
1677 910 1755 967 ut
1801 896 2082 978 dicitur,
2135 897 2219 967 de
2266 897 2489 989 spinis
2537 897 2791 968 floruit.

257 996 308 1061 A
352 924 610 1077 quilius
675 989 932 1058 missus
977 986 1484 1068 Alexandriam,
1537 987 1993 1077 grammatico
2041 986 2332 1057 traditus
2377 999 2514 1067 est,
2567 986 2801 1073 ibique

258 1092 598 1168 quantum
666 1077 786 1146 illa
837 1076 1224 1167 patiebatur
1273 1089 1495 1157 aetaS,
1550 1096 1805 1164 magna
1853 1075 2115 1164 ingenii
2160 1089 2226 1145 et
2274 1097 2541 1146 morum
2591 1075 2798 1145 docu-

257 1180 489 1238 menta
540 1166 878 1257 praebuit,
935 1165 1004 1232 in
1071 1165 1260 1235 brevi
1306 1186 1509 1235 carus
1556 1164 1886 1235 omnibus
1932 1177 1999 1233 et
2044 1164 2376 1252 loquendi
2441 1177 2584 1234 arte
2631 1186 2801 1255 gna-

258 1279 402 1327 rus.
456 1254 790 1342 Quodque
828 1252 938 1322 his
989 1254 1209 1342 majus
1254 1266 1358 1322 est
1402 1253 1754 1334 omnibus,
1807 1251 2096 1323 credens
2159 1253 2229 1322 in
2271 1253 2635 1323 Dominum
2684 1253 2800 1323 Je-

259 1366 471 1422 sum‚
527 1366 661 1413 non
715 1342 888 1413 Circi
942 1341 1348 1423 furoribuS,
1415 1363 1549 1410 non
1611 1363 1859 1412 arenae
1923 1363 2047 1410 san
2155 1342 2313 1423 ine,
2367 1363 2502 1410 non
2557 1341 2799 1411 theatri

259 1432 535 1503 luxuria
597 1431 1096 1501 delectabatur:
1150 1430 1268 1500 sed
1330 1442 1466 1500 tota
1514 1430 1615 1500 illi
1673 1430 1988 1500 voluntas
2034 1431 2066 1465 ⁴*
2149 1430 2220 1499 in
2272 1430 2613 1501 Ecclesiae
2657 1442 2802 1501 erat

258 1522 809 1612 congregatione.
863 1519 1163 1589 Audiens
1203 1532 1431 1588 autem
1485 1532 1646 1589 tunc
1678 1518 1945 1588 celebre
1994 1540 2241 1589 nomen
2277 1520 2576 1600 Antonii,
2614 1518 2799 1607 quod

260 1632 383 1701 per
428 1631 667 1679 omnes
715 1608 996 1698 Aegypti
1047 1607 1340 1698 populos
1386 1607 1755 1689 ferebatur,
1810 1608 2139 1678 incensus
2178 1608 2443 1678 visendi
2473 1608 2628 1695 ejus
2658 1620 2802 1679 stu-

260 1699 415 1780 dio,
475 1698 765 1788 perrexit
810 1696 895 1766 ad
944 1699 1280 1766 eremum.
1336 1702 1412 1765 Et
1459 1697 1689 1766 statim
1756 1708 1834 1766 ut
1880 1717 2039 1765 eum
2091 1696 2308 1778 vidit,
2365 1710 2622 1766 mutato
2674 1697 2804 1786 pri·

260 1788 442 1857 stino
491 1787 754 1866 habitu,
807 1785 1081 1855 duobus
1120 1785 1259 1854 fere
1311 1786 1665 1854 mensibus
1707 1784 1907 1872 juxta
1952 1807 2113 1854 eum
2165 1786 2446 1867 mansit,
2499 1798 2803 1855 contem-

265 1876 493 1978 platus
539 1875 852 1945 ordinem
903 1874 1076 1943 vitae
1120 1875 1296 1964 ejuS,
1352 1895 1761 1973 morumque
1808 1874 2253 1964 gravitatem:
2305 1895 2512 1961 quam
2564 1876 2803 1945 creber

261 1987 332 2034 in
383 1965 711 2045 oratione,
763 1985 974 2049 quam
1023 1962 1313 2033 humilis
1359 1962 1431 2030 in
1482 1962 1948 2052 suscipiendis
1988 1962 2342 2044 fratribuS‚
2397 1984 2676 2033 severus
2726 1963 2799 2031 in

261 2052 741 2141 corripiendiS,
793 2050 1019 2120 alacer
1069 2051 1137 2120 in
1187 2050 1624 2121 exhortandis
1671 2062 1871 2132 esset,
1924 2062 1989 2120 et
2017 2062 2094 2120 ut
2141 2052 2661 2131 continentiam,
2702 2052 2802 2120 ci-

261 2141 472 2227 bique
517 2142 669 2231 ejus
707 2140 1143 2230 asperitatem
1193 2139 1381 2209 nulla
1420 2160 1732 2227 unquam
1779 2140 2151 2209 infirmitas
2192 2140 2561 2232 frangeret.
2598 2145 2803 2210 Porro

263 2229 714 2316 frequentiam
764 2251 1029 2310 eorum,
1066 2229 1187 2316 qui
1215 2227 1301 2298 ad
1341 2250 1496 2297 eum
1539 2227 1625 2298 ob
1655 2228 1881 2298 varias
1920 2229 2301 2318 passiones,
2347 2241 2467 2298 aut
2500 2229 2802 2318 impetus

263 2318 679 2388 daemonum
731 2318 1254 2395 concurrebant,
1308 2317 1491 2386 ultra
1541 2338 1675 2386 non
1732 2315 1981 2397 ferens,
2038 2339 2161 2387 nec
2210 2340 2596 2419 congruum
2651 2339 2803 2388 esse

264 2406 551 2488 ducens,
607 2406 745 2497 pati
785 2408 852 2476 in
904 2409 1132 2475 eremo
1185 2405 1476 2496 populos
1520 2405 1901 2487 civitatum,
1955 2406 2190 2494 sicque
2239 2408 2372 2477 sibi
2424 2407 2645 2495 magis
2696 2407 2797 2475 in·

265 2495 662 2584 cipiendum
713 2518 883 2575 esse,
940 2496 1017 2565 u‘t
1064 2495 1396 2585 coepisset
1426 2495 1795 2565 Antonius:
1833 2494 2033 2565 illum
2060 2496 2261 2583 quasi
2298 2496 2520 2566 virum
2560 2494 2800 2566 fortem

265 2585 587 2655 victoriae
639 2585 943 2674 praemia
990 2585 1320 2674 accipere,
1353 2605 1425 2653 se
1459 2584 1754 2654 necdum
1795 2584 2088 2654 militare
2121 2586 2451 2675 coepisse,
2490 2606 2803 2654 reversus

259 2685 361 2744 est
407 2696 566 2743 cum
633 2672 1053 2760 quibusdam
1120 2673 1475 2742 monachis
1541 2672 1628 2742 ad
1704 2673 2020 2761 patriam.
2073 2678 2153 2744 Et
2199 2673 2603 2763 parentibus
2645 2673 2797 2759 jam

259 2760 625 2842 defunctis,
729 2776 941 2830 artem
994 2761 1415 2831 substantiae
1462 2761 1815 2842 fratribuS‚
1868 2774 2132 2853 partem
2180 2784 2320 2851 pau
2371 2762 2607 2831 eribus
2664 2760 2801 2829 lar-

313 2852 446 2919 itus
493 2864 593 2919 est
624 2851 656 2885 ⁴*
695 2851 751 2930 *,
814 2849 983 2918 nihil
1035 2850 1162 2920 sibi
1201 2851 1485 2919 omnino
1519 2872 1895 2932 reservans,
1923 2863 1988 2920 et
2025 2851 2276 2919 timens
2308 2851 2327 2918 i
2362 2849 2478 2921 lud
2516 2849 2601 2918 de
2626 2849 2802 2918 Acti-

260 2873 394 3008 ξας
440 2938 915 3029 Apostolorum
965 2941 1264 3008 Ananiae
1312 2953 1376 3008 et
1424 2939 1755 3030 Saphirae
1785 2939 1886 3007 vel
1928 2938 2349 3028 exemplum,
2386 2938 2490 3007 vel
2527 2937 2799 3027 suppli-

263 3027 484 3097 cium:
543 3028 974 3114 maximeque
1023 3028 1293 3097 Domini
1344 3050 1626 3107 memor,
1680 3027 2021 3097 dicentis:
2082 3029 2213 3110 Qui
2262 3050 2393 3097 non
2447 3028 2801 3096 renuncia·

261 3118 431 3184 verit
464 3120 763 3186 omnibus
794 3139 967 3207 quae
993 3117 1210 3199 habet,
1242 3139 1372 3185 non
1398 3128 1611 3207 potest
1638 3138 1825 3185 meus
1857 3138 1995 3184 esse
2021 3117 2392 3206 discipulus
2422 3117 2609 3206 (Luc.
2636 3114 2795 3202 xlv).

261 3209 418 3272 Erat
467 3218 693 3273 autem
748 3217 911 3274 tunc
959 3227 1299 3274 annorum
1353 3203 1777 3291 quindecim.
1832 3205 1939 3273 Sic
1990 3203 2223 3274 nudus
2271 3218 2336 3274 et
2383 3214 2694 3275 armatus
2730 3203 2797 3273 in

264 3293 552 3372 Christo,
584 3292 1052 3373 solitudinem,
1078 3314 1256 3380 quae
1284 3293 1355 3361 in
1380 3293 1670 3383 septimo
1696 3291 2018 3361 milliario
2044 3315 2083 3362 a
2105 3293 2558 3381 Majoma⁴⁰⁸⁸⁴⁸¹⁴²9
2589 3297 2803 3363 Gazae

261 3381 594 3469 emporio,
658 3403 777 3467 per
833 3380 995 3449 litus
1042 3381 1372 3451 euntibus
1419 3386 1799 3471 Aegyptum
1852 3381 1934 3450 ad
1990 3381 2252 3450 laevam
2301 3382 2643 3462 flectitur,
2693 3382 2800 3450 in-

262 3490 544 3559 gressus
592 3484 712 3540 est.
769 3473 1074 3556 Cumque
1121 3481 1349 3539 essent
1396 3481 1681 3539 cruenta
1713 3470 2094 3540 latrociniis
2129 3470 2300 3552 loca,
2334 3483 2399 3541 et
2432 3470 2804 3562 propinqui

262 3557 610 3645 amicique
673 3556 823 3643 ejus
886 3557 1262 3627 imminens
1327 3558 1718 3648 periculum
1766 3559 2317 3640 denunciarent,
2386 3559 2801 3649 contempsit

264 3658 581 3725 mortem,
638 3656 711 3714 ut
760 3658 1050 3715 mortem
1099 3646 1433 3716 evaderet.
1491 3647 1915 3717 Mirabantur
1969 3670 2208 3719 omnes
2271 3649 2612 3732 animum,
2671 3646 2801 3716 mi-

263 3734 599 3804 rabantur
646 3746 957 3814 aetatem,
1015 3734 1147 3806 nisi
1196 3735 1378 3822 quod
1429 3736 1714 3805 flamma
1760 3736 2100 3824 quaedam
2153 3737 2469 3826 pectoris,
2514 3746 2580 3807 et
2620 3735 2804 3804 scin-

265 3823 455 3892 tillae
503 3823 665 3892 fidei
712 3823 783 3891 in
815 3821 1056 3892 ,oculis
1117 3823 1539 3895 relucebant.
1602 3829 1816 3896 Lenes
1870 3838 2065 3895 erant
2111 3846 2330 3915 genae
2360 3879 2375 3907 ‚
2429 3825 2802 3894 delicatum

267 3933 524 4002 corpus
593 3923 656 3980 et
717 3923 968 3993 tenue,
1022 3924 1088 3981 et
1134 3912 1221 3982 ad
1269 3934 1542 3983 omnem
1593 3915 1921 4004 injuriam
1973 3914 2384 4005 impatiens,
2438 3913 2623 4001 quod
2673 3911 2805 3982 levi

266 3999 371 4068 vel
422 4001 698 4091 frigore,
738 4000 842 4069 vel
891 4012 1079 4071 aestu
1136 4014 1361 4090 posset
1407 4002 1644 4094 affligi.

357 4090 393 4175 ξ
438 4093 531 4161 8.
584 4090 804 4180 Igitur
850 4111 1047 4159 sacco
1085 4101 1351 4160 tantum
1405 4092 1719 4163 membra
1748 4104 2134 4182 coopertus,
2181 4103 2247 4161 et
2283 4091 2646 4182 pelliceum
2682 4090 2802 4160 ha-

269 4174 440 4245 bens
483 4178 867 4269 ependyten
914 4177 1136 4260 m,
1201 4200 1406 4266 quem
1469 4180 1573 4249 illi
1642 4181 1883 4250 beatus
1952 4180 2284 4251 Antonius
2341 4178 2803 4272 proficiscenti

319 4320 346 4346 ³*
375 4321 443 4361 Ad
461 4323 602 4363 finem
621 4325 733 4363 anni
751 4325 843 4366 291.
1428 4325 1484 4353 ⁸*
1501 4323 1591 4365 Alli
1613 4326 1778 4374 legunt
1797 4327 2010 4377 voluptas.

320 4373 401 4400 ω’*
430 4375 620 4417 Veteres
636 4375 854 4418 monachi
873 4378 1063 4418 adibant
1081 4378 1409 4419 haereditates.

320 4427 432 4454 *⁸¹⁸⁸*
459 4429 663 4478 Majuma
679 4433 844 4479 portus
868 4442 954 4472 seu
972 4429 1135 4472 navale
1154 4433 1255 4472 erat
1279 4433 1441 4472 Gazae.

321 4479 458 4508 *⁸2¹*
485 4483 724 4535 Epemiyeee
746 4486 933 4526 videtur
954 4495 1061 4527 esse
1078 4485 1304 4536 quaedam
1325 4486 1507 4535 specics
1527 4486 1748 4527 lacernae
1772 4493 1858 4526 seu
1876 4486 1977 4538 sagi
1994 4483 2237 4528 cucullati.
