3347 4999
727 305 855 370 726
1491 323 1570 370 nx
1616 322 1672 369 s.
1726 320 2057 369 faunum
2104 321 2301 370 episc.
2853 302 3013 370 OCT.
3059 306 3123 370 27

635 405 1043 496 simpliciter
1085 405 1469 476 exhibebat.
1514 405 1731 493 quue
1776 405 1943 475 dum
1994 419 2296 495 agerent,
2333 420 2401 476 et
2449 406 2641 496 regni
2692 408 3127 495 gubernacula

637 495 1077 566 Frumentius
1125 495 1403 565 haberet
1436 495 1502 563 in
1542 495 1890 575 manibuS,
1934 499 2064 564 Deo
2099 508 2392 567 mentem
2426 495 2581 582 ejus
2610 508 2674 564 et
2702 495 2934 565 animo
2962 496 3127 564 insti-

636 598 839 674 gante
872 637 887 663 ,
941 584 1287 670 requirere
1332 582 1669 654 sollicitus
1716 583 1976 684 coepit,
2029 583 2084 655 si
2145 585 2265 671 qui
2318 585 2495 653 inter
2534 585 2979 674 negotiatores
3022 590 3128 654 Ro·

635 694 880 742 manos
927 672 1294 743 Christiani
1339 681 1610 755 essent,
1662 685 1729 742 et
1774 673 1947 762 ipsis
2004 685 2402 774 potestatem
2457 673 2828 742 maximam
2875 673 3028 742 dare
3066 694 3128 742 ac
3176 683 3189 712 ⁸

637 782 939 844 monere,
981 774 1060 832 ut
1097 762 1574 832 conventicula
1625 783 1746 851 per
1784 761 1933 831 loca
1964 761 2240 852 singula
2285 760 2608 841 facerent,
2665 761 2747 830 ad
2802 782 2993 848 quae,
3022 767 3126 831 Ro-

638 871 843 920 mano
891 851 1052 931 ritu,
1104 851 1434 921 orationis
1479 855 1690 921 causa
1737 852 2198 920 confluerent:
2253 850 2366 921 sed
2410 864 2476 920 et
2517 851 2661 940 ipse
2693 851 2910 920 multo
2943 851 3126 941 magis

634 937 871 1008 eadem
921 938 1165 1021 facere,
1217 952 1283 1010 et
1329 941 1419 1009 ita
1466 952 1768 1011 caeteros
1813 939 2178 1020 cohortari,
2221 938 2449 1010 favore
2496 951 2561 1008 et
2609 939 2959 1010 beneficiis
2992 938 3126 1007 invi·

638 1039 804 1108 tare,
861 1042 1204 1118 praestare
1250 1028 1588 1117 quidquid
1621 1041 2088 1119 opportunum
2121 1027 2385 1111 fuisset,
2424 1028 2573 1098 loca
2602 1028 2960 1107 aedificiis,
2990 1027 3128 1097 alia-

633 1138 769 1204 que
815 1118 1199 1189 necessaria
1249 1118 1593 1208 praebere,
1635 1132 1704 1187 et
1747 1117 2030 1188 omnino
2076 1117 2349 1207 gestire,
2388 1131 2462 1188 ut
2491 1117 3024 1188 Christianorum
3055 1116 3127 1186 ibi

639 1227 868 1276 semen
918 1220 1337 1298 exsurgeret.

728 1299 768 1374 ἓ
810 1299 895 1368 4.
941 1295 1065 1366 Sed
1102 1317 1259 1365 cum
1297 1295 1527 1386 regius
1567 1315 1739 1385 puer
1768 1294 2194 1375 adolevisset,
2232 1296 2351 1383 qui
2386 1294 2935 1397 procurationem
2971 1315 3035 1363 re
3076 1292 3126 1361 ni

638 1384 986 1474 gerebant,
1038 1384 1324 1474 expletis
1362 1384 1714 1463 omnibus,
1752 1397 1817 1453 et
1862 1406 1940 1453 ex
1989 1383 2124 1453 fide
2172 1384 2464 1466 traditis,
2505 1382 2804 1453 multum
2856 1383 3004 1452 licet
3079 1403 3126 1450 e-

638 1471 1014 1541 tinentibus
1060 1487 1126 1542 et
1159 1473 1562 1564 rogantibus
1612 1485 1689 1541 ut
1737 1484 2112 1553 manerent,
2160 1474 2420 1564 Regina
2460 1471 2558 1541 vel
2597 1471 2764 1548 filio.
2805 1473 2889 1541 ad
2924 1472 3123 1543 urbem

641 1573 869 1631 tamen
919 1572 1221 1632 nostram
1276 1574 1732 1632 revertuntur.
1811 1566 1888 1631 Et
1949 1561 2228 1631 Aedesio
2289 1561 2652 1632 festinante
2699 1567 2996 1651 Tyrum,
3046 1580 3127 1649 pa·

643 1662 868 1718 rentes
917 1651 1478 1740 propinquosque
1532 1650 1863 1732 revisere;
1930 1650 2368 1722 Frumentius
2429 1649 2903 1720 Alexandriam
2955 1646 3125 1739 pergit

639 1737 901 1818 dicens,
944 1760 1240 1826 aequum
1294 1762 1428 1809 non
1462 1759 1635 1819 esse,
1679 1759 1857 1827 opus
1889 1738 2233 1809 occultare
2278 1740 2734 1809 Dominicum.
2775 1739 2986 1828 Igitur
3022 1756 3126 1806 rem

637 1848 939 1908 omnem,
995 1840 1068 1896 ut
1112 1841 1303 1918 gesta
1348 1841 1471 1909 est,
1523 1827 1801 1917 exponit
1849 1828 2218 1917 Episcopo,
2263 1850 2343 1898 ac
2404 1840 2630 1898 monet
2680 1841 2757 1897 ut
2822 1826 3121 1917 provideat

647 1915 869 1986 virum
921 1913 1221 2003 aliquem
1274 1915 1592 2005 dignum,
1652 1937 1884 2003 quem,
1937 1939 2063 1986 con
2123 1920 2372 2018 regatis
2411 1917 2555 2004 jam
2611 1916 2934 2006 plurimis
2976 1912 3126 1984 Chri-

644 2005 909 2086 stianis,
947 2017 1013 2073 et
1043 2004 1352 2075 ecclesiis
1392 2005 1803 2074 constructis
1845 2005 1912 2073 in
1960 2007 2081 2074 bar
2131 2028 2317 2075 arico
2355 2008 2524 2084 loco,
2565 2006 2975 2095 Episcopum
3010 2003 3127 2071 mit-

645 2105 760 2163 tat.
791 2099 962 2162 Tum
1003 2116 1160 2163 vero
1190 2094 1603 2163 Athanasius
1632 2093 1665 2122 ⁸
1688 2095 1880 2183 (nam
1916 2094 1974 2163 is
2006 2116 2226 2184 nuper
2258 2094 2717 2164 sacerdotium
2751 2088 3127 2182 susceperat)

641 2182 965 2252 attentius
1011 2196 1077 2252 et
1117 2184 1528 2272 propensius
1579 2182 1952 2253 Frumentii
1993 2182 2177 2254 dicta
2225 2197 2551 2286 gestaque
2597 2184 3033 2254 considerans
3071 2179 3123 2245 in

646 2269 936 2340 concilio
984 2270 1413 2341 sacerdotum
1450 2326 1465 2351 ‚
1519 2271 1649 2340 ait:
1712 2293 1750 2337 «
1798 2275 1874 2340 Et
1918 2293 2121 2359 quem
2173 2272 2389 2342 alium
2439 2272 2877 2341 inveniemus
2944 2270 3122 2338 virum

639 2358 868 2437 talem,
921 2358 991 2428 in
1041 2381 1178 2447 quo
1220 2360 1307 2432 sit
1357 2360 1652 2450 Spiritus
1707 2361 1844 2439 Dei,
1899 2362 2077 2431 sicut
2126 2362 2192 2429 in
2260 2374 2344 2443 te,
2388 2361 2508 2449 qui
2560 2362 2729 2430 haec
2780 2360 2982 2449 possit
3025 2358 3126 2424 im·

642 2448 873 2539 plere?
905 2469 941 2515 »
991 2453 1067 2518 Et
1114 2448 1361 2519 tradito
1408 2449 1472 2518 ei
1509 2447 1914 2529 sacerdotio,
1971 2449 2192 2521 redire
2224 2473 2380 2521 eum
2417 2471 2573 2520 cum
2614 2449 2884 2519 Domini
2922 2445 3121 2537 gratia,

641 2536 828 2606 unde
875 2551 1169 2619 venerat,
1213 2538 1437 2627 jubet.
1490 2538 1620 2621 Qui
1661 2560 1820 2608 cum
1858 2540 2240 2630 Episcopus
2293 2538 2702 2630 perrexisset
2753 2539 2838 2608 ad
2874 2536 3121 2610 Indiam,

644 2638 829 2695 tanta
875 2626 937 2695 ei
985 2625 1143 2695 data
1189 2648 1337 2696 esse
1399 2649 1438 2696 a
1491 2633 1621 2697 Deo
1668 2628 1996 2696 virtutum
2047 2629 2267 2718 gratia
2325 2628 2601 2707 dicitur,
2652 2641 2734 2697 ut
2803 2627 2991 2717 signa
3037 2640 3126 2711 per

642 2736 801 2784 eum
851 2715 1232 2805 Apostolica
1281 2714 1566 2793 fierent,
1619 2728 1684 2785 et
1733 2715 2045 2785 infinitus
2103 2727 2435 2788 numerus
2516 2716 2961 2785 barbarorum
3004 2731 3127 2781 con·

640 2816 1066 2874 verterentur
1101 2804 1184 2873 ad
1239 2804 1469 2874 fidem.
1523 2810 1616 2873 Ex
1662 2826 1801 2892 quo
1850 2804 2085 2875 Indiae
2139 2806 2447 2895 partibus
2477 2816 2544 2875 et
2579 2804 2817 2895 populi
2853 2800 3125 2874 Christia-

639 2914 887 2963 norum
938 2905 1001 2962 et
1049 2893 1387 2963 Ecclesiae
1433 2893 1648 2964 sactae
1696 2906 1880 2975 sunt,
1932 2908 1996 2963 et
2033 2894 2491 2964 sacerdotium
2532 2894 2781 2981 coepit.
2818 2898 2993 2975 Quae
3024 2907 3119 2956 nos

641 2982 733 3051 ita
781 2995 994 3073 gesta,
1039 3004 1172 3052 non
1222 2983 1546 3071 opinione
1596 2982 1806 3074 vulgi,
1867 2982 1984 3052 sed
2049 2984 2198 3071 ipso
2236 2983 2515 3055 Aedesio
2562 2982 2720 3071 Tyri
2776 2980 3123 3072 presbytero

645 3070 1083 3173 postmodum
1132 3071 1332 3153 facto,
1383 3072 1499 3159 qui
1555 3072 1929 3142 Frumentii
1980 3094 2210 3142 comes
2260 3073 2454 3163 prius
2500 3070 2749 3152 fuerat,
2817 3069 3121 3139 referente,

645 3181 1120 3252 cognovimus.

724 3304 1044 3383 Hucusque
1084 3302 1391 3366 Ruffinus:
1438 3303 1534 3365 his
1575 3301 1742 3363 addit
1784 3301 1997 3364 Petrus
2037 3302 2113 3364 de
2154 3302 2462 3365 Natalibus
2503 3301 2605 3365 lib.
2653 3301 2738 3374 9,
2779 3316 2905 3380 cap.
2948 3296 3044 3360 113
3078 3294 3124 3353 in

658 3386 792 3447 Vita
820 3382 1186 3452 Frumentii,
1230 3398 1370 3443 eum
1415 3383 1662 3460 plenum
1708 3383 2022 3443 sanctitate
2068 3383 2127 3443 in
2175 3399 2312 3459 pace
2355 3383 2658 3458 quievisse
2700 3389 2871 3445 sexto
2899 3377 3010 3440 Kal.
3038 3373 3127 3437 No·

645 3464 942 3537 vembris,
985 3470 1046 3524 et
1087 3461 1349 3539 gloriose
1390 3462 1699 3540 sepultum
1747 3464 1806 3523 in
1851 3466 2013 3539 regia
2056 3462 2307 3524 civitate
2349 3462 2434 3524 ²⁸⁴¹.

699 3618 726 3645 ⁸
752 3613 910 3668 mgni
930 3615 974 3657 8.
999 3612 1241 3655 Athanasii
1260 3614 1415 3672 Yttam
1433 3616 1536 3665 lege
1554 3616 1606 3657 in
1625 3615 1769 3676 §un-to.
1788 3614 1892 3655 Vol.
1914 3614 1966 3660 V.
1983 3625 2088 3665 pag.
2107 3616 2159 3655 87
2177 3615 2265 3655 eto.

698 3672 750 3699 ⁸⁸
780 3671 909 3719 Quae
925 3670 1028 3710 erat
1047 3670 1252 3710 Auxuma
1270 3679 1355 3711 neu
1373 3670 1560 3712 mum.
1589 3669 1705 3709 Vide
1726 3669 1950 3719 superius
1967 3669 2019 3709 in
2038 3670 2083 3710 8.
2101 3669 2300 3710 Arachne
2320 3666 2540 3716 martyris
2561 3666 2679 3706 Vtin.

3234 4694 3264 4800 ii
