3347 4999
722 307 838 368 150
1482 323 1558 368 nn
1607 322 1662 368 s.
1717 321 2060 370 rametsco
2109 321 2293 370 conr.
2891 305 3090 372 OCT.
3158 309 3196 373 4

625 407 1123 498 praetendunt,
1176 420 1240 477 et
1289 408 1428 476 Scri
1488 411 1682 476 turae
1737 407 2240 497 significatione
2288 407 2616 498 figurant.
2673 409 2990 479 Redemit
3045 409 3202 478 fre-

619 510 907 584 quenter
954 517 1204 584 agnOS,
1260 497 1380 583 qui
1473 496 1854 565 ucebantur
1901 497 1985 566 ad
2040 510 2362 576 mortem,
2419 495 2611 567 illius
2651 519 2941 574 ¹memor
3004 500 3198 588 Agni

624 585 994 664 mitissimi,
1031 585 1146 671 qui
1199 583 1282 652 ad
1334 584 1749 654 occisionem
1799 583 1962 653 duci
2012 585 2225 654 voluit
2276 606 2398 674 pro
2449 586 2925 674 peccatoribus
2991 588 3198 655 redi-

623 673 912 743 mendis.
978 673 1328 763 Hospitato
1399 673 1897 760 quadam-vice
1966 676 2168 743 Servo
2245 675 2352 742 Dei
2414 673 2596 763 apud
2671 677 3196 745 monasterium

620 763 836 832 sancti
891 761 1269 831 verecundi
1316 762 1401 830 de
1441 762 1856 850 Episcopatu
1907 762 2227 852 Eugubii,
2280 762 2552 832 ovicula
2596 763 2940 850 quaedam
2980 765 3195 854 agni-

617 852 850 921 culum
904 851 1163 941 peperit
1204 850 1322 919 illa
1374 864 1591 919 nocte.
1644 849 1886 918 Aderat
1935 873 2056 920 sus
2104 850 2569 932 ferocissima,
2613 874 2790 939 quae
2840 855 3024 921 vitae
3077 855 3194 921 in·

621 940 890 1009 nocenti
940 961 1074 1009 non
1130 961 1417 1028 parcens
1454 995 1469 1020 ,
1522 938 1756 1028 rapaci
1821 959 1977 1007 eum
2044 961 2282 1010 morsu
2343 942 2630 1009 necavit.
2683 945 2822 1010 Hoc
2872 941 3129 1010 audito
3163 997 3184 1021 ,

622 1030 778 1120 pius
828 1034 1021 1098 Pater
1080 1028 1253 1097 mira
1320 1028 1801 1118 compassione
1865 1041 2292 1108 commotuS,
2346 1041 2411 1098 et
2467 1031 2630 1117 agni
2693 1031 2842 1098 sine
2895 1031 3194 1100 macula

620 1118 1038 1196 recordatus,
1093 1115 1598 1187 lamentabatur
1633 1137 1756 1205 pro
1792 1129 2006 1184 morte
2051 1116 2355 1206 agniculi
2398 1139 2631 1186 coram
2665 1120 3032 1199 omnibuS,
3079 1119 3193 1187 di-

615 1228 777 1276 cens
812 1230 828 1277 2
872 1229 909 1272 <t
947 1210 1092 1275 Heu
1134 1201 1264 1284 r'ne,
1301 1204 1508 1274 frater
1554 1203 1898 1295 agnicule,
1953 1205 2208 1275 animal
2263 1206 2618 1286 innocenS,
2655 1206 3012 1276 Christum
3061 1208 3193 1277 ho-

620 1295 923 1365 minibus
966 1316 1036 1363 re
1091 1298 1530 1363 raesentansl
1586 1292 1946 1363 maledicta
1999 1294 2086 1363 sit
2132 1294 2371 1385 impia,
2423 1316 2603 1382 quae
2663 1308 2723 1365 te
2775 1295 3184 1376 interfecit,

619 1383 994 1471 nullusque
1075 1405 1111 1452 e
1139 1404 1217 1452 ea
1251 1382 1563 1452 comedat
1596 1382 1825 1462 horno,
1864 1381 1962 1450 vel
2002 1383 2239 1452 bestia.
2265 1406 2298 1448 »
2337 1382 2644 1454 Mirabile
2674 1383 2891 1453 dictu.
2926 1388 3188 1454 Statim

619 1472 958 1542 infirmari
1005 1472 1228 1561 coepit
1304 1494 1484 1541 ›orca
1520 1470 1855 1551 malefica,
1908 1484 1973 1540 et
2013 1472 2234 1542 tribus
2283 1471 2530 1542 diebus
2558 1494 2972 1561 corpoream
3017 1496 3188 1563 poe-

619 1582 775 1630 nam
827 1560 1180 1629 exsolvens
1228 1583 1276 1629 u
1308 1561 1542 1629 tricem
1596 1558 1873 1628 tandem
1930 1561 2206 1649 pertulit
2256 1583 2516 1630 necem.
2570 1560 2874 1648 Projecta
2934 1577 3184 1630 autem

617 1651 686 1717 in
724 1648 976 1718 vallum
1030 1649 1473 1727 monasterii,
1526 1648 1761 1735 ibique
1811 1647 2014 1739 longo
2063 1662 2368 1737 tempore
2404 1651 2692 1739 jacenS,
2749 1652 2819 1719 in
2876 1651 3184 1720 modum

618 1737 889 1808 tabulae
937 1737 1316 1817 desiccata,
1373 1736 1544 1807 nulli
1597 1736 1727 1805 fuit
1782 1759 1936 1806 esca
1986 1737 2323 1806 famelico.
2381 1737 2693 1808 Advertat
2758 1739 2780 1807 i
2835 1738 2984 1808 itur
3049 1741 3187 1809 hu·

617 1848 824 1896 mana
858 1829 1200 1916 impietaS,
1235 1826 1424 1913 quali
1456 1828 1671 1916 poena
1721 1826 1808 1894 sit
1837 1825 2138 1895 ferienda
2171 1825 2488 1907 finaliter,
2543 1828 2600 1897 si
2637 1841 2771 1897 tam
2865 1829 3182 1897 orrenda

619 1929 831 1985 morte
871 1936 1197 2015 percussa
1232 1928 1334 1984 est
1379 1915 1694 1983 ferocitas
1730 1913 2059 1983 bestialis.
2096 1917 2475 2005 Perpendat
2505 1929 2571 1984 et
2605 1916 2829 1985 fidelis
2860 1916 3180 1996 devotio,

612 2026 819 2091 quam
874 2026 942 2072 tn
993 2009 1196 2072 Servo
1245 2005 1358 2072 Dei
1411 2004 1624 2092 pietas
1672 2002 1876 2071 fuerit
1925 2003 2372 2073 admirandae
2426 2006 2695 2074 virtutis
2739 2017 2806 2072 et
2838 2006 3184 2094 copiosae

617 2091 1031 2173 dulcedinis,
1089 2106 1164 2161 ut
1207 2093 1268 2161 ei
1318 2090 1769 2182 applauderet
1817 2113 1944 2160 suo
1994 2092 2195 2161 modo
2241 2094 2444 2163 etiam
2484 2108 2729 2162 natura
2765 2094 3180 2164 brutorum.

615 2187 748 2250 Iter
793 2182 975 2250 enim
1028 2180 1285 2249 faciens
1326 2181 1520 2268 juxta
1569 2179 1911 2249 civitatem
1965 2185 2358 2262 senensem,
2430 2182 2689 2250 invenit
2749 2182 2817 2250 in
2881 2184 3186 2271 pascuis

618 2291 944 2359 magnum
997 2270 1224 2339 ovium
1278 2291 1579 2360 gregem.
1634 2272 1818 2350 Quas
1866 2291 2027 2339 curn
2079 2270 2376 2357 benigne
2420 2270 2530 2359 (ut
2567 2282 2712 2338 erat
2747 2268 3045 2359 solitus)
3073 2294 3184 2341 sa-

616 2358 923 2438 lutasset,
980 2357 1213 2427 relicto
1264 2372 1485 2447 pastu,
1537 2373 2000 2427 cucurrerunt
2045 2379 2284 2427 ornnes
2333 2358 2417 2427 ad
2453 2379 2664 2428 eum:
2701 2358 3183 2447 ¹levantesque

613 2446 835 2536 capita
872 2469 1019 2528 sua,
1051 2448 1293 2518 erectis
1325 2448 1392 2517 in
1425 2467 1583 2516 eum
1616 2444 2002 2517 luminibus
2038 2446 2503 2516 intendebant.
2549 2452 2840 2517 Tantum
2871 2449 3178 2535 quidem

616 2536 678 2604 ei
711 2534 1016 2605 fecerunt
1050 2536 1465 2627 applausum
1546 2547 1623 2603 ut
1669 2551 1734 2604 et
1785 2550 2092 2625 pastores
2140 2537 2560 2606 mirarentur
2605 2551 2668 2606 et
2701 2536 2969 2615 fratres,
3023 2561 3181 2607 cer-

620 2637 853 2694 nentes
900 2625 1080 2694 circa
1116 2627 1343 2714 ipsum
1398 2639 1543 2694 tam
1583 2625 1815 2694 ovium
1866 2647 2082 2713 agnos
2113 2680 2128 2704 ,
2194 2647 2402 2712 quam
2457 2628 2643 2714 ipsos
2697 2628 2948 2695 arietes
2985 2682 3003 2706 ,
3075 2628 3176 2697 sic

617 2714 1021 2783 mirabiliter
1066 2714 1469 2784 exultantes

624 2862 629 2865 ,
700 2805 925 2889 ξὸθ.
972 2801 1115 2872 Alio
1175 2824 1448 2890 quoque
1488 2816 1820 2893 ‚tempore
1885 2801 2068 2891 apud
2135 2803 2493 2871 Graecium
2557 2802 2755 2871 vivus
2819 2802 2982 2871 Viro
3061 2806 3173 2872 Dei

611 2891 884 2961 oblatus
911 2891 1041 2960 fuit
1091 2891 1538 2981 lepusculus;
1590 2892 1710 2978 qui
1769 2890 1942 2959 liber
1992 2891 2061 2958 in
2108 2904 2281 2960 terra
2319 2891 2604 2978 posituS,
2660 2911 2816 2959 curn
2872 2905 3175 2979 posset,

609 3002 746 3066 quo
785 2979 1005 3059 vellet,
1042 2981 1382 3070 effugere,
1441 2992 1722 3051 vocante
1771 3000 1842 3048 se
1901 2984 2091 3048 Patre
2140 2978 2296 3048 beni
2354 2999 2490 3059 nc,
2548 2979 2615 3046 in
2679 2979 2914 3048 sinum
2973 2979 3176 3051 illius

616 3088 902 3157 propero
947 3091 1160 3138 cursu
1208 3068 1502 3139 saltavit.
1558 3072 1772 3150 Quem
1825 3068 1971 3157 ipse
2025 3068 2134 3156 pio
2182 3089 2299 3137 cor
2355 3067 2411 3138 is
2472 3067 2723 3136 affectu
2784 3068 3174 3139 circumso-

613 3178 800 3233 vens,
840 3156 1199 3226 videbatur
1243 3157 1464 3226 eidem
1516 3157 1812 3246 compati
1848 3156 2050 3243 quasi
2101 3170 2338 3235 mater,
2383 3154 2710 3243 dulcique
2743 3156 3173 3227 allocutione

608 3246 1134 3325 commonitum,
1193 3267 1274 3312 ne
1306 3268 1378 3314 se
1413 3247 1657 3316 iterum
1710 3245 1864 3333 capi
1921 3245 2359 3333 permitteret,
2416 3243 2708 3315 liberum
2760 3244 2959 3314 abire.
3011 3268 3171 3335 per·

616 3333 821 3401 misit.
878 3339 1184 3420 Cumque
1234 3333 1491 3423 pluries
1539 3336 1609 3402 in
1663 3347 1842 3403 terra
1887 3333 2148 3422 positus
2195 3347 2271 3402 ut
2316 3334 2733 3415 abscederet,
2774 3355 3060 3422 semper
3096 3338 3166 3402 in

610 3421 842 3489 sinum
895 3423 1107 3509 patris
1156 3421 1449 3509 rediret,
1507 3437 1854 3509 tamquam
1896 3421 1955 3491 si
1994 3443 2202 3492 sensu
2250 3422 2548 3509 quodam
2609 3422 2876 3491 occulto
2926 3424 3169 3493 cordis

612 3510 832 3597 ipsius
883 3510 1259 3600 perciperet
1312 3512 1623 3600 pietatem
1662 3533 1678 3590 ;
1734 3511 2008 3579 tandem
2054 3510 2260 3597 jussu
2309 3510 2525 3580 Patris
2570 3534 2613 3579 a
2658 3509 2997 3580 fratribus
3047 3512 3169 3580 de-

611 3598 792 3668 latus
839 3611 941 3667 est
988 3598 1070 3667 ad
1124 3598 1271 3669 loca
1319 3598 1716 3669 solitudinis
1781 3598 2056 3669 tutiora.
2104 3598 2299 3667 Modo
2361 3620 2635 3687 quoque
2681 3600 3040 3669 consimili
3091 3603 3167 3669 in

613 3687 842 3758 insula
885 3687 1077 3757 lacus
1126 3688 1435 3757 Perusini
1476 3687 1843 3758 cuniculus
1925 3687 2161 3757 uidam
2201 3700 2468 3777 captuS,
2521 3700 2586 3757 et
2632 3688 2776 3757 viro
2817 3690 2936 3758 Dei
2967 3689 3170 3759 obla-

611 3789 746 3856 tus,
799 3797 958 3846 cum
1000 3790 1301 3846 caeteros
1347 3776 1612 3867 fugeret
1642 3831 1657 3857 ‚
1715 3776 1897 3845 mani
1954 3799 2040 3846 us
2086 3776 2235 3866 ejus
2282 3790 2346 3846 et
2395 3776 2555 3847 sinu
2589 3831 2604 3858 ‚
2659 3798 2731 3847 se
2778 3777 3170 3849 domestica

610 3865 973 3935 securitate
1019 3865 1386 3935 commisit.
1441 3871 1565 3935 Per
1614 3865 1842 3934 lacum
1895 3865 2259 3934 Reatinum
2313 3864 2535 3934 eidem
2587 3865 2675 3934 ad
2723 3869 3040 3936 eremum
3082 3868 3172 3936 de

610 3954 890 4024 Graecio
942 3955 1359 4045 properanti,
1403 3955 1703 4044 piscator
1727 3975 1940 4022 unam
1981 3975 2062 4023 ex
2093 3954 2447 4023 devotione
2494 3954 2873 4037 fiuvialem,
2909 3955 3172 4026 obtulit

610 4064 829 4112 avem.
882 4048 1097 4126 Quam
1148 4065 1310 4113 cum
1362 4043 1655 4114 libenter
1702 4055 2094 4132 susceptam
2144 4044 2400 4132 apertis
2449 4043 2768 4113 invitaret
2831 4045 3170 4115 manibus

607 4131 693 4200 ad
746 4152 1115 4213 recessum,
1172 4154 1294 4201 nec
1341 4132 1460 4202 illa
1512 4131 1709 4202 vellet
1754 4132 1969 4211 abire,
2025 4132 2271 4202 erectis
2320 4132 2390 4201 in
2440 4132 2707 4202 coelum
2745 4132 3000 4211 oculis,
3038 4134 3173 4204 diu

568 4221 680 4289 .in
733 4221 1040 4290 oratione
1089 4223 1513 4311 permansit:
1565 4236 1631 4291 et
1661 4221 1864 4308 quasi
1912 4219 2196 4291 aliunde
2249 4234 2397 4311 post
2445 4220 2726 4311 longam
2777 4220 3024 4291 horam
3078 4222 3172 4291 ad

611 4331 683 4379 se
746 4331 1101 4392 reversuS,
1157 4309 1451 4381 dulciter
1516 4310 1754 4381 iterato
1805 4308 2161 4379 mandavit
2223 4309 2576 4391 aviculae,
2643 4323 2721 4379 ut
2788 4311 3175 4380 Dominum

609 4398 974 4469 laudatura
1025 4398 1386 4469 recederet.
1442 4402 1772 4489 Suscepta
1822 4398 2051 4486 itaque
2099 4420 2257 4467 cum
2310 4397 2788 4468 benedictione
2848 4397 3169 4479 licentia,
