3347 4999
175 325 368 392 OCT.
427 326 504 390 14
861 343 940 389 ns
988 343 1044 390 s.
1101 342 1398 392 nonnemo
1448 343 1750 391 nomene
1798 343 2072 390 naemu
2515 328 2644 393 4⁴9

172 429 266 499 ad
327 428 551 496 imum
604 426 912 496 defluant
951 427 1450 516 pavimentum,
1504 429 1632 497 hoc
1682 428 1886 497 etiam
1926 428 2127 497 nobis
2167 428 2236 496 in
2286 451 2365 499 eo
2414 429 2735 499 intolera-

171 518 326 588 bile
375 516 758 597 videbatur‚
794 516 959 602 quia
1005 538 1162 584 cum
1213 517 1283 584 in
1325 519 1554 587 eremo
1600 530 1664 586 et
1711 538 1945 586 ocreas
1990 517 2286 586 nesciret
2330 531 2394 587 et
2438 518 2729 601 calceOS,

168 621 411 677 vestes
461 619 686 674 tamen
735 604 886 694 ejus
931 604 1019 673 ad
1076 605 1276 675 tibias
1328 606 1435 674 vix
1489 605 1750 675 medias
1816 604 2349 675 descendebant.
2419 608 2733 678 Nudatus

172 708 421 767 autem
483 693 571 762 ad
639 693 1154 783 suscipiendam
1205 695 1276 762 in
1327 693 1630 784 capitulo
1680 692 2168 783 disciplinam,
2234 694 2420 782 quod
2471 695 2735 766 scilicet

171 805 550 871 nunquam
599 783 910 851 omittere
973 782 1285 863 volebat,
1339 783 1555 853 exesis
1595 781 1861 871 jejunio
1922 781 2248 852 membris
2286 838 2301 864 ,
2355 797 2419 853 et
2467 796 2733 853 amatae

176 874 449 945 loricae
487 870 665 941 mole
712 871 1001 953 detritis,
1040 871 1503 961 Aethiopicam
1533 872 1957 941 contraxisse
1992 871 2421 961 nigredinem
2458 871 2735 941 videba-

172 977 317 1034 tur.
377 961 794 1030 Vestimenta
833 982 986 1030 vero
1022 960 1251 1030 lurida
1281 972 1346 1029 et
1373 960 1664 1041 cariosa,
1698 974 1774 1030 ut
1809 962 1899 1029 ita
1933 959 2247 1042 dixerim,
2306 961 2724 1030 videbantur

172 1063 524 1121 vetustate
569 1071 856 1118 consum
915 1063 1004 1118 ta.
1045 1054 1186 1118 Hoc
1228 1048 1397 1117 mihi
1431 1071 1634 1139 saepe
1657 1049 1972 1119 dicebat:
2012 1073 2049 1116 «
2078 1054 2153 1118 In
2184 1050 2345 1119 hoc.
2426 1049 2735 1120 ¹almodia

174 1138 508 1232 provenit
553 1138 686 1208 cito
733 1160 860 1226 psa
893 1137 1082 1218 lenti,
1137 1138 1193 1209 si
1225 1137 1431 1207 corde
1479 1138 1683 1207 verba
1734 1152 1977 1219 teneat,
2031 1138 2090 1208 si
2136 1160 2312 1225 quae
2349 1073 2600 1228 pisnkua
2633 1138 2734 1208 lo-

171 1229 451 1318 quitur,
495 1248 693 1297 --en's
762 1227 1091 1296 veraciter
1136 1226 1698 1316 comprehendat.
1751 1226 2069 1314 Alioquin
2121 1227 2181 1297 si
2228 1249 2346 1297 cor
2395 1241 2681 1316 vagatur
2711 1283 2728 1309 ,

174 1317 625 1409 psalmorum
676 1337 927 1385 cursus
975 1315 1057 1384 ad
1110 1315 1316 1385 finem
1346 1369 1362 1396 ‚
1410 1315 1647 1405 lingua
1708 1337 1895 1385 nunc
1962 1315 2259 1396 fallente,
2316 1338 2501 1384 nunc
2551 1329 2733 1405 tepe-

174 1419 446 1485 scente,
501 1404 691 1473 tarde
744 1403 1164 1492 perducitur.
1208 1427 1242 1470 »
1292 1405 1531 1491 Ajebat
1563 1405 1799 1483 etiam,
1845 1405 2010 1492 quia
2049 1426 2373 1474 somnum
2442 1427 2730 1475 somnus

173 1496 493 1572 adescat,
550 1507 615 1562 et
663 1491 932 1582 vigilias
971 1492 1247 1581 vigiliae
1300 1493 1597 1582 pariunt.
1652 1499 1818 1563 Nam
1871 1515 2123 1584 corpus
2189 1493 2602 1572 humanum,
2659 1494 2731 1562 in

169 1607 313 1672 quo
372 1580 709 1673 paulatim
763 1582 956 1670 prius
985 1583 1357 1663 enutritur,
1400 1583 1468 1650 in
1498 1582 1624 1651 hoc
1667 1603 1788 1672 per
1827 1582 2249 1651 incrementa
2292 1583 2730 1671 postmodum

172 1675 575 1744 roboratur.

263 1770 302 1844 ἓ
353 1765 504 1833 14.
561 1757 688 1828 Sed
741 1757 850 1826 hic
902 1780 1009 1827 me
1056 1759 1407 1916 quisgdam
1459 1758 1748 1835 fortasse
1791 1759 2188 1849 redarguat,
2241 1759 2364 1846 qui
2417 1758 2733 1829 videlicet

173 1873 317 1921 non
366 1862 536 1928 tam,
576 1868 779 1934 quem
817 1847 1088 1916 vivendi
1130 1869 1206 1917 or
1257 1849 1439 1917 inem
1477 1848 1590 1917 Vir
1624 1862 1907 1919 sanctus
1942 1848 2280 1930 habuerit,
2320 1847 2437 1918 sed
2477 1848 2736 1935 quibus

174 1935 557 2008 miraculis
602 1937 672 2004 in
711 1935 839 2004 hac
889 1935 1026 2005 vita
1072 1935 1419 2006 claruerit.
1474 1937 1717 2006 audire
1755 1936 2052 2006 festinat.
2117 1937 2236 2006 Cui
2284 1959 2393 2006 me
2442 1936 2736 2006 breviter

169 2030 308 2099 hoc
361 2025 785 2114 respondere
834 2024 1132 2095 sufficiat
1151 2051 1173 2090 ,ε
1222 2026 1548 2112 quoniam
1597 2039 1662 2096 et
1710 2027 1943 2108 Maria,
1987 2039 2052 2096 et
2094 2032 2397 2095 Joannes
2432 2026 2734 2115 Baptista

171 2114 612 2186 miraculum
663 2112 906 2182 fecisse
953 2136 1089 2183 non
1143 2114 1416 2203 legitur,
1462 2137 1622 2184 cum
1669 2128 1900 2185 tamen
1944 2137 2181 2184 eoru-m
2235 2114 2368 2183 vita
2401 2137 2532 2183 non
2562 2135 2731 2200 qua-

171 2205 345 2277 libet
398 2204 776 2291 scriptura,
812 2202 927 2272 sed
962 2203 1328 2292 Evangelio
1361 2216 1646 2274 testante
1676 2217 2014 2273 narretur.
2040 2209 2481 2290 ¹Quamquam
2520 2203 2732 2272 Maria

171 2295 243 2363 in
299 2292 461 2365 solo
514 2304 740 2382 partu,
778 2312 985 2378 quem
1035 2291 1272 2372 edidit,
1308 2293 1623 2361 omnium
1663 2292 2123 2382 proculdubio
2159 2297 2561 2362 Sanctorum
2601 2292 2732 2360 vir·

172 2390 358 2454 tutes
422 2403 502 2449 ac
552 2380 750 2470 signa
821 2379 1190 2468 praecellit.
1256 2385 1399 2450 Hoc
1456 2382 1659 2450 etia-m
1742 2380 2076 2461 inferam,
2133 2382 2298 2468 quia
2346 2381 2731 2451 uberiorem

173 2472 499 2543 fructum
553 2468 832 2559 praebet
879 2468 1323 2539 audientibus
1372 2474 1775 2540 Sanctorum
1830 2470 2131 2541 virorum
2168 2470 2510 2540 mirabilis
2566 2471 2725 2552 vita,

171 2584 387 2650 quam
462 2573 738 2629 ostensa
816 2557 1177 2627 miracula.
1233 2558 1358 2628 Illa
1408 2558 1747 2646 siquidem
1812 2561 2021 2649 exigit
2068 2559 2548 2639 imitationem,
2604 2560 2735 2630 ista

173 2651 398 2720 solam
485 2649 811 2737 ingerunt
877 2646 1433 2716 admirationem.
1489 2648 1817 2718 Miracula
1881 2648 2156 2725 docent,
2218 2648 2564 2735 quomodo
2630 2646 2734 2716 itti

178 2739 410 2810 sancti
461 2735 686 2815 fuere;
741 2735 877 2804 vita
937 2757 1093 2805 vero
1143 2735 1477 2815 insinuat,
1534 2737 1829 2824 qualiter
1876 2750 1941 2806 et
1988 2759 2172 2806 nunc
2221 2737 2535 2805 homines
2589 2735 2734 2804 fieri

179 2827 461 2897 valcant
495 2823 738 2896 sancti..
789 2828 1152 2913 Propterea
1198 2825 1319 2912 qui
1367 2826 1785 2896 miraculum
1828 2825 2127 2913 quae-ris,
2174 2847 2308 2893 non
2361 2847 2447 2894 ne
2480 2823 2604 2893 tibi
2637 2824 2733 2891 vi-

145 2915 390 3000 detu-r
424 2936 576 2984 esse
617 2911 956 2993 mirabile,
1001 2913 1349 2982 hominem
1403 2913 1632 3005 fragili
1682 2915 1909 2983 adhuc
1942 2935 2147 2983 carne
2194 2912 2727 2990 circumdatum,

179 3005 542 3095 Angelitus
588 3002 698 3092 (ut
731 3003 821 3070 ita
855 3000 1128 3092 loq-nar)
1165 3003 1435 3084 vivere,
1490 3003 1657 3072 adeo
1708 3016 1784 3073 ut
1830 3003 2007 3072 inter
2045 3000 2563 3090 quamplurima
2612 3001 2734 3069 ho-

182 3095 459 3162 minurn
507 3090 733 3159 millia
765 3145 780 3168 ,
834 3091 944 3187 vix
988 3114 1209 3160 unum
1260 3092 1322 3159 ei
1380 3092 1678 3161 similem
1752 3092 1976 3161 valeas
2033 3090 2377 3179 reperire?
2425 3094 2502 3158 Et
2546 3101 2729 3158 certe

183 3180 646 3271 quamplures
700 3177 901 3249 hodie
961 3192 1125 3250 sunt
1183 3179 1524 3249 inferioris
1593 3181 1766 3249 vitae
1801 3233 1817 3260 ,
1874 3201 1993 3270 per
2050 3201 2226 3265 quos
2292 3183 2465 3249 Deus
2513 3179 2734 3248 omni·

184 3285 437 3359 potens
485 3267 554 3336 di
608 3282 815 3338 natur
881 3267 1203 3339 virtu-tem
1252 3268 1630 3339 ostendere.

277 3361 313 3446 ἓ
359 3360 507 3430 15.
597 3377 723 3426 esu
773 3369 958 3438 teste,
990 3379 1125 3426 non
1162 3357 1476 3438 mentior,
1514 3357 1678 3444 quia
1710 3356 2003 3426 necdum
2040 3369 2175 3428 tres
2211 3378 2482 3427 menses
2514 3354 2732 3445 elapsi

188 3461 395 3527 sunt,
449 3467 533 3514 ex
579 3466 716 3531 quo
761 3444 846 3514 ad
924 3467 1033 3514 me
1081 3446 1147 3513 in
1206 3448 1536 3536 Samugni
1587 3445 1901 3515 videlicet
1947 3447 2175 3515 eremo
2224 3445 2682 3515 diversantem
2711 3498 2727 3524 ,

186 3533 328 3605 duo
377 3533 848 3604 adolescentes
901 3534 1217 3602 monachi
1275 3548 1631 3612 venerunt,
1688 3557 1983 3621 quorum
2036 3535 2206 3603 alter
2252 3535 2336 3603 de
2385 3533 2735 3623 Spoletina

183 3622 639 3702 monarchia,
696 3622 866 3691 alter
914 3645 1069 3692 vero
1117 3623 1200 3691 de
1248 3625 1561 3693 Venetiae
1610 3623 1917 3693 dominio
1949 3677 1963 3704 ,
2017 3624 2282 3693 Polensi
2333 3623 2367 3658 ¹*
2417 3622 2739 3691 videlicet

175 3712 378 3791 urbe,
432 3711 765 3782 oriundos
815 3732 887 3779 se
926 3732 1076 3781 esse
1123 3711 1468 3782 dixerunt.
1525 3713 1648 3781 Sed
1688 3718 2007 3793 Venetus„
2044 3712 2372 3782 vocabulo
2403 3709 2720 3791 Michael,

179 3799 361 3870 sicut
415 3799 612 3869 nobis
661 3799 732 3872 in
782 3798 1211 3870 confessione
1262 3802 1632 3889 perhibuit,
1702 3802 1772 3869 in
1844 3803 1994 3890 ipso
2044 3823 2210 3870 suae
2258 3799 2730 3869 conversionis

176 3885 405 3971 initio,
459 3888 720 3959 circulo
770 3887 987 3957 ferreo
1014 3889 1145 3958 sub
1181 3890 1307 3959 hac
1338 3889 1663 3959 desiderii
1700 3891 1808 3960 sui
1841 3890 2156 3980 pactione
2187 3912 2259 3958 se
2292 3887 2723 3967 constrinxit,

181 3995 440 4065 rogans
492 3977 605 4047 Dei
654 3976 1146 4067 omnipotentis
1195 3978 1442 4049 obnixe
1491 3978 1953 4061 clementiam,
2009 3992 2083 4048 ut
2131 4001 2289 4048 cum
2342 3977 2569 4046 locum
2624 3999 2731 4045 sa-

181 4060 314 4131 luti
346 4088 512 4136 suae
546 4088 932 4156 congruum
972 4067 1320 4157 reperiret,
1361 4066 1720 4136 confestim
1768 4067 1880 4136 ille
1919 4068 2229 4136 circulus
2270 4067 2723 4156 frangeretur.

184 4152 399 4248 Porro
447 4168 672 4226 autem
725 4156 876 4245 ipso
915 4154 1049 4236 die,
1084 4178 1221 4243 quo
1269 4158 1576 4225 eremum
1634 4178 1848 4226 novus
1901 4156 2147 4244 hospes
2196 4157 2552 4243 ingressus
2599 4167 2723 4234 est,

187 4257 299 4305 le
353 4258 501 4328 post
550 4244 756 4314 trium
810 4244 1136 4313 horarum
1189 4247 1510 4334 spatium,
1565 4243 1731 4313 dum
1787 4245 1962 4314 beati
2010 4243 2355 4314 Benedicti
2390 4243 2724 4333 regu-lam,

193 4400 630 4505 Ῑιὲΐίξθὲῖιῗέἓίίῖιῒιέ
659 4412 770 4452 urbs
802 4415 874 4453 est
904 4406 1124 4456 nisti-ize,
1151 4421 1177 4450 a
1212 4410 1408 4455 ColchiS,
1436 4411 1488 4448 ut
1518 4409 1681 4454 fertur,
1710 4408 1916 4454 titulata,
1949 4411 2086 4459 atque
2119 4417 2146 4448 a
2177 4405 2399 4449 Emissis
2421 4405 2737 4457 scriptoribus
