3347 4999
298 327 473 394 OCT.
529 329 608 393 Μ
969 347 1046 390 ns
1094 347 1147 393 s.
1202 342 1504 391 nommco
1551 343 1853 391 Lomcno
1900 346 2171 392 naemu
2617 331 2746 395 4⁴3
2787 374 2789 377 v

299 431 724 503 sacrosancti
759 429 996 499 altaris
1044 449 1383 517 usurpare
1424 427 1886 497 ministerium
1923 450 2057 497 non
2103 431 2586 521 praesumpsit.
2636 432 2837 524 Virgo

294 542 520 608 usque
557 519 641 588 ad
686 519 951 589 obitum
993 516 1142 597 fuit,
1195 518 1404 585 vitam
1453 516 1871 584 eremiticam
1925 538 2061 585 non
2111 519 2380 587 omisit:
2435 520 2554 589 ubi
2624 522 2832 591 nimi-

297 630 454 678 rum
494 609 625 678 sub
675 608 1067 696 magisterio
1117 605 1332 677 sancti
1383 605 1509 673 viri
1556 605 1868 685 mannis,
1921 606 2042 692 qui
2091 606 2445 676 dicebatur
2476 608 2561 677 de
2610 614 2835 680 Monte

300 697 552 766 Feretri
584 697 642 778 ⁸⁸,
684 695 1145 786 perplurimos
1193 694 1355 763 vixit
1400 697 1751 763 annos.1n
1792 693 1912 762 illa
1960 694 2172 784 igitur
2202 698 2453 776 eremo,
2494 719 2669 783 quae
2702 699 2834 767 sci-

299 785 459 856 licet
504 799 649 855 erat
697 787 764 853 in
818 784 1115 875 regione,
1155 804 1331 869 quae
1370 782 1624 851 dicitur
1680 782 1975 865 Luceoli,
2041 785 2430 865 constituta,
2489 785 2724 855 decem
2773 800 2839 856 et

299 887 452 944 octo
484 874 893 944 videbantur
939 871 1227 942 cellulae
1273 870 1357 940 ad
1396 871 1848 940 habitandum
1882 871 2210 943 fratribus
2265 872 2661 962 deputatae,
2714 875 2837 945 ubi

301 963 635 1032 nimirum
687 962 817 1032 sub
867 962 995 1031 hac
1028 960 1265 1051 regula
1297 960 1671 1040 vivebatur,
1704 973 1780 1029 ut
1811 980 2166 1049 nunquam
2213 962 2450 1031 vinum
2498 962 2832 1042 biberent,

300 1073 663 1139 nunquam
713 1052 916 1141 adipe
962 1049 1289 1118 alimenta
1320 1048 1701 1129 condirent,
1755 1050 2083 1118 nnumin
2135 1051 2486 1120 Dominica
2535 1051 2668 1132 die,
2718 1052 2838 1121 sed

303 1153 368 1210 et
413 1142 656 1227 quinta
705 1140 871 1208 feria
920 1139 1353 1228 pulmentum
1392 1148 1765 1218 sumerent,
1820 1139 2126 1225 quinque
2160 1160 2281 1228 per
2327 1138 2834 1210 hebdomadam

303 1228 553 1299 diebus
594 1229 663 1298 in
716 1249 892 1319 pane
937 1238 1003 1296 et
1042 1248 1219 1314 aqua
1252 1226 1598 1314 jejunium
1637 1224 2081 1309 celebrarent,
2122 1227 2285 1298 solis
2317 1241 2547 1298 autem
2589 1230 2838 1298 oratio-

304 1319 513 1388 nibus
558 1331 899 1396 vacantes‚
954 1315 1055 1385 vel
1105 1335 1438 1385 manuum
1490 1313 1817 1405 operibus
1871 1316 2285 1397 insistenteS,
2342 1338 2478 1385 non
2541 1317 2839 1407 agricul-

307 1420 533 1476 turam
577 1405 999 1485 exercebant,
1039 1425 1174 1473 non
1221 1403 1521 1503 praedia,
1555 1402 1654 1473 vel
1687 1404 1986 1491 aliquam
2040 1406 2523 1486 substantiam,
2626 1419 2843 1476 raeter

303 1517 526 1566 unum
579 1495 1027 1585 sagmarium,
1061 1491 1523 1583 possidebant.
1561 1497 1726 1562 Cum
1761 1514 1898 1579 quo
1930 1493 2190 1562 scilicet
2237 1493 2469 1573 aselle,
2502 1517 2579 1563 ve
2635 1515 2835 1582 equo,

297 1606 491 1654 unus
529 1597 674 1652 erat
719 1583 1057 1662 minister,
1110 1581 1230 1667 qui
1263 1579 1362 1649 vel
1412 1580 1496 1649 ad
1533 1581 2012 1669 acquirendaS,
2049 1582 2147 1650 vel
2200 1581 2282 1650 ad
2321 1583 2659 1664 terendas,
2698 1584 2843 1652 fru-

306 1694 425 1763 ges
467 1671 870 1741 indeficiens
917 1669 1392 1750 discurrebat,
1447 1669 1772 1757 solusque
1817 1692 1932 1740 eos
1991 1670 2260 1740 cunctis
2318 1672 2843 1741 necessitatibus

306 1761 755 1840 sustentabat,
791 1766 1089 1829 Joannes
1129 1758 1422 1828 scilicet:
1460 1758 1581 1845 qui
1630 1759 2070 1849 postmodum
2132 1759 2261 1829 loci
2320 1759 2541 1829 Abbas
2589 1760 2833 1841 factuS,

309 1850 441 1919 sub
491 1850 775 1919 honesta
824 1848 993 1917 rexit
1025 1847 1620 1916 administratione
1649 1861 2085 1918 conventum.
2125 1848 2418 1917 Tenebat
2463 1861 2692 1918 autem
2724 1870 2843 1938 per

307 1951 522 2008 totam·
581 1936 1082 2006 hebdomadam
1148 1935 1457 2004 districta
1513 1939 1807 2006 censura
1869 1935 2217 2005 silentium
2252 1991 2267 2018 ,
2320 1936 2500 2023 quod
2551 1938 2790 2024 utique
2821 1992 2836 2019 ,

307 2026 662 2095 Dominica
710 2025 843 2106 die,
890 2038 1041 2115 post
1088 2045 1466 2114 vesperam,
1519 2025 1892 2111 cibumque
1939 2024 2298 2106 solventes,
2354 2025 2697 2095 habebant
2742 2025 2842 2094 lo-

309 2115 572 2203 quendi
611 2114 898 2183 invicem
942 2134 1163 2200 usque
1211 2112 1292 2182 ad
1335 2112 1815 2202 completionis
1852 2113 2156 2183 officium
2191 2113 2594 2184 libertatem.
2623 2113 2839 2185 Nudis

308 2217 658 2294 praeterea
681 2202 973 2289 pedibus
996 2215 1061 2271 et
1081 2201 1402 2271 cruribus
1420 2201 1682 2291 jugiter
1698 2202 1768 2270 in
1793 2201 2063 2271 cellulis
2095 2203 2564 2272 morabantur.
2586 2202 2844 2272 DixitM

309 2305 539 2362 autem
581 2291 778 2372 mihi,
812 2291 971 2377 quia
1004 2313 1165 2361 cum
1199 2289 1618 2359 cohabitaret
1663 2290 1940 2370 Ausum,
1973 2290 2291 2381 religioso
2323 2291 2637 2361 videlicet
2665 2292 2837 2373 vim,

308 2402 513 2468 quem
546 2393 609 2449 et
636 2380 812 2482 ‘ipse
854 2379 1012 2460 vidi,
1044 2378 1350 2465 quotidie
1392 2400 1509 2468 per
1554 2400 1796 2448 omnes
1840 2380 2210 2448 canonicas
2247 2380 2351 2416 μ*
2398 2379 2843 2470 disciplinam

303 2469 592 2539 sibimet
630 2490 920 2538 invicem
972 2488 1335 2557 scoparum
1378 2466 1631 2539 ictibus
1678 2468 2102 2558 ingerebant.
2155 2470 2284 2551 Qui
2322 2469 2637 2540 videlicet
2668 2473 2844 2540 Anso
2941 2529 2947 2534 .

312 2558 447 2628 sibi
481 2557 853 2645 aliquando
897 2567 1313 2642 conquestus
1360 2568 1482 2638 est,
1527 2557 1707 2644 quod
1763 2579 2001 2626 novem
2043 2557 2296 2627 diarias
2346 2559 2546 2648 panis
2642 2579 2844 2628 ensas

308 2646 379 2715 in
423 2659 653 2716 ventre
693 2644 898 2715 simul
959 2645 1258 2714 haberet.
1313 2646 1524 2714 Tanta
1578 2647 1838 2736 quippe
1887 2646 2415 2715 macerabantur
2461 2648 2572 2715 ine
2624 2647 2713 2727 ia,
2768 2658 2843 2717 ut

311 2735 552 2804 aridus
589 2735 788 2825 panis
832 2735 1336 2823 constiparetur
1381 2734 1449 2802 in
1487 2734 1720 2814 ilibus,
1777 2757 1856 2804 ac
1904 2734 2125 2824 digeri
2171 2733 2449 2804 difficile
2498 2746 2751 2824 posset.

401 2826 438 2911 ξ
484 2827 575 2894 3.
653 2823 802 2892 Illic
863 2823 1066 2891 etiam
1122 2821 1406 2909 quidam
1454 2822 1663 2893 frater
1711 2834 1885 2903 erat,
1949 2824 2068 2909 qui
2140 2845 2342 2910 saepe
2390 2822 2846 2912 vagabundus

312 2911 549 3002 egredi
579 2912 666 2982 de
711 2910 883 2980 cella
931 2922 1320 2991 tentaverat,
1376 2933 1581 2997 quem
1629 2917 1929 2981 Joannes
1978 2912 2167 2980 Prior
2203 2911 2436 2990 eremi,
2493 2924 2696 3000 prout
2737 2911 2845 2979 di-

314 3023 530 3091 gnum
581 3013 746 3079 erat,
803 3000 997 3089 prius
1036 3011 1302 3068 austere
1327 3000 1683 3090 corripuit,
1727 2998 1976 3068 deinde
2015 3000 2082 3067 in
2133 3021 2261 3068 sua
2302 2999 2679 3089 praesentia
2732 3021 2846 3069 va-

311 3088 552 3180 pulare
602 3089 965 3179 praecepit.
1021 3093 1324 3174 Cumque
1353 3089 1638 3178 jubente
1671 3088 2022 3178 magistro,
2059 3109 2130 3156 se
2162 3087 2497 3177 coepisset
2529 3087 2840 3168 induere,

312 3178 608 3266 superbe
657 3176 928 3247 locutus
966 3190 1100 3257 est;
1153 3198 1357 3262 quem
1411 3198 1654 3246 rursus
1704 3175 2031 3265 magister
2074 3176 2270 3255 exui,
2343 3197 2586 3245 rursus
2646 3197 2846 3266 prae-

315 3267 496 3355 cepit
542 3266 908 3334 verberari.
946 3265 1068 3334 Sed
1107 3265 1336 3335 adhuc
1368 3266 1571 3334 etiam
1614 3286 1686 3333 se
1732 3264 1975 3333 vestire
2023 3264 2403 3354 incipiens,
2463 3265 2842 3354 superbum

316 3354 483 3442 quid
521 3354 796 3423 effluere
844 3376 978 3422 non
1027 3355 1356 3423 cessavit:
1402 3354 1499 3423 sic
1538 3354 1757 3434 tertio,
1796 3353 1895 3422 sic
1934 3365 2198 3439 quarto,
2246 3367 2310 3423 et
2359 3354 2414 3422 si
2451 3353 2575 3423 rite
2624 3366 2841 3434 teneo,

315 3464 540 3530 usque
604 3443 820 3511 sexies
869 3443 1260 3512 verberatus
1305 3455 1455 3522 est,
1526 3462 1649 3511 nec
1710 3441 2136 3512 emendatus.
2201 3447 2458 3511 Exutus
2504 3443 2727 3523 enim,
2782 3454 2847 3511 et

311 3531 698 3611 reindutus,
752 3529 1042 3600 humilia
1083 3531 1489 3620 respondere
1538 3551 1672 3599 non
1728 3531 1966 3620 potuit.
2015 3532 2316 3632 Septima
2348 3552 2505 3600 vero
2555 3531 2698 3600 vice
2727 3531 2848 3600 fla-

316 3620 636 3711 gellatuS,
671 3640 828 3687 cum
874 3641 944 3689 se
991 3641 1109 3688 coe
1162 3621 1326 3690 isset
1373 3619 1684 3701 induere,
1729 3619 1916 3687 clara
1971 3630 2198 3689 statim
2258 3641 2415 3688 voce
2478 3618 2840 3700 clamavit,

314 3710 591 3777 dicens:
647 3730 682 3774 «
718 3711 886 3776 Ecce
910 3707 1115 3777 diabo
1146 3730 1231 3777 us
1263 3708 1452 3788 abiit,
1487 3729 1644 3777 ecce
1694 3707 2161 3795 nequissimus
2205 3708 2434 3778 cordis
2482 3708 2616 3777 mei
2651 3707 2849 3776 habi-

313 3810 492 3867 tator
531 3795 822 3883 aufugit,
864 3817 1131 3882 meque,
1175 3797 1485 3877 nexibuS,
1540 3796 1797 3883 quibus
1845 3796 2343 3887 adstringebar‚
2397 3796 2715 3877 effractis,
2769 3796 2851 3864 li-
2940 3881 2941 3884 Ἴ

315 3885 559 3956 berum
611 3884 911 3970 reliquit.
949 3885 1097 3953 Jam
1140 3886 1284 3974 jam
1335 3885 1618 3954 domino
1657 3908 1737 3954 ae
1799 3886 2128 3975 magistro
2178 3908 2327 3955 meo
2393 3885 2684 3954 libenter
2729 3884 2852 3954 ob-

311 3986 643 4065 temper0‚
682 3973 969 4060 ejusque
1017 3995 1124 4043 me
1155 3973 1595 4043 subdendum
1639 3974 1909 4065 legibus
1942 3996 2061 4064 per
2098 3974 2331 4044 omnia
2380 3973 2850 4064 repromitto.»

315 4067 458 4132 Hoc
496 4062 696 4132 modo
744 4061 952 4131 frater
997 4061 1111 4131 ille
1158 4062 1243 4131 ad
1275 4061 1690 4131 humilitatis
1751 4063 2132 4133 custodiam
2184 4061 2420 4144 rediit,
2473 4074 2538 4132 et
2585 4063 2657 4131 in
2715 4062 2853 4132 cel-

315 4151 460 4221 lula
494 4151 754 4242 jugiter
804 4172 1265 4241 perseverans,
1320 4150 1669 4220 decaetero
1705 4150 2399 4241 irreprehensibiliter
2446 4151 2632 4222 vixit.

407 4242 443 4326 ξ
491 4246 575 4311 4.
628 4245 853 4330 Longe
881 4262 1035 4309 vero
1084 4252 1257 4330 post,
1300 4240 1625 4331 magistro
1655 4241 2022 4342 praebente
2053 4262 2493 4323 consensum,
2524 4240 2852 4331 dignatus

313 4339 417 4395 est
448 4328 563 4396 Vir
608 4341 886 4400 sanctus
939 4329 1333 4419 praedictus
1368 4328 1537 4397 mihi
1577 4351 1869 4411 misere,
1930 4340 1995 4399 et
2041 4350 2245 4417 quem
2304 4330 2452 4420 ipse
2500 4330 2853 4419 suscipere

369 4451 396 4478 ⁸
426 4450 574 4503 vulgo
593 4455 880 4506 Μοκιρῒευνο.
1205 4456 1258 4485 *·
1283 4455 1556 4498 nominique
1574 4466 1758 4507 nempe.
2087 4455 2172 4485 m
2200 4457 2358 4508 supple
2377 4457 2529 4499 hom.
