3347 4999
200 339 378 404 OCT.
435 340 515 403 ⁴3
1110 360 1188 404 ns
1236 360 1290 404 s.
1344 359 1633 406 anuarino
1683 360 1840 407 aaut:
2526 305 2652 409 375

202 441 567 522 illaesum,
638 442 813 510 sicut
884 464 1007 511 nec
1080 454 1235 512 tuae
1300 443 1704 532 proditionis
1772 465 1967 523 reus,
2025 465 2147 512 nec
2196 444 2280 512 de
2339 444 2571 516 fratris
2637 447 2741 517 tui

201 551 369 599 nece
406 530 577 598 mihi
605 531 925 599 conscius
964 530 1198 599 existo.
1237 554 1272 596 »
1321 532 1625 617 Cumque
1659 532 1761 599 vir
1807 532 2046 601 beatus
2106 532 2483 601 buccellam
2524 556 2742 607 manu

200 618 618 688 benedicens
665 620 1024 707 signasset,
1080 619 1289 688 miser
1336 618 1449 688 ille
1496 642 1645 688 eam
1695 620 1798 689 ori
1845 619 2167 698 inferens,
2219 643 2439 707 usque
2489 621 2555 689 in
2593 645 2739 692 me—

198 706 399 776 dium
453 708 753 797 gutturis
790 708 1129 795 pertraxit.
1169 713 1402 776 Tentat
1435 708 1725 778 interius
1772 710 2060 788 trahere,
2108 731 2231 777 nec
2274 709 2488 791 valet;
2531 722 2741 781 tentat

199 796 532 875 emittere,
587 796 702 865 sed
755 796 1028 865 firmius
1066 796 1309 865 haesit.
1358 802 1502 865 Mox
1540 809 1827 877 meatuS,
1882 798 2135 884 quibus
2183 797 2561 866 ducebatur
2593 800 2735 886 spi-

200 884 402 963 rituS,
457 884 877 965 obcluditur,
933 897 1293 954 vertuntur
1324 885 1529 964 oculi,
1587 886 1867 955 brachia
1933 887 2279 976 rigescunt
2323 886 2380 952 ⁴⁸.
2419 892 2734 957 Intuetur

202 972 568 1041 infeliciter
633 974 1032 1042 morientem
1087 980 1245 1053 Rex,
1299 986 1363 1043 et
1411 973 1739 1042 ultionem
1795 975 1860 1042 in
1912 996 2078 1044 eum
2121 974 2423 1044 sentiens
2467 996 2738 1064 proces-⁷

198 1061 377 1131 sisse
426 1061 756 1142 divinam,
818 1061 1165 1132 adstantes
1209 1061 1621 1149 alloquitur,
1679 1063 1955 1132 dicens:
2012 1086 2046 1129 «
2100 1063 2439 1132 Extrahite
2495 1084 2734 1133 canem

201 1151 436 1219 istum.
474 1173 508 1215 »
543 1154 621 1217 Et
666 1150 919 1219 factum
956 1163 1058 1221 est
1087 1151 1202 1220 ita.
1257 1152 1381 1219 Hic
1432 1151 1805 1220 Godwinus
1852 1152 2291 1240 simplicitate
2326 1151 2527 1242 Regis
2561 1152 2733 1222 abu-

199 1250 376 1318 tens,
433 1239 645 1307 multa
698 1239 764 1306 in
821 1261 1028 1329 regno
1076 1252 1307 1308 contra
1350 1238 1688 1325 justitiam
1731 1254 1795 1309 et
1846 1244 2054 1309 Deum
2088 1239 2400 1309 faciebat.
2437 1246 2731 1310 Cunctos

197 1326 341 1395 fere
392 1327 593 1416 Regis
640 1341 966 1416 cognatos
1013 1339 1079 1396 et
1135 1327 1433 1405 amicos,
1491 1350 1663 1414 quos
1712 1328 1797 1396 de
1843 1329 2282 1398 Nortmannia
2316 1328 2726 1409 adduxerat,

196 1414 443 1483 fraude
491 1437 639 1493 sua,
693 1415 850 1485 dolo
889 1428 952 1484 et
983 1416 1562 1485 circumventione
1595 1415 1679 1485 de
1722 1417 1939 1501 patria
1977 1417 2398 1497 exturbabat,
2445 1417 2734 1486 credens

196 1504 338 1572 sibi
386 1516 635 1572 cuncta
749 1525 1103 1573 rocessura
1170 1526 1290 1593 pro
1362 1517 1535 1584 voto,
1590 1505 1644 1574 si
1696 1511 1856 1581 Rex,
1900 1506 2143 1574 amicis
2195 1506 2528 1587 nudatus,
2584 1507 2731 1575 suis

196 1604 467 1660 tantum
496 1592 685 1661 consi
723 1593 806 1660 iis
836 1605 1159 1661 uteretur.
1201 1598 1276 1661 At
1317 1599 1474 1672 Rex,
1512 1606 1760 1662 cuncta
1809 1593 2286 1674 dissimulanS,
2326 1594 2578 1662 divinis
2621 1617 2732 1663 va-

194 1679 400 1749 cabat
448 1680 821 1767 obsequiis,
870 1681 1339 1767 ultionemque
1388 1682 1497 1749 Dei
1549 1682 1680 1750 sibi
1729 1681 2028 1751 futuram
2082 1682 2317 1751 multis
2367 1681 2722 1772 praedixit.

195 1768 584 1855 Aliquando
635 1769 837 1838 etiarn
892 1770 1023 1858 ipsi
1074 1769 1393 1839 Godwino
1440 1769 1745 1859 idipsum
1798 1793 1930 1839 non
1987 1772 2217 1838 tacuit.

290 1860 325 1943 ξ
376 1863 535 1928 ²2.
570 1863 664 1939 ,In
719 1858 828 1926 die
877 1859 1268 1926 Dominicae
1318 1858 1860 1939 resurrectionis,
1899 1880 2056 1927 cum
2110 1864 2247 1927 Rex
2294 1857 2375 1925 ad
2423 1880 2729 1929 mensam

199 1947 502 2025 sederet,
557 1946 812 2015 arctius
862 1947 1059 2015 solito
1107 1968 1178 2016 se
1225 1945 1496 2034 collegit
1544 1946 1625 2014 ad
1681 1968 1792 2026 se;
1846 1959 1909 2015 et
1959 1968 2219 2035 ponens
2282 1967 2443 2034 prae
2508 1948 2728 2018 oculis

201 2038 453 2110 Deum,
507 2034 736 2102 omnia
800 2035 929 2103 ista
991 2034 1342 2103 mundana
1399 2035 1861 2103 arbitrabatur
1920 2049 1996 2103 ut
2060 2047 2376 2103 stercora.
2445 2040 2521 2103 Et
2577 2057 2731 2104 ecce

201 2122 434 2191 subito
505 2122 736 2192 vultus
795 2123 944 2211 ejus
996 2122 1396 2211 plussolito
1463 2123 1943 2203 serenabatur,
2014 2123 2427 2210 interiorque
2476 2124 2731 2193 laetitia

200 2210 385 2278 labia
435 2211 733 2280 solvebat
781 2211 850 2278 in
902 2212 1163 2289 risum;
1237 2233 1650 2297 rursumque
1700 2211 1898 2281 solita
1955 2212 2280 2302 gravitate
2347 2216 2722 2301 resumpta,

197 2299 668 2367 obscuriorem
706 2299 944 2368 faciem
988 2298 1427 2389 praeferebat.
1461 2300 1884 2369 Mirabantur
1911 2300 2029 2386 qui
2072 2299 2470 2379 adstabant;
2526 2322 2727 2370 nemo

202 2400 430 2456 tamen
484 2386 780 2456 audebat
827 2410 984 2457 eum
1026 2389 1442 2478 interrogare
1490 2388 1651 2474 quid
1706 2388 2088 2458 accidisset.
2156 2389 2404 2458 Mensis
2451 2388 2723 2458 tandem

198 2475 524 2555 sublatis,
603 2482 877 2546 secutus
924 2491 1024 2546 est
1071 2476 1152 2545 ad
1206 2477 1584 2546 thalamum
1650 2482 1898 2566 Regem
1951 2477 2090 2546 dux
2138 2476 2503 2572 Haraldus,
2567 2498 2727 2547 cum

201 2587 343 2633 uno
375 2565 708 2654 Episcopo
742 2580 806 2635 et
830 2565 1081 2635 Abbate
1114 2588 1253 2634 uno
1281 2589 1295 2644 ;
1351 2564 1694 2651 simulque
1725 2571 1971 2666 Regem
2010 2588 2218 2654 super
2258 2566 2384 2633 hoc
2417 2587 2730 2635 sermone

198 2654 641 2722 conveniunt.
675 2654 861 2723 Tunc
896 2654 1008 2722 ille
1043 2654 1158 2722 ait:
1193 2677 1227 2719 <‹
1262 2658 1602 2735 Quantum
1639 2676 1708 2724 so
1735 2676 2027 2741 quisque
2067 2653 2476 2724 subtraxerit
2505 2655 2721 2733 vania

202 2755 465 2810 tantum
521 2742 696 2812 veris
743 2743 999 2811 arctius
1047 2742 1465 2811 adhaerebit.
1518 2747 1685 2811 Ecce
1733 2743 1914 2811 enim
1965 2765 2002 2812 e
2050 2764 2090 2811 o
2147 2743 2324 2810 inter
2394 2741 2726 2810 fecundos

195 2830 470 2910 calices,
526 2843 591 2899 et
641 2830 921 2920 pinguia
990 2830 1270 2911 fercula,
1325 2853 1403 2899 ac
1455 2830 1787 2899 radiantis
1824 2831 2079 2900 metali
2130 2829 2562 2919 splendorem
2623 2853 2729 2899 re-

193 2919 520 2987 cordatus
570 2940 723 2987 sum
779 2920 1046 2988 Domini
1099 2920 1209 2987 Dei
1262 2921 1418 3001 mei,
1472 2931 1536 2988 et
1580 2918 1787 2987 effudi
1843 2920 1908 2987 in
1964 2941 2071 2987 me
2109 2919 2409 2987 animam
2465 2939 2721 2996 meam:

193 3006 617 3093 dilatatoque
666 3008 915 3077 mentis
963 3008 1146 3087 sinu,
1225 3007 1464 3076 oculus
1527 3008 1808 3076 interior
1854 3006 2196 3094 spirituali
2247 3005 2566 3095 perfusus
2617 3006 2724 3075 lu-

198 3095 410 3170 mine,
466 3095 695 3163 radios
743 3095 1041 3185 profecto
1076 3118 1296 3182 usque
1328 3096 1412 3163 ad
1451 3095 1635 3163 illam
1675 3096 2124 3182 Ephesiorum
2175 3094 2512 3163 civitatem
2551 3095 2726 3163 mira

197 3182 549 3252 celeritate
595 3185 914 3272 porrexit,
966 3199 1030 3254 et
1076 3206 1297 3270 usque
1344 3185 1411 3251 in
1467 3195 1763 3252 montem
1815 3183 2040 3251 Celion
2093 3204 2519 3272 progressuS,
2565 3204 2725 3251 san-

192 3284 465 3340 ctorum
514 3272 792 3357 quidem
846 3277 1109 3362 Septem
1167 3271 1686 3349 Dormientium,
1725 3273 2222 3356 quiescentium
2260 3272 2329 3338 in
2364 3270 2720 3359 spelunca,

195 3360 682 3516 proprietatem
740 3360 1080 3441 vultuum,
1121 3382 1382 3430 necnon
1423 3359 1883 3427 membrorum
1928 3360 2402 3445 quantitatem,
2442 3381 2522 3428 ac
2558 3380 2727 3445 qua-

228 3449 453 3517 itatem
526 3449 811 3518 vestium
885 3452 1315 3538 expressione
1387 3446 1945 3516 manifestissima
2019 3446 2521 3536 contemplatus
2595 3460 2718 3516 est.

195 3541 380 3606 Haec
431 3536 624 3617 dum,
679 3537 1068 3606 interiorem
1100 3537 1242 3607 risu
1268 3535 1700 3626 significante
1749 3535 2099 3616 laetitiam,
2136 3535 2338 3605 corde
2378 3534 2724 3605 luminoso

195 3625 707 3714 conspicerem;
761 3626 1009 3705 subito,
1068 3647 1173 3693 me
1221 3636 1561 3702 cernente,
1614 3645 1654 3692 a
1706 3623 1909 3693 latere
1964 3624 2219 3704 dextr0,
2275 3645 2481 3711 super
2540 3622 2726 3710 quod

196 3712 436 3783 multis
510 3713 907 3800 quieverant
973 3714 1211 3786 annis.
1266 3713 1335 3781 in
1387 3712 1746 3784 sinistrum
1810 3734 1882 3782 se
1942 3712 2119 3781 latus
2185 3711 2431 3780 virtute
2492 3711 2730 3781 divina

196 3813 550 3882 vertentes,
604 3801 831 3870 dirum
913 3802 1317 3871 mortalibus
1365 3821 1562 3869 omen
1629 3801 1758 3869 hac
1829 3800 2118 3869 laterum
2169 3821 2449 3871 suorum
2504 3811 2729 3868 muta-

196 3890 381 3960 tione
412 3890 798 3981 signarunt.
833 3890 1089 3959 Exhinc
1114 3891 1295 3958 enim
1325 3901 1558 3978 surget
1577 3910 1745 3978 gens
1764 3901 1999 3958 contra
2031 3901 2324 3979 gentem,
2351 3900 2415 3956 et
2436 3908 2729 3977 regnum

196 3979 527 4048 adversus
575 4001 644 4048 re
699 4001 890 4057 num,
944 3992 1009 4046 et
1054 3991 1254 4047 erunt
1305 3977 1726 4066 pestilentiae
1772 3990 1837 4046 et
1885 3977 2122 4056 fames,
2167 3989 2231 4045 et
2279 3987 2729 4045 terraemotus

199 4068 432 4156 magni
482 4089 603 4157 per
673 4089 819 4136 oca.
871 4068 993 4135 His
1040 4066 1225 4134 enim
1275 4078 1514 4222 septua
1567 4065 1711 4134 inta
1756 4065 1959 4135 annis
1990 4065 2287 4153 (tanturn
2337 4064 2520 4133 enirn
2562 4077 2729 4132 tem-

202 4176 334 4243 pus
368 4155 431 4222 in
473 4157 752 4225 sinistro
802 4155 1007 4224 latere
1055 4175 1346 4243 repausa
1399 4167 1523 4222 unt
1586 4153 1886 4222 visitabit
1915 4153 2246 4222 Dominus
2292 4152 2730 4239 iniquitatem

199 4242 422 4333 plebis
456 4251 642 4324 suae,
699 4244 974 4313 tradens
1020 4264 1135 4311 eos
1185 4242 1253 4310 in
1307 4263 1553 4310 manus
1602 4241 1946 4331 gentium,
2001 4254 2076 4310 ut
2123 4241 2569 4310 dominentur
2625 4238 2727 4307 eis

250 4401 277 4425 ¹⁸
308 4399 470 4439 Comes
504 4400 769 4450 Godwinus,
789 4412 895 4441 cum
916 4402 963 4440 in
984 4410 1144 4441 mensa
1166 4399 1211 4439 S.
1235 4398 1464 4439 Edmundi
1486 4396 1610 4448 regis
1632 4395 1876 4444 assideret,
1895 4399 2141 4449 repentino
2162 4398 2327 4439 morbo
2349 4398 2612 4448 perculsus,
2638 4394 2734 4435 anl-

193 4463 321 4493 mam
341 4454 516 4493 ornavit
534 4464 656 4494 anno
677 4456 796 4495 1064.
