3347 4999
230 345 401 411 OCT.
458 345 539 408 119
975 360 1054 406 nn:
1101 359 1192 407 ss.
1246 361 1389 407 1211)ss
1437 360 1511 406 m·
1556 359 1860 408 caraasm
1909 362 2020 408 uu.
2547 349 2674 414 577

231 446 559 516 continuo
608 443 768 513 inde
816 443 968 512 sons
998 443 1192 600 jugis
1239 465 1457 529 aquae
1504 444 1869 513 emanavit.
1911 449 2096 527 Quae
2135 467 2352 533 usque
2393 447 2462 516 in
2501 449 2762 520 hodier-

235 557 403 605 num
439 534 618 603 diem
671 554 958 602 currens
1007 535 1075 601 in
1132 531 1479 601 eficienter
1526 532 1769 601 salutis
1819 534 2198 603 remedium
2247 537 2515 605 cunctis
2565 538 2764 609 adve-

233 624 583 693 nientibus
636 623 699 690 in
744 623 989 691 virtute
1041 622 1151 690 Dei
1207 635 1547 710 praestare
1597 644 1731 690 uon
1775 621 2049 691 desinit.
2090 627 2537 711 Quocumque
2576 633 2760 698 enim

233 713 455 784 taedio
517 711 928 801 languorum
999 710 1288 797 quilibet
1350 710 1664 780 detentus
1728 709 1978 793 suerit,
2053 734 2207 781 mox
2256 724 2331 781 ut
2394 714 2478 782 de
2541 714 2762 804 ipsius

231 804 429 890 rupis
478 801 733 870 fluento
767 800 1087 868 haustum
1142 800 1537 888 gustaverit,
1577 812 1875 889 optatam
1943 799 2236 869 salutem
2288 801 2568 892 recipiet
2619 826 2758 873 me-

233 892 384 960 ritis
433 890 654 980 ipsius
703 890 917 958 sancti
954 888 1292 976 Martyris
1337 889 1463 957 Hic
1495 911 1656 979 ergo
1698 888 1893 958 vultu
1924 888 2188 969 hilaris,
2226 889 2474 979 spiritu
2508 891 2755 974 alacer,

231 979 436 1049 corde
486 977 893 1067 intrepidus,
949 976 1234 1045 caeteris
1282 978 1786 1067 ignorantibus,
1826 976 1911 1046 ad
1975 976 2238 1057 locum,
2298 979 2417 1048 ubi
2466 979 2765 1070 gloriosa

187 1100 190 1101 ⁷
232 1069 424 1158 virgo
455 1079 520 1137 et
550 1078 808 1155 martyr
842 1066 1035 1135 Fides
1067 1066 1503 1135 flammarum
1548 1066 1869 1136 incendia
1903 1067 2305 1147 sustinebat,
2343 1068 2761 1157 improvisus

233 1158 530 1237 advenit,
579 1156 920 1225 Christum
981 1152 1256 1244 publica
1308 1177 1535 1224 vocem
1619 1155 2049 1246 praedicans,
2117 1160 2330 1238 Quem
2384 1158 2611 1227 statim
2676 1160 2765 1229 ad

233 1245 658 1316 audiendum
709 1244 971 1333 impius
1018 1256 1359 1332 tyrannus
1398 1244 1545 1313 suis
1592 1244 2034 1334 adspectibus
2097 1246 2299 1315 statui
2350 1244 2584 1334 jussit.
2640 1248 2764 1317 Ille

233 1357 389 1405 vero
437 1334 821 1423 intrepidus
868 1354 1097 1401 coram
1130 1354 1209 1401 eo
1256 1332 1458 1413 stetit,
1502 1344 1568 1401 et
1620 1355 1892 1423 praeses
1922 1332 2077 1420 ejus
2119 1354 2393 1415 nomen,
2436 1336 2751 1424 patriam,

233 1445 590 1516 genusque
626 1422 930 1509 requirit.
975 1421 1069 1490 Ad
1096 1442 1299 1508 quem
1335 1434 1615 1491 sanctus
1646 1421 2014 1512 Caprasius
2063 1421 2268 1491 dixit:
2306 1445 2342 1489 «
2380 1426 2759 1513 ImprimiS,

231 1513 410 1602 quod
469 1511 892 1601 praeclarum
935 1522 1058 1591 est,
1097 1508 1558 1580 Christianum
1614 1533 1721 1579 me
1769 1510 2118 1593 confiteor,
2172 1524 2237 1581 et
2285 1512 2355 1579 in
2408 1534 2764 1603 regenera-

233 1603 437 1672 tionis
503 1602 771 1669 lavacro
837 1598 1203 1688 Caprasius
1251 1621 1290 1667 a
1340 1599 1688 1669 sacerdote
1756 1622 2139 1688 nuncupor.
2218 1625 2241 1662 n
2298 1606 2439 1671 Hoc
2499 1602 2757 1684 audito,

236 1712 507 1782 praeses
542 1689 816 1759 blandis
862 1709 1020 1757 eum
1075 1687 1298 1777 coepit
1344 1688 1558 1757 lenire
1620 1688 2103 1758 sermonibus:
2159 1711 2193 1756 «
2227 1688 2453 1770 Video,
2512 1691 2759 1779 inquit,

231 1795 296 1849 te
341 1781 664 1849 decorum
716 1778 1064 1866 juvenem,
1134 1776 1252 1864 qui
1297 1778 1354 1847 si
1391 1778 1561 1846 forte
1610 1778 2048 1849 sermonibus
2097 1777 2266 1846 meis
2315 1778 2760 1865 acquieveriS,

235 1868 490 1959 poteris
553 1868 619 1935 in
673 1865 924 1956 palatio
996 1886 1430 1935 summorum
1508 1866 1903 1955 principum
1968 1866 2272 1936 amicitia
2384 1867 2646 1950 erfrui,
2700 1881 2766 1939 et

236 1957 451 2026 multa
504 1955 782 2046 praedia
826 1954 1179 2041 consequi.
1226 1979 1252 2019 ι
1308 1960 1495 2023 Tunc
1546 1960 1610 2024 S.
1652 1955 2018 2045 Caprasius
2058 1955 2331 2025 coelesti
2386 1979 2469 2026 us
2531 1956 2769 2027 admo-

235 2046 423 2116 nitus
477 2044 936 2125 mirabilibuS,
990 2055 1264 2113 sanctae
1307 2043 1488 2113 Fidis
1537 2044 1847 2131 Martyris
1882 2043 2194 2133 exemplo
2243 2044 2323 2113 ad
2387 2068 2764 2135 supernam

234 2134 522 2226 gloriam
559 2155 751 2223 spem
790 2146 992 2202 totam
1030 2132 1276 2222 figenS,
1316 2132 1409 2201 ita
1458 2133 1832 2222 respondit:
1874 2155 1910 2199 «
1945 2138 2020 2201 In
2065 2133 2256 2205 illius
2289 2132 2603 2204 desidero
2648 2135 2766 2204 ha·

235 2224 453 2294 bitare
483 2221 758 2312 palatiO,
815 2243 1018 2309 quem
1057 2243 1097 2289 a
1146 2221 1489 2311 baptismo
1537 2221 1745 2291 dilexi
1779 2234 1843 2291 et
1876 2220 2398 2311 Redemptorem
2449 2224 2766 2293 omnium

233 2314 305 2381 in
357 2334 427 2381 se
475 2310 901 2381 credentium
934 2311 1207 2400 agnovi.
1237 2333 1274 2376 »
1307 2315 1584 2380 Praeses
1631 2310 1847 2380 dixit:
1904 2333 1940 2377 «
1982 2310 2233 2380 Vellem
2271 2324 2355 2393 te,
2394 2335 2434 2381 o
2462 2313 2761 2401 juveniS,

235 2401 324 2470 ab
365 2400 491 2469 hac
533 2400 881 2470 malesana
931 2399 1308 2489 pertinacia
1357 2421 1691 2481 revocare,
1729 2413 1794 2469 et
1836 2399 2272 2489 praediorum
2322 2401 2578 2491 amplis
2617 2423 2769 2492 pos-

236 2490 661 2561 sessionibus
710 2489 947 2558 ditare.
993 2512 1029 2555 »
1078 2488 1170 2558 Ad
1226 2488 1389 2558 haec
1440 2492 1504 2558 S.
1544 2488 1912 2580 Caprasius
1967 2490 2364 2580 respondit:
2424 2514 2458 2559 «
2504 2491 2599 2561 Ab
2650 2491 2768 2561 illo

234 2579 437 2649 credo
485 2580 813 2666 consequi
880 2577 1344 2647 indeficientia
1395 2578 1719 2667 praedia,
1772 2580 1895 2667 qui
1954 2593 2055 2650 est
2126 2579 2348 2651 fidelis
2398 2580 2467 2649 in
2533 2581 2766 2651 verbis

233 2669 402 2750 suis,
455 2681 521 2737 et
568 2680 852 2739 sanctus
907 2667 976 2735 in
1043 2667 1368 2736 omnibus
1415 2668 1744 2757 operibus
1812 2668 1981 2737 suis.
2025 2692 2060 2734 »
2111 2673 2388 2738 Praeses
2448 2690 2635 2759 ergo,
2694 2681 2771 2739 ut

228 2757 400 2837 vidit
449 2756 948 2828 immutabilem
1000 2757 1150 2846 ejus
1201 2767 1497 2825 mentem
1547 2769 1611 2826 et
1667 2756 2140 2826 invincibilem
2204 2778 2616 2839 sermonem,
2672 2758 2819 2842 ait,

232 2847 429 2916 suis:
483 2869 520 2912 «
556 2852 801 2916 Vereor
847 2867 1002 2914 cum
1057 2845 1336 2915 homine
1382 2845 1512 2915 isto
1561 2845 1828 2915 diutius
1890 2846 2115 2915 verbis
2178 2858 2608 2927 concertare,
2685 2867 2769 2915 ne

231 2935 318 3004 ab
365 2957 443 3004 eo
465 2936 723 3024 jurgiis
781 2934 1105 3024 fatigatus
1155 2934 1412 3003 vincar.
1467 2958 1502 3001 »
1553 2941 1744 3004 Tunc
1784 2933 1979 3018 jubet
2030 2934 2366 3003 ministris
2416 2933 2561 3005 suis
2608 2956 2769 3004 eum

231 3026 519 3106 assumi,
573 3038 637 3094 et
685 3024 833 3096 sine
884 3025 1127 3112 pietate
1177 3046 1419 3093 carnes
1465 3024 1621 3111 ejus
1662 3023 1934 3092 laniari.
1995 3027 2298 3108 Cumque
2336 3024 2461 3092 hoc
2512 3021 2768 3093 factum

231 3111 496 3194 fuisset,
548 3112 808 3183 fortiter
867 3134 1124 3202 poenas
1175 3113 1502 3192 toleravit,
1574 3125 1780 3200 atque
1842 3110 2055 3180 alacri
2107 3111 2304 3180 vultu
2373 3124 2768 3182 constanter

234 3201 480 3271 Christi
524 3224 770 3272 nomen
813 3202 1087 3291 populis
1138 3201 1611 3291 praesentibus
1663 3199 2104 3290 praedicavit.
2159 3200 2288 3282 Qui
2343 3201 2610 3289 pietatis
2667 3200 2769 3270 af-

230 3289 414 3360 fectu
460 3313 670 3380 super
716 3312 873 3359 eum
924 3290 1408 3379 lacrymantes,
1457 3310 1846 3379 magnoque
1877 3287 2139 3375 ejulatu
2178 3289 2568 3371 frementeS,
2630 3312 2769 3360 una

230 3401 395 3449 voce
430 3379 844 3459 clamabant,
899 3378 1237 3448 dicentes:
1293 3401 1329 3444 «
1362 3382 1411 3448 Ο
1448 3377 1769 3467 impietas
1815 3390 1879 3446 et
1933 3378 2242 3447 inaudita
2281 3378 2575 3468 judicia,
2643 3402 2769 3449 cur

233 3480 551 3553 sanctum
597 3468 708 3536 Dei
755 3479 820 3536 et
877 3467 1067 3538 omni
1119 3467 1362 3556 pietate
1401 3478 1718 3536 ornatum
1773 3477 1958 3536 tanta
2004 3466 2407 3537 crudelitate
2460 3468 2562 3537 vis
2611 3491 2767 3559 per-

238 3557 459 3627 ditum
513 3556 649 3624 iri?
697 3579 733 3622 »

323 3648 359 3733 ξ
408 3651 500 3717 6.
555 3650 713 3715 Erat
757 3645 939 3713 enim
1013 3656 1293 3713 sanctus
1367 3649 1617 3732 Martyr
1688 3643 2009 3714 amabilis
2056 3645 2420 3727 omnibus;
2485 3657 2549 3715 et
2598 3647 2773 3717 inter

236 3744 728 3806 tormentorum
761 3734 1333 3803 examinationem
1378 3733 1660 3824 speciali
1701 3733 1943 3804 decore
1978 3734 2079 3803 vir
2124 3734 2514 3826 angelicus.
2560 3737 2769 3825 Cujus

236 3823 691 3895 constantiam
746 3821 939 3893 nulla
999 3821 1415 3913 injuriarum
1489 3823 1551 3891 vi
1612 3823 2116 3913 superandam,
2184 3823 2513 3911 nulloque
2577 3845 2775 3894 exco-

239 3914 608 4004 gitatorum
649 3924 1056 4003 argumento
1116 3912 1549 3982 cruciatuum
1605 3912 2141 4003 reprimendam,
2196 3911 2335 3981 duo
2381 3912 2622 3983 fratres
2656 3934 2776 3982 no-

238 4003 425 4071 mine
483 4014 548 4072 et
608 4002 868 4071 meritis
922 4000 1193 4072 Primus
1251 4013 1318 4070 et
1372 4001 1759 4072 Felicianus
1806 4002 1840 4036 '⁵
1878 4000 2323 4082 admirantes,
2378 4023 2610 4072 amore
2658 4003 2776 4072 Dei

242 4090 487 4162 anhelo
536 4090 1234 4181 pectoressagrantes,
1290 4102 1427 4158 tam
1461 4090 1596 4159 fide
1629 4113 1840 4178 quam
1882 4111 2085 4180 opere
2131 4090 2462 4160 continuo
2502 4090 2669 4161 huic
2705 4113 2775 4162 se

242 4181 441 4267 agoni
485 4181 938 4262 sociaverunt,
981 4179 1354 4266 mortisque
1390 4179 1718 4269 periculis
1767 4179 2085 4249 alacriter
2129 4180 2536 4266 injecerunt.
2591 4185 2776 4263 Quos

239 4288 476 4338 omnes
525 4269 610 4339 ad
663 4270 987 4362 jugulum
1054 4269 1290 4337 mortis
1361 4272 1502 4338 una
1568 4268 2076 4358 conspiratione
2123 4290 2202 4337 co
2235 4267 2444 4339 lectos
2506 4291 2661 4339 mox
2700 4282 2777 4339 ut

291 4394 319 4420 ¹⁸
345 4393 404 4434 Hi
438 4397 684 4445 Martyres.
716 4399 798 4447 qui
835 4399 913 4439 SS.
949 4398 1080 4438 Fidis
1112 4402 1160 4437 et
1198 4391 1405 4447 caprasii
1438 4394 1672 4445 passionis
1708 4393 1824 4436 socii
1842 4396 2076 4442 feruntur,
2093 4393 2234 4439 iidem
2253 4407 2348 4440 non
2368 4396 2499 4451 aunt,
2519 4407 2638 4448 quos
2656 4398 2733 4439 dle
2753 4399 2779 4438 9

235 4448 264 4489 J
267 4446 365 4488 unii
385 4448 511 4501 (vide
527 4450 726 4503 Surium)
744 4452 860 4492 cont
877 4453 1090 4493 Romana
1106 4451 1318 4496 Ecclesia
1338 4451 1577 4502 tamquam
1596 4450 1831 4498 Martyres
1849 4450 1941 4492 sibi
1961 4450 2193 4501 proprios.

397 4531 635 4590 surius
663 4563 688 4578 -
728 4530 896 4593 Vitae
923 4530 1030 4594 SS.
1061 4564 1083 4579 -
1110 4529 1248 4594 Vol.
1281 4529 1356 4592 X.
2547 4529 2621 4593 37
