3347 4999
695 350 821 415 364
1505 366 1584 412 nn
1633 366 1688 411 s,
1743 363 2036 411 nomano
2084 364 2245 411 asoa
2847 344 3024 412 OCT.
3093 347 3183 411 ⁴3

613 473 831 531 amor,
887 472 1112 520 sermo
1162 451 1311 519 sine
1360 449 1826 520 simulatione.
1867 448 2167 516 Tandem
2212 469 2514 535 eousque
2563 448 2860 536 proditio
2907 448 3178 527 civilis,

613 553 679 610 et
725 540 977 609 astutia
1029 539 1357 629 processit
1407 539 1699 618 boetius,
1756 551 1852 616 ut,
1900 536 2223 606 defuncto
2265 558 2422 626 rege
2469 537 2853 617 Ethelredo,
2908 559 3184 627 magna

616 651 777 731 pars
828 629 1120 710 insulae,
1177 628 1502 717 legitimis
1555 626 1968 696 haeredibus
2001 624 2360 703 abdicatis,
2399 630 2680 703 canuto,
2718 626 2838 713 qui
2872 647 3182 717 regnum

540 733 548 743 ‘
611 730 978 797 invaserat,
1015 739 1264 787 manus
1291 716 1558 785 darent:
1594 727 2083 816 peremptoque
2109 714 2563 784 invictissimo
2593 737 2744 805 rege
2773 714 3176 794 Edmundo,

609 807 810 877 etiam
866 806 1043 876 filios
1082 806 1255 888 ejus,
1309 805 1538 873 adhuc
1590 825 1658 872 tn
1711 803 1911 873 cunis
1959 815 2260 903 agenteS‚
2314 803 2633 872 Barbaris
2673 804 3016 873 mitterent
3048 826 3171 873 oc-

609 894 965 964 cidendos.
1020 893 1333 963 Alfredus
1382 893 1664 962 demum
1718 891 2021 961 Eduardt
2056 890 2263 961 frater
2295 946 2310 973 ,
2367 892 2432 960 in
2485 892 2796 982 Angliam
2859 905 3171 961 transve-

611 999 788 1064 ctuS‚
842 982 1157 1052 inaudita
1206 981 1611 1051 crudelitate
1640 981 1727 1050 ab
1763 980 2076 1049 hostibus
2110 981 2517 1067 civibusque
2555 981 2935 1070 perimitur.
2970 986 3176 1051 Tunc

614 1072 983 1142 Eduardus
1022 1072 1213 1140 omni
1264 1071 1571 1140 humano
1605 1069 1974 1140 destitutus
2007 1069 2286 1138 auxilio.
2327 1068 2519 1140 exsul
2555 1069 2836 1158 patriae,
2878 1070 3069 1159 regni
3110 1083 3183 1139 et

610 1162 919 1241 honoriS‚
967 1160 1232 1231 vivebat
1263 1183 1279 1240 ;
1336 1159 1710 1248 impiorum
1766 1156 2060 1226 insidias
2096 1158 2402 1237 timebat,
2439 1170 2505 1226 et
2538 1180 2623 1227 ne
2655 1181 2694 1227 a
2729 1159 2876 1227 suis
2916 1158 3180 1247 prode-

614 1264 826 1329 retur,
863 1248 966 1317 vel
1000 1249 1087 1318 ab
1130 1247 1442 1318 hostibus
1477 1247 1561 1316 ad
1592 1258 1879 1316 mortem
1916 1261 2279 1327 emeretur,
2316 1247 2694 1336 plurimum
2723 1246 3169 1317 formidabat.

620 1344 901 1407 Invento
962 1351 1188 1407 autem
1242 1335 1532 1407 consilio
1589 1334 1927 1416 salutari,
1984 1340 2114 1404 Deo
2169 1335 2666 1424 prosternitur,
2726 1336 2885 1406 talia
2931 1356 3176 1425 prose·

614 1427 934 1513 quendo:
990 1450 1026 1493 «
1057 1432 1250 1506 Ecce,
1303 1424 1609 1505 Domine,
1655 1446 1790 1492 non
1824 1438 1926 1492 est
1958 1424 2130 1493 mihi
2165 1424 2501 1493 auxilium
2545 1424 2612 1492 in
2654 1446 2785 1505 me,
2828 1435 2894 1492 et
2932 1445 3176 1493 neces-

617 1516 778 1585 sarii
828 1515 957 1583 mei
1012 1525 1437 1584 recesserunt
1474 1535 1515 1582 a
1572 1534 1702 1581 me.
1747 1512 1960 1581 Amici
2013 1512 2142 1581 mei
2180 1525 2244 1581 et
2279 1513 2573 1601 proximi
2616 1513 2748 1582 mei
2797 1513 3175 1582 adversum

618 1626 727 1672 me
776 1604 1509 1694 appropinquaverunt
1554 1614 1621 1670 et
1667 1612 2024 1670 steterunt.
2078 1607 2273 1671 Pater
2323 1623 2518 1671 meus
2571 1615 2724 1703 post
2766 1601 3020 1670 multos
3073 1602 3171 1670 la-

616 1693 816 1763 bores
853 1692 1057 1762 rebus
1091 1691 1418 1761 humanis
1451 1691 1761 1766 excessit,
1799 1689 2041 1759 fratres
2082 1711 2271 1760 meos
2326 1689 2701 1759 crudelitas
2734 1690 3170 1779 proditorum

615 1781 993 1862 absorbuit,
1047 1794 1326 1870 nepotes
1368 1780 1433 1847 in
1476 1778 1792 1847 exsilium
1837 1779 1968 1847 acti
2005 1792 2188 1859 sunt,
2237 1791 2454 1847 mater
2487 1778 2737 1847 aemuli
2787 1780 3001 1849 nostri
3036 1800 3174 1848 nu-

621 1871 782 1960 ptiis
814 1869 1058 1939 tradita
1088 1883 1212 1939 est.
1246 1874 1341 1938 Ita
1379 1867 1568 1936 solus
1597 1866 1877 1936 relictus
1909 1889 2089 1948 sum,
2114 1881 2177 1935 et
2203 1881 2546 1954 quaerunt
2572 1868 2878 1937 animam
2908 1889 3165 1936 meam.

618 1960 744 2028 Sed
782 1959 928 2038 tibi,
982 1958 1284 2035 Domine,
1329 1956 1700 2025 derelictus
1734 1977 1889 2025 sum
1927 1978 2234 2046 pauper;
2276 1955 2543 2046 pupillo
2582 1968 2652 2025 tu
2687 1956 2823 2026 eris
2864 1955 3165 2043 adjutor.

616 2053 713 2117 Tu
750 2045 1101 2133 quondam
1165 2045 1519 2115 Edwinum
1562 2046 1763 2113 morti
1802 2045 2215 2135 expositum,
2263 2044 2562 2114 mirabili
2628 2045 2834 2114 modo
2881 2058 2945 2113 et
2997 2046 3173 2114 vitae

620 2137 1003 2213 reservasti,
1056 2147 1121 2202 et
1171 2155 1402 2224 regno.
1457 2139 1554 2201 Tu
1589 2132 1759 2202 illud
1804 2133 2084 2223 Angliae
2116 2134 2350 2213 decuS,
2403 2146 2715 2203 sanctum
2768 2132 3169 2203 Oswaldum

615 2246 695 2293 ex
743 2223 975 2292 exsule
1011 2244 1234 2312 regem
1277 2223 1559 2300 factum,
1600 2244 1719 2310 per
1753 2223 2030 2312 signum
2066 2224 2295 2291 crucis
2347 2221 2703 2291 reddidisti
2739 2222 3011 2292 eunctis
3053 2222 3174 2291 ho·

620 2312 843 2382 stibus
884 2312 1257 2380 fortiorem.
1297 2312 1362 2380 Si
1405 2310 1620 2400 igitur
1652 2311 1866 2381 fueris
1903 2331 2199 2389 mecum,
2240 2324 2305 2380 et
2337 2311 2750 2380 custodieris
2781 2332 2913 2391 me,
2968 2323 3033 2379 et
3069 2332 3175 2379 re-

622 2400 902 2469 duxeris
945 2422 1051 2468 me
1089 2400 1153 2468 in
1194 2421 1483 2490 regnum
1570 2400 1739 2468 atris
1788 2399 1946 2478 mei,
2000 2400 2136 2467 eris
2185 2412 2256 2467 tu
2301 2400 2469 2468 mihi
2511 2421 2785 2488 semper
2817 2400 2883 2467 in
2923 2403 3170 2481 Deum,

619 2502 683 2557 et
722 2489 957 2559 beatus
1006 2493 1243 2558 Petrus
1282 2422 1644 2577 Apostoius
1686 2488 1752 2557 in
1793 2503 2156 2578 patronum
2192 2511 2208 2568 ;
2262 2489 2463 2578 cujus
2513 2487 3020 2559 sacratissimas
3071 2511 3176 2557 re-

622 2577 874 2665 liquias
909 2579 975 2647 in
1015 2579 1187 2648 urbe
1221 2583 1459 2656 Roma,
1515 2591 1576 2646 te
1622 2591 1993 2658 annuente,
2037 2590 2096 2645 te
2139 2591 2434 2667 regente,
2483 2590 2545 2646 te
2578 2578 2971 2655 comitante,
3012 2578 3178 2646 visi-

618 2679 921 2737 taturum
975 2690 1083 2735 me
1122 2666 1463 2756 promitto.
1499 2690 1534 2732 »
1586 2666 1844 2735 Exhinc
1885 2680 2110 2735 autem
2155 2665 2377 2735 factus
2417 2666 2551 2735 fide
2600 2666 2947 2737 robustior
2977 2720 2994 2747 ,
3051 2687 3176 2755 spe

616 2756 931 2836 alacrior,
967 2768 1372 2844 exspectans
1404 2756 1821 2845 exspectavit
1851 2755 2248 2824 Dominum.

703 2847 740 2932 ξ
785 2851 872 2917 ὖ.
928 2849 1185 2914 Canuto
1233 2857 1459 2913 autem
1513 2865 1669 2933 rege
1733 2844 1939 2913 rebus
2001 2843 2327 2913 humanis
2381 2855 2694 2933 exempto
2729 2898 2745 2925 ,
2799 2842 2963 2911 filiis
3010 2843 3173 2928 ejus

616 2933 990 3010 immatura
1019 2946 1233 3003 morte
1269 2932 1669 3022 praereptiS‚
1708 2931 1903 3021 Angli
1944 2933 2193 3001 Danico
2225 2932 2399 3022 jugo
2429 2932 2722 3012 liberati,
2766 2930 3178 3001 Eduardum

615 3022 684 3090 in
721 3043 948 3112 regem
1000 3022 1376 3112 elegerunt,
1430 3033 1493 3089 et
1541 3043 1702 3090 cum
1754 3019 2054 3090 maximo
2106 3022 2359 3091 honore
2399 3021 2787 3090 consecrari
2821 3033 2885 3089 et
2919 3019 3179 3110 inungi

617 3108 948 3180 fecerunt.
1005 3116 1194 3180 Tunc
1244 3109 1629 3179 sacerdotes
1679 3109 2016 3196 sapientia
2065 3123 2130 3178 et
2179 3109 2535 3179 sanctitate
2583 3109 2961 3196 fulgebant,
3018 3129 3181 3176 mo-

620 3199 918 3268 nasteria
966 3199 1155 3268 omni
1206 3198 1536 3288 religione
1587 3199 1981 3288 pollebant;
2035 3199 2278 3288 agebat
2326 3197 2552 3268 clerus
2603 3198 2671 3267 in
2723 3197 2944 3267 officio
2993 3218 3182 3279 sun,

618 3286 919 3375 populus
959 3287 1180 3356 stabat
1230 3287 1298 3354 in
1358 3286 1581 3376 gradu
1621 3308 1772 3357 suo.
1826 3285 2198 3356 Videbatur
2229 3288 2433 3356 etiam
2485 3299 2665 3356 terra
2713 3285 3131 3356 foecundior
3162 3340 3183 3367 ,

619 3378 738 3444 aer
784 3375 1150 3454 salubrior,
1199 3377 1409 3443 maris
1459 3375 1647 3444 unda
1685 3375 2008 3465 pacatior.
2056 3380 2272 3465 Reges
2311 3376 2492 3444 enim
2544 3388 2610 3444 et
2662 3375 3008 3465 principes
3039 3394 3188 3463 pro

621 3474 806 3533 tanta
861 3464 1532 3584 rerum·mutatione
1567 3519 1582 3540 ,
1637 3465 2093 3534 admiratione
2155 3464 2498 3554 perculsi,
2555 3486 2712 3533 cum
2778 3476 2962 3533 tanto
3013 3484 3192 3552 rege

620 3551 864 3622 foedus
907 3551 1079 3620 inire
1108 3606 1123 3633 ‚
1177 3552 1518 3622 amicitias
1556 3553 1849 3642 jungere
1877 3607 1893 3632 ,
1948 3574 2184 3643 pacem
2251 3574 2666 3642 componere
2712 3552 2930 3643 gavisi
2982 3565 3186 3620 sunt.

622 3640 776 3710 Sola
825 3653 1049 3710 tamen
1106 3641 1314 3709 Dania
1364 3641 1593 3710 adhuc
1642 3643 1918 3741 spirans
1963 3655 2048 3731 et·
2081 3641 2418 3710 anhelans
2463 3641 2730 3716 caedes,
2794 3639 3186 3730 Anglorum
3281 3699 3288 3708 .

620 3729 974 3799 interitum
1028 3729 1444 3806 minabatur.
1501 3734 1577 3798 In
1628 3729 1738 3797 his
1772 3730 2121 3809 omnibuS,
2178 3731 2280 3797 vir
2321 3731 2562 3799 beatus
2594 3730 2663 3798 in
2700 3729 2993 3821 gloriam
3032 3749 3186 3798 non

619 3831 721 3886 est
767 3818 986 3887 elatus
1027 3818 1432 3895 humanam,
1487 3817 1601 3886 sed
1656 3819 1835 3887 hanc
1885 3819 2017 3887 sibi
2068 3819 2338 3887 vivendi
2381 3818 2671 3888 formam
2719 3838 3120 3908 proponens
3157 3872 3180 3897 ,

626 3908 773 3976 suis
821 3928 893 3975 se
943 3906 1337 3976 domesticis
1386 3906 1756 3995 praebebat
1803 3907 2157 3993 aequalem
2187 3962 2202 3987 ‚
2260 3907 2730 3978 sacerdotibus
2781 3905 3123 3976 humilem
3163 3961 3182 3980 .

620 3995 802 4085 plebi
829 4007 1125 4086 gratum,
1153 3995 1680 4083 compatientem
1718 3995 2012 4077 miseris,
2050 4009 2115 4065 et
2150 3995 2419 4085 largum
2453 3997 2712 4086 egenis.
2756 3994 2955 4065 Nulla
2982 3995 3189 4086 apud

617 4106 773 4153 eum
814 4105 1260 4174 personarum
1304 4084 1647 4174 acceptio;
1689 4083 1807 4152 sed
1847 4084 2207 4171 judicabat
2251 4087 2317 4154 in
2377 4085 2629 4168 iustitia
2667 4105 3008 4175 pauperes
3043 4139 3058 4160 ,
3117 4097 3192 4153 et

617 4173 952 4262 arguebat
996 4172 1059 4240 in
1106 4172 1444 4259 aequitate
1494 4194 1616 4261 pro
1652 4173 2032 4242 mansuetis
2066 4188 2306 4244 terrae.
2361 4179 2653 4261 Eratque
2691 4186 2880 4264 pater
2911 4173 3186 4262 orpha-

620 4282 868 4329 norum
919 4274 984 4329 et
1014 4260 1226 4345 judex
1267 4260 1658 4330 viduarum.
1719 4262 1786 4330 Si
1819 4261 2190 4349 quicquam
2238 4262 2616 4352 petebatur,
2671 4261 3077 4352 praebebat:
3124 4261 3191 4330 si

618 4349 1112 4438 accipiebatur,
1158 4350 1445 4419 tacebat.
1498 4349 1745 4419 Nullus
1794 4371 2098 4436 unquam
2142 4373 2295 4420 eum
2338 4351 2504 4420 vidit
2536 4364 2656 4421 aut
2702 4350 3019 4419 inflatum
3060 4372 3189 4419 su-

619 4439 882 4529 perbia,
912 4450 1031 4506 aut
1062 4438 1164 4507 ira
1203 4439 1585 4519 efferatum,
1617 4451 1737 4507 aut
1763 4439 1929 4528 gula
1951 4438 2501 4509 dehonestatum.
2530 4444 2747 4530 Supra
2781 4439 3186 4509 humanum
