3347 4999
730 288 858 352 438
1537 305 1614 350 na
1663 304 1717 351 s.
1774 303 2025 351 turmo
2072 304 2258 351 nar.
2860 284 3032 351 OCT.
3094 286 3181 350 16

643 389 899 459 idcirco
940 410 1072 457 non
1114 388 1423 468 adorant,
1468 388 1627 475 quia
1662 389 2006 458 veritatem
2041 388 2357 469 oderunt,
2397 387 2778 458 secundum
2810 388 3181 476 mysticam

641 476 1161 549 similitudinem
1213 477 1404 546 aenei
1458 478 1817 566 serpentiS,
1858 499 2063 565 quem
2095 477 2411 547 exaltavit
2460 483 2715 565 Moyses
2764 477 2833 544 in
2873 476 3171 549 deserto,

642 580 799 635 ante
837 579 1103 636 nostros
1149 578 1214 635 et
1260 568 1568 655 ipsorum
1617 566 1855 636 oculos
1900 566 2287 635 exaltatam.
2325 566 2614 635 Proinde
2648 565 2907 634 nullius
2948 564 3185 635 laudis

641 668 743 725 est
770 654 1078 724 «Iudaeae
1117 656 1257 724 sive
1291 660 1690 745 synagogae
1736 654 1917 741 quod
1955 677 2076 745 per
2112 659 2279 725 Osee
2331 655 2731 745 prophetam
2773 654 3035 724 dictum
3076 668 3186 723 est

641 744 746 812 ei:
799 746 950 813 Dies
987 747 1232 814 multos
1284 745 1700 834 eoespectabtls
1746 767 1871 824 me,
1929 755 1991 812 et
2038 768 2166 814 non
2213 745 2688 831 fornicaberis,
2743 753 2805 811 et
2852 766 2977 811 non
3043 746 3184 811 eris

638 835 784 902 viro
826 834 1015 921 (Osee
1053 833 1204 922 111);
1255 834 1419 919 quia
1466 832 1646 919 quod
1702 854 1834 901 non
1895 831 2364 902 fornicabatur
2409 855 2567 902 cum
2612 831 2814 900 idolis
2845 886 2860 909 ‚
2911 852 3047 899 non
3097 853 3186 901 ex

644 943 811 991 suae
857 933 960 990 est
1005 922 1462 991 continentiae
1503 922 1770 999 virtute,
1810 921 1924 990 sed
1962 943 2041 991 ex
2074 921 2344 991 defectu
2377 921 2753 999 idolatriae,
2791 941 2999 1006 quam
3029 932 3188 1009 post

642 1009 1007 1110 adventum
1051 1010 1295 1111 Christi
1334 1065 1348 1090 ,
1415 1031 1634 1097 neque
1683 1011 1938 1100 Pagani
1987 1010 2359 1101 principes,
2408 1031 2624 1097 neque
2689 1010 2815 1078 iste
2862 1014 3187 1098 Apostata

641 1110 865 1189 potuit
912 1111 1342 1169 resuscitare.

731 1190 767 1274 ξ
812 1190 892 1259 S.
946 1188 1162 1277 Igitur
1208 1187 1448 1257 beatus
1495 1188 1598 1256 vir
1645 1186 1981 1277 Eliphius,
2026 1210 2183 1256 cum
2236 1200 2583 1274 utrosque,
2621 1185 2881 1255 scilicet
2919 1199 2984 1254 et
3018 1207 3189 1276 gen-

643 1275 795 1345 tiles
840 1289 903 1344 et
948 1276 1268 1355 Judaeos,
1308 1277 1375 1345 in
1426 1276 1662 1345 eodem
1701 1276 2063 1367 sacrilegio
2095 1275 2513 1356 offendisset,
2554 1274 2835 1343 verbum
2875 1275 3183 1343 veritatis

643 1364 784 1434 illis
830 1365 1320 1445 annunciabat,
1374 1364 1634 1434 scilicet
1686 1365 1857 1433 nihil
1905 1386 2077 1442 esse,
2124 1365 2256 1433 nisi
2300 1363 2751 1453 perditionem
2795 1364 2863 1431 in
2897 1363 3183 1433 daemo-

645 1475 810 1523 num
862 1454 1383 1543 phantasmate:
1437 1454 1666 1555 potius
1715 1454 1940 1523 vivum
1993 1468 2058 1523 et
2105 1474 2339 1522 verum
2394 1458 2628 1535 Deum,
2664 1463 3042 1521 creatorem
3083 1452 3188 1520 vi-

642 1541 947 1613 sibilium
999 1555 1064 1612 et
1126 1541 1625 1618 invisibilium,
1679 1543 1964 1629 ejusque
2014 1541 2259 1610 Filium
2320 1547 2557 1611 Jesum
2621 1540 2965 1611 Christum
3017 1562 3181 1609 cum

643 1631 901 1721 Spiritu
950 1635 1215 1711 Sanct0‚
1275 1636 1480 1701 Deum
1532 1652 1755 1700 unum
1804 1630 2205 1711 crederent,
2258 1643 2322 1699 et
2370 1630 2689 1701 colerent.
2743 1650 2879 1716 quo
2941 1650 3185 1719 pecca·

643 1732 865 1789 torum
917 1719 1417 1810 indulgentiam
1484 1732 1550 1788 et
1597 1720 2081 1807 sempiternam
2150 1719 2519 1790 animabus
2587 1719 2733 1788 suis
2792 1719 3181 1786 invenirent

642 1808 972 1895 requiem.
1029 1813 1189 1877 Fere
1236 1809 1533 1877 sexcenti
1579 1821 1645 1877 et
1694 1809 1935 1898 viginti
1996 1807 2148 1887 viri,
2186 1810 2484 1897 exceptis
2542 1805 2956 1877 mulieribus
2991 1861 3009 1885 ,
3070 1828 3185 1894 per

642 1897 831 1966 illam
883 1897 1032 1996 ejus
1079 1896 1658 1976 admonitionem,
1713 1898 1933 1996 gratia
1980 1896 2248 1965 Domini
2298 1910 2703 1986 cooperante
2733 1950 2749 1975 ,
2804 1894 3181 1964 credidisse

641 1998 706 2055 et
745 1986 1163 2074 baptismum
1200 1985 1445 2054 salutis
1477 2006 1862 2075 suscepisse
1911 1985 2248 2054 seruntur.
2283 1986 2712 2054 Nunciantur
2745 1996 2976 2053 autem
3015 1984 3179 2052 haec

641 2075 733 2143 im
793 2074 1055 2142 iissimo
1092 2072 1423 2151 Juliano,
1478 2074 1595 2160 qui
1647 2086 1811 2143 tunc
1861 2087 1989 2142 tem
2046 2075 2221 2153 oris,
2276 2087 2352 2143 ut
2400 2074 2543 2163 jam
2594 2074 2855 2142 dictum
2905 2085 3057 2151 est,
3115 2073 3179 2140 in

641 2184 720 2231 ea
772 2184 878 2230 ern
931 2160 1186 2232 Galliae
1215 2162 1484 2231 civitate
1523 2161 1780 2231 Grandi
1812 2184 2002 2232 mora
2053 2175 2230 2231 atur.
2272 2167 2614 2231 Incertum
2653 2174 2909 2241 autem,
2947 2173 3181 2230 utrum

646 2255 889 2320 Caesar
938 2262 1226 2329 tantum,
1273 2271 1357 2319 an
1408 2251 1609 2320 etiam
1664 2255 2044 2341 Imperator
2087 2264 2262 2320 esset
2312 2251 2450 2319 illis
2497 2250 2770 2320 diebus.
2820 2254 2986 2318 Nam
3021 2270 3179 2317 cum

645 2361 827 2407 anno
867 2339 1059 2408 tertio
1091 2339 1363 2429 imperii
1411 2340 1543 2418 sui,
1592 2340 1883 2428 septimo
1932 2361 2110 2417 vero,
2144 2361 2224 2408 ex
2272 2361 2408 2425 quo
2443 2344 2684 2409 Caesar
2716 2361 2756 2407 a
2788 2338 3183 2406 Constantio

644 2426 865 2496 fuerat
930 2427 1335 2509 ordinatus,
1402 2429 1573 2496 vitae
1641 2440 1868 2496 autem
1939 2450 2122 2496 anno
2188 2428 2757 2516 tricesimoprimo
2817 2424 3186 2495 defunctus

642 2515 869 2597 fuerit,
922 2531 1151 2586 utrum
1196 2531 1497 2607 tempore
1530 2517 1805 2606 imperii
1840 2517 1946 2586 sui
1980 2516 2353 2605 aliquando
2392 2517 2474 2585 ad
2514 2517 2768 2587 Gallias
2805 2515 3178 2594 transierit,

642 2618 1068 2694 compertum
1117 2628 1196 2676 ex
1245 2606 1547 2675 historiis
1597 2626 1730 2674 non
1783 2604 2119 2674 habemus
2151 2606 2229 2673 *ε
2272 2604 2387 2675 sed
2439 2628 2596 2675 cum
2662 2610 2905 2674 Caesar
2950 2617 3130 2672 esset
3166 2658 3181 2682 ,

644 2707 810 2763 tunc
856 2716 1014 2763 eum
1058 2693 1123 2762 in
1178 2694 1432 2765 Gallias
1480 2694 1746 2764 venisse
1788 2716 1921 2763 non
1974 2693 2261 2763 dubium
2324 2708 2447 2764 est.
2492 2701 2871 2783 Imperator
2925 2693 3189 2782 quippe

643 2783 1102 2864 ConstantiuS‚
1131 2797 1209 2853 ut
1235 2783 1705 2852 Ecclesiastica
1743 2796 1975 2852 narrat
2022 2782 2332 2863 historia,
2375 2784 2798 2853 constituens
2831 2803 2987 2857 eum
3026 2785 3189 2850 Cae·

643 2892 889 2952 sarem,
933 2885 1169 2941 contra
1205 2872 1535 2941 Barbaros
1575 2871 1940 2941 destinavit
1971 2871 2053 2940 ad
2102 2872 2379 2941 Gallias,
2419 2872 2505 2940 Hi
2542 2891 2839 2958 namque
2872 2869 3183 2948 Barbari,

642 2982 935 3047 quorum
992 2960 1169 3030 idem
1214 2960 1648 3030 Constantius
1698 2972 1935 3029 contra
1985 2961 2450 3048 magnentium
2520 2972 2893 3050 tyrannum
2944 2957 3192 3028 solatia

646 3049 948 3138 petierat,
1001 3071 1162 3118 cum
1223 3049 1394 3118 nihil
1449 3049 1866 3138 profuissent
1925 3062 2163 3118 contra
2224 3061 2596 3138 tyrannum
2633 3103 2649 3129 ,
2715 3052 3189 3117 Romanorum

643 3138 998 3208 vastabant
1047 3137 1273 3206 urbes.
1314 3142 1760 3224 Quocumque
1800 3159 1961 3227 ergo
1997 3151 2323 3227 tempore,
2371 3138 2511 3206 sive
2542 3150 2708 3224 quot
2744 3158 2862 3225 per
2894 3135 3078 3204 vices
3112 3135 3189 3202 in

644 3225 897 3295 Gallias
937 3226 1215 3305 venerit,
1253 3226 1595 3312 quomodo
1633 3226 2015 3313 aliquando
2065 3227 2329 3296 venisse
2377 3226 2668 3296 dubium
2724 3246 2858 3294 non
2909 3236 3060 3304 est,
3116 3225 3193 3291 in

646 3314 870 3382 medio
911 3312 1396 3400 relinquentes,
1441 3327 1707 3383 caetera
1750 3334 2273 3404 prosequamur.

732 3404 768 3488 ξ
816 3405 911 3470 θ.
963 3406 1248 3490 Accepta
1296 3404 1422 3471 hac
1463 3403 1811 3483 relatione,
1868 3417 2203 3492 tyrannus
2253 3403 2510 3473 oblitus
2558 3416 2660 3471 est
2715 3422 2911 3472 suam
2964 3400 3198 3489 hypo-

644 3489 903 3569 crisim,
945 3489 1009 3557 id
1072 3501 1196 3570 est,
1251 3490 1764 3581 philosophicae
1823 3492 2187 3580 patientiae
2249 3490 2759 3561 simulationem
2794 3544 2809 3571 ‚
2863 3510 3002 3575 qua
3037 3510 3199 3558 sese

644 3577 1040 3648 intendebat
1069 3578 1534 3649 demonstrare
1581 3580 2010 3649 clementem.
2066 3585 2290 3650 Iratus
2330 3592 2430 3649 est
2477 3581 2662 3648 enim
2698 3579 2781 3656 is,
2820 3577 2942 3664 qui
2992 3598 3200 3645 man-

644 3680 880 3736 suetus
911 3679 974 3736 et
1005 3667 1093 3735 ab
1133 3667 1488 3737 iracundia
1525 3682 1849 3749 remotus,
1905 3669 1990 3737 ab
2023 3668 2257 3755 impiis
2288 3669 2515 3738 vocari
2565 3667 2904 3746 studebat,
2942 3678 3010 3735 et
3061 3666 3199 3735 hac

645 3756 967 3845 opinione
1024 3756 1133 3824 sui
1194 3757 1484 3826 nimium
1549 3757 2037 3827 delectabatur.
2107 3756 2315 3827 Credo
2381 3768 2637 3826 tantam
2759 3755 2988 3824 loriosi
3065 3756 3202 3824 viri

643 3844 855 3914 fuisse
895 3845 1297 3925 libertatem,
1336 3859 1401 3913 et
1433 3845 1557 3914 zeli
1592 3846 1755 3915 honi
1796 3860 1933 3915 tam
1977 3846 2441 3914 vehementem
2480 3847 2549 3913 in
2593 3866 2672 3914 eo
2732 3864 3076 3922 ervorem‚
3117 3857 3201 3913 ut

646 3956 857 4022 supra
890 3934 1065 4002 vires
1105 3933 1569 4004 simulationis
1617 3935 1758 4003 sive
1793 3934 2219 4004 simulatoris
2265 3947 2443 4003 esset
2492 3932 2765 4021 pondus
2805 3952 3008 4001 verae
3063 3932 3205 4000 vir·

645 4023 834 4104 tutiS,
872 4023 1078 4179 digna
1125 4044 1244 4112 pro
1279 4023 1555 4092 veritate
1594 4023 1797 4092 verba
1831 4022 2144 4093 facientis
2195 4044 2317 4112 per
2363 4044 2438 4092 os
2474 4022 2707 4111 hujuS,
2755 4022 2821 4089 in
2865 4042 3007 4107 quo
3044 4020 3206 4090 sine

645 4111 857 4181 dubio
896 4115 938 4180 C
997 4111 1202 4182 ristus
1238 4111 1383 4200 ipse
1417 4112 1847 4198 loquebatur.
1904 4117 2033 4181 Nec
2069 4133 2225 4180 vero
2260 4112 2327 4179 in
2375 4112 2501 4180 isto
2537 4110 2704 4191 solo,
2744 4131 2981 4178 verum
3019 4123 3094 4179 et
3124 4110 3204 4180 in

646 4199 802 4269 aliis
834 4199 1184 4269 nonnullis
1216 4200 1577 4290 patientiae
1606 4200 1877 4271 laudem
1912 4199 2232 4291 perdidit,
2279 4200 2371 4268 ita
2403 4210 2478 4269 ut
2522 4199 2587 4267 in
2616 4197 2919 4269 furorem
2957 4211 3199 4280 aetuS,

700 4363 723 4383 ⁴*
750 4362 983 4408 Julianus,
1019 4371 1139 4400 anno
1167 4363 1242 4402 331
1266 4368 1405 4403 natus
1427 4366 1522 4404 est:
1542 4363 1709 4403 Caesar
1727 4359 1906 4403 electus
1926 4362 2015 4402 fult
2036 4364 2177 4411 atque
2196 4362 2253 4402 ad
2273 4358 2454 4403 Gallias
2475 4362 2700 4412 regendas
2720 4359 2913 4407 missus.
2934 4371 3065 4403 anno
3090 4366 3176 4407 3³5
3188 4375 3208 4414 ς

643 4416 906 4465 Imperator
923 4415 1154 4455 salutatus
1176 4417 1262 4458 est.
1282 4425 1402 4457 anno
1425 4417 1515 4456 360.
1542 4418 1751 4462 Demum.
1770 4426 1795 4456 e
1815 4417 1915 4457 vita
1932 4416 2133 4457 excessit
2153 4425 2276 4456 anno
2295 4416 2394 4457 368.
2468 4423 2473 4431 ·
