3347 4999
698 343 824 407 606
1439 360 1516 405 na
1565 360 1620 405 s,
1665 358 2004 407 mmmmm
2050 360 2286 407 Annua
2816 343 2990 409 OCT.
3043 346 3112 410 at

607 444 907 524 dederat,
961 466 1031 513 sa
1089 465 1341 529 umque
1391 443 1745 523 rusticum,
1792 443 1968 512 inter
2010 465 2194 513 mare
2226 458 2290 514 et
2323 444 2640 534 paludem
2678 449 2864 515 vasta
2903 459 2966 516 et
3000 461 3126 516 ter·

603 533 785 602 ribili
831 531 1036 603 solitu
1091 531 1199 600 ine
1247 530 1621 613 fruebatur,
1667 531 2064 618 quindecim
2102 545 2362 602 tantum
2402 536 2686 623 carycas
2720 534 2753 567 ⁴*
2783 547 2934 624 post
2963 535 3125 605 solis

605 643 924 690 occasum
975 620 1376 689 comedens:
1419 634 1483 690 et
1528 620 1691 707 quia
1742 621 1923 710 regio
1972 621 2350 691 latrociniis
2402 622 2678 692 infamis
2726 635 2891 705 erat,
2953 645 3123 693 nun·

603 732 811 797 quam
860 709 929 777 in
979 708 1215 778 eodem
1266 708 1413 778 loco
1463 708 1866 778 mansitans.
1922 709 2095 791 Quid
2148 709 2394 779 faceret
2440 710 2818 781 diabolus?
2863 734 3000 799 quo
3049 735 3119 782 se

604 802 929 867 verteret?
975 797 1104 881 Qui
1165 797 1588 887 gloriabatur
1635 810 1813 879 ante,
1867 797 2141 868 dicens:
2181 822 2215 865 «
2261 804 2335 867 ln
2387 799 2650 867 coelum
2716 800 3112 882 ascendam,

605 908 812 975 super
859 886 1081 956 sidera
1128 886 1296 955 coeli
1352 908 1597 976 ponam
1652 886 1972 956 thronum
2028 909 2278 968 meum,
2333 901 2397 957 et
2444 910 2558 957 ero
2608 888 2858 959 similis
2922 888 3120 958 Altis-

605 976 802 1053 simo‚
845 999 878 1044 »
912 975 1229 1045 cernebat
1261 997 1331 1044 se
1360 975 1537 1043 vinci
1586 997 1625 1044 a
1676 997 1908 1065 puero,
1953 987 2016 1043 et
2050 977 2237 1064 prius
2272 976 2358 1046 ab
2397 998 2474 1045 eo
2509 975 2843 1046 calcatum
2879 976 3114 1058 fuisse,

603 1085 809 1151 quam
859 1085 975 1153 per
1022 1076 1306 1133 aetatem
1348 1063 1612 1133 calcare
1664 1064 2010 1153 potuisset.
2066 1064 2407 1134 Titillabat
2438 1066 2665 1152 itaque
2699 1088 2944 1136 sensus
2975 1067 3122 1155 ejus

603 1165 669 1222 et
719 1152 1111 1242 pubescenti
1162 1153 1429 1242 corpori
1479 1152 1677 1222 solita
1717 1152 2141 1241 voluptatum
2188 1154 2502 1223 incendia
2539 1155 2970 1245 suggerebat.
3010 1161 3124 1225 Co-

604 1241 891 1331 gebatur
939 1240 1328 1311 tirunculus
1378 1241 1622 1310 Christi
1670 1242 1989 1331 cogitare,
2043 1242 2223 1327 quod
2277 1244 2654 1323 nesciebat;
2710 1257 2774 1312 et
2819 1243 2975 1331 ejus
3025 1244 3116 1312 rei

604 1331 835 1399 animo
884 1351 1202 1420 pompam
1254 1329 1538 1410 volvere,
1593 1330 1799 1416 cujus
1846 1331 2307 1419 experimenta
2361 1353 2491 1400 non
2537 1343 2829 1401 noverat.
2897 1337 3121 1402 Iratus

603 1418 834 1505 itaque
882 1419 1035 1498 sibi,
1091 1431 1154 1487 et
1204 1431 1437 1508 pectus
1483 1420 1735 1509 pugnis
1786 1419 2171 1500 verberans,
2210 1422 2405 1505 quasi
2440 1421 2883 1508 cogitationes
2916 1420 3121 1490 caede

605 1529 854 1576 manus
905 1520 1128 1597 posset
1167 1507 1565 1576 excludere:
1606 1530 1640 1573 «
1680 1512 1838 1596 Eg0‚
1892 1507 2159 1594 inquit,
2207 1507 2413 1577 aselle
2446 1563 2460 1589 ‚
2516 1509 2756 1578 faciam
2792 1564 2807 1589 ‚
2863 1521 2939 1578 ut
2987 1531 3119 1578 non

604 1595 938 1678 calcitres,
997 1617 1115 1665 nec
1165 1606 1227 1665 te
1275 1596 1527 1665 hordeo
1575 1595 1783 1675 alam,
1834 1595 1952 1665 sed
2006 1594 2253 1685 paleis:
2310 1596 2484 1665 fame
2542 1611 2602 1666 te
2650 1598 3004 1667 conficiam
3055 1609 3121 1667 et

603 1685 740 1765 siti,
786 1685 974 1775 gravi
1023 1685 1322 1754 onerabo
1374 1684 1692 1774 pondere,
1743 1707 1860 1773 per
1906 1697 2136 1754 aestus
2185 1683 2526 1773 indagabo
2575 1700 2639 1755 et
2698 1685 2986 1776 frigora:
3040 1700 3116 1755 ut

603 1773 833 1843 cibum
889 1774 1136 1863 potiuS‚
1189 1795 1393 1860 quam
1447 1773 1795 1842 lasciviam
1851 1796 1930 1842 co
1983 1774 2128 1842 iteS.
2164 1795 2197 1839 »
2252 1775 2627 1843 Herbarum
2681 1796 2842 1863 ergo
2889 1797 3117 1856 succo,

603 1873 668 1931 et
718 1863 956 1951 paucis
995 1863 1259 1950 carycis
1310 1874 1459 1952 post
1507 1861 1811 1931 triduum
1866 1884 1940 1930 ve
2014 1861 2460 1948 quatriduum
2512 1862 2939 1932 deficientem
2975 1864 3127 1931 ani-

603 1970 785 2019 mam
857 1952 1324 2031 sustentabat‚
1381 1973 1585 2020 orans
1646 1949 2070 2036 frequenter,
2123 1964 2186 2019 et
2237 1950 2559 2039 psallens,
2613 1962 2678 2019 et
2725 1964 2942 2020 rastro
2992 1952 3119 2021 liu-

604 2061 790 2107 mum
843 2038 1153 2119 fodiens,
1208 2052 1285 2108 ut
1336 2039 1761 2128 jejuniorum
1814 2038 2113 2108 laborem
2167 2038 2362 2109 labor
2420 2039 2648 2128 operis
2708 2040 3115 2129 duplicaret.

605 2127 960 2214 Simulque
1009 2127 1300 2196 fiscellas
1342 2131 1551 2215 junco
1601 2141 1879 2208 texens,
1934 2128 2412 2198 aemulabatur
2446 2129 2925 2218 Aegyptiorum
2983 2151 3125 2198 mo·

603 2215 976 2284 nachorum
1029 2215 1494 2305 disciplinam,
1548 2229 1613 2284 et
1659 2216 1955 2305 Apostoli
1991 2218 2422 2299 sententiam,
2463 2217 2791 2286 dicentis:
2835 2218 3116 2299 Quian-

604 2314 732 2371 tem
776 2327 904 2372 non
951 2315 1288 2396 operatur,
1345 2328 1470 2373 non
1517 2305 1988 2394 manduc-ciffi.
2034 2306 2243 2374 Thess.
2300 2304 2392 2394 2).
2435 2307 2541 2375 Sic
2589 2318 3018 2386 attenuatus,
3058 2316 3121 2374 et

600 2391 940 2461 intantum
985 2415 1181 2462 exeso
1219 2414 1523 2482 corpore,
1576 2407 1652 2462 ut
1699 2393 1971 2462 ossibus
2034 2392 2138 2462 vix
2190 2394 2515 2474 haereret,
2571 2393 2868 2481 quadam
2928 2407 3123 2463 nocte

601 2480 821 2569 coepit
856 2480 1191 2551 infantum
1240 2481 1478 2551 audire
1509 2486 1798 2572 vagitus,
1839 2481 2108 2552 balatus
2146 2489 2490 2571 pecorum,
2542 2483 2844 2572 mugitus
2878 2483 3117 2564 boum,

604 2568 953 2659 planctum
1004 2570 1203 2657 quasi
1255 2570 1647 2651 mulierum,
1701 2571 1975 2640 leonum
2028 2571 2327 2660 rugitus.
2388 2594 2706 2641 murmur
2750 2573 3115 2653 exercituS,

600 2670 664 2726 et
710 2681 954 2730 rursus
1000 2658 1345 2728 variarum
1399 2672 1705 2749 portenta
1770 2681 2033 2740 vocum,
2088 2672 2163 2728 ut
2209 2672 2363 2729 ante
2413 2661 2667 2741 sonitu,
2737 2682 2945 2746 quam
2997 2660 3121 2729 ad-

600 2758 860 2836 spectu,
907 2747 1183 2817 territus
1230 2747 1517 2817 cederet.
1590 2747 1927 2818 Intellexit
1987 2747 2400 2818 daemonum
2468 2749 2809 2818 ludibria:
2864 2760 2928 2817 et
2969 2769 3119 2838 pro·

599 2834 870 2906 volutus
918 2836 1234 2924 genibus,
1291 2836 1535 2905 Christi
1583 2841 1861 2905 Crucem
1914 2835 2207 2926 signavit
2254 2838 2321 2905 in
2381 2836 2633 2906 fronte:
2703 2836 2960 2923 talique
3005 2859 3116 2906 ar-

598 2937 827 2993 matus
875 2924 1162 3006 casside,
1217 2937 1278 2994 et
1329 2924 1538 2993 lorica
1590 2924 1746 2993 fidei
1796 2925 2287 3006 circumdatuS,
2351 2925 2576 2994 ‘acens
2627 2924 2870 2995 fortius
2934 2947 3119 3015 proe-

597 3011 894 3082 liabatur
930 3067 944 3094 ‚
999 3013 1246 3083 amodo
1309 3013 1534 3082 videre
1602 3012 2000 3082 desiderans
2038 3069 2052 3095 ,
2106 3036 2276 3100 quos
2387 3014 2655 3084 orrebat
2712 3013 2952 3083 audire
2987 3069 3001 3093 ‚
3057 3025 3126 3083 et

597 3101 910 3171 sollicitis
972 3102 1191 3172 oculis
1256 3102 1392 3171 huc
1459 3101 1760 3188 illucque
1827 3102 2435 3192 circumspiciens:
2508 3126 2663 3172 cum
2717 3103 2986 3172 interim
3039 3124 3124 3172 ex

594 3189 989 3280 improvis0‚
1022 3190 1420 3281 splendente
1445 3191 1634 3272 luna,
1666 3191 1883 3259 cernit
1917 3190 2195 3260 rhedam
2231 3190 2645 3262 ferventibus
2684 3192 2879 3278 equis
2908 3213 3125 3279 super

598 3299 670 3348 se
716 3279 1014 3347 irruere:
1067 3300 1362 3366 cumque
1409 3278 1847 3350 inclamasset
1890 3286 2151 3360 Jesum,
2200 3292 2353 3349 ante
2401 3279 2635 3349 oculos
2672 3280 2822 3367 ejus
2870 3299 3116 3367 repen-

596 3365 740 3436 tino
773 3377 989 3435 terrae
1037 3366 1229 3436 hiatu
1268 3389 1515 3456 pompa
1556 3368 1781 3436 omnis
1814 3368 2132 3456 absorpta
2163 3381 2284 3437 est.
2322 3374 2509 3437 Tunc
2536 3368 2651 3437 ille
2691 3369 2817 3438 ait:
2856 3373 3115 3457 Equum

596 3464 660 3523 et
708 3476 1114 3524 ascensorem
1158 3458 1436 3546 projecit
1499 3459 1565 3525 in
1611 3479 1799 3525 mare
1842 3457 2088 3546 (Emod.
2140 3461 2271 3541 xv).
2330 3462 2442 3525 Et:
2494 3459 2590 3526 Hi
2642 3459 2712 3526 in
2761 3458 3059 3526 curribus
3091 3510 3105 3536 ‚

595 3553 658 3612 et
705 3543 781 3610 hi
821 3545 893 3612 in
931 3546 1116 3634 equis
1139 3569 1161 3611 .·
1223 3568 1337 3613 nos
1384 3556 1606 3614 autem
1659 3547 1728 3614 in
1771 3548 2033 3614 nomine
2098 3547 2220 3614 Dez'
2266 3548 2478 3615 nostri
2529 3547 3119 3636 nzaqm'ficabimur

590 3632 803 3790 gPSaI.
859 3631 991 3721 49).
1046 3631 1291 3701 Multae
1338 3645 1499 3703 sunt
1549 3634 1949 3703 tentationes
1995 3632 2170 3721 ejus,
2224 3647 2288 3703 et
2334 3633 2444 3702 die
2496 3645 2838 3721 noctuque
2888 3635 3120 3703 variae

639 3741 1006 3790 aemonum
1047 3720 1386 3790 insidiae:
1438 3743 1611 3809 quas
1660 3722 1716 3790 si
1752 3744 1989 3791 omnes
2032 3743 2311 3791 narrare
2360 3722 2585 3803 velim,
2654 3722 2936 3791 modum
2997 3745 3120 3791 ex-

589 3809 828 3880 cedam
870 3808 1265 3879 voluminis,
1320 3811 1594 3892 Quoties
1643 3810 1744 3879 illi
1797 3810 2020 3879 nudae
2069 3811 2394 3881 mulieres
2453 3811 2740 3881 cubanti
2781 3866 2795 3892 ‚
2849 3812 3124 3898 quoties

589 3899 917 3969 esurienti
965 3897 1393 3989 largissimae
1441 3920 1822 3989 apparuere
1868 3898 2126 3988 dapes?
2174 3899 2525 3968 Interdum
2563 3913 2871 3970 orantem
2906 3899 3127 3988 lupus

587 3987 890 4068 ululans,
942 4000 1007 4056 et
1053 3986 1417 4077 vulpecula
1465 3988 1801 4077 ganniens
1853 3987 2235 4069 transilivit,
2279 3987 2736 4078 psallentique
2776 3987 3125 4078 gladiato-

589 4098 747 4145 rum
800 4097 1033 4166 pugna
1081 4075 1549 4166 spectaculum
1602 4076 1937 4167 praebuit,
1981 4089 2045 4146 et
2084 4099 2267 4146 unus
2314 4076 2515 4164 quasi
2558 4074 2957 4147 interfectus
2988 4131 3003 4157 ,
3061 4088 3131 4145 et

590 4177 746 4233 ante
789 4165 992 4254 pedes
1038 4165 1190 4253 ejus
1237 4186 1586 4246 corruens,
1634 4165 2061 4255 sepulturam
2115 4168 2396 4255 rogavit.
2453 4166 2679 4235 Oravit
2728 4165 2937 4234 semel
2982 4164 3128 4233 fixo

588 4252 661 4321 in
713 4263 959 4322 terram
1010 4255 1270 4344 capite,
1324 4266 1387 4322 et
1433 4266 1509 4323 ut
1557 4266 1800 4324 natura
1848 4253 1974 4323 fert
2025 4253 2409 4335 hominum,
2463 4252 2761 4324 abducta
2829 4253 2914 4322 ab
2967 4274 3132 4322 ora—

591 4341 772 4410 tione
842 4362 1084 4424 mens‚
1165 4342 1391 4412 nescio
1464 4342 1629 4431 quid
1705 4342 1892 4412 aliud
1967 4343 2348 4434 cogitabat:
2416 4342 2632 4412 insilit
2688 4341 2893 4413 dorso
2967 4341 3129 4431 ejus

645 4468 672 4496 ¹⁸¹
701 4466 1031 4518 Scilicetficus,
1047 4464 1182 4518 quasi
1204 4478 1259 4510 ex
1278 4468 1424 4511 caria.
