3347 4999
670 363 796 427 306
1434 379 1512 424 nn
1562 377 1613 422 s.
1670 377 1931 424 G1sLENo
1980 337 2272 424 coxi-ass.
2860 360 3034 428 OCT.
3097 366 3144 428 9

583 485 872 537 somnus
908 462 1308 552 obrepisset.
1341 461 1506 531 vidit
1539 471 1631 531 An
1690 462 1873 530 elum
1910 463 2041 530 sibi
2074 476 2544 552 apparentem,
2575 476 2638 533 et
2670 464 3140 534 blandissimo

581 553 779 623 vultu
813 553 1195 621 dicentem:
1244 573 1278 615 «
1316 555 1407 619 Ne
1448 573 1612 620 mun
1677 553 1693 619 i
1734 550 2131 641 procellosis
2195 552 2521 623 fluctibus
2574 553 2875 640 agiteriS,
2941 568 3139 642 post-

582 642 816 712 habito
867 640 1077 710 natali
1116 638 1284 720 soto,
1324 639 1729 727 Apostolicis
1774 639 2143 727 triumphis
2178 639 2511 710 celebrem
2548 642 2762 710 invise
2795 646 3130 722 Romam:

581 744 783 818 atque
834 729 973 798 illic
1025 729 1147 798 tibi
1196 728 1614 807 ostendetur,
1646 728 1813 814 quid
1869 742 1928 797 te
1974 742 2280 817 oporteat
2310 729 2600 798 facere.»
2637 731 2758 799 llle
2797 731 2879 799 ad
2918 754 2991 799 se
3026 754 3143 800 re-

581 842 844 898 versuS,
900 818 1064 905 quid
1118 839 1198 885 ea
1249 817 1506 885 visione
1555 818 1934 897 didicisset,
1986 817 2157 885 nulli
2213 840 2495 907 prorsus
2532 819 2838 888 indicare
2876 820 3137 899 voluit;

583 909 699 979 sed
753 908 1039 977 honesto
1089 907 1382 995 stipatus
1429 906 1785 985 comitatu,
1843 920 1905 975 et
1954 927 2192 975 curam
2244 928 2517 976 omnem
2572 909 2680 977 sui
2729 922 2931 994 atque
2982 932 3142 978 suo-

582 1019 737 1067 rum
783 998 849 1064 in
901 1001 1108 1064 Deum
1153 994 1495 1083 rejiciens,
1546 995 1671 1063 iter
1723 995 2076 1084 ingressus
2109 1008 2233 1074 est,
2278 1018 2435 1064 cum
2467 998 2682 1066 beatis
2718 998 3140 1087 patriarchis

582 1086 817 1155 exiens
847 1107 883 1153 e
919 1097 1092 1153 terra
1133 1096 1196 1152 et
1231 1083 1635 1173 cognatione
1670 1107 1821 1162 sua,
1855 1106 2011 1152 cum
2045 1085 2304 1176 quibus
2334 1084 2536 1152 etiam
2572 1086 2635 1153 in
2674 1085 2883 1155 coelis
2911 1086 3139 1176 gloria

582 1188 645 1244 et
696 1174 951 1243 honore
990 1173 1134 1261 jam
1186 1186 1555 1241 coronatus
1603 1186 1723 1241 est.
1798 1168 1919 1241 Ubi
1973 1178 2257 1241 Romam
2313 1174 2516 1253 venit,
2572 1173 3137 1245 beatissimorum

581 1261 1083 1353 Apostolorum,
1139 1259 1478 1329 Ecclesiae
1532 1261 1751 1350 princi
1812 1284 1951 1340 um,
1992 1261 2230 1329 limina
2316 1263 2481 1345 eiiii,
2521 1284 2736 1349 eaque
2769 1264 2958 1351 largo
2987 1265 3140 1350 pia-

582 1375 738 1422 rum
792 1351 1257 1440 lacrymarum
1312 1349 1530 1418 imbre
1580 1349 1727 1417 insu
1788 1350 1883 1429 it,
1941 1351 2256 1418 inenarra
2319 1351 2441 1423 iles
2494 1353 2779 1421 Domino
2828 1354 3139 1441 gemitus

583 1453 646 1510 et
686 1441 988 1529 suspiria
1036 1439 1351 1518 offerens,
1402 1461 1650 1526 magno
1701 1440 1939 1524 utique
1974 1438 2058 1508 ad
2101 1461 2340 1508 omnes
2377 1461 2568 1508 rarae
2604 1441 2874 1530 pietatis
2904 1464 3138 1510 exem-

582 1529 720 1618 plo.
774 1528 1216 1597 Perlustravit
1267 1549 1420 1595 vero
1469 1529 1671 1596 etiam
1720 1528 2071 1596 beatorum
2126 1533 2498 1618 Martyrum
2532 1542 2597 1598 et
2646 1529 3135 1599 Confessorum

580 1618 1005 1687 venerabiles
1038 1617 1427 1696 memorias,
1462 1617 1528 1683 in
1573 1616 2182 1707 alterisffrosarum,
2225 1618 2293 1685 in
2327 1618 2561 1686 alteris
2596 1617 2901 1688 liliorum
2935 1620 3132 1688 suavi

586 1707 795 1776 odore
843 1708 1157 1776 animum
1207 1704 1579 1775 oblectans.
1643 1707 1974 1805 Apparuit
2024 1719 2247 1774 autem
2299 1706 2360 1774 ei
2411 1706 2608 1775 aulae
2657 1708 2971 1777 coelestis
3015 1714 3139 1777 Ja-

586 1797 767 1865 nitor
815 1809 966 1884 post
1016 1794 1178 1864 solis
1226 1816 1547 1863 occasum
1582 1848 1596 1871 ‚
1655 1808 1884 1881 aitque
1945 1794 2025 1862 ad
2088 1816 2290 1863 eum:
2332 1817 2365 1860 «
2404 1800 2515 1864 Est
2553 1818 2811 1885 paguS‚
2871 1797 2990 1882 qui
3041 1798 3132 1865 ab

586 1886 854 1954 amne*
892 1883 1451 1974 praeterfluente,
1521 1883 1823 1963 Hainau,
1869 1883 2279 1972 appellatur.
2338 1884 2440 1952 Ibi
2504 1897 2659 1953 tuae
2719 1884 3129 1954 habitationi

583 1973 854 2042 noveris
901 1973 1232 2040 divinitus
1302 1971 1715 2040 destinatum
1771 1971 1998 2040 locum
2059 1971 2301 2052 illum,
2361 1973 2883 2058 quem-incolae
2936 1975 3131 2042 Ursi-

584 2063 898 2151 dungum
955 2073 1215 2140 vocant,
1270 2062 1355 2128 ab
1408 2082 1591 2141 ursa,
1646 2083 1804 2129 cum
1858 2059 2106 2129 catulis
2156 2060 2297 2129 illic
2345 2061 2797 2150 deprehensa.
2834 2067 2932 2131 Tu
2983 2062 3132 2132 illic

585 2172 738 2219 meo
799 2164 862 2218 et
910 2149 1138 2217 fratris
1190 2150 1321 2217 mei
1373 2148 1560 2218 Pauli
1613 2150 1878 2218 nomini
1916 2149 2194 2238 elegans
2242 2152 2615 2219 oratorium
2667 2151 2946 2230 condes,
3004 2173 3132 2219 no-

586 2240 882 2324 strisque
942 2237 1339 2326 patrociniis
1398 2251 1778 2307 reverenter
1840 2238 2385 2308 consecrandum
2449 2240 2751 2308 curabis,
2817 2245 3132 2326 Cumque

587 2325 842 2396 multas
894 2326 987 2395 ibi
1040 2326 1326 2395 Domino
1377 2326 1684 2397 lucratus
1722 2328 1858 2397 eris
1891 2327 2181 2406 animas,
2225 2327 2418 2396 beato
2468 2328 2604 2397 fine
2655 2328 2797 2397 illic
2844 2330 3132 2398 claudes

585 2417 820 2496 vitam,
874 2430 935 2484 et
985 2416 1052 2482 in
1104 2415 1312 2484 coelis
1359 2436 1518 2484 cum
1571 2416 1843 2506 Angelis
1900 2429 2249 2484 aeternum
2306 2416 2688 2486 laetaberis.
2753 2441 2789 2483 »
2840 2422 2982 2486 Hac
3030 2420 3133 2485 vi-

587 2506 776 2574 sione
825 2505 1245 2573 exhilaratus
1297 2505 1399 2572 vir
1447 2518 1752 2585 sanctUS,
1809 2505 2047 2575 laudes
2095 2519 2158 2573 et
2206 2520 2435 2596 grates
2482 2507 2635 2594 egit·
2668 2512 2822 2587 Deo,
2860 2521 3065 2594 atque
3097 2530 3134 2576 e

587 2593 918 2662 comitum
974 2593 1173 2662 turba
1212 2616 1345 2663 non
1392 2593 1523 2662 nisi
1566 2594 1740 2664 duos
1777 2595 1907 2663 sibi
1954 2595 2276 2674 retinens,
2336 2592 2770 2664 Lambertum
2822 2607 2885 2664 et
2934 2595 3134 2664 Belli—

588 2683 796 2763 rium,
842 2682 1076 2751 nudus
1127 2683 1391 2751 nudum
1431 2682 2265 2764 secuturusSalvatorem‚
2298 2685 2381 2752 ad
2422 2684 2645 2754 locu‘m
2675 2685 2806 2754 sibi
2840 2685 2926 2754 ab
2960 2691 3135 2775 Apo·

585 2772 756 2843 stolo
805 2771 1186 2840 indicatum
1244 2773 1648 2861 properavit.

675 2864 708 2948 ξ
755 2865 845 2932 3.
887 2865 961 2928 ln
991 2883 1069 2931 eo
1119 2860 1357 2929 itinere
1396 2861 1837 2950 perlustranti
1895 2883 2086 2930 sacra
2153 2862 2590 2943 monasteria,
2635 2863 2842 2932 urbes
2889 2875 2954 2931 et
3014 2885 3134 2931 ca·

585 2949 804 3031 stella,
859 2950 1119 3028 dictum
1172 2962 1272 3020 est
1326 2950 1409 3018 de
1463 2950 1939 3019 amantissimo
2004 2950 2249 3018 Christi
2313 2951 2738 3032 consessore,
2794 2951 3127 3032 AmandO,

583 3040 785 3128 cujus
845 3038 1289 3108 celeberrima
1336 3039 1518 3108 fama
1585 3038 1977 3128 gratissimo
2043 3039 2421 3108 sanctitatis
2471 3040 2675 3109 odore
2755 3038 3131 3109 Ecclesiam

584 3128 1061 3217 compleverat,
1101 3141 1165 3196 et
1212 3128 1481 3197 animas
1521 3127 1882 3197 hominum
1929 3128 2095 3196 mire
2129 3126 2488 3198 afficiebat.
2543 3128 2748 3196 Valde
2785 3129 2990 3218 igitur
3038 3130 3137 3197 si-

587 3217 761 3285 tiens
810 3237 963 3283 eum
1024 3215 1271 3295 videre,
1325 3230 1390 3285 et
1437 3237 1597 3285 cum
1650 3238 1729 3285 eo
1786 3215 2109 3303 colloqui,
2172 3217 2419 3285 obnixe
2471 3230 2663 3306 rogat
2714 3219 3075 3285 Dominum
3112 3272 3129 3298 ‚

583 3316 661 3373 ut
712 3316 1003 3392 praestet
1052 3303 1184 3372 sibi
1225 3306 1489 3393 copiam
1543 3305 1693 3394 ejus
1743 3306 2000 3374 sanctis
2048 3304 2411 3390 colloquiis
2462 3306 2879 3394 perfruendi.
2932 3307 3135 3375 Venit

584 3391 749 3460 inde
796 3391 882 3460 ad
921 3392 1192 3461 beatum
1240 3393 1485 3471 virum,
1524 3396 1804 3484 exponit
1849 3395 1910 3462 ei
1945 3416 2193 3463 causas
2230 3393 2495 3462 itineris
2544 3396 2676 3475 sui,
2719 3395 2883 3485 petit
2930 3395 3014 3463 ab
3048 3416 3139 3464 eo

590 3480 890 3552 salutare
929 3479 1328 3564 consilium3
1366 3492 1591 3567 atque,
1645 3484 1796 3572 ejus
1853 3482 2326 3552 benedictione
2379 3498 2717 3572 percepta,
2790 3481 3139 3573 profectus

586 3583 710 3650 est,
751 3570 1067 3657 venitque
1116 3569 1201 3637 ad
1254 3582 1597 3649 montem,
1654 3593 1856 3658 quem
1923 3571 2367 3642 Castrilocum
2404 3572 2472 3606 *¹*
2520 3584 2784 3642 vocant.
2821 3577 3135 3657 Cumque

586 3671 854 3750 putaret
882 3681 1037 3728 eum
1081 3680 1229 3728 esse
1278 3656 1501 3728 locum
1554 3659 1688 3728 sibi
1745 3683 1780 3729 a
1839 3662 2122 3730 Domino
2173 3659 2621 3750 promissum,
2666 3661 2888 3751 coepit
2925 3659 3139 3730 extir-

588 3770 750 3839 pare
783 3748 1086 3828 arbusta,
1141 3760 1216 3817 ut
1253 3761 1476 3838 posset
1516 3748 1657 3817 illic
1709 3749 2041 3838 templum
2091 3762 2512 3830 construere,
2566 3762 2803 3839 aptum
2858 3750 3129 3819 Christo

586 3837 963 3908 servituris.
1017 3842 1142 3905 Per
1189 3834 1256 3904 id
1297 3849 1566 3926 tempus
1615 3838 2087 3907 Bracbbantus
2132 3840 2264 3927 (sic
2311 3839 2494 3907 enim
2548 3853 2786 3908 auctor
2826 3838 3133 3907 Braban-

586 3927 748 3995 tiam
800 3924 1142 4013 nominat)
1171 3930 1259 3993 Da
1314 3926 1546 3995 oberto
1578 3927 1684 3961 ’Ἣ
1723 3928 1888 4018 Regi
1928 3927 2280 4017 jucundas
2311 3927 2673 3997 exhibebat
2706 3928 3130 3996 venationes

587 4015 754 4101 Ejus
801 4037 1008 4084 canes
1056 4036 1238 4101 quan
1297 4036 1472 4101 oque
1521 4015 1895 4086 immanem
1950 4017 2362 4086 insectantes
2417 4038 2653 4086 ursani
2692 4071 2707 4097 ‚
2761 4019 3140 4105 coegerunt

585 4126 734 4172 eam
774 4104 936 4192 suga
986 4104 1117 4174 sibi
1164 4104 1548 4173 consulere.
1601 4107 1795 4174 Venit
1844 4106 2054 4195 igitur
2084 4105 2167 4175 ad
2220 4108 2493 4177 beatum
2547 4105 2981 4174 eremicolam
3018 4106 3139 4175 Gi-

585 4193 884 4272 slenum‚
946 4206 1010 4263 et
1051 4193 1179 4263 sub
1227 4194 1377 4284 ejus
1435 4193 1692 4275 tunica,
1747 4216 1954 4280 quam
2027 4211 2302 4285 propter
2367 4195 2667 4264 laborem
2720 4195 2801 4263 ad
2865 4194 3142 4266 arboris

637 4391 662 4416 ²¹¹
692 4373 889 4428 Plumen
911 4386 1074 4434 Haine,
1095 4400 1119 4428 a
1139 4398 1230 4438 quo
1250 4390 1452 4431 Haluaut
1474 4389 1571 4441 (lat.
1596 4390 1847 4442 Hannonsa)
1868 4399 2035 4430 nomen
2056 4388 2198 4429 ducit.

637 4444 690 4469 “¹’‘
719 4444 850 4482 Nunc
875 4444 1000 4482 ,nome
1021 4444 1068 4481 in
1089 4444 1345 4484 Haimonia-

634 4498 714 4522 *Μ’
741 4497 1035 4547 Dagobertus
1056 4508 1111 4538 ex
1129 4496 1366 4537 communi
1389 4494 1683 4538 eruditorum
1706 4498 1942 4538 sententia
1958 4499 2057 4547 jnm
2079 4497 2259 4546 pridem
2280 4506 2304 4538 e
2328 4498 2450 4538 vivis
2471 4501 2749 4539 excesserat.
