3347 4999
712 299 838 363 372
1517 317 1593 362 ns
1642 318 1697 362 s.
1750 314 2040 362 aouAnno
2089 314 2247 361 aasz
2837 295 3006 361 OCT.
3066 297 3156 361 ⁴3

622 401 1082 479 decernimus,
1118 411 1183 469 et
1222 398 1620 469 infractores
1650 422 1913 480 earum,
1957 398 2057 469 vel
2101 400 2471 480 invasoreS,
2511 411 2630 470 aut
2662 398 3151 479 diminutoreS‚

622 502 741 558 aut
788 489 1232 578 dispersoreS,
1270 488 1652 558 venditores
1685 489 1914 570 etiarn,
1954 500 2228 558 aeterna
2260 486 2736 558 maledictione
2769 509 2924 558 cum
2964 488 3164 558 ‚tuda

622 577 966 668 proditore
1012 576 1448 659 damnamus,
1490 589 1564 646 ut
1627 577 1694 645 in
1761 578 1956 648 beata
2006 599 2139 647 non
2193 577 2492 646 habeant
2539 591 2801 667 partem
2842 598 3159 646 resurre-

623 667 868 746 ctione,
921 665 1037 735 sed
1081 688 1121 735 a
1161 667 1353 736 beato
1403 672 1592 735 Petro
1649 666 1964 767 Apostolo
2019 688 2090 735 se
2127 665 2548 756 judicandos
2582 666 2824 744 sciant,
2872 665 3164 752 quando

622 755 881 826 sedebit
926 776 1088 823 cum
1137 754 1282 823 suis
1347 755 1779 844 coapostolis,
1838 754 2165 843 judicans
2218 754 2582 824 duodecim
2635 755 2855 824 tribus
2905 754 3156 824 lsrael.

624 844 825 914 Vobis
864 864 1019 911 vero
1066 855 1130 912 et
1173 845 1461 932 posteris
1512 844 1752 912 vestris
1786 843 2066 933 regibus
2099 843 2596 914 committimus
2636 843 3162 912 advocationem

621 946 685 1002 et
712 932 1066 1003 tuitionem
1107 932 1417 1018 ejusdem
1457 932 1609 1009 loci,
1650 945 1716 1001 et
1753 932 2066 1000 omnium
2104 932 2308 1001 totius
2347 931 2628 1001 Analiae
2667 931 3156 1012 ecclesiarum,

623 1035 702 1091 ut
731 1021 872 1090 vice
922 1032 1153 1089 nostra
1184 1042 1345 1089 curn
1380 1019 1666 1091 consilio
1715 1020 2204 1109 Episcoporum
2245 1032 2310 1089 et
2350 1020 2442 1089 Ab
2493 1033 2682 1090 atum
2720 1021 3164 1090 constituatis

624 1110 885 1196 ubique
931 1129 1106 1195 quae
1145 1108 1335 1196 justa
1383 1120 1565 1196 sunt,
1627 1109 1918 1179 scientes
1969 1131 2088 1196 pro
2126 1110 2249 1179 hoc
2284 1130 2402 1177 vos
2448 1122 2835 1199 recepturos
2867 1107 3164 1197 dignam

625 1197 1006 1268 mercedem
1043 1197 1129 1265 ab
1158 1219 1259 1277 eo,
1299 1198 1499 1287 cujus
1531 1218 1820 1287 regnum
1861 1210 1927 1267 et
1956 1198 2325 1287 imperium
2368 1219 2501 1266 non
2540 1197 2827 1279 desinet,
2865 1220 2986 1266 nec
3024 1198 3163 1267 mi-

626 1300 879 1356 nuetur
926 1286 995 1353 in
1047 1284 1384 1355 seculum.
1438 1309 1473 1352 »

714 1378 749 1463 ξ
797 1379 928 1447 17.
983 1379 1272 1442 Sanctus
1319 1385 1545 1442 autem
1596 1374 1956 1443 Eduardus
2007 1374 2338 1443 tributum
2388 1373 2559 1445 illud
2601 1374 3095 1466 gravissimum
3139 1428 3155 1454 ,

626 1464 811 1550 quod
847 1477 1147 1552 tempore
1184 1461 1394 1551 patris
1426 1463 1532 1532 sui
1567 1463 1775 1534 classi
1811 1463 2098 1532 Danicae
2132 1462 2576 1552 pendebatur,
2615 1475 2680 1533 et
2712 1462 3159 1553 postmodum

627 1553 796 1622 fisco
846 1574 915 1621 re
968 1552 1030 1619 io
1080 1550 1519 1632 inferebatur,
1566 1552 1750 1641 regia
1801 1550 2202 1622 liberalitate
2245 1552 2524 1632 remisit,
2560 1563 2625 1622 et
2657 1552 2742 1621 ab
2796 1555 2918 1621 hoc
2951 1573 3162 1621 onere

629 1641 921 1732 importa
978 1640 1047 1708 ili
1080 1640 1147 1708 in
1177 1654 1582 1740 perpetuum
1611 1640 1920 1729 Angliam
1955 1640 2264 1710 absolvit.
2306 1644 2466 1708 Cum
2502 1642 2684 1710 enim
2720 1640 3008 1710 collecta
3042 1639 3162 1709 illa

632 1730 922 1819 pecunia
972 1742 1126 1797 ante
1173 1726 1369 1796 illum
1421 1727 1642 1796 delata
1708 1741 1882 1798 esset
1914 1784 1928 1810 ,
1981 1728 2330 1797 diabolum
2382 1751 2588 1820 super
2634 1729 3001 1798 cumulum
3051 1751 3160 1798 se-

629 1818 900 1887 dentem
953 1830 1016 1886 et
1066 1816 1410 1885 ludentem
1456 1816 1641 1891 vidit,
1697 1829 1762 1886 et
1818 1840 1900 1887 ne
1948 1817 2249 1906 amplius
2296 1817 2677 1905 exigeretur
2710 1873 2724 1899 ,
2781 1818 3157 1907 praecepit.

631 1912 794 1976 Cum
849 1907 917 1974 in
970 1904 1244 1994 palati0‚
1288 1903 1486 1992 juxta
1532 1905 1890 1975 ecclesiam
1941 1906 2119 1975 beati
2168 1906 2366 1985 Petri,
2408 1910 2542 1975 Rex
2590 1905 2964 1993 aliquando
3017 1926 3162 1974 mo-

628 2009 900 2065 raretur
936 2049 950 2073 ,
1009 1994 1401 2083 supervenit
1446 1993 1725 2079 quidam
1793 1995 1896 2064 vir
1952 1994 2331 2073 mirabiliS,
2385 1995 2795 2064 Hibernicus
2855 2016 3152 2085 genere,

633 2085 830 2175 pedis
879 2083 1237 2168 utriusque
1290 2082 1593 2170 privatus
1642 2082 1864 2152 officio
1910 2083 2132 2171 (nervi
2179 2083 2360 2152 enim
2401 2082 2467 2149 in
2509 2082 2759 2173 poplite
2799 2085 3156 2164 contracti,

633 2173 717 2241 ad
773 2171 1177 2261 posteriores
1224 2171 1530 2259 corporis
1580 2184 1805 2260 partes
1849 2193 2050 2240 crura
2100 2185 2530 2251 retorserant,
2578 2172 2693 2240 tali
2742 2172 3023 2242 natibus
3055 2172 3162 2239 in-

636 2261 1018 2338 haeserant,
1075 2259 1517 2345 immersique
1564 2260 1891 2329 carnibus
1943 2258 2190 2350 pedum
2242 2259 2559 2340 articuli,
2616 2283 2655 2329 a
2705 2258 2961 2329 lumbis
3008 2261 3161 2349 ejus

633 2362 698 2417 et
744 2347 1066 2416 deorsum
1117 2369 1366 2437 corpus
1414 2369 1616 2417 omne
1664 2361 2147 2436 perverterant.
2203 2348 2532 2419 Porrectis
2580 2348 2661 2417 ad
2708 2360 2956 2418 terram
3011 2371 3161 2421 ma-

635 2437 865 2517 nibuS,
920 2448 984 2505 et
1032 2437 1333 2505 scamnis
1382 2437 1759 2526 suppositis
1807 2437 2113 2527 repebat,
2166 2449 2229 2506 et
2276 2436 2495 2506 factus
2543 2437 2953 2528 sibimetipsi
3000 2460 3162 2527 gra-

632 2526 758 2603 vis,
815 2525 1122 2594 trahebat
1170 2547 1240 2593 se
1292 2537 1440 2614 post
1473 2525 1595 2613 se).
1635 2527 1762 2595 Hic
1810 2526 2049 2595 videns
2098 2526 2301 2615 Regis
2339 2526 2872 2608 cubicularium,
2929 2527 3027 2596 ait
3074 2527 3160 2595 ad

629 2636 837 2684 eum:
893 2636 928 2679 «
983 2612 1346 2703 Hugoline‚
1402 2636 1534 2682 non
1590 2636 1698 2683 me
1747 2616 2114 2704 respicies,
2172 2636 2292 2683 nec
2335 2614 2787 2696 misereberiS,
2842 2637 2966 2684 nec
3017 2637 3164 2685 mo-

630 2702 811 2771 vebit
860 2716 919 2771 te
972 2723 1120 2771 mea
1171 2715 1354 2771 tanta
1400 2702 1805 2771 calamitas?
1841 2726 1876 2768 »
1925 2708 2002 2773 Et
2050 2702 2204 2771 ille:
2244 2725 2280 2769 «
2313 2702 2487 2785 Quid
2542 2725 2647 2773 me
2697 2704 2797 2772 vis
2836 2703 3158 2772 facere‘Y»

633 2792 754 2860 Cui
806 2813 1099 2880 pauper:
1143 2814 1177 2857 «
1221 2791 1469 2871 SexieS,
1514 2791 1763 2877 inquit,
1802 2792 2274 2880 Apostolorum
2326 2791 2567 2860 limina
2602 2813 2846 2882 repens
2876 2793 2982 2882 (ut
3010 2814 3161 2861 cer-

632 2879 773 2968 nis)
819 2880 1107 2960 visitavi,
1160 2892 1224 2948 et
1272 2881 1630 2949 sanitatem
1685 2880 1978 2949 necdum
2032 2880 2405 2970 promerui.
2447 2885 2662 2961 Quam
2716 2895 2941 2950 tamen
2985 2881 3162 2949 mihi

631 2968 1104 3057 Apostolorum
1157 2969 1478 3058 princeps
1528 2989 1661 3035 non
1715 2969 2006 3058 negavit,
2062 2968 2177 3039 sed
2249 2967 2538 3050 distulit,
2594 2971 2857 3066 socium
2906 2970 2975 3038 in
3032 2970 3161 3040 hoc

633 3057 967 3127 miraculo
1003 3058 1249 3126 habere
1296 3056 1530 3125 volens
1579 3056 2002 3139 Eduardum,
2055 3079 2258 3143 quem
2311 3056 2442 3125 sibi
2495 3059 2678 3128 novit
2711 3059 2778 3126 in
2830 3059 3161 3128 omnibus

628 3168 779 3215 esse
826 3146 1167 3215 devotum.
1213 3146 1308 3216 Ab
1360 3147 1508 3234 ipso
1541 3146 1726 3214 enim
1769 3145 2083 3236 Apostolo
2134 3148 2202 3214 in
2256 3145 2598 3215 mandatis
2638 3149 2874 3235 accepi
2908 3153 3163 3235 Regem

601 3234 846 3314 adire,
901 3247 976 3302 ut
1024 3256 1130 3301 me
1178 3255 1301 3303 suo
1336 3256 1530 3304 sacro
1563 3236 1963 3304 subvectum
2007 3234 2210 3304 dorso
2240 3232 2323 3303 ad
2366 3235 2723 3304 ecclesiam
2767 3236 2938 3325 ejuS,
2971 3256 3160 3321 quae

633 3322 887 3413 palatio
928 3321 1149 3390 vicina
1197 3336 1317 3402 est,
1376 3323 1687 3411 perferat,
1755 3335 2216 3414 recepturum,
2283 3323 2341 3390 si
2394 3323 2455 3390 id
2507 3322 2760 3405 fecerit,
2817 3324 3165 3393 membro-

634 3432 788 3479 rum
830 3431 1131 3477 meorum
1184 3410 1516 3499 integram
1556 3411 1937 3481 sanitatem.
1979 3435 2014 3478 »
2047 3417 2224 3480 Haec
2264 3411 2381 3481 ubi
2417 3412 2736 3482 nunciata
2770 3426 2932 3483 sunt
2959 3412 3155 3502 Regi,

635 3499 890 3589 gratias
927 3498 1066 3586 agit
1104 3502 1252 3577 Deo,
1293 3510 1357 3567 et
1387 3499 1633 3568 citatus
1668 3522 1823 3569 mox
1857 3523 2081 3590 aeger,
2137 3500 2442 3569 accessit.
2499 3506 2633 3569 Rex
2682 3523 2860 3582 vero,
2913 3514 2988 3570 ut
3018 3501 3167 3589 spi-

634 3586 854 3657 ritalis
895 3585 1010 3654 ille
1057 3586 1299 3657 asinus
1330 3586 1545 3667 sortis,
1585 3590 1935 3660 accubans
1969 3591 2036 3657 in
2072 3589 2404 3667 terminiS‚
2442 3590 2806 3678 supposuit
2838 3590 3170 3658 humeros

634 3697 798 3746 suos
857 3674 942 3744 ad
996 3675 1431 3764 portandum.
1509 3675 1761 3745 Pendet
1823 3678 1907 3746 de
1970 3678 2256 3747 humero
2306 3677 2473 3746 tanti
2526 3678 2859 3768 principis
2910 3677 3163 3767 plenus

632 3764 958 3833 sordibus
1010 3786 1291 3853 pauper,
1347 3763 1685 3850 squalidis
1735 3766 2079 3844 manibuS,
2136 3765 2575 3852 brachiisque
2624 3766 3012 3853 squamosis
3060 3788 3171 3835 re·

635 3854 828 3943 gium
889 3852 1062 3922 illud
1108 3864 1344 3941 pectus
1391 3853 1786 3939 collumque
1833 3853 2331 3943 complectitur.
2387 3860 2648 3923 Interea
2694 3877 2773 3924 ex
2836 3854 3171 3924 assisten-

635 3942 819 4010 tibus
868 3941 1181 4010 ridebant
1231 3941 1568 4023 nonnulli,
1614 3941 1805 4011 aliia
1843 3964 2138 4032 paupere
2185 3947 2436 4032 Regem
2471 3942 2790 4013 delusum
2832 3942 3171 4033 jocaban-

635 4043 770 4109 tur,
824 4031 939 4098 alii
990 4031 1498 4120 simplicitatem
1545 4031 1742 4117 justi,
1796 4030 2171 4101 fatuitatem
2219 4031 2645 4118 judicabant.
2700 4036 2866 4100 Cum
2930 4033 3171 4118 itaque

637 4123 771 4187 Rex
824 4118 1184 4207 paululum
1241 4120 1723 4207 processisset,
1772 4120 1997 4189 subito
2047 4120 2234 4189 nervi
2301 4121 2779 4200 extenduntur,
2835 4119 3163 4209 rigantur

633 4228 834 4287 ossa,
882 4229 1123 4277 carnes
1175 4208 1515 4276 marcidae
1578 4208 2030 4286 recalescunt,
2087 4221 2446 4298 emergunt
2492 4231 2530 4277 a
2577 4230 2783 4278 carne
2830 4210 3159 4290 articuli,

637 4295 845 4385 pedes
908 4318 948 4364 a
996 4296 1271 4364 natibus
1323 4296 1705 4366 solvuntur.
1764 4296 2092 4365 Distendit
2141 4296 2343 4365 homo
2407 4319 2610 4365 crura
2646 4351 2661 4377 ,
2716 4297 2975 4387 poplite
3015 4299 3169 4385 jam

634 4384 944 4466 flexibili,
990 4398 1054 4455 et
1102 4385 1297 4454 sanie
1344 4406 1502 4454 cum
1555 4384 1894 4475 sanguine
1944 4385 2345 4475 profluente,
2401 4386 2601 4455 vestis
2649 4386 2837 4475 regia
2872 4400 3171 4458 ornatur
