3347 4999
718 349 846 414 6⁴2
1464 368 1542 413 nn
1590 367 1645 413 s.
1694 366 2031 413 inminens
2079 365 2318 412 Annam
2851 347 3025 413 OCT.
3075 350 3145 414 2⁴

619 453 865 545 jubere
916 450 1241 540 perquiri,
1298 472 1384 520 nc
1431 463 1550 520 aut
1584 450 1802 521 solitis
1852 449 2435 520 incantationibus
2478 449 2839 519 recessisse
2871 449 3155 521 daemon

623 541 1018 621 videretur,
1074 552 1193 608 aut
1247 540 1393 629 ipse
1435 541 1734 609 sermoni
1773 540 1922 641 ejus
1960 537 2516 609 accommodasse
2563 538 2796 620 fidem,
2850 561 3155 610 asserens

629 629 905 699 fallaces
937 650 1083 699 esse
1118 628 1511 710 daemones,
1546 643 1609 697 et
1642 628 1725 697 ad
1772 627 2243 698 simulandum
2277 649 2425 697 esse
2457 626 2780 696 callidos:
2810 640 2875 696 et
2914 629 3152 718 magis,

628 718 893 788 reddita
935 717 1246 798 sanitate,
1293 718 1634 807 increpuit
1681 718 2055 809 virginem,
2110 739 2237 786 cur
2284 715 2555 786 fecisset
2590 716 2773 798 talia,
2822 737 2942 806 per
2988 739 3156 803 quae

629 806 919 877 daemon
975 808 1226 876 intrare
1267 807 1620 896 potuisset.

718 904 756 977 ἓ
787 900 933 969 18.
970 901 1108 966 Non
1148 894 1373 965 solum
1408 909 1635 965 autem
1676 895 1744 965 in
1780 894 2183 976 Palaestina,
2228 907 2292 963 et
2324 894 2392 962 in
2433 893 2674 962 vicinis
2721 893 3017 965 urbibus
3051 899 3162 965 Ae-

629 985 847 1076 gypti,
892 984 989 1052 vel
1042 985 1299 1074 Syriae,
1355 983 1472 1053 sed
1523 984 1723 1052 etiam
1783 984 1848 1051 in
1909 982 2306 1073 longinquis
2365 982 2736 1072 provinciis
2783 982 2970 1051 fama
3016 983 3159 1073 ejus

631 1072 1134 1163 percrebuerat.
1187 1078 1491 1159 Namque
1539 1071 1950 1142 candidatus
1995 1072 2029 1108 ²*
2077 1071 2448 1141 Constantii
2507 1070 2952 1171 Imperatoris
2984 1125 3000 1151 ,
3053 1094 3159 1141 ru-

631 1161 794 1231 tilus
841 1164 1038 1231 coma
1074 1216 1088 1242 ‚
1142 1173 1206 1230 et
1250 1161 1547 1231 candore
1595 1161 1904 1251 corporis
1954 1160 2270 1230 indicans
2322 1159 2745 1249 provinciam
2794 1161 3004 1250 (inter
3050 1165 3161 1231 Sa-

636 1272 844 1319 xones
877 1252 1133 1340 quippe
1179 1263 1245 1319 et
1276 1250 1685 1319 Alemannos
1718 1271 1886 1339 gens
1914 1250 2086 1340 ejuS,
2128 1272 2259 1319 non
2296 1262 2432 1318 tam
2473 1246 2629 1328 lata,
2664 1270 2871 1336 quam
2910 1248 3151 1329 valida,

628 1339 809 1428 apud
849 1340 1215 1408 ¹historicos
1265 1339 1651 1419 Germania,
1716 1360 1899 1407 nunc
1951 1360 2106 1407 vero
2146 1337 2429 1407 Francia
2479 1337 2810 1427 vocatur),
2853 1338 3153 1424 antiquo,

627 1428 756 1496 hoc
801 1440 925 1510 est,
963 1429 1050 1498 ab
1088 1426 1400 1506 infantia,
1443 1448 1800 1518 possessus
1832 1450 1869 1494 a
1902 1426 2258 1508 daemone,
2302 1426 2423 1514 qui
2469 1425 2785 1495 noctibus
2817 1448 2972 1495 eum
3009 1427 3157 1495 ulu-

631 1515 795 1597 lare,
851 1517 1320 1607 ingemiscere,
1377 1515 1662 1585 fremere
1710 1515 2031 1585 dentibus
2081 1514 2554 1604 compellebat,
2610 1526 2867 1584 secreto
2902 1515 2986 1584 ab
3021 1520 3158 1583 Im-

631 1616 936 1695 peratore
967 1605 1377 1675 evectionem
1413 1604 1483 1640 **
1533 1604 1745 1695 petiit,
1799 1626 2078 1674 causam
2122 1605 2182 1673 ei
2233 1605 2362 1673 sim
2422 1603 2641 1673 liciter
2691 1603 3041 1672 indicans:
3092 1614 3159 1673 et

628 1694 925 1783 acceptis
971 1693 1056 1763 ad
1096 1693 1529 1763 consularem
1582 1715 1854 1780 quoque
1898 1693 2328 1762 Palaestinae
2407 1691 2642 1772 itteris,
2687 1714 2843 1761 cum
2904 1692 3163 1781 ingenti

630 1783 883 1852 honore
915 1794 981 1852 et
1010 1782 1339 1852 comitatu
1386 1787 1629 1852 Gazam
1667 1781 2005 1851 deductus
2037 1794 2159 1851 est.
2214 1781 2340 1863 Qui
2392 1803 2548 1849 cum
2585 1803 2626 1849 a
2673 1780 3164 1850 decurionibus

630 1870 819 1940 illius
847 1870 975 1940 loci
1011 1872 1438 1958 quaesiisset,
1486 1871 1602 1940 ubi
1638 1871 1974 1941 habitaret
2007 1870 2314 1939 Hilarion
2352 1868 2754 1949 monachus,
2790 1870 3003 1938 territi
3043 1874 3167 1940 Ga-

627 1981 884 2041 zenseS,
923 1973 988 2029 et
1019 1972 1335 2050 putantes
1384 1982 1544 2029 eum
1596 1961 1682 2029 ab
1735 1964 2149 2048 Imperatore
2186 1958 2501 2038 missum,
2543 1957 2624 2026 ad
2673 1960 3164 2027 monasterium

627 2047 1084 2128 adduxerunt,
1137 2061 1214 2118 ut
1251 2061 1315 2117 et
1355 2049 1683 2118 honorem
1718 2051 2194 2118 commendato
2226 2045 2645 2127 exhiberent,
2691 2057 2756 2115 et
2793 2047 2848 2116 si
2885 2047 3053 2134 quid
3090 2069 3167 2116 ex

631 2137 1013 2226 praeteritis
1061 2137 1338 2226 injuriis
1372 2137 1438 2205 in
1478 2136 1895 2206 Hilarionem
1933 2148 2110 2206 esset
2148 2136 2468 2216 offensae,
2514 2157 2687 2205 novo
2716 2134 2941 2205 officio
2987 2135 3167 2205 dele-

630 2237 839 2294 retur.
895 2225 1388 2295 Deambulabat
1437 2239 1599 2295 tunc
1648 2247 1851 2294 senex
1900 2225 1969 2293 in
2020 2226 2248 2295 arenis
2300 2223 2649 2306 mollibus,
2701 2235 2764 2293 et
2811 2246 3049 2293 secum
3087 2224 3168 2292 de

637 2312 923 2401 psalmis
963 2314 1193 2384 nescio
1241 2315 1407 2401 quid
1462 2313 2098 2384 submurmurabat.
2154 2313 2540 2399 vidensque
2582 2326 2833 2382 tantam
2893 2313 3166 2382 turbam

631 2402 1040 2483 venientem,
1083 2403 1408 2472 substitit.
1465 2407 1541 2472 Et
1576 2402 1964 2472 resalutatis
2013 2403 2361 2483 omnibus,
2419 2420 2769 2489 manuque
2816 2401 2916 2471 eis
2965 2401 3168 2471 bene-

611 2488 911 2572 ·dicenS,
970 2505 1119 2581 post
1169 2491 1406 2561 horam
1456 2504 1760 2561 caeteros
1822 2492 2011 2561 abire
2080 2491 2473 2582 praecepit,
2542 2489 2736 2560 illum
2790 2513 2945 2560 vero
3007 2513 3173 2561 cum

630 2579 844 2648 servis
907 2580 1053 2650 suis
1097 2592 1164 2650 et
1225 2580 1736 2670 apparitoribus
1798 2603 2173 2651 remanere.
2240 2586 2326 2649 Ex
2383 2579 2603 2649 oculis
2661 2579 2845 2648 enim
2903 2580 3057 2669 ejus
3106 2591 3173 2648 et

627 2670 848 2749 vultu,
901 2691 1030 2739 cur
1076 2669 1393 2750 venisset,
1447 2669 1744 2758 agnovit.
1802 2670 2034 2738 Statim
2087 2691 2249 2759 ergo
2298 2669 2380 2737 ad
2418 2667 3018 2757 interrogationem
3058 2690 3175 2737 su-

629 2779 924 2846 spensus
975 2758 1202 2838 homo,
1260 2758 1366 2826 vix
1417 2771 1662 2827 terram
1719 2758 2011 2846 pedibus
2059 2771 2367 2848 tangenS,
2421 2769 2485 2827 et
2516 2757 2820 2826 immane
2854 2780 2937 2826 ru
2994 2756 3165 2837 iens,

636 2850 826 2935 Sym,
863 2868 1001 2934 quo
1054 2846 1509 2935 interrogatus
1542 2846 1784 2927 fuerat,
1839 2870 2151 2916 sermone
2187 2845 2560 2936 respondit.
2615 2845 2891 2916 Videres
2971 2868 3007 2912 e
3055 2867 3175 2915 ore

629 2934 961 3019 barbam,
1006 2948 1070 3004 et
1116 2936 1235 3023 qui
1289 2941 1617 3004 Francam
1679 2948 1944 3005 tantum
1992 2949 2056 3005 et
2118 2935 2424 3005 Latinam
2488 2933 2798 3024 linguam
2846 2946 3165 3017 noverat,

632 3027 796 3113 Syra
837 3026 924 3093 ad
962 3046 1211 3114 purum
1251 3026 1455 3094 verba
1493 3045 1859 3093 resonare:
1914 3036 1988 3094 ut
2037 3046 2172 3093 non
2223 3024 2496 3104 stridor,
2552 3045 2687 3091 non
2739 3022 3123 3112 adspiratio
3153 3079 3170 3105 ,

631 3134 767 3182 non
820 3113 1073 3182 idioma
1110 3112 1384 3200 aliquod
1424 3113 1787 3182 Palaestini
1837 3113 2099 3183 deesset
2146 3112 2423 3201 eloquii.
2480 3110 2843 3181 Confessus
2891 3126 2992 3181 est
3040 3113 3176 3181 ita-

626 3222 784 3286 que,
836 3223 973 3289 quo
1007 3203 1074 3269 in
1109 3224 1264 3270 eum
1311 3202 1628 3272 intrasset
1673 3201 1935 3271 ordine.
1992 3208 2068 3271 Et
2107 3215 2183 3271 ut
2217 3203 2615 3291 interpretes
2644 3199 2798 3288 ejus
2831 3200 3177 3290 intellige-

632 3300 805 3369 rent,
843 3290 960 3376 qui
997 3294 1323 3359 Graecam
1367 3302 1630 3360 tantum
1682 3302 1747 3360 et
1780 3291 2087 3360 Latinam
2133 3290 2439 3380 linguam
2493 3302 2864 3368 noverant;
2914 3292 3175 3359 Graece

632 3398 906 3463 quoque
935 3400 1092 3446 eum
1129 3379 1593 3468 interrogavit.
1631 3384 1776 3462 Quo
1809 3379 2147 3460 similiter,
2186 3393 2251 3448 et
2277 3380 2344 3448 in
2380 3378 2581 3447 verba
2611 3377 2851 3447 eadem
2880 3398 3174 3466 respon-

628 3465 851 3547 dente,
893 3467 1283 3554 multasque
1316 3468 1861 3538 incantationum
1909 3469 2327 3548 occasiones,
2365 3479 2430 3537 et
2464 3467 2900 3537 necessitates
2948 3465 3175 3554 magi-

628 3576 867 3623 carum
919 3555 1169 3625 artium
1221 3557 1672 3626 obtendente:
1729 3580 1764 3624 «
1794 3562 1936 3626 Non
1986 3579 2175 3639 curo,
2212 3559 2329 3638 ait,
2375 3555 2720 3643 quomodo
2754 3555 3172 3624 intraveris:

627 3643 744 3714 sed
783 3657 858 3713 ut
889 3645 1186 3713 exeasin
1222 3645 1498 3714 nomine
1541 3646 1811 3714 Domini
1845 3647 2058 3716 nostri
2091 3647 2246 3717 Jesu
2288 3645 2534 3715 Christi
2569 3645 2857 3734 impero.
2891 3668 2927 3710 »
2964 3648 3181 3713 Cum-

627 3755 762 3821 que
795 3745 1078 3803 curatus
1110 3746 1309 3814 esset,
1349 3734 1790 3823 simplicitate
1825 3736 2102 3815 rustica,
2140 3735 2374 3805 decem
2417 3733 2568 3803 auri
2603 3733 2814 3803 libras
2845 3733 3177 3814 offerenS,

627 3821 1048 3892 hordeacum
1093 3824 1180 3893 ab
1214 3845 1291 3892 eo
1333 3845 1578 3913 panem
1630 3824 1914 3912 accepit,
1972 3824 2263 3894 audiens
2309 3823 2489 3911 quod
2530 3823 2649 3910 qui
2684 3822 2804 3893 tali
2836 3823 2993 3892 cibo
3032 3821 3184 3892 ale-

627 3924 890 3993 rentur,
935 3934 1185 3982 aurum
1225 3934 1345 4003 pro
1386 3911 1529 3981 luto
1562 3911 1916 3982 ducerent.

716 4004 752 4088 ξ
800 4006 941 4074 14.
995 4007 1245 4071 Parum
1282 4013 1382 4071 est
1413 4000 1498 4070 de
1538 4001 1940 4070 hominibus
1975 4000 2205 4089 loqui:
2262 4003 2463 4072 bruta
2512 4022 2784 4088 quoque
2840 3999 3179 4069 animalia

623 4089 933 4175 quotidie
964 4090 1048 4159 ad
1087 4113 1245 4159 eum
1288 4090 1587 4160 furentia
1620 4090 2229 4179 pertrahebantur:
2270 4091 2340 4159 in
2383 4090 2637 4179 quibus
2684 4095 3002 4160 Bactrum
3057 4112 3184 4159 ca-

627 4176 886 4247 melum
921 4180 1226 4248 enormis
1263 4179 1764 4270 magnitudinis
1794 4181 1911 4267 qui
1947 4179 2094 4268 jam
2154 4179 2404 4250 multos
2453 4180 2842 4261 obtriverat,
2889 4179 3185 4271 triginta

630 4372 911 4468 οῃζέὲξέῗε
941 4374 1190 4468 gaudiana,
1223 4377 1406 4418 scilicet
1434 4379 1618 4418 candida
1655 4378 1791 4417 veste
1827 4374 2008 4424 induti,
2039 4378 2379 4427 imperatorem
2411 4378 2461 4417 in
2499 4375 2672 4428 pugnis
2709 4374 2975 4420 circuibant
3024 4378 3185 4426 atque

879 4439 935 4468 an
966 4459 973 4467 .

680 4482 733 4509 *¹*
759 4482 1002 4522 Evecteones
1019 4484 1154 4524 erant
1174 4481 1393 4532 codicilli,
1410 4486 1582 4535 quibus
1603 4486 1803 4527 facultas
1823 4484 1956 4536 equis
1976 4487 2182 4537 publicis
2200 4487 2364 4527 utendi
2382 4487 2737 4528 concedebatur.
