3347 4999
228 317 405 383 OCT.
459 316 544 381 23
916 334 994 381 ιιι*
1040 334 1096 380 s.
1151 333 1454 380 savamxo
1502 331 1831 380 commea.
1884 333 2083 381 arnse.
2549 316 2677 381 663

235 441 371 488 non
427 418 553 486 nisi
606 416 829 486 solum
881 417 1281 488 oratorium.
1337 422 1402 485 S.
1448 418 1773 501 Stephani
1829 419 2106 486 nomine
2152 416 2572 497 dedicatum,
2610 439 2772 507 pro·

236 523 385 597 pter
430 506 735 596 ejusdem
789 508 1315 596 Protoinartyris
1362 507 1770 593 sanguinem
1828 507 2078 574 ibidem
2116 506 2595 593 pullulantem,
2630 507 2768 576 sal-

232 612 463 666 vatum
514 618 665 664 esse
712 597 776 663 S.
831 596 1110 663 Servatii
1163 612 1352 682 gesta
1400 608 1977 663 commemorent:
2021 610 2094 662 ut
2143 594 2454 663 videlicet
2497 594 2758 682 populi,

232 687 351 771 qui
402 685 606 753 corde
652 682 989 752 obdurato
1042 684 1585 771 praedicatorum
1639 706 1922 752 suorum
1980 683 2251 751 blandis
2285 684 2794 753 admonitioni·-

235 774 367 852 bus
419 795 549 841 non
601 774 1186 859 obtemperabant,
1247 773 1312 840 in
1382 795 1456 841 se
1502 774 1832 855 rompteri
1881 773 2236 850 sentirent,
2301 771 2481 858 quod
2538 790 2770 841 sancta

235 864 583 950 Scriptura
627 861 711 930 de
748 862 1166 945 quibusdam
1224 862 1556 949 perversis
1604 861 1813 941 dicit,
1866 864 2033 948 quia
2082 859 2557 930 tantummodo
2622 861 2771 931 sola

232 952 493 1020 vexatio
540 950 958 1018 intellectum
1012 949 1200 1017 dabit
1251 951 1547 1017 auditui.

320 1042 357 1126 ξ
405 1044 497 1110 6.
553 1046 768 1120 Quam
826 1039 1233 1106 insanimus
1280 1038 1680 1127 gentilitatis
1731 1038 2088 1116 s=ritatem‚
2129 1037 2620 1122 omnipotentis
2656 1036 2766 1106 Dei

234 1131 558 1217 patientia
617 1148 749 1195 non
804 1126 994 1213 prius
1043 1127 1509 1196 coloniensem
1560 1128 1891 1215 populum
1943 1127 2370 1214 permittebat
2423 1127 2762 1207 invadere,

231 1239 437 1303 qnam
491 1216 641 1299 ejus
676 1214 1058 1283 defensoris
1105 1217 1407 1283 animam
1464 1216 1528 1282 in
1581 1217 1951 1285 electorum
2006 1238 2292 1284 suorum
2342 1215 2764 1284 consortium

227 1306 637 1395 dignaretur
684 1305 1034 1391 accipere:
1103 1317 1178 1373 ut
1241 1319 1471 1391 aperte
1518 1303 1800 1373 daretur
1852 1303 2192 1394 intelligi,
2246 1304 2484 1389 quanti
2543 1304 2766 1391 priva-

236 1412 423 1462 retur
474 1392 854 1461 munitione
909 1394 1197 1477 patroni,
1237 1394 1356 1478 qui
1397 1407 1463 1460 et
1504 1393 1750 1477 ipsam,
1787 1415 1992 1479 qnam
2034 1392 2516 1460 inevitabiliter
2553 1414 2767 1461 mere-

235 1483 460 1564 batur,
518 1482 788 1570 plagam
847 1501 1197 1568 prat-sente
1243 1482 1691 1569 corporaliter
1738 1487 1801 1549 S.
1859 1481 2156 1550 Severini
2214 1481 2611 1570 patrocinio,
2670 1481 2767 1548 vi-

230 1572 420 1640 deret
490 1592 640 1638 esse
695 1568 977 1637 dilatam
1062 1569 1185 1638 Sed
1254 1569 1431 1638 sanna
1504 1570 1927 1638 mirabilium
1980 1571 2195 1638 sancti
2274 1571 2394 1637 viri
2446 1590 2759 1657 operum,

226 1661 437 1729 certis
486 1660 724 1745 utique
769 1658 855 1726 de
900 1660 1132 1727 causis
1180 1659 1262 1726 ad
1320 1680 1442 1727 nos
1492 1681 1708 1744 usque
1746 1682 1875 1725 nnn
1912 1659 2259 1743 perducta,
2304 1657 2572 1725 laudem
2606 1680 2765 1727 san-

231 1749 485 1817 ctitatis
532 1749 682 1835 ejus
735 1768 865 1815 non
922 1748 1174 1815 minuit
1263 1749 1425 1831 quia
1479 1770 1629 1815 vere
1691 1746 2132 1815 beatitudinis
2184 1747 2573 1832 perfectioni
2630 1768 2762 1815 non

231 1838 573 1906 detrabit:
634 1837 697 1902 in
741 1857 874 1919 qua
932 1835 1125 1903 illum
1171 1837 1314 1921 jam
1354 1850 1624 1902 aeterna
1658 1837 2023 1904 securitate
2062 1834 2349 1915 felicem,
2394 1857 2764 1925 poscamus

231 1949 379 1996 esse
433 1938 702 1994 nostrae
752 1923 1139 2013 fragilitatis
1192 1925 1912 1992 misericordissimum
1952 1924 2359 2010 adjutorem.

325 2022 361 2091 ,ξ
408 2019 483 2083 θ.
541 2018 615 2081 ln
671 2013 873 2080 laude
925 2014 1133 2096 igitur
1182 2013 1392 2099 hujus
1447 2019 1572 2080 Deo
1628 2013 1818 2101 digni
1876 2013 2216 2099 pontilicis
2266 2011 2567 2080 Severini
2625 2033 2761 2080 non

234 2103 604 2174 minimum
641 2102 1023 2169 sanctitatis
1061 2102 1419 2176 indit-ium,
1458 2101 1636 2186 ἀκοαί
1680 2102 2214 2176 contemporalis
2251 2103 2400 2188 ejus
2433 2101 2766 2188 probatis·

230 2191 390 2259 sinii
448 2190 692 2259 Christi
763 2189 1172 2258 confessoris
1224 2190 1489 2257 Martini
1560 2189 1912 2259 miraculis
1970 2190 2262 2258 inditum
2335 2191 2757 2276 reperimus,

234 2300 668 2364 nequaquam
730 2280 1225 2347 transeundum
1283 2293 1643 2366 putamus:
1699 2280 1763 2346 in
1817 2301 1954 2364 qino
2014 2277 2436 2346 lucidissime
2482 2278 2763 2346 demon·

228 2380 511 2446 stratur,
548 2389 764 2435 unum
802 2389 1018 2452 agone
1044 2368 1183 2449 jam
1225 2367 1394 2435 bene
1426 2382 1904 2435 consummato
1946 2363 2262 2435 coronain
2292 2367 2601 2454 justitiae
2650 2367 2764 2435 de-

236 2456 442 2524 bitam
482 2456 885 2545 percepisse,
932 2455 1219 2524 alterum
1273 2456 1502 2524 adbuc
1537 2455 1600 2522 in
1653 2455 2025 2526 certamine
2071 2456 2390 2545 positum,
2446 2455 2758 2524 eamdem

232 2545 391 2613 fidei
448 2544 919 2630 bonorumque
985 2566 1268 2630 operum
1336 2547 1788 2613 constantiam
1864 2546 2216 2613 meruisse.
2287 2550 2361 2614 Et
2410 2560 2485 2614 ut
2531 2559 2764 2630 aperte

230 2634 487 2709 dicam,
543 2634 753 2702 unius
788 2633 1087 2702 ostendit
1137 2636 1543 2719 praemium,
1598 2634 1883 2703 alterius
1929 2634 2256 2702 describit
2310 2633 2757 2701 miraculum.

232 2722 543 2805 Quodam
599 2723 825 2808 itaque
874 2737 1198 2807 tempore,
1252 2721 1420 2790 dum
1472 2722 1964 2790 solertissimus
2004 2737 2231 2807 pastor
2282 2721 2619 2789 Ecclesiae
2650 2725 2764 2789 Se-

229 2812 532 2889 veriana»,
575 2813 804 2901 gregis
845 2811 972 2881 sibi
1026 2812 1374 2879 commissi
1425 2812 1759 2879 custodiis
1800 2809 2194 2898 invigilans,
2233 2810 2344 2877 die
2380 2810 2755 2888 Dominico,

224 2900 515 2987 expli-tis
567 2901 1091 2968 matutinalibus
1119 2899 1386 2979 offic-iis,
1418 2922 1494 2967 ex
1526 2899 2026 2966 connsuetudine
2069 2899 2208 2967 loca
2254 2914 2484 2967 sancta
2515 2896 2762 2965 orandi

284 2991 449 3057 ratia
499 2990 844 3068 circuiret,
900 2989 1143 3057 audire
1195 2989 1444 3056 meruit
1490 2988 1919 3056 dulcisonam
1954 2985 2267 3055 coelestis
2302 2986 2585 3053 militiae
2621 3008 2762 3053 me-

230 3011 525 3146 finitam:
570 3099 746 3163 quae
798 3077 991 3145 illum
1043 3077 1276 3146 afflatu
1325 3078 1549 3145 Sancti
1604 3077 1899 3162 Spiritus
1928 3075 2184 3153 docuit,
2223 3076 2382 3161 quia
2427 3074 2762 3144 Martinus

198 3167 610 3254 ‘Episcopus
657 3166 743 3233 de
788 3166 1021 3233 seculo
1074 3167 1410 3255 migravit.
1467 3169 1683 3246 Quam
1736 3165 1899 3231 dum
1939 3164 2238 3231 intentus
2277 3164 2420 3249 ipse
2445 3161 2764 3250 diligenti

223 3276 396 3323 aure
448 3254 844 3341 perciperet,
886 3254 1119 3322 secreti
1156 3253 1468 3321 coelestis
1515 3266 1746 3320 testem
1782 3275 2012 3321 secum
2054 3253 2301 3320 babere
2330 3252 2754 3332 desiderans,

231 3353 464 3410 vocato
512 3342 1029 3420 Art-niniamno,
1088 3342 1460 3427 requisivit,
1514 3342 1568 3408 si
1628 3361 1832 3417 aures
1879 3340 2029 3430 ejus
2076 3341 2416 3410 cantilena
2474 3340 2762 3409 coelitus

229 3430 543 3498 immissa
598 3444 999 3516 percuteret.
1054 3434 1199 3511 Quo
1251 3430 1380 3496 tale
1417 3428 1678 3513 aliquid
1729 3451 1806 3495 se
1850 3430 2089 3498 audire
2140 3444 2451 3518 negante,
2518 3451 2766 3498 rursus

230 3520 637 3606 Episcopus,
695 3531 768 3586 ut
813 3518 1179 3608 diligenter
1225 3519 1668 3595 auscultare-t,
1724 3517 2106 3586 admonuit.
2143 3522 2447 3604 Cumque
2482 3518 2594 3586 ille
2628 3532 2761 3586 toto

225 3606 536 3695 corporis
582 3618 646 3674 et
698 3607 944 3674 mentis
995 3609 1147 3674 nisu
1196 3606 1507 3675 coelestis
1554 3621 1929 3675 concentus
1963 3607 2106 3674 lieri
2162 3608 2498 3695 particeps
2546 3628 2758 3692 appe-

231 3709 420 3774 teret,
473 3708 538 3763 et
589 3715 722 3762 non
779 3694 1216 3782 impetraret,
1272 3694 1601 3764 intellexit
1652 3694 1753 3762 vir
1805 3695 1913 3763 Dei
1977 3717 2014 3763 a
2071 3700 2196 3763 Deo
2246 3693 2760 3783 implorandum

231 3785 417 3863 fore,
478 3798 551 3853 ut
601 3783 997 3870 hujusmodi
1055 3783 1290 3853 laudes
1345 3785 1680 3852 Diaconus
1725 3784 2016 3852 audiret.
2069 3788 2257 3852 Tunc
2309 3784 2622 3871 prostrati
2673 3782 2760 3849 si·

234 3874 375 3944 mul
431 3873 495 3940 in
551 3886 798 3941 terram
864 3874 1241 3960 Episcopus
1287 3887 1352 3941 et
1405 3874 1741 3941 Diaconus
1804 3886 1877 3941 ut
1927 3872 2307 3949 harmonia,
2361 3893 2567 3957 quain
2623 3892 2765 3939 mas

234 3963 446 4049 gister
487 3963 788 4031 intentus
835 3963 1170 4040 audierat,
1223 3963 1426 4029 etiam
1478 3961 1901 4049 discipulum
1955 3982 2087 4028 non
2143 3960 2398 4035 lateret,
2447 3960 2760 4028 orabant.

235 4052 501 4132 Quibus
548 4052 837 4129 erectis,
889 4072 1047 4119 cum
1104 4051 1340 4119 beatus
1410 4052 1694 4118 antistes
1749 4050 2118 4117 Diaconum
2176 4050 2418 4117 iterum
2475 4048 2763 4116 interro·-

237 4153 447 4228 garet,
504 4140 558 4207 si
597 4138 1052 4208 desideratam
1109 4160 1335 4208 voc-eni
1372 4138 1663 4207 auribus
1697 4137 1926 4206 adhuc
1957 4136 2253 4223 quodam
2302 4136 2503 4205 modo
2558 4135 2764 4205 senti-

239 4241 381 4296 ret:
421 4250 456 4294 «
496 4233 722 4311 Voces,
779 4230 1023 4314 inquit,
1085 4228 1519 4315 psallentium
1584 4243 1927 4312 tamqnam
1984 4227 2049 4294 in
2100 4226 2289 4295 coelo
2337 4226 2590 4303 audio,
2640 4223 2762 4295 sed

233 4315 398 4402 quid
449 4318 558 4396 sit,
616 4340 896 4405 prorsus
930 4318 1195 4405 ignoro.
1238 4340 1274 4383 »
1309 4316 1426 4386 Cui
1478 4331 1892 4385 secretorum
1944 4314 2264 4383 conscius
2310 4314 2701 4384 coelestium
2739 4365 2757 4395 ,

236 4404 403 4492 quid
437 4405 673 4476 audita
688 4407 1014 4496 jubilatio
1044 4406 1459 4496 designaret,
1488 4405 1780 4495 aperuit,
1809 4404 2080 4473 dicens:
2117 4406 2512 4474 «Dominus
2538 4424 2755 4481 meus,
