3347 4999
216 314 387 381 ocr.
445 318 526 382 16
2527 318 2644 382 481

1143 506 1391 585 VITA
1445 504 1824 587 BREVIS

587 716 667 814 S.
737 714 1292 817 BERCHARH
1377 715 1812 815 ABBATlS
1876 714 1999 815 ET
2069 713 2372 815 MART.

363 956 479 1003 -Ex
528 954 843 1003 vmcssnru
888 935 1169 1024 Speculo
1215 934 1596 1013 Historialz',
1657 934 1769 1002 lib.
1804 941 1911 1015 24,
1948 956 2095 1024 cap.
2142 942 2260 1003 111
2299 943 2363 1002 et
2408 942 2555 1003 115.

657 1151 971 1206 Mortuus
997 1152 1105 1206 eat
1140 1150 1428 1218 probab.
1476 1164 1584 1207 an.
1619 1151 1746 1205 698
1776 1176 1856 1187 -
1882 1132 2300 1216 Aquitazius.

298 1301 334 1385 ξ
388 1302 460 1367 1.
507 1301 796 1366 Sanctus
835 1294 1242 1365 Bercharius
1286 1295 1319 1329 ⁴*
1359 1294 1488 1365 sub
1530 1299 1592 1364 S.
1627 1294 1917 1364 Nivardo
1957 1293 2378 1364 Ithemorum
2411 1294 2480 1329 *³*
2520 1295 2747 1384 ponti-

214 1385 366 1466 fice,
426 1385 734 1455 moribus
762 1397 825 1453 et
857 1383 1194 1474 sapientia
1241 1383 1573 1465 imbutUS,
1630 1383 2047 1454 Luxoviense
2091 1383 2584 1453 monasterium
2636 1405 2745 1453 ex-

212 1475 431 1565 petiit,
484 1474 605 1544 ubi
657 1473 786 1543 sub
819 1473 1071 1542 Abbate
1104 1483 1339 1541 sancto
1371 1471 1739 1542 Eustachio
1804 1471 2251 1541 monasticam
2285 1471 2490 1541 vitam
2522 1472 2741 1543 duxit.

215 1568 384 1633 Cum
420 1576 648 1632 autem
699 1563 768 1630 in
820 1584 987 1632 cura
1089 1582 1228 1629 rom
1292 1561 1531 1642 tuarii,
1589 1560 1866 1631 rectoris
1916 1572 2092 1629 nutu
2153 1557 2527 1646 aliquando
2574 1574 2750 1631 esset

214 1650 623 1741 implicitu3,
677 1649 974 1737 quadam
1064 1648 1122 1718 ie
1161 1671 1244 1718 su
1299 1650 1388 1720 ito
1434 1649 1640 1739 jussu
1687 1648 1841 1737 ejus
1887 1662 1988 1719 est
2034 1660 2334 1718 vocatuS.
2395 1653 2589 1718 Forte
2635 1649 2751 1719 ille

213 1753 382 1811 tunc
422 1738 967 1830 promptuarium
1024 1739 1422 1828 ingressus,
1463 1750 1626 1807 unte
1675 1761 1792 1807 vas
1853 1748 2161 1818 steterat,
2204 1749 2270 1806 et
2308 1737 2750 1827 epistomium

213 1851 434 1898 manu
482 1841 745 1909 tenens,
790 1825 1117 1896 cerealem
1169 1827 1542 1916 amphorae
1575 1838 1809 1916 potum
1862 1825 2289 1896 infundebat.
2344 1826 2590 1895 Mirum
2644 1826 2752 1895 di-

212 1920 372 1987 ctu!
416 1917 497 1985 ad
533 1916 741 1985 unius
773 1914 1111 2004 jussionis
1145 1925 1388 1984 nutum
1433 1914 1689 1984 relictis
1729 1936 1903 2003 quae
1954 1914 2246 1985 habebat
2288 1915 2359 1983 in
2400 1915 2742 1996 manibuS,

214 2005 529 2075 cucurrit
577 2004 927 2086 concituS‚
993 2002 1235 2072 ardore
1309 2002 1735 2073 obedientiae
1811 2003 2185 2093 amphorae
2261 2003 2748 2073 custodiendae

213 2092 499 2162 oblitus.
555 2092 816 2179 Illoque
862 2103 1017 2161 ante
1065 2091 1384 2161 Abbatem
1438 2104 1680 2172 stante,
1735 2092 2006 2162 interim
2090 2103 2242 2163 otus
2291 2092 2358 2160 in
2394 2090 2751 2162 vasculum

213 2182 656 2270 suppositum
707 2180 1005 2250 defluere
1044 2200 1179 2248 non
1230 2202 1534 2262 cessans,
1577 2192 1934 2269 postquam
1970 2203 2009 2249 a
2092 2179 2525 2271 superficiem
2568 2181 2750 2250 vasis

211 2270 551 2361 pervenit,
603 2269 672 2337 in
725 2268 1007 2338 modum
1055 2266 1418 2338 columnae
1477 2291 1773 2359 superne
1821 2269 2324 2359 constipatum,
2378 2269 2446 2337 in
2500 2290 2750 2360 gyrum

212 2358 537 2427 coronari
585 2357 844 2447 coepit:
886 2357 1064 2426 ultro
1097 2378 1409 2426 cerneres
1453 2357 1624 2427 illud
1655 2357 2030 2444 liquamen,
2068 2357 2251 2445 quod
2295 2356 2401 2426 vix
2435 2357 2749 2429 clausum

215 2444 400 2517 valet
445 2446 803 2528 contineri,
855 2459 932 2517 ut
969 2446 1318 2534 quondam
1363 2446 1480 2516 Dei
1533 2446 1785 2538 populo
1835 2458 2229 2518 transeunte
2290 2446 2547 2534 absque
2615 2446 2752 2516 lin-

215 2534 445 2607 tribus
489 2536 804 2606 Jordanis
852 2535 1131 2616 fluenta,
1186 2535 1254 2603 in
1318 2535 1617 2604 sublime
1667 2535 1850 2605 tolli:
1916 2549 1990 2605 ut
2037 2535 2301 2623 liquido
2353 2549 2745 2625 patesceret,

213 2637 481 2713 quanta
528 2638 704 2695 esset
751 2624 963 2694 virtus
1003 2623 1451 2705 obedientiae,
1491 2625 1695 2714 cujus
1742 2623 2009 2695 fructus
2057 2624 2248 2694 nullo
2298 2624 2500 2693 modo
2589 2624 2756 2693 ossit

217 2714 294 2784 in
347 2726 523 2783 terra
558 2712 889 2804 deperire.
943 2716 1020 2783 At
1066 2712 1205 2795 ille,
1249 2712 1432 2800 quod
1491 2713 1854 2795 acciderat,
1902 2735 2036 2782 non
2077 2736 2225 2793 suo,
2287 2712 2403 2782 sed
2451 2712 2545 2781 Ab
2597 2712 2748 2791 atis,

216 2803 467 2873 merito
499 2802 871 2892 deputavit.

311 2893 350 2979 ξ
403 2897 492 2962 2.
524 2896 678 2960 Jam
729 2912 884 2960 vero
917 2888 1351 2981 regularibus
1398 2888 1788 2979 disciplinis
1823 2890 2176 2960 institutus
2208 2901 2271 2958 et
2296 2887 2632 2969 erudituS,
2670 2887 2755 2957 ad

217 2985 290 3051 S.
345 2979 716 3049 Nivardum
759 2980 1140 3049 revertitur.
1194 2978 1323 3062 Qui
1370 3000 1527 3049 cum
1592 2979 1662 3047 in
1734 2979 2032 3066 quodam
2082 2978 2360 3068 praedio
2424 2998 2549 3047 suo
2604 2998 2757 3046 coe-

220 3069 515 3139 nobium
578 3068 938 3138 aedificare
986 3066 1205 3148 vellet,
1274 3090 1430 3138 cum
1483 3067 1841 3137 Berchario
1890 3067 2114 3135 vicum
2163 3064 2506 3153 quendam
2561 3069 2759 3155 Sper-

215 3178 503 3237 nacum,
550 3178 753 3243 quem
791 3158 1030 3227 beatus
1080 3156 1435 3246 Remigius
1461 3155 1800 3225 Ecclesiae
1848 3155 2218 3226 Rhemensi
2254 3154 2469 3245 pretio
2517 3154 2758 3240 acqui-

215 3248 456 3325 sierat,
510 3256 854 3335 expetens,
895 3245 963 3313 in
999 3245 1149 3334 ipso
1200 3266 1524 3334 processu
1580 3244 1846 3313 itineris
1894 3243 2083 3334 gravi
2131 3266 2371 3333 sopore
2420 3242 2753 3333 deprimi-

217 3347 361 3417 tur,
408 3332 501 3401 ita
552 3347 629 3402 ut
667 3332 880 3403 eundi
919 3332 1237 3404 facultate
1270 3334 1552 3412 remota,
1604 3354 1877 3402 omnem
1929 3330 2129 3405 illum
2187 3346 2593 3420 equestrem,
2638 3331 2760 3420 qui

215 3447 294 3494 se
335 3418 1053 3502 forte'comitabatur,
1121 3421 1432 3491 ordinem
1501 3432 1683 3504 stare
1730 3421 2171 3511 praeciperet.
2258 3426 2491 3508 Itaque
2560 3420 2760 3511 fagus

215 3509 551 3583 frondosa
610 3509 910 3599 eligitur,
947 3510 1076 3579 sub
1115 3509 1319 3597 cujus
1367 3509 1666 3598 tegmine
1715 3510 2077 3591 recubanS,
2112 3510 2455 3580 Bercharii
2491 3509 2760 3579 decum-

217 3599 454 3672 bentis
487 3599 746 3688 gremio
797 3598 1041 3667 vertice
1073 3597 1450 3681 composito
1486 3598 1835 3686 recipitur.
1883 3600 2161 3667 Interim
2212 3621 2289 3668 eo
2337 3600 2752 3685 quiescente,

218 3698 509 3760 sanctus
540 3685 947 3755 Bercharius
994 3686 1061 3754 in
1115 3686 1381 3756 coelum
1432 3685 1675 3755 defixis
1723 3686 2134 3768 luniinibuS‚
2190 3688 2486 3777 adspicit
2534 3687 2761 3756 subito

217 3779 494 3848 niveam
546 3774 936 3844 columbam
979 3797 1014 3843 e
1064 3774 1483 3845 sublimibus
1524 3774 1960 3856 descendere,
2017 3790 2081 3845 et
2127 3777 2380 3856 arbori,
2425 3776 2539 3845 cui
2595 3776 2763 3846 sub-

221 3865 419 3939 strati
461 3877 677 3946 erant,
731 3863 1052 3932 insidere.
1091 3869 1274 3945 Quae
1324 3878 1598 3952 repente
1632 3865 1719 3934 ab
1768 3864 2009 3934 arbore
2039 3865 2422 3955 prosiliens,
2456 3877 2520 3933 et
2570 3886 2761 3932 rum-

219 3977 399 4046 pens
446 3955 603 4021 aera
653 3974 970 4033 vacuum,
1023 3951 1295 4022 futurae
1356 3952 1657 4023 fabricae
1706 3954 2006 4043 spatium
2078 3953 2608 4031 circumvolans,
2666 3952 2763 4021 lo-

220 4063 413 4122 cum,
463 4064 598 4128 quo
647 4041 1054 4111 coenobium
1099 4041 1404 4111 construi
1443 4041 1708 4120 debeat,
1766 4064 1935 4132 gyro
1983 4041 2334 4132 designat,
2382 4041 2769 4131 praesentia

221 4130 636 4200 sanctificat.
669 4134 973 4217 Cumque
1028 4129 1300 4200 eosdem
1354 4131 1462 4200 sui
1509 4130 1812 4200 ambitus
1860 4131 2155 4200 circulos
2206 4131 2398 4200 tertio
2459 4129 2770 4220 repetiis-

225 4229 355 4296 set,
416 4231 648 4309 aperto
695 4218 882 4288 coelo
931 4219 1349 4306 reconditur.
1432 4224 1507 4288 Et
1570 4219 1753 4306 quod
1807 4218 1986 4288 idem
2064 4220 2469 4290 Bercharius
2527 4241 2772 4309 corpo—

216 4303 494 4376 :ralibus
569 4307 1109 4398 deprehenderat
1182 4308 1446 4389 oculis,
1513 4309 1641 4377 hoc
1713 4308 1989 4395 quidem
2044 4309 2407 4397 quiescens
2470 4307 2768 4399 pontifex

285 4435 312 4455 ⁸
346 4431 537 4478 Gallice,
559 4435 779 4477 Ber-cairo.
1507 4435 1561 4462 *¹⁸²
1592 4435 1785 4480 Gallice,
1810 4436 1974 4480 Reims·

392 4515 629 4574 surius
658 4547 682 4559 -
721 4516 768 4576 V
765 4516 886 4577 itae
917 4520 1030 4580 SS.
1064 4549 1087 4564 -
1115 4515 1247 4578 Vol.
1276 4515 1349 4578 X.
2538 4514 2611 4577 31
