3347 4999
702 387 827 451 336
1382 404 1459 450 nn
1507 404 1560 450 s.
1618 400 1890 451 nummo
1938 402 2135 451 muse.
2188 399 2373 449 Enon.
2841 383 3012 449 OCT.
3075 385 3172 449 to

615 489 835 558 filium
902 487 1153 558 Osfridi
1222 487 1348 557 filii
1407 488 1593 589 eJus:
1649 510 1823 576 quos
1888 500 2118 577 postea
2179 501 2414 565 mater,
2485 500 2670 557 metu
2737 487 3023 557 Edboldi
3092 500 3175 557 et

610 577 907 648 Oswaldi
980 582 1282 667 Regum,
1361 578 1547 646 misit
1599 578 1662 644 in
1720 576 2007 646 Galliam
2090 576 2493 647 nutriendos
2550 577 2716 665 Regi
2789 577 3160 645 Decberto:

611 666 844 753 ibique
884 667 1086 735 ambo
1128 664 1415 735 infantia
1449 665 1779 746 defuncti,
1818 680 1881 735 et
1908 667 2104 755 juxta
2146 667 2474 735 honorem
2512 664 2613 733 vel
2649 666 2854 754 regiis
2893 665 3161 754 pueriS,

609 755 708 823 vel
761 754 1246 823 innocentibus
1296 755 1540 824 Christi
1589 777 2002 844 congruum,
2060 756 2125 822 in
2177 754 2467 823 ecclesia
2516 752 2762 841 sepulti
2815 768 2996 823 sunt.
3045 759 3173 823 At-

608 843 761 913 tulit
809 866 1081 931 quoque
1130 865 1361 912 secum
1409 865 1566 912 vasa
1601 845 1895 933 pretiosa
1938 843 2185 912 Eduini
2226 844 2427 933 Regis
2479 842 2826 934 perplura,
2881 843 2948 910 in
2991 844 3169 929 qui-

603 933 737 1002 bus
776 945 840 1001 et
873 938 1157 1001 Crucem
1203 954 1526 1019 magnam
1559 954 1866 1011 auream,
1902 945 1967 1001 et
1997 932 2279 1001 calicem
2318 954 2633 1013 aureum,
2669 944 3157 1000 consecratum

607 1022 691 1091 ad
748 1021 1209 1090 ministerium
1255 1021 1531 1090 altaris:
1583 1042 1761 1108 quae
1812 1022 2144 1090 hactenus
2178 1022 2245 1090 in
2292 1020 2577 1091 ecclesia
2616 1020 2833 1090 Cantii
2881 1042 3171 1089 conser-

610 1124 758 1179 vata
813 1123 1304 1180 monstrantur.

696 1202 731 1286 ξ
771 1204 922 1272 24.
977 1204 1122 1281 Quo
1171 1199 1238 1267 in
1293 1212 1621 1288 tempore,
1662 1197 2026 1268 Rhofensis
2072 1200 2106 1232 ⁸
2151 1199 2440 1270 ecclesia
2486 1212 2825 1288 pastorem
2869 1198 3165 1271 minime

609 1288 927 1369 habebat,
973 1310 1052 1358 eo
1099 1287 1283 1373 quod
1336 1293 1713 1367 Romanus,
1773 1287 2046 1388 praesul
2098 1288 2310 1368 illius,
2349 1289 2431 1357 ad
2468 1289 2846 1358 Honorium
2898 1292 3163 1376 Papam

609 1399 647 1446 a
694 1383 891 1447 Justo
938 1376 1464 1466 Archiepiscopo
1517 1376 1887 1467 legatarius
1938 1377 2220 1457 missus,
2261 1378 2629 1467 absorptus
2670 1376 2891 1445 fuerat
2932 1377 3165 1445 flucti-

606 1466 740 1535 bus
791 1465 1007 1535 Italici
1060 1465 1309 1545 maris;
1362 1489 1440 1535 ac
1495 1489 1612 1555 per
1685 1466 1810 1535 hoc
1864 1488 2102 1535 curam
2156 1465 2346 1535 illius
2398 1466 2742 1556 praefatus
2790 1464 3155 1545 PaulinuS,

606 1555 1003 1624 invitatione
1037 1555 1320 1623 Honorii
1352 1555 1705 1635 Antistius,
1736 1567 1799 1624 et
1825 1553 2154 1624 Eadbaldi
2189 1556 2416 1645 Regis,
2456 1556 2757 1644 suscepit
2788 1576 2868 1623 ac
2906 1555 3157 1633 tenuit,

607 1665 830 1731 usque
878 1644 1042 1712 dum
1079 1655 1143 1713 et
1180 1644 1324 1732 ipse
1372 1666 1497 1712 suo
1538 1658 1842 1732 ternpore
1890 1642 1974 1712 ad
2025 1643 2345 1714 caelestia
2397 1666 2605 1735 regna
2655 1666 2814 1713 cum
2867 1641 3165 1732 gloriosi

608 1732 837 1802 fructu
869 1731 1125 1803 laboris
1158 1732 1488 1802 ascendit.
1528 1737 1604 1801 In
1655 1754 1791 1819 qua
1824 1732 2112 1802 ecclesia
2154 1734 2478 1812 moriens,
2529 1732 2815 1823 pallium
2852 1753 3158 1819 quoque,

605 1822 788 1909 quod
838 1844 878 1891 a
927 1828 1235 1891 Romano
1295 1826 1477 1910 Papa
1540 1836 1918 1911 acceperat,
1980 1822 2275 1909 reliquit.
2331 1822 2722 1910 Reliquerat
2786 1838 3013 1890 autem
3084 1823 3162 1889 in

604 1910 897 1981 ecclesia
929 1933 1056 1979 sua
1103 1911 1387 1980 Eboraci
1421 1910 1750 1980 ¹lacobum
1809 1911 2207 1994 Diaconum,
2273 1913 2493 1981 virum
2530 1912 2771 1999 utique
2821 1910 3164 1980 Ecclesia-

608 2001 859 2069 sticum
886 2012 950 2068 et
980 2011 1324 2079 sanctum,
1355 1998 1474 2084 qui
1506 1998 1722 2068 multo
1762 2022 1840 2068 ex
1873 2000 2034 2070 hinc
2064 2013 2365 2090 tempore
2401 2001 2466 2069 i'n
2512 1999 2804 2069 ecclesia
2833 2021 3157 2080 manenS,

609 2110 900 2177 magnas
966 2087 1250 2173 antiquo
1314 2087 1491 2157 hosti
1557 2086 1847 2178 praedas
1906 2089 2214 2160 docendo
2277 2104 2342 2160 et
2389 2088 2799 2180 baptizando
2869 2089 3157 2178 eripuit.

608 2178 817 2267 Cujus
876 2177 1153 2245 nomine
1214 2175 1425 2257 vicuS,
1485 2181 1550 2245 in
1600 2199 1737 2264 quo
1790 2178 2083 2263 inarime
2132 2179 2391 2249 solebat
2440 2179 2753 2248 habitare
2791 2179 2984 2268 juxta
3038 2182 3163 2247 Ca-

609 2278 958 2347 tarectam,
1014 2286 1233 2352 usque
1281 2265 1486 2335 hodie
1533 2266 2088 2356 cognominatur.
2141 2268 2294 2350 Qui,
2347 2270 2676 2355 quoniam
2715 2265 3046 2336 cantandi
3081 2267 3155 2335 in

606 2352 897 2422 ecclesia
945 2366 1090 2422 erat
1139 2354 1622 2443 peritissimuS,
1691 2370 2089 2445 recuperata
2156 2357 2595 2446 postmodum
2651 2378 2812 2447 pace
2870 2357 2938 2424 in
2994 2377 3156 2445 pro-

610 2442 858 2542 vincia,
911 2455 976 2513 et
1022 2456 1367 2513 crescente
1435 2464 1724 2514 numero
1796 2443 2132 2528 fidelium,
2185 2447 2387 2516 etiam
2458 2446 2786 2537 magister
2832 2444 3162 2516 ecclesia-

611 2544 820 2600 sticae
881 2533 1244 2614 cantioniS‚
1302 2534 1501 2622 juxta
1572 2556 1828 2603 morem
1900 2539 2367 2605 Romanorum
2418 2549 2564 2605 seu'
2601 2535 3156 2614 Cantuariorum,

614 2620 851 2690 multis
899 2621 1122 2711 coepit
1175 2623 1484 2691 existere.
1552 2627 1627 2691 Et
1678 2623 1822 2711 ipse
1871 2645 2112 2704 senex,
2165 2637 2230 2694 et
2286 2622 2534 2714 plenus
2587 2623 2897 2705 dierum,
2958 2625 3163 2711 juxta

609 2709 1025 2798 Scripturas,
1084 2722 1352 2798 patrum
1406 2711 1583 2780 viam
1654 2724 1934 2781 secutus
1995 2727 2120 2782 est.
2174 2719 2364 2784 Anno
2412 2726 2640 2782 autem
2691 2712 2776 2781 ab
2827 2718 3158 2782 Incarna-

604 2799 786 2867 tione
831 2799 1094 2869 Domini
1130 2799 1623 2868 sexcentesimo
1663 2800 2194 2892 quadragesimo
2227 2816 2495 2889 quarm,
2537 2801 3158 2872 reverendissimus

602 2892 798 2956 Pater
836 2887 1167 2957 Paulinus
1219 2886 1488 2980 transiit
1535 2887 1619 2956 ad
1675 2890 2041 2959 Dominum
2096 2902 2280 2960 sexto
2330 2891 2578 2961 Iduum
2633 2890 2979 2974 Octobris;
3034 2889 3162 2976 qui

603 2976 839 3046 decem
889 2989 953 3045 et
998 2997 1238 3046 novem
1273 2998 1516 3058 annOS,
1554 2990 1620 3046 et
1661 2977 1902 3078 viginti
1942 3001 2163 3049 unum
2205 2980 2352 3048 dies
2384 2980 2858 3069 episcopatum
2903 2979 3153 3059 tenuit,

609 3064 1061 3222 sepultusque
1131 3077 1232 3135 est
1289 3065 1356 3133 in
1432 3071 1808 3136 Secretario
1881 3072 1951 3135 B.
2020 3068 2318 3156 Apostoli
2379 3067 2721 3149 Andreae,
2791 3065 2972 3155 quod
3042 3087 3166 3137 rex

608 3159 656 3223 E
715 3152 1566 3224 ilbertusafundamentis
1628 3155 1697 3223 in
1761 3154 1999 3226 eadem
2051 3156 2248 3226 Rhofi
2297 3157 2566 3227 civitate
2618 3155 3019 3226 construxit.
3056 3159 3163 3248 ,In

602 3242 808 3328 cujus
842 3241 1070 3312 locum
1110 3244 1454 3313 Honorius
1489 3243 2054 3335 archiepiscopus
2087 3244 2430 3315 ordinavit
2457 3251 2731 3327 itamar,
2771 3241 3163 3315 oriundum

604 3331 884 3417 quidem
937 3330 1021 3399 de
1068 3344 1265 3421 gente
1326 3333 1877 3415 cantuariorum,
1932 3334 2050 3404 sed
2098 3336 2235 3405 vita
2283 3349 2349 3405 et
2400 3335 2788 3406 eruditione
2836 3345 3162 3403 anteces-

609 3418 885 3490 soribus
935 3419 1079 3487 suis
1128 3421 1597 3507 aequandum.

662 3634 688 3661 ¹⁸
719 3633 865 3681 Rofl'a,
882 3635 1006 3676 idest
1025 3634 1296 3681 Bochcster.
1316 3635 1430 3677 urbs
1449 3640 1523 3679 est
1542 3638 1734 3689 Augu-e
1755 3639 2075 3680 meridionalis
2098 3636 2146 3680 in
2166 3635 2330 3681 cantio
2349 3638 2525 3692 (Kent).
