3347 4999
216 377 384 444 OCT.
439 379 517 443 46
985 398 1063 443 ηε
1112 398 1167 443 s.
1221 396 1415 445 GALLO
1462 397 1603 444 Ana.
1658 397 1735 444 ΕΤ
1782 396 1966 444 conr.
2527 378 2643 442 4511

211 481 426 550 servor
457 481 879 562 accenderat,
939 495 1038 559 ut,
1086 494 1313 570 spreto
1364 481 1912 571 propinquorum
1975 494 2038 549 et
2103 481 2537 569 praediorum
2589 480 2744 550 dul-

211 570 468 650 cedine,
525 572 774 639 mentis
824 570 1134 639 ardorem
1185 592 1388 660 opere
1427 592 1574 638 com
1636 570 1975 638 robarent.
2031 569 2488 638 Ascendentes
2531 569 2745 658 igitur

211 659 462 737 navim,
509 673 839 728 venerunt
886 659 1333 739 Britanniam,
1388 672 1450 727 et
1500 593 1660 728 inge
1703 658 1789 728 ad
1842 656 2133 727 Galliam
2188 657 2738 728 transfretarunt.

208 752 509 833 Cumque
557 748 658 815 vir
724 748 834 816 Dei
905 747 990 816 ad
1064 746 1491 837 sigebertum
1543 753 1797 836 Regem
1846 768 2005 815 cum
2056 746 2201 817 suis
2268 746 2736 835 pervenisset,

203 837 461 926 rogavit
506 857 664 905 eum
716 841 877 917 Rex,
933 847 1008 905 ut
1056 836 1235 906 intra
1270 836 1523 905 Gallias
1572 835 1921 916 resideret,
1978 856 2126 916 nec,
2181 835 2280 906 eis
2321 833 2599 916 relicti5‚
2653 834 2741 904 ad

177 937 436 1014 ,gentes
469 924 641 994 alias
673 925 1192 1014 commigraret:
1240 946 1311 994 se
1355 946 1506 995 vero
1542 924 1914 1014 spopondit
1952 924 2208 1005 omnia,
2252 945 2429 1011 quae
2463 936 2745 993 sanctus

204 1027 496 1102 peteret,
557 1013 1051 1103 praebiturum.
1107 1013 1199 1082 Ad
1253 1013 1417 1099 baec
1479 1012 1580 1081 vir
1638 1014 1752 1081 Dei
1791 1012 2183 1101 respondit:
2239 1034 2274 1078 «
2317 1013 2446 1095 Qui
2504 1025 2739 1081 nostra

203 1103 637 1190 reliquimuS‚
692 1114 766 1171 ut
823 1100 1207 1171 secundum
1257 1102 1732 1191 Evangelicam
1785 1102 2173 1201 ‚jussionem
2214 1102 2582 1171 Dominum
2633 1123 2738 1170 se-

204 1212 597 1278 queremur,
657 1212 789 1261 non
840 1190 1173 1259 debemus
1197 1189 1458 1260 alienas
1488 1190 1810 1280 amplecti
1851 1189 2147 1271 divitias,
2188 1211 2273 1258 ne
2320 1189 2488 1259 forte
2539 1212 2739 1278 prae-

197 1281 609 1351 varicatores
640 1280 861 1349 simus
909 1279 1122 1347 divini
1176 1278 1574 1348 mandati.»
1625 1279 1834 1367 Cujus
1883 1278 2249 1365 objectioni
2298 1283 2435 1348 Rex
2482 1278 2574 1347 ita
2620 1300 2738 1347 oc·

197 1391 508 1449 currenS,
566 1368 695 1437 ait:
742 1390 778 1434 «
814 1368 878 1437 Si
930 1389 1202 1437 crucem
1249 1367 1521 1449 tollere,
1568 1380 1631 1436 et
1680 1367 2023 1437 Christum
2074 1367 2267 1454 sequi
2325 1367 2677 1438 desideras
2715 1422 2730 1448 ,

196 1472 427 1527 vastae
474 1457 686 1526 eremi
737 1470 994 1526 sectare
1039 1455 1379 1543 quietem:
1435 1468 1700 1526 tantum
1754 1477 1878 1535 ne,
1936 1455 2079 1525 solo
2120 1468 2389 1525 nostrae
2443 1455 2727 1525 ditionis

194 1547 457 1625 relicto,
498 1545 582 1614 ad
627 1545 885 1614 vicinas
919 1557 1227 1614 transeas
1275 1545 1607 1614 nationes,
1663 1544 1918 1614 Poteris
1957 1544 2140 1613 enim
2176 1543 2305 1614 hoc
2342 1544 2632 1615 consilio
2660 1558 2726 1614 et

192 1648 310 1705 tua
355 1635 660 1725 praemia
685 1634 1065 1714 cumulare,
1103 1645 1169 1703 et
1207 1647 1477 1703 nostrae
1511 1634 1719 1703 saluti
1754 1633 2214 1722 prospicere.»
2261 1637 2496 1720 Itaque
2529 1634 2745 1723 Regis·

80 1781 91 1791 .
191 1724 630 1814 persuasioni
663 1723 1031 1802 consensit,
1070 1735 1136 1791 et
1173 1735 1450 1812 accepta
1476 1723 1774 1811 optione,
1817 1743 2149 1803 eremum,
2184 1743 2359 1808 quae
2386 1722 2737 1811 Vosegus*

187 1813 472 1892 dicitur,
516 1834 674 1880 cum
724 1811 871 1881 suis
908 1811 1206 1880 intravit.
1258 1817 1676 1880 Invenerunt
1722 1823 1950 1879 autem
1990 1810 2247 1891 locum,
2288 1811 2507 1879 muris
2556 1811 2734 1880 anti-

185 1903 428 1990 quitus
477 1913 772 1989 septum,
827 1899 1071 1969 calidis
1104 1899 1303 1987 aquis
1355 1900 1740 1989 irriguum,
1796 1898 1912 1969 sed
1961 1898 2101 1986 jam
2156 1910 2481 1969 vetustate
2529 1899 2737 1970 colla-

185 2012 427 2081 psum,
482 1989 602 2074 qui
653 1987 855 2078 vulgo
893 1989 1268 2057 Luxovium
1299 1988 1366 2024 *⁴¹
1395 1989 1785 2057 vocabatur.
1828 1987 1931 2057 Ibi
1965 1987 2338 2058 oratorium
2391 1988 2459 2056 in
2510 1986 2727 2058 hono-

187 2101 332 2149 rem
374 2077 556 2146 beati
604 2077 777 2146 Petri
820 2076 1114 2166 Apostoli
1164 2088 1662 2156 construenteS,
1721 2074 2266 2156 mansiunculas,
2339 2076 2406 2145 in
2469 2077 2728 2163 quibus

183 2178 756 2245 commanerent,
812 2165 1140 2235 fecerunt.
1215 2165 1498 2252 Illisque
1559 2165 1656 2234 ibi
1715 2164 2319 2245 conversantibuS‚
2356 2177 2437 2235 ‘et
2497 2166 2729 2255 ipsum

184 2257 423 2325 locum
473 2253 962 2335 excolentibus,
1019 2254 1219 2324 multi
1269 2276 1401 2323 non
1456 2253 1680 2322 solum
1732 2252 1815 2321 de
1848 2274 2095 2353 genere
2127 2254 2725 2343 Burgundionum,

191 2342 314 2413 sed
367 2342 572 2410 etiam
611 2346 1052 2422 Francorum,
1109 2364 1340 2413 amore
1392 2343 1561 2411 vitae
1597 2340 1970 2411 laudabilis
2010 2341 2095 2410 ad
2149 2342 2336 2430 ipsos
2383 2342 2731 2412 confluxe-

190 2442 405 2502 runt:
457 2443 523 2499 et
561 2432 840 2501 monitis
874 2431 1303 2522 spiritalibus
1333 2431 1652 2512 instituti,
1694 2443 1949 2499 tantam
1988 2431 2545 2520 compunctionis
2577 2455 2731 2524 gra-

188 2522 363 2591 tiam
416 2541 495 2589 ex
530 2521 753 2590 verbis
786 2542 1022 2590 eorum
1058 2521 1285 2611 adepti
1312 2533 1496 2612 sunt,
1542 2533 1616 2589 ut
1649 2521 1880 2589 omnia
1924 2542 2050 2590 sua
2098 2519 2182 2589 ad
2236 2521 2464 2611 ipsum
2503 2520 2732 2591 locum

191 2608 525 2681 nonnulli
571 2610 1071 2691 contraderent,
1124 2623 1188 2679 et
1221 2612 1419 2680 coma
1450 2608 1698 2698 capitis
1729 2608 2060 2698 deposita,
2109 2611 2526 2680 monasticae
2563 2611 2735 2679 vitae

175 2697 505 2769 habitum
559 2698 942 2768 voluntaria
977 2711 1374 2789 paupertate
1423 2698 1873 2787 susciperent.

274 2791 312 2876 ξ
364 2791 457 2857 8.
514 2791 817 2873 Cumque
848 2788 1016 2856 haec
1058 2801 1189 2856 tam
1220 2785 1378 2856 felix
1415 2786 2004 2856 commanentium
2049 2807 2323 2875 semper
2366 2785 2434 2853 in
2481 2785 2733 2854 melius

174 2875 553 2967 proficeret
600 2873 993 2966 disciplina,
1048 2875 1425 2966 singularis
1471 2867 1651 2945 beaii
1701 2874 2106 2944 Columbani
2171 2874 2536 2954 sanctitas,
2597 2874 2729 2941 mi-

168 2964 446 3034 raculis
517 2963 991 3051 frequentibus
1060 2965 1547 3056 comprobata,
1618 2985 1738 3053 per
1803 2975 1973 3033 totas
2036 2962 2259 3053 coepit
2307 2962 2561 3031 Gallias
2626 2962 2728 3030 vel

169 3051 591 3124 Germaniae
639 3053 982 3123 diffamari
1025 3054 1433 3144 provincias.
1490 3052 1928 3121 Laudabatur
1966 3051 2051 3120 ab
2100 3050 2468 3131 omnibuS,
2545 3049 2727 3119 cole-

157 3141 390 3212 batur
436 3163 476 3208 a
523 3144 790 3211 cunctis
822 3197 836 3223 ,
903 3142 1071 3212 adeo
1124 3154 1199 3212 ut
1250 3140 1711 3211 Theodoricus
1767 3145 1901 3208 Rex
1936 3193 1950 3219 ‚
2012 3138 2201 3208 filius
2248 3138 2676 3226 :childeberti
2705 3193 2722 3219 ,

161 3251 401 3321 nepos
451 3229 820 3319 Sigeberti‚
879 3231 999 3318 qui
1057 3252 1134 3299 eo
1193 3243 1495 3320 tempore
1542 3226 2156 3317 Burgundionibus
2205 3228 2580 3318 regnabat,
2636 3227 2726 3297 ad

164 3340 346 3389 eum
397 3339 599 3406 saepe
653 3320 955 3400 veniret,
1019 3332 1083 3388 et
1123 3340 1401 3408 precum
1444 3318 1593 3408 ejus
1644 3315 1975 3416 suffragia
2014 3318 2290 3385 summa
2327 3339 2487 3386 cum
2520 3315 2724 3386 devo-

166 3410 373 3478 tione
406 3403 822 3495 deposceret.
863 3411 1075 3490 Quem
1126 3429 1285 3476 cum
1327 3419 1515 3496 pater
1553 3417 1835 3474 sanctus
1872 3416 2281 3494 increparet,
2319 3427 2446 3475 cur
2474 3426 2729 3475 concu-

164 3497 509 3567 binarum
550 3493 965 3583 pollueretur
998 3495 1450 3584 amplexibuS,
1496 3506 1561 3563 et
1591 3515 1728 3564 non
1766 3494 1994 3582 potius
2030 3494 2376 3583 legitimae
2403 3494 2725 3584 conjugis

166 3582 534 3655 connubio
574 3582 934 3665 frueretur,
982 3583 1258 3652 monitis
1298 3584 1448 3672 ejus
1479 3583 1984 3671 obtemperans,
2030 3595 2279 3652 cuncta
2319 3582 2727 3671 hujusmodi

170 3671 426 3744 illicita
460 3693 533 3739 se
568 3671 932 3741 vitaturum
973 3671 1304 3761 promisit.
1340 3671 1463 3741 Sed
1502 3670 2004 3752 Brunechildis,
2036 3671 2185 3740 avia
2224 3672 2448 3761 Regis,
2480 3670 2724 3741 videns

171 3783 345 3832 eum
372 3759 508 3829 Viri
545 3760 657 3828 Dei
689 3760 997 3831 consiliis
1028 3759 1326 3840 obedire,
1363 3759 1645 3829 stimulo
1681 3759 1981 3828 malitiae
2020 3760 2383 3838 concitata,
2424 3772 2721 3828 mentem

174 3849 583 3938 serpentino
625 3848 876 3919 furoris
916 3848 1205 3918 armavit
1237 3870 1518 3918 veneno.
1549 3849 1921 3918 Verebatur
1953 3850 2163 3929 enim,
2203 3870 2285 3916 ne
2324 3848 2407 3927 si,
2440 3847 2724 3937 abjectis

171 3936 616 4018 concubiniS,
652 3938 909 4026 Regina
949 3937 1016 4005 in
1045 3937 1466 4007 consortium
1502 3938 1694 4026 regni
1724 3950 2212 4017 assumeretur,
2252 3935 2556 4025 dignitas
2597 3957 2723 4004 sua

171 4025 442 4095 honore
481 4026 828 4097 subtracto
859 4025 1230 4095 vilesceret.
1268 4031 1414 4109 Quo
1459 4025 1698 4095 timore
1734 4024 2076 4106 laborans,
2117 4023 2446 4093 invidiam
2485 4036 2724 4093 contra

173 4111 420 4184 Virum
462 4115 575 4184 Dei
615 4115 837 4205 coepit
874 4114 1170 4194 habere;
1221 4128 1288 4184 et
1336 4109 1488 4205 pOt
1539 4113 1789 4183 multas
1838 4113 2152 4203 injurias,
2191 4135 2365 4200 quas
2424 4111 2524 4180 illi
2577 4134 2724 4181 ma-

174 4199 466 4271 chinata
519 4218 641 4284 est,
710 4217 782 4273 ut
842 4203 1190 4292 Scriptura
1253 4214 1527 4273 sanctae
1590 4202 2129 4272 conversationis
2195 4203 2345 4291 ejus
2407 4213 2715 4279 testatur,

173 4289 475 4360 consilio
534 4314 693 4363 cum
745 4298 924 4384 Rege
983 4292 1179 4372 inito,
1230 4306 1306 4361 ut
1364 4313 1522 4363 eum
1587 4313 1798 4381 regno
1863 4312 1987 4361 suo
2063 4291 2477 4372 deturbaret,
2535 4290 2725 4359 misit

235 4450 264 4476 ⁸⁸·
293 4450 490 4509 Gallice,
508 4452 569 4492 les
593 4454 760 4504 Vosqee.
781 4455 823 4496 S.
847 4453 1166 4495 columbanus
1187 4451 1388 4495 Galliam
1409 4452 1548 4503 petiit
1568 4461 1690 4494 anno
1712 4453 1789 4494 58]
1810 4452 1888 4493 vel
1905 4454 2001 4495 590.

235 4504 288 4530 ¹¹⁸
321 4503 516 4555 Gallice,
537 4506 735 4547 Luxem'l.
