3347 4999
727 342 812 406 40
1495 361 1574 407 m:
1621 361 1675 408 s.
1733 360 1990 408 acuit-‚10
2038 359 2331 408 anemae.
2909 344 3086 411 OCT.
3143 349 3162 410 Ι

632 451 878 509 extunc
926 453 990 509 et
1039 462 1223 510 nunc
1271 462 1436 510 crux
1497 455 1598 510 est
1669 442 1886 531 posita
1922 496 1937 523 ,
1996 455 2060 511 et
2131 441 2249 511 ubi
2323 439 2535 510 multa
2594 442 2932 511 miracula
3001 447 3174 512 Deus

636 540 868 618 postea
918 550 1041 619 pro
1075 542 1308 600 sancto
1344 530 1649 620 Remigio
1682 532 2018 601 ostendit:
2070 531 2158 600 ita
2193 530 2520 599 feretrum
2556 543 2656 598 est
2689 545 3163 621 aggravatum,

633 629 710 687 ut
743 616 933 686 nullo
983 618 1183 689 modo
1234 641 1675 707 quocumque
1724 621 2024 711 ingenio,
2081 619 2180 688 vel
2234 641 2270 687 a
2319 619 2902 707 quantiscumque
2955 620 3172 688 homi-

633 706 842 775 nibus
886 721 1112 797 posset
1162 709 1439 777 moveri.
1487 713 1563 777 Et
1595 710 2034 799 stupentibus
2082 707 2430 788 omnibuS,
2484 720 2548 776 et
2609 708 3003 797 petentibus
3067 712 3166 778 Dei

632 796 1243 895 omnipotentiam,
1302 808 1379 866 ut
1437 795 1841 887 dignaretur
1887 796 2290 877 ostendere,
2348 797 2415 863 in
2467 817 2605 883 quo
2655 795 2802 866 loco
2850 797 3165 883 ejusdem

632 896 848 954 sancti
891 885 999 955 sui
1033 907 1285 976 corpus
1317 884 1512 955 vellet
1543 887 1819 974 reponi:
1873 886 2407 975 designaverunt
2436 884 2519 953 ad
2572 885 2930 954 basilicam
2975 905 3170 974 prae·

633 972 926 1042 fatorum
971 979 1370 1055 Martyrum,
1411 987 1476 1042 et
1514 973 1834 1044 feretrum
1874 975 2127 1045 moveri
2171 996 2302 1044 non
2343 974 2580 1063 potuit.
2627 979 3164 1063 Proposuerunt‚

633 1075 711 1132 ut
752 1060 1040 1132 ferretur
1070 1048 1153 1132 ad
1196 1062 1554 1132 ecclesiam
1590 1065 1807 1133 sancti
1851 1070 1896 1133 N
1909 1065 2122 1144 icasii‚
2157 1077 2223 1133 et
2264 1063 2517 1131 moveri
2551 1083 2683 1131 non
2724 1063 2972 1151 potuit.
3019 1067 3167 1131 Pro·

634 1163 1035 1241 posuerunt,
1077 1165 1151 1220 ut
1181 1151 1470 1221 ferretur
1502 1158 1583 1220 ad
1621 1153 1979 1223 ecclesiam
2024 1165 2418 1221 sanctorum
2473 1151 2636 1221 Sixti
2683 1154 2770 1220 et'
2799 1151 3070 1231 Sinicii,
3109 1165 3170 1220 et

634 1261 759 1310 nec
791 1240 887 1309 sic
913 1241 1165 1310 moveri
1191 1241 1430 1331 potuit.
1458 1242 1755 1312 Tandem
1780 1242 2018 1323 coacti,
2048 1242 2373 1328 quoniam
2401 1262 2605 1329 parva
2637 1239 3005 1309 ecclesiola
3033 1253 3170 1308 erat
3279 1280 3280 1351 l

635 1330 704 1398 in
754 1327 1012 1399 honore
1060 1329 1238 1398 beati
1289 1330 1610 1419 martyris
1658 1331 2149 1420 Christophori,
2192 1329 2308 1399 sed
2347 1328 2615 1398 nullum
2652 1349 2910 1419 corpus
2951 1330 3166 1397 nomi-

636 1418 774 1487 nati
828 1418 1055 1486 Sancti
1107 1418 1174 1486 in
1225 1440 1302 1488 ea
1345 1418 1639 1505 jacebat,
1673 1433 1740 1489 et
1778 1420 1845 1488 in
1879 1441 2016 1507 qua
2054 1420 2254 1506 eique
2283 1416 2944 1507 circumjacentibus
2980 1417 3168 1486 atriis

634 1529 714 1576 ex
772 1507 1056 1593 antiquo
1089 1521 1230 1576 erat
1271 1509 1756 1577 coemeterium
1810 1508 2213 1578 Rheincnsis
2263 1506 2642 1576 Ecclesiae:
2701 1507 3052 1596 petierunt
3097 1520 3166 1574 ut

637 1595 968 1665 Dominus
1000 1596 1377 1665 declararet
1410 1597 1465 1665 si
1503 1598 1569 1665 in
1606 1597 1840 1667 eadem
1884 1597 2239 1667 ecclesiola
2278 1594 2476 1664 vellet
2516 1594 2685 1663 illud
2724 1617 2984 1684 corpus
3018 1616 3167 1663 san-

634 1684 1021 1753 ctissimum
1089 1685 1274 1774 poni.
1342 1690 1418 1753 Et
1466 1687 1564 1756 sic
1615 1699 1798 1755 tanta
1856 1684 2178 1756 facilitate
2230 1699 2487 1755 motum
2538 1697 2638 1752 est
2687 1682 3045 1764 feretrum,
3097 1696 3167 1752 ut

633 1770 906 1842 nullum
958 1795 1135 1843 onus
1185 1785 1530 1863 portantes
1579 1776 1931 1844 sentirent.
1991 1774 2344 1864 Sepultum
2397 1784 2499 1842 est
2546 1786 2768 1842 autem
2823 1772 3000 1841 illud
3059 1794 3162 1840 ve-

633 1861 938 1931 nerabile
966 1885 1218 1952 corpus
1254 1863 1321 1931 in
1356 1863 1590 1932 eadem
1626 1863 2008 1943 ecclesiola,
2047 1863 2166 1932 ubi
2206 1863 2418 1932 altare
2456 1874 2556 1931 est
2597 1861 2664 1929 in
2711 1861 2973 1931 honore
3014 1882 3164 1929 san-

632 1961 783 2020 ctae
831 1951 1226 2032 Genovefae,
1278 1972 1456 2038 quae
1503 1950 2044 2022 familiarissima
2089 1952 2306 2022 extitit
2352 1951 2545 2019 beato
2595 1950 2931 2040 Remigio.
2976 1948 3159 2032 Quod

635 2038 1077 2108 manifestum
1118 2053 1218 2109 est
1256 2052 1482 2109 actum
1526 2039 1738 2110 fuisse
1768 2041 2001 2110 divina
2036 2040 2507 2131 dispositione,
2544 2052 2746 2126 atque
2797 2039 3023 2127 ipsius
3059 2060 3164 2106 vo·

634 2127 926 2209 luntate,
964 2141 1040 2198 ut
1092 2130 1272 2198 sicut
1328 2151 1434 2199 res
1492 2152 1617 2199 suo
1670 2131 1949 2199 nomine
1997 2130 2405 2218 adquisitae,
2449 2128 2647 2229 juxta
2697 2149 2931 2196 sacras
2983 2127 3166 2226 leges

633 2216 981 2306 episcopio
1020 2217 1358 2287 Ecclesiae
1419 2217 1826 2287 Rbemensis
1872 2231 2068 2288 erant
2122 2220 2400 2298 unitae;
2454 2230 2547 2285 ita
2595 2228 2660 2284 et
2711 2238 2887 2302 quae
2945 2217 3164 2306 ipsius

635 2306 895 2375 meritis
927 2320 1122 2375 erant
1150 2306 1498 2375 decaetero
1529 2308 2010 2394 acquirendae,
2067 2306 2431 2378 Rhemensi
2469 2304 2830 2386 Ecclesiae,
2865 2306 2934 2373 in
2966 2304 3166 2391 cujus

624 2394 887 2482 jaceret
926 2394 1286 2474 territorio,
1330 2395 1721 2465 unirentur.

724 2489 761 2564 ἓ
810 2488 953 2556 5⁸2.
1007 2489 1161 2554 Post
1189 2484 1393 2572 cujus
1416 2484 1679 2555 obitum
1712 2506 1869 2555 cum
1915 2484 2062 2555 lues
2098 2484 2494 2576 inguinaria
2535 2481 2867 2584 populum
2900 2482 3163 2583 primae

631 2574 1034 2642 Germaniae
1082 2573 1499 2652 devastaret,
1562 2586 1628 2644 et
1693 2595 1932 2644 omnes
1991 2574 2397 2644 Rbemensis
2455 2573 2847 2661 provinciae
2896 2571 3163 2640 incolae

630 2660 839 2751 hujus
887 2661 1105 2732 clad-is
1137 2674 1551 2732 terrerentur
1587 2662 1856 2744 auditu,
1910 2663 2257 2732 concurrit
2309 2662 2798 2732 Rbemensium
2854 2660 3156 2750 populus

627 2748 710 2817 ad
755 2751 972 2819 sancti
1006 2751 1429 2840 sepulcrum,
1460 2773 1845 2838 congruum
1885 2752 2093 2840 hujus
2124 2773 2372 2821 causae
2401 2749 2712 2840 flagitare
2747 2749 3154 2818 remedium.

626 2840 945 2909 Accensis
991 2861 1266 2927 quoque
1300 2841 1538 2921 cereiS,
1594 2839 2004 2928 lychnisque
2040 2862 2171 2910 non
2217 2839 2482 2930 paucis,
2531 2837 2812 2928 hymnis
2845 2836 3155 2927 psalmis·

625 2947 760 3013 que
815 2928 1225 2999 coelestibus
1288 2951 1407 3019 per
1454 2941 1661 2999 totam
1711 2928 2001 2998 excubat
2051 2941 2342 2999 noctem.
2413 2933 2606 2996 Mane
2652 2940 2877 2996 autem
2930 2927 3150 3003 facto,

627 3016 794 3102 quid
846 3016 1072 3086 adhuc
1123 3018 1425 3108 precatui
1476 3017 1675 3098 desit,
1732 3017 1799 3085 in
1841 3030 2128 3087 tractatu
2178 3018 2492 3086 rimatur.
2551 3022 2980 3105 Repererunt
3027 3027 3156 3083 ete-

633 3103 814 3184 nim,
868 3106 1204 3176 revelante
1253 3112 1430 3186 Deo,
1481 3107 1602 3194 qui
1659 3120 1973 3175 sanctum
2026 3128 2229 3176 suum
2283 3104 2634 3175 mirificari
2686 3103 2902 3173 voluit
2973 3100 3149 3193 apud

628 3191 967 3273 homines,
1006 3217 1208 3282 quem
1260 3195 1440 3285 apud
1493 3217 1564 3264 se
1615 3194 2057 3264 mirificatum
2110 3194 2440 3274 habebat,
2495 3193 2791 3280 qualiter
2852 3193 3157 3262 oratione

630 3282 1031 3370 praemissa,
1073 3283 1303 3352 adhuc
1343 3284 1584 3384 majori
1636 3283 2158 3373 propugnaculo
2204 3283 2399 3352 urbis
2434 3281 2951 3372 propugnacula
3008 3300 3152 3347 mu·

635 3369 970 3439 nirentur.
1030 3376 1394 3461 Assumpta
1444 3373 1656 3463 igitur
1704 3371 1885 3462 palla
1942 3372 2026 3441 de
2074 3373 2252 3443 beati
2303 3370 2619 3462 sepulcro
2649 3425 2664 3452 ,
2731 3378 3151 3459 componunt

626 3478 797 3525 eam.
847 3459 912 3526 in
981 3459 1260 3528 modum
1330 3460 1589 3529 feretri:
1644 3460 2092 3548 accensisque
2149 3482 2362 3550 super
2406 3480 2647 3530 cruces
2693 3458 2912 3528 cereis
2958 3472 3154 3542 atque

626 3567 838 3635 super
883 3549 1328 3628 ceroferariis,
1367 3548 1533 3619 dant
1568 3571 1764 3620 voces
1797 3550 1865 3618 in
1901 3550 2223 3621 canticis:
2262 3550 2696 3618 circumeunt
2725 3548 2965 3617 urbem
2996 3564 3146 3614 cum

624 3634 816 3716 vicis,
873 3658 995 3705 nec
1045 3651 1475 3726 praetereunt
1515 3637 1738 3707 ullum
1792 3638 2192 3727 hospitium,
2234 3638 2412 3724 quod
2469 3657 2600 3706 non
2655 3636 2784 3706 hac
2832 3631 3153 3705 circumi·

622 3722 803 3792 tione
836 3725 1274 3796 concludant.
1330 3726 1503 3809 Quid
1540 3726 1735 3816 plura
1760 3730 1791 3794 Ῥ
1838 3732 1979 3796 Non
2017 3741 2165 3818 post
2201 3725 2453 3796 multos
2487 3725 2635 3794 dies
2668 3779 2682 3805 ,
2723 3725 2898 3794 fines
2943 3722 3150 3812 hujus

622 3811 915 3883 civitatis
947 3815 1353 3884 Rbemensis
1382 3815 1531 3884 lues
1560 3814 1961 3906 aggreditur
1997 3827 2392 3885 memorata.
2424 3819 2902 3884 Verumtamen
2933 3829 3144 3897 usque

622 3899 707 3968 ad
759 3922 913 3970 eum
967 3904 1192 3973 locum
1254 3903 1633 3985 accedenS,
1678 3925 1815 3991 quo
1864 3903 2037 3973 beati
2091 3905 2347 3993 pignus
2369 3903 2701 3988 .accessit,
2755 3924 2835 3972 ac
2884 3901 2941 3970 si
2989 3918 3145 3969 con·

621 3989 935 4059 stitutum
965 4006 1270 4062 cerneret
1297 3993 1693 4072 terminum,
1729 3993 1909 4062 intro
1942 3993 2206 4085 ingredi
2236 3993 2380 4062 ullo
2405 3992 2606 4062 modo
2636 4013 2769 4061 non
2799 4002 2902 4060 est
2941 4006 3141 4057 ausa:

622 4077 736 4146 sed
770 4080 971 4149 etiam
1023 4103 1198 4167 quae
1247 4081 1316 4150 in
1369 4081 1713 4171 principio
1763 4097 2228 4182 persuaserat,
2287 4080 2500 4168 hujus
2550 4081 2819 4150 virtutis
2870 4074 3144 4174 repulsu

621 4165 920 4254 reliquit.
960 4169 1089 4251 Qui
1123 4169 1562 4240 beatissimus
1595 4170 1893 4259 pontifex
1941 4183 2006 4240 et
2054 4171 2121 4239 in
2174 4172 2309 4239 vita
2358 4170 2690 4260 corporiS,
2721 4182 2787 4238 et
2827 4180 2976 4258 post
3001 4164 3144 4234 ob1-

621 4265 793 4336 tum,
848 4258 1024 4327 sicut
1069 4258 1368 4346 infirmis
1417 4259 1787 4328 sanitatum
1837 4260 2124 4350 gratiam
2164 4259 2501 4340 reddidit,
2542 4258 2639 4328 sic
2693 4271 2758 4327 et
2806 4258 2874 4326 in
2914 4274 3141 4348 perva-

622 4364 811 4414 sores
843 4347 1241 4436 saepissime
1275 4347 1456 4418 ultor
1501 4347 1741 4418 extitit.

712 4434 748 4521 ἓ
780 4438 925 4506 58.
958 4441 1114 4506 Erat
1141 4437 1326 4505 enim
1360 4459 1650 4528 campus
1676 4436 1860 4506 haud
1896 4436 2129 4526 procul
2158 4459 2197 4507 a
2228 4435 2508 4507 basilica
2545 4434 2788 4506 tellure
2818 4430 3145 4504 fecundus
