3347 4999
763 316 891 381 738
1419 371 1426 377 .
1541 331 1620 379 nn
1667 331 1722 378 s.
1777 330 2087 380 nummo
2134 333 2326 381 nur.
2881 315 3027 383 OCT.
3067 319 3130 382 28

674 440 913 489 eorum
986 416 1371 486 interventu
1435 415 1792 485 molimina
1842 429 2094 487 cuncta
2170 417 2621 507 malignitatis
2686 439 2843 489 suae
2881 420 3125 488 cassari:

676 507 858 576 dolet
883 527 1117 575 eorum
1153 504 1504 596 suffragiis
1539 506 1851 594 corporis
1875 517 1940 575 et
1986 506 2262 575 animae
2294 505 2787 595 impedimenta
2828 507 3127 577 sublevari.

674 599 855 665 Haec
901 615 1086 683 erg0‚
1142 592 1406 673 fratres,
1463 593 1708 684 agonis
1758 594 2046 664 materia
2094 599 2529 675 Sanctorum,
2574 595 2741 665 haec
2784 607 2879 664 est
2932 610 3131 665 nostro·

673 706 828 754 rum
868 704 1076 752 causa
1109 681 1522 774 gaudiorum
1549 736 1564 764 ‚
1618 681 1748 753 hoc
1790 684 2005 753 nostri
2069 683 2413 773 profectus
2459 683 2998 766 emolumentum,
3041 685 3134 754 hoc

673 773 746 842 in
782 777 1065 842 Sanctos
1097 791 1234 842 non
1287 770 1653 840 minimum
1709 771 1980 861 pietatis
2026 771 2545 859 devotionisque
2570 771 3047 844 documentum.

763 862 800 947 ἓ
845 864 1005 933 1⁰.
1058 864 1132 929 In
1163 859 1290 929 boc
1336 861 1636 930 exercitu
1684 860 2053 931 candidato
2078 860 2656 951 triumphantium
2696 861 2969 931 militum
2997 860 3136 929 Chri·

677 950 786 1027 sti,
838 948 959 1035 qui
992 969 1151 1016 cum
1205 949 1531 1038 patientia
1568 948 1767 1039 proni
1813 961 2274 1019 cucurrerunt
2322 949 2392 1018 in
2444 949 2656 1039 hujus
2705 949 2916 1020 stadio
2951 947 3132 1027 seculi,

674 1037 859 1108 velut
908 1036 1483 1126 pretiosissimum
1539 1036 1871 1107 Dominici
1914 1038 2075 1108 serti
2110 1036 2590 1138 margaritum,
2625 1038 2932 1127 specialis
2967 1049 3141 1107 noster
3252 1071 3253 1080 ,

674 1140 1032 1215 patronus,
1078 1124 1623 1216 gloriosissimus
1671 1125 1984 1196 videlicet
2017 1131 2392 1208 FerrutluS,
2449 1127 2775 1196 virtutum
2823 1127 3017 1218 gloria
3040 1125 3137 1195 cla·

677 1237 821 1288 rus,
865 1214 1264 1284 meritorum
1323 1215 1795 1314 praerogativa
1846 1214 2224 1305 praefulget
2292 1214 2747 1285 venerandus.
2809 1217 2925 1284 Hic
2967 1215 3139 1301 itaque

675 1304 842 1373 dum
908 1303 979 1372 in
1034 1302 1145 1373 his
1204 1301 1638 1373 moribundis
1696 1303 1971 1393 degeret
2022 1303 2376 1384 membris,
2456 1305 2868 1395 contempsit
2918 1315 3135 1373 mortem

673 1391 1091 1549 {luandoque
1130 1403 1527 1471 venturam,
1566 1402 1643 1460 ut
1683 1392 1887 1461 vitam
1949 1393 2333 1478 acquireret
2380 1392 2530 1462 sine
2576 1391 2717 1462 fine
2778 1412 3134 1468 mansuram,

699 1479 864 1550 ideli
901 1479 1360 1571 prudentique
1406 1478 1954 1550 consideratione
1988 1481 2306 1571 perdenS,
2365 1480 2550 1569 quod
2603 1495 2669 1551 et
2720 1493 3029 1551 retentum
3063 1500 3139 1569 pe·

676 1570 862 1648 riret‚
908 1581 984 1638 ut
1020 1569 1202 1656 quod
1335 1569 1468 1639 rire
1501 1590 1635 1639 non
1690 1581 1939 1670 posset,
1978 1569 2280 1640 moriens
2331 1569 2689 1640 inveniret.
2726 1570 2899 1640 Huic
2943 1569 3139 1657 quippe.

677 1680 915 1749 praesa
970 1658 1033 1727 io
1080 1679 1216 1746 quo
1269 1679 1381 1727 am
1433 1659 1719 1727 Ferruti1
1773 1679 2019 1728 nomen
2070 1670 2173 1728 est
2211 1658 2551 1729 inditum:
2589 1659 2757 1746 quia
2809 1658 2978 1729 sicut
3015 1656 3145 1726 ferro

673 1768 809 1818 non
861 1769 937 1817 so
970 1768 1085 1817 um
1137 1745 1403 1837 lapides
1455 1759 1520 1815 et
1567 1745 1794 1835 ligna,
1849 1746 1964 1817 sed
2026 1759 2093 1817 et
2143 1761 2407 1818 caetera
2468 1748 2842 1818 vincuntur
2889 1743 3136 1815 metalla:

671 1837 903 1927 ipsum
949 1857 1104 1906 vero
1137 1857 1269 1905 non
1306 1834 1440 1905 nisi
1471 1834 1614 1905 solo
1648 1835 1945 1905 vincitur
1978 1836 2172 1927 igne:
2227 1837 2326 1906 sic
2358 1834 2472 1905 ille
2506 1835 2652 1907 solo
2684 1835 2899 1906 divini
2945 1833 3142 1904 amoris

671 1925 894 1995 victus
962 1924 1242 2005 ardore,
1315 1924 1871 1994 machinamenta
1927 1937 2178 1996 cuncta
2246 1924 2641 1995 mundanae
2688 1923 3143 2017 spiritualisque

670 2012 919 2083 devicit
970 2013 1291 2082 malitiae.
1345 2018 1590 2083 Verum
1623 2013 1789 2100 quia
1828 2014 2002 2083 vitae
2030 2013 2130 2084 vel
2184 2014 2527 2105 passionis
2564 2013 2716 2104 ejus
2751 2026 3037 2103 tempora
3060 2029 3144 2081 seu

716 2115 859 2172 esta
909 2123 1042 2170 non
1098 2102 1557 2192 reperiuntur,
1612 2100 1843 2173 laudis
1892 2103 2114 2192 ipsius
2178 2103 2540 2193 praeconia
2599 2125 2738 2174 non
2789 2102 3140 2174 silebuntur,

669 2125 835 2261 gum
892 2190 1290 2262 meritorum
1329 2191 1629 2281 insignia
1663 2189 1997 2279 frequenti
2042 2190 2537 2261 miraculorum
2573 2192 2995 2262 attestatione
3025 2208 3145 2347 gan·

670 2278 954 2348 duntur.
1009 2279 1189 2348 Licet
1219 2278 1404 2348 enim
1454 2280 1651 2379 signa
1702 2279 2085 2349 secundum
2135 2280 2529 2369 Apostolum
2563 2280 2620 2361 *,
2664 2301 2803 2350 non
2854 2278 3024 2349 fideli
3066 2296 3140 2350 us,

669 2367 783 2438 sed
823 2366 1223 2436 infidelibus
1268 2366 1426 2436 data
1476 2382 1650 2446 sint,
1709 2370 2093 2438 necessario
2139 2381 2362 2438 tamen
2414 2367 2795 2456 aliquando
2840 2365 3145 2440 conferun-

671 2469 783 2526 tur
828 2468 892 2527 et
930 2454 1294 2525 fidelibus:
1346 2469 1690 2543 quatenus
1735 2456 2172 2545 quorundam
2205 2462 2607 2529 Sanctorum
2660 2471 2863 2529 actus
2906 2474 3148 2545 mmor·

667 2545 851 2615 culto
888 2546 1002 2614 Dei
1043 2544 1311 2631 judicio
1359 2545 1632 2625 lateant,
1682 2546 2038 2646 signorum
2096 2548 2561 2647 experimento
2612 2549 2857 2618 merita
2907 2553 3145 2638 pateant.

667 2638 810 2705 Non
859 2647 1087 2704 autem
1143 2635 1208 2702 in
1262 2633 1588 2703 laudibus
1627 2633 1884 2703 divinis
1932 2639 2284 2705 Ferruttus
2313 2634 2504 2706 solus
2541 2635 2809 2725 absque
2857 2647 3145 2729 gestorum

669 2723 1240 2793 rememoratione
1267 2722 1675 2801 celebratur,
1713 2745 1869 2794 cum
1909 2723 1975 2792 in
2029 2724 2391 2812 utriusque
2425 2725 2821 2796 testamenti
2862 2724 3021 2797 serie
3058 2738 3148 2818 vlt't

669 2812 1019 2902 praecipui
1080 2812 1229 2882 sine
1280 2810 1701 2903 genealogiis
1748 2824 2397 2883 commemorentur.
2457 2812 2568 2884 Sic
2614 2814 2881 2904 quippe
2927 2808 3149 2907 Melchi-

667 2900 912 2972 sedech
963 2901 1099 2982 ille,
1151 2900 1269 2988 qui
1308 2901 1377 2970 in
1413 2901 1547 2970 veri
1585 2900 1949 2971 sacerdotii
1999 2914 2065 2990 ty
2120 2923 2160 2971 o
2212 2923 2456 2992 panem
2505 2914 2570 2972 et
2632 2902 2873 2971 vinum
2918 2895 3149 2975 obtultt;

668 2990 765 3058 sic
811 2989 1016 3070 Elias,
1053 2990 1174 3078 qui
1215 2989 1549 3080 populum
1586 2989 1793 3059 Israel
1834 2989 1902 3058 in
1938 2989 2049 3080 gla
2106 2990 2169 3061 io
2198 3002 2263 3059 et
2293 2990 2451 3081 igne
2488 2989 2869 3081 judicavit:
2921 2991 3012 3061 sic
3038 3005 3154 3077 pro·

671 3076 1030 3166 phetarum
1085 3078 1370 3167 plurimi
1419 3090 1697 3166 repente
1745 3077 2064 3148 videntur
2094 3079 2370 3149 induci:
2408 3078 2508 3149 sic
2558 3080 2624 3147 in
2663 3101 2843 3149 novo
2882 3079 3146 3150 Thomas,

671 3166 1227 3237 Bartholomaeus
1293 3179 1359 3236 et
1407 3167 1725 3236 Matthias
1787 3166 2130 3256 Apostoli:
2211 3167 2310 3237 sic
2386 3166 2748 3258 perplures
2822 3180 3150 3255 martyrum

667 3254 938 3333 Christi,
977 3276 1271 3342 quorum
1316 3255 1559 3325 merita
1609 3254 1872 3345 placeat
1906 3277 2038 3325 non
2081 3277 2161 3325 eo
2210 3255 2444 3326 minus
2490 3257 2832 3339 venerari,
2872 3277 3002 3345 quo
3028 3271 3153 3322 con·

667 3354 797 3412 stat
836 3358 1028 3413 ortus
1073 3365 1309 3413 eorum
1350 3343 1448 3413 vel
1501 3356 1697 3414 actus
1745 3344 1894 3415 sine
1934 3344 2240 3435 periculo
2281 3343 2556 3414 nesciri.

752 3432 788 3518 ξ
833 3437 967 3504 11.
1021 3431 1210 3514 Quod
1245 3444 1470 3502 autem
1508 3433 1727 3502 sancti
1760 3433 2051 3503 Ferrutii
2085 3433 2294 3503 latent
2340 3446 2557 3514 actuS,
2599 3432 2742 3503 sive
2778 3433 3149 3524 Scriptorum

670 3520 958 3609 penuria
1004 3521 1373 3610 contigisse
1419 3521 1860 3610 conjicimus,
1911 3543 2087 3608 quos
2135 3521 2380 3610 priscis
2428 3522 2863 3612 temporibus
2908 3522 2975 3617 in
3027 3522 3152 3612 Gerss

667 3630 1032 3679 manorum
1086 3609 1396 3699 partibus
1436 3631 1568 3680 non
1629 3610 1800 3680 adeo
1839 3611 2159 3680 floruisse
2205 3631 2285 3680 co
2335 3610 2681 3695 novimus3
2734 3633 2864 3683 seu
2919 3620 3077 3680 certe
3110 3624 3151 3701 st

662 3699 1221 3785 quibuscumque
1250 3698 1500 3769 studiis
1546 3700 1804 3769 exarati
1842 3699 2136 3779 fuerant,
2189 3698 2297 3768 bel
2328 3721 2525 3770 orum
2576 3699 2930 3791 deperisse
2981 3692 3153 3768 turbt·

663 3788 893 3859 nibus.
939 3788 1048 3857 Sic
1093 3786 1351 3877 quippe
1396 3787 1845 3878 Jerosolymis
1894 3788 1998 3857 lex
2046 3787 2281 3857 divina
2328 3788 2629 3858 flammis
2690 3788 2945 3879 legitur
2995 3778 3151 3855 Chal-

660 3877 878 3946 daicis
928 3876 1231 3957 incensa;
1284 3876 1383 3947 sic
1436 3876 1718 3947 urbium
1769 3876 2231 3967 plurimarum
2300 3888 2365 3945 et
2410 3876 2999 3948 nobilissimarum
3041 3888 3152 3965 (πεῖ

658 3964 871 4036 dibile
904 3964 1249 4036 indicatur
1288 3964 1571 4055 periisse
1610 3966 2057 4035 monimenta.
2081 3970 2309 4052 Neque
2346 3964 2529 4035 enim
2566 3965 2764 4035 facile
2800 3959 3150 4055 persuaderi

662 4068 877 4143 potest
926 4055 1386 4156 Moguntiam,
1439 4052 2033 4126 excellentissimis
2082 4053 2460 4124 Galliarum
2524 4054 2920 4125 civitatibus
2965 4044 3153 4120 confe-

662 4142 968 4222 rendam,
1008 4143 1317 4214 litteralis
1348 4144 1727 4213 immunem
1780 4143 1992 4213 studii
2025 4156 2190 4213 tunc
2241 4142 2569 4232 temporis
2612 4143 2973 4231 torpuisse,
3021 4155 3157 4232 get!-

658 4230 970 4318 tiumque
1016 4246 1422 4302 cunctarum
1476 4231 1823 4303 mercibus
1871 4232 2218 4302 uberrime
2250 4230 2591 4314 refertam,
2639 4229 3034 4301 liberalibus
3072 4221 3155 4291 dt·

658 4318 1013 4406 sciplinis,
1089 4323 1347 4409 quibus
1421 4320 2055 4412 praestantissimus
2121 4321 2437 4391 omnium
2519 4320 2917 4390 divitiarum
2977 4317 3159 4386 honor

710 4445 736 4469 ⁴¹
765 4445 819 4484 In
838 4445 875 4485 1.
900 4445 1002 4486 Oor.
1026 4455 1120 4487 xxv.
