3347 4999
663 313 791 377 652
1318 331 1395 375 mz
1444 330 1499 376 s.
1552 328 1816 377 Anssnmo
1866 330 1964 376 ΕΡ.
2011 326 2342 376 nmmum..
2792 308 2963 375 OCT.
3017 311 3105 375 22

576 437 756 496 sum,
790 414 1099 485 nesciens
1145 412 1308 500 quid
1336 427 1563 502 ageret
1613 414 2018 490 Antoninus,
2076 435 2231 482 cum
2260 424 2437 482 esset
2474 412 2623 502 ejus
2672 412 2817 481 filia
2858 435 2897 480 a
2943 412 3108 482 dae-

576 524 775 572 mone
806 515 1137 593 correpta‚
1172 517 1443 591 tempus
1473 502 1805 592 protrahit
1836 502 2295 583 excusatione,
2327 501 2634 571 scribens
2660 500 2744 570 ad
2783 501 3102 583 Lucium,

573 592 755 679 quod
796 591 1137 672 Germani,
1191 592 1472 678 trajecto
1521 590 1781 671 Rheno,
1833 590 2088 681 oppida
2138 597 2601 661 Romanorum
2636 603 2701 659 et
2748 590 2932 659 vicos
2985 612 3107 679 po-

577 680 942 770 pulantur:
994 694 1060 750 et
1090 679 1243 749 ideo
1297 700 1428 748 non
1486 692 1744 769 poterat
1794 701 1978 749 nunc
2025 702 2181 750 cum
2233 678 2373 748 filia
2425 679 2654 747 venire
2721 678 3098 766 Ephesum,

573 781 648 838 ut
677 781 1106 850 convenerat,
1161 767 1275 838 sed
1316 781 1576 838 tantum
1621 790 1801 838 anno
1837 769 2170 856 sequenti.
2211 769 2285 836 Ei
2316 781 2541 837 autem
2571 789 2730 836 cum
2776 768 2843 836 in
2875 767 3104 836 media

573 857 1004 948 navigatione
1043 856 1343 927 redditae
1369 856 1659 926 fuissent
1690 858 1950 927 litterae
1981 857 2068 927 ab
2102 862 2542 947 Imperatore,
2583 878 2833 946 magno
2864 856 3105 926 dolore

571 946 876 1027 affectuS,
921 946 1127 1033 idque
1160 944 1385 1015 ferens
1415 946 1813 1036 aegerrime,
1847 946 2211 1016 revertitur
2237 945 2687 1015 Antiochiam.
2719 949 3104 1034 Imperator

571 1047 797 1104 autem
846 1035 1249 1116 AntoninuS,
1307 1035 1551 1125 partim
1602 1034 1876 1122 quidem
1930 1037 2056 1104 sua
2089 1048 2331 1124 sponte
2365 1034 2559 1104 valde
2597 1033 2682 1103 de
2727 1033 2871 1103 filia
2913 1034 3099 1104 solli-

570 1124 772 1205 citus,
828 1125 1071 1212 partim
1112 1145 1266 1193 vero
1299 1145 1337 1192 a
1369 1123 1664 1213 conjuge
1714 1123 2058 1204 incitatuS,
2101 1125 2334 1192 omnia
2365 1123 2675 1203 faciebat,
2729 1136 2795 1192 et
2833 1145 2871 1191 a
2907 1123 3099 1193 nullo

571 1212 955 1282 abstinebat
983 1211 1163 1299 quod
1215 1212 1495 1281 haberet
1528 1212 1887 1280 rationem.

659 1303 696 1390 ἓ
742 1304 873 1373 12.
925 1299 1249 1370 Adductis
1300 1301 1527 1387 itaque
1575 1305 2035 1370 Romanorum
2087 1313 2151 1370 et
2218 1300 2545 1371 Italorum
2598 1300 3090 1382 sacerdotibuS,

571 1402 635 1458 et
680 1412 757 1458 ex
806 1389 1120 1459 Hetruria
1179 1390 1527 1460 accersitis
1574 1389 2040 1479 aruspicibuS,
2153 1411 2228 1459 er
2274 1390 2461 1478 ipsos
2510 1388 2875 1476 adjurabat
2933 1389 3093 1457 dae·

574 1499 870 1556 monem,
908 1490 973 1547 et
1012 1477 1186 1547 nihil
1222 1500 1354 1547 non
1391 1478 1815 1568 excogitabat
1861 1478 1945 1548 ad
2001 1499 2108 1547 ma
2143 1479 2158 1547 i
2211 1478 2655 1547 curationem.
2697 1477 2824 1547 Illa
2863 1490 3096 1548 autem

571 1579 635 1635 et
692 1567 924 1635 inania
995 1588 1142 1638 esse
1188 1568 1792 1648 convincebantur,
1846 1578 1911 1637 et
1976 1567 2355 1658 malignum
2415 1566 2819 1635 daemonem
2870 1567 3097 1656 magis

572 1655 941 1725 efferebant
986 1657 1055 1724 in
1156 1656 1433 1726 uellam.
1486 1659 1835 1725 Caeterum
1899 1656 1958 1724 is
2008 1655 2206 1724 talem
2273 1676 2546 1742 quoque
2605 1676 2832 1724 vocem
2899 1656 3094 1723 emit-

571 1743 752 1813 tebat
797 1766 918 1834 per
971 1677 1296 1834 pueliam,
1336 1743 1516 1831 quod
1570 1745 1703 1814 nisi
1755 1743 2010 1813 veniret
2041 1745 2362 1814 Abercius
2394 1743 3088 1833 Hierapolitanorum,

562 1833 690 1918 ‚qui
741 1847 902 1902 sunt
938 1833 1006 1901 in
1045 1854 1252 1923 parva
1299 1834 1479 1922 Phry
1534 1833 1618 1912 ia,
1679 1833 2078 1922 Episcopus,
2131 1855 2208 1902 ex
2255 1854 2334 1902 eo
2368 1854 2502 1901 non
2542 1833 2750 1902 exiret
2781 1832 3095 1901 taberna-

570 1921 747 1991 culo.
785 1925 949 1991 Cum
993 1921 1158 1991 haec
1190 1942 1351 2011 ergo
1388 1944 1506 1989 mu
1540 1935 1639 1991 tos
1671 1920 1821 2008 dies
1862 1920 2366 2002 vociferaretur,
2411 1921 2593 2012 apud
2631 1943 2703 1990 se
2736 1920 3096 1991 dubitabat

572 2010 976 2090 AntoninuS,
1031 2010 1363 2097 quidnam
1399 2009 1525 2079 hoc
1565 2024 1764 2091 esset,
1798 2010 2282 2080 considerans:
2338 2022 2403 2079 et
2449 2009 2823 2097 aliquando
2869 2030 3100 2079 accer-

572 2099 702 2167 sito
728 2097 1141 2167 *Corneliano
1186 2096 1526 2200 praefecto
1576 2099 1919 2189 praetorii,
1959 2099 2236 2188 'rogavit
2282 2120 2367 2167 an
2417 2098 2488 2166 in
2532 2120 2740 2188 parva
2798 2098 3097 2254 Phrygia

573 2199 752 2257 esset
797 2187 965 2257 urbs
1004 2207 1293 2256 -nomtne
1339 2187 1743 2277 Hierapolis.
1796 2192 1862 2256 Is
1909 2200 2178 2257 autem:
2234 2209 2270 2253 «
2317 2188 2623 2267 Maxime,
2700 2187 2922 2273 inquit
3067 2226 3098 2238 -

562 2274 794 2348 mine:
847 2287 911 2344 et
956 2297 1033 2344 ex
1083 2296 1161 2344 ea
1207 2287 1397 2344 ortus
1444 2288 1546 2346 est
1592 2277 2049 2357 EuxenianuS,
2103 2275 2185 2344 ad
2237 2297 2440 2362 quem
2508 2297 2708 2364 saepe
2749 2275 3093 2365 scripsisti

572 2362 657 2431 de
706 2362 909 2433 rebus
957 2362 1276 2452 publicis.
1317 2383 1354 2430 »
1402 2368 1542 2433 Hoc
1575 2386 1733 2432 curn
1785 2364 2160 2434 audivisset
2204 2365 2608 2443 Antoninus,
2666 2364 2954 2433 laetatus
2992 2376 3098 2434 est

571 2453 841 2539 quasia
888 2472 1055 2521 cura
1096 2451 1446 2533 liberatuS,
1493 2474 1740 2542 nempe
1784 2453 1963 2540 quod
2001 2453 2460 2536 Euxenianus,
2517 2453 2637 2540 qui
2692 2451 2832 2522 illic
2890 2452 3097 2542 dege-

570 2539 708 2621 bat,
769 2540 946 2609 hanc
995 2562 1137 2609 rem
1191 2540 1426 2631 pulcre
1471 2542 1532 2610 ei
1584 2556 1999 2631 procuraret.
2055 2547 2129 2611 Et
2177 2543 2440 2612 Valerio
2486 2557 2551 2611 et
2611 2542 2900 2612 Basiano
2952 2547 3092 2610 Ma-

571 2628 923 2718 gistrianis
953 2629 988 2665 ⁴*
1017 2651 1167 2698 mox
1217 2642 1484 2719 praesto
1517 2651 1664 2699 esse
1698 2632 1939 2718 jussis,
1984 2630 2148 2700 haec
2180 2632 2278 2700 sic
2310 2631 2582 2700 scribit:
2636 2654 2671 2697 «
2708 2629 3097 2700 Antoninus

570 2723 947 2808 Imperator
1009 2722 1375 2808 Augustus,
1441 2719 1833 2789 Euxeniano
1897 2719 2206 2810 Poplioni
2273 2720 2601 2790 salutem:
2646 2724 2784 2810 Ego
2833 2719 2933 2789 tui
2986 2720 3096 2787 in·

571 2806 756 2896 genii
802 2806 1144 2876 solertiam
1181 2828 1248 2876 re
1289 2806 1439 2897 ipsa
1486 2821 1827 2896 expertus,
1879 2821 1946 2877 et
1995 2808 2285 2877 maxime
2334 2809 2442 2888 iis,
2496 2829 2671 2895 quae
2709 2810 2917 2897 jussu
2969 2829 3095 2876 no-

571 2909 749 2965 strae
796 2895 1134 2991 potentiae
1183 2917 1403 2985 nuper
1434 2895 1652 2966 fecisti
1687 2900 2040 2985 Smyrnae,
2087 2896 2304 2966 levata
2350 2896 2889 2986 Smyrnensibus
2919 2896 3096 2965 cala·

571 2984 828 3065 mitate,
872 3005 1048 3071 quae
1086 2984 1185 3053 eis
1217 3005 1293 3053 ex
1343 2995 1756 3054 terraemotu
1786 2998 2121 3065 evenerat,
2156 2998 2233 3055 ut
2260 3007 2383 3076 par
2410 2997 2553 3054 erat
2584 3007 2737 3055 sum
2776 2984 3091 3066 laetatus,

570 3085 633 3141 et
682 3085 866 3142 tuam
919 3073 987 3140 in
1042 3071 1248 3142 rebus
1292 3073 1609 3163 gerendis
1660 3073 1931 3143 laudavi
1980 3074 2433 3165 diligentiam.
2472 3074 2716 3145 Omnia
2763 3074 2948 3143 enim
2983 3095 3099 3143 ac-

570 3173 806 3230 curate
852 3160 1088 3243 didici,
1156 3161 1440 3251 perinde
1487 3184 1564 3232 ac
1613 3162 1671 3232 si
1721 3162 2091 3234 affuissem.
2147 3168 2311 3232 Nam
2377 3175 2440 3232 et
2486 3186 2528 3233 a
2575 3176 2637 3232 te
2714 3163 2923 3231 missa
2988 3183 3098 3231 re-

570 3248 756 3325 latio,
788 3262 851 3319 et
883 3251 1001 3337 qui
1051 3271 1200 3319 eam
1237 3248 1535 3321 reddidit
1567 3251 1899 3320 Caecilius
1932 3263 2332 3340 procurator
2367 3266 2616 3330 noster,
2656 3252 2888 3321 omnia
2922 3250 3096 3319 mihi

571 3349 804 3437 aperte
852 3338 1173 3407 narravit.
1227 3344 1302 3408 In
1359 3340 1739 3429 praesentia
1804 3353 2031 3409 autem
2080 3362 2236 3409 cum
2290 3338 2379 3409 sit
2428 3341 2766 3430 potentiae
2825 3351 3096 3409 nostrae

571 3424 1032 3515 significatum
1065 3481 1081 3507 ‚
1161 3427 1519 3497 Abercium
1590 3428 1955 3514 quemdam
2033 3428 2443 3518 Episcopum
2495 3427 3086 3519 Hierapolitanum

570 3512 755 3603 apud
808 3525 869 3583 te
906 3516 1184 3597 versari,
1224 3515 1445 3585 virum
1483 3515 1652 3586 adeo
1687 3516 1879 3606 pium
1916 3517 1981 3585 in
2021 3516 2403 3586 Christiana
2453 3517 2805 3608 religione,
2844 3529 2919 3585 ut
2949 3536 3089 3584 me·

571 3602 813 3672 deatur
859 3602 1346 3685 daemoniacis,
1398 3617 1465 3673 et
1510 3604 1681 3675 alios
1733 3606 2004 3675 morbos
2036 3619 2228 3675 curet
2260 3604 2608 3688 facillime,
2646 3627 2724 3675 eo
2773 3627 2927 3675 cum
2965 3625 3089 3672 nos

570 3691 954 3762 necessario
1009 3713 1186 3782 opus
1224 3692 1625 3774 habeamuS‚
1673 3693 2019 3764 Valerium
2083 3708 2147 3763 et
2194 3694 2563 3764 Basianum
2616 3694 3094 3785 magistrianos

570 3780 959 3851 divinorum
1012 3792 1399 3852 nostrorum
1449 3781 1834 3852 officiorum
1904 3783 2266 3864 misimus,
2337 3793 2414 3852 ut
2459 3805 2615 3852 eum
2683 3804 2843 3852 cum
2901 3780 3097 3850 omni

571 3871 827 3940 honore
870 3881 936 3939 et
984 3871 1356 3939 reverentia
1389 3869 1472 3939 ad
1526 3893 1650 3941 nos
1691 3870 2062 3941 adducant.
2115 3877 2295 3940 Tuae
2328 3893 2489 3961 ergo
2526 3872 2858 3961 jubemus
2899 3892 3100 3972 prae-

570 3960 878 4039 stantiae,
934 3970 1012 4028 ut
1056 3959 1115 4028 ei
1168 3958 1584 4049 persuadeas
1629 3959 1714 4029 ad
1768 3982 1892 4029 nos
1940 3961 2170 4029 venire
2200 3981 2359 4029 cum
2396 3982 2669 4029 summa
2700 3960 2916 4030 animi
2954 3959 3095 4028 ala·

570 4049 827 4129 oritate,
869 4048 1094 4117 sciens
1143 4070 1276 4117 non
1329 4070 1609 4138 parvam
1661 4048 1790 4118 hoc
1842 4049 2289 4137 nominetibi
2352 4046 2654 4119 futuram
2712 4069 2862 4119 esse
2908 4047 3100 4138 apud

574 4156 699 4205 nos
750 4135 1050 4206 laudem.
1112 4136 1288 4207 Vale.
1332 4158 1369 4205 »

658 4226 693 4310 ξ
740 4227 875 4294 18.
927 4229 1119 4294 Hanc
1166 4247 1325 4297 cum
1379 4225 1841 4326 magistrianis
1874 4224 2178 4295 dedisset
2210 4224 2596 4316 epistolam,
2635 4229 2849 4295 Roma
2889 4223 3104 4293 dimi-

571 4313 681 4394 sit,
734 4310 1007 4383 dicens:
1049 4336 1085 4380 «
1130 4318 1294 4384 Rem
1346 4314 1517 4383 mih1
1551 4314 1757 4405 longe
1790 4314 2258 4405 gratissimam
2290 4314 2610 4397 feceritis,
2640 4316 2698 4384 si
2736 4314 3101 4383 Abercium

627 4437 652 4461 ⁹
679 4436 971 4489 Noenu-iam·
986 4437 1269 4481 dicebantur
1286 4438 1733 4504 qnfflmperntorum
1752 4440 1970 4481 mundata
1989 4439 2034 4480 in
2053 4439 2319 4491 provinciae
2337 4441 2648 4491 perferebant.
