3347 4999
697 349 827 414 756
1269 365 1348 412 aa
1394 365 1452 412 s.
1489 363 1877 412 wotraatmo
1915 365 2014 411 cr.
2054 362 2467 412 antsrotmt.
2828 345 3008 411 OCT.
3058 345 3122 410 34

606 449 984 540 Piligrino*
1003 449 1376 519 Pataviensi
1413 450 1747 539 Episcopo
1771 471 1811 518 a
1837 461 2075 538 coepto
2104 461 2209 517 est
2233 469 2437 538 opere
2464 460 2841 517 revocatus.
2862 447 3136 518 Dolebat

605 540 789 609 enim
840 538 1194 628 Episcopo,
1237 552 1368 608 tam
1405 540 1757 630 egregium
1799 537 2129 608 cultorem
2166 537 2233 606 in
2279 536 2507 607 sulcos
2554 536 2819 606 steriles
2870 550 3133 606 tantum

605 628 914 698 conferre
949 627 1275 698 laborem.
1330 628 1572 699 Mansit
1609 649 1773 717 ergo
1821 625 2002 716 apud
2042 626 2237 696 illum
2274 629 2714 717 Episcopum,
2758 626 2951 695 omni
3008 626 3133 696 hu-

606 715 956 786 manitatis
993 716 1217 785 officio
1244 717 1473 806 ipsum
1521 729 2070 806 prosequentem,
2109 714 2256 784 dies
2295 715 2578 802 aliquot,
2618 714 2771 803 ejus
2816 715 3139 804 precibus

599 804 1107 876 obsecundans,
1155 805 1431 874 Interim
1485 806 1866 895 Episcopus
1902 805 2074 873 mire
2104 827 2335 894 sagax,
2366 807 2517 894 ejus
2566 804 2944 873 sententiae
2968 809 3138 893 Apo-

605 894 883 965 stolicae
927 893 997 929 *⁴*
1046 914 1177 963 non
1220 894 1608 973 immemor,
1650 897 1789 980 qua
1842 907 2069 962 monet
2110 893 2399 982 probare
2436 892 2746 982 spirituS,
2786 905 3027 962 utrum
3061 915 3135 962 ex

603 987 737 1052 Deo
784 983 944 1063 sint,
1000 993 1142 1052 tum
1193 982 1397 1062 clam,
1446 995 1587 1051 tum
1640 982 1868 1083 palam
1930 983 2332 1060 observavit,
2370 1004 2579 1070 quam
2640 981 2753 1050 ille
2800 995 2982 1052 esset
3034 1004 3137 1050 se-

600 1071 812 1141 dulus
848 1072 915 1139 in
966 1071 1158 1141 cultu
1188 1083 1251 1140 et
1281 1071 1552 1141 servitio
1585 1071 1842 1151 divine,
1888 1093 2103 1158 quam
2132 1070 2456 1140 assiduus
2497 1071 2564 1138 in
2604 1092 2798 1141 sacra
2848 1069 3136 1140 lectione

597 1172 666 1230 et
698 1160 1088 1249 Scripturae
1136 1158 1408 1229 divinae
1443 1160 2001 1247 perscrutatione,
2042 1171 2245 1246 atque
2287 1159 2448 1228 inde
2483 1180 2601 1247 pro
2635 1181 2759 1228 sua
2793 1158 3136 1249 singulari

601 1248 964 1339 prudentia
995 1248 1192 1317 facile
1239 1247 1721 1318 animadvertit
1765 1271 1949 1331 eum,
2002 1269 2205 1335 quem
2242 1261 2319 1316 ut
2373 1249 2807 1338 peregrinum
2849 1270 3134 1336 excepe-

600 1351 726 1418 rat,
776 1359 906 1407 non
965 1358 1113 1406 esse
1161 1337 1508 1406 hominem
1573 1337 1781 1406 levem
1833 1350 1897 1407 et
1957 1335 2442 1427 vagabundum
2477 1392 2492 1416 ,
2550 1336 2663 1405 sed
2717 1358 2913 1404 verae
2976 1336 3133 1406 fidei

598 1426 1048 1495 domesticum
1101 1426 1380 1495 firmum
1431 1448 1512 1496 ac
1559 1425 1898 1495 stabilem.
1937 1428 2393 1508 Quamobrem
2448 1426 2651 1494 etiam
2706 1425 3130 1512 quibusdam

599 1535 637 1583 e
683 1515 832 1584 suis
877 1513 1147 1584 dicebat
1177 1513 1641 1584 familiariter:
1698 1538 1734 1581 «
1770 1519 1821 1584 Ο
1855 1514 2118 1584 felicem
2172 1515 2358 1584 illam
2403 1512 2799 1590 Ecclesiam,
2836 1536 3023 1600 quae
3053 1536 3131 1583 ex

601 1603 870 1672 Domini
924 1603 1342 1691 providentia
1401 1604 1588 1673 hunc
1647 1604 1870 1673 virum
1940 1603 2315 1673 merebitur
2363 1603 2611 1672 habere
2676 1602 3127 1673 sacerdotem.

601 1692 762 1760 Mihi
811 1692 1089 1778 quidem
1130 1693 1256 1760 hoc
1287 1693 1701 1781 cumprimis
1754 1706 1817 1761 et
1864 1692 2031 1762 utile
2085 1706 2150 1761 et
2201 1692 2657 1762 necessarium
2712 1689 3006 1769 videtur,
3061 1705 3135 1761 ut

599 1781 918 1870 precibus
969 1782 1138 1849 meis
1184 1780 1499 1860 efficiam,
1538 1804 1676 1868 quo
1726 1782 1825 1849 illi
1875 1780 2391 1871 Ratisponensis
2439 1778 2778 1849 Ecclesiae
2816 1781 3128 1867 regimen

595 1868 1070 1939 demandetur.
1115 1870 1616 1956 Aequissimum
1659 1883 1760 1939 est
1805 1871 2015 1950 enim,
2051 1883 2127 1938 ut
2158 1870 2275 1938 ubi
2316 1868 2624 1938 abundat
2672 1868 2851 1937 bona
2885 1868 3132 1937 volun-

599 1970 724 2038 tas,
777 1981 1083 2048 congrua
1151 1961 1350 2027 etiam
1407 1958 1503 2025 illi
1552 1958 1986 2044 exequendae
2048 1971 2429 2048 praestetur
2488 1955 2802 2026 facultas,
2861 1962 3126 2026 Bonum

597 2069 896 2134 namque
954 2068 1183 2117 semen
1218 2102 1232 2127 ,
1297 2047 1478 2133 quod
1533 2047 1642 2115 hic
1695 2048 1915 2116 bonus
1965 2046 2065 2114 vir
2108 2046 2333 2134 jacere
2382 2045 2596 2114 voluit
2657 2046 2725 2114 in
2787 2046 3130 2115 obdurata

596 2135 802 2205 corda
845 2156 1294 2226 paganorum,
1348 2148 1413 2203 et
1445 2135 1687 2204 salutis
1750 2136 2232 2214 ministerium,
2269 2134 2451 2221 quod
2506 2133 2782 2203 illorum
2833 2135 3133 2204 caecitas

597 2223 944 2303 fastidivit,
979 2246 1057 2293 eo
1108 2225 1255 2313 ipso
1289 2245 1531 2313 agrum
1580 2225 2008 2293 Dominicum
2058 2223 2424 2303 excolente,
2448 2222 2765 2293 fortassis
2802 2223 3125 2309 quando-

644 2334 732 2381 ue
790 2313 1088 2381 fructum
1140 2312 1304 2381 feret
1350 2312 1533 2400 apud
1593 2312 2035 2382 Christianos.
2073 2336 2109 2378 »
2159 2312 2449 2381 Aderant
2495 2326 2722 2381 autem
2776 2324 2919 2381 tum
2968 2314 3129 2399 qui-

594 2333 785 2480 tdam,
824 2401 943 2487 qui
995 2400 1334 2468 dicerent:
1388 2424 1423 2467 «
1452 2405 1760 2482 Quonam
1806 2416 2000 2491 pacto
2049 2401 2252 2470 homo
2315 2401 2437 2470 iste
2484 2401 2685 2488 inops
2731 2414 2795 2469 et
2850 2400 3131 2490 ignotus

597 2490 766 2557 tanti
807 2490 1255 2578 Episcopatus
1292 2487 1607 2579 dignitati
1652 2513 1775 2577 par
1813 2505 1877 2560 et
1902 2489 2191 2561 idoneus
2222 2512 2370 2559 esse
2406 2491 2668 2580 poterit,
2725 2490 3127 2580 praesertim

595 2600 752 2647 cum
798 2578 1105 2668 plerique
1133 2578 1249 2647 alii
1284 2579 1584 2648 celebres
1618 2580 1746 2648 viri
1798 2580 2150 2670 magisque
2187 2580 2347 2657 noti,
2376 2580 2637 2668 justius
2668 2600 2817 2647 eam
2852 2579 3128 2649 videan-

593 2679 707 2736 tur
766 2668 951 2757 apud
994 2672 1468 2756 Imperatorem
1526 2667 2068 2755 impetratur-ib>
2114 2668 2378 2750 Quibus
2425 2669 2805 2756 Episcopus
2856 2690 3127 2758 respon·

595 2756 735 2825 dit:
790 2755 1272 2825 «Permultum
1314 2756 1589 2826 interest
1624 2759 1798 2825 inter
1826 2757 2060 2825 divina
2109 2757 2549 2842 humanaque
2573 2756 2866 2843 judicia.
2916 2761 3123 2825 Scru—

598 2856 769 2913 tator
817 2866 1115 2932 namque
1160 2844 1469 2913 cordium
1506 2860 1568 2914 et
1596 2867 1837 2915 renum
1894 2850 2089 2924 DeuS,
2137 2867 2173 2913 a
2214 2845 2452 2914 mundi
2497 2845 2689 2914 initio
2728 2844 2932 2934 elegit
2959 2866 3128 2914 con-

595 2933 1002 3022 temptibilia
1073 2945 1137 3002 et
1202 2932 1576 3023 ignobilia,
1649 2947 1724 3003 ut
1769 2932 2215 3002 confunderet
2274 2933 2509 3002 fortia:
2579 2946 2815 3003 contra
2889 2946 3122 3002 autem

593 3022 925 3102 mundus,
983 3022 1160 3110 quod
1216 3043 1417 3091 suum
1491 3036 1628 3103 est,
1683 3023 1764 3091 ad
1826 3023 2061 3091 horam
2124 3022 2402 3102 extollit,
2458 3020 2569 3091 sed
2633 3021 2906 3090 tandem
2958 3045 3123 3091 cum

591 3109 610 3177 i
669 3111 972 3180 nominia
1022 3109 1270 3196 dejicit.
1329 3111 1489 3179 Mihi
1547 3112 1756 3201 igitur
1806 3111 2005 3201 plane
2059 3133 2305 3200 operae
2340 3111 2629 3200 pretium
2668 3110 2977 3180 facturus
3026 3112 3124 3179 vi-

641 3221 779 3278 eor‚
822 3200 878 3267 si
928 3199 1142 3268 fretus
1191 3199 1447 3268 auxilio
1496 3200 1929 3276 Marchionis,
1973 3200 2176 3287 cujus
2214 3199 2523 3269 consiliis
2557 3198 2848 3268 libenter
2902 3199 3125 3269 utitur

590 3300 656 3355 et
687 3300 876 3376 paret
913 3293 1311 3378 Imperator,
1369 3290 1686 3377 precibus
1734 3289 1820 3357 ab
1872 3288 1987 3357 illo
2020 3288 2465 3366 contendam,
2512 3308 2595 3356 ne
2647 3289 2943 3377 patiatur
3007 3311 3127 3389 per

588 3374 1032 3444 ambitionem
1067 3398 1483 3464 quemquam
1525 3378 1831 3446 obtinere
1865 3378 2093 3446 sedem
2148 3375 2485 3446 Ecclesiae
2543 3377 3116 3466 Ratisponensts:

589 3463 706 3532 sed
747 3465 834 3532 ob
873 3479 1214 3533 aeternam
1263 3467 1907 3547 remunerationem,
1953 3465 2011 3534 si
2061 3487 2263 3552 quem
2314 3467 2721 3553 compererit
2754 3465 3118 3545 humilem,

590 3552 1016 3634 modestum,
1079 3554 1425 3623 eruditum
1476 3569 1540 3623 et
1584 3554 2068 3624 ecclesiasticis
2119 3554 2517 3623 ministeriis
2563 3567 2802 3643 aptum
2837 3608 2853 3633 ,
2907 3576 3067 3623 eum
3098 3608 3116 3639 ,

579 3642 1090 3730 cujuscumque
1125 3643 1211 3711 sit
1256 3642 1696 3723 conditionis,
1736 3644 1820 3713 ad
1871 3665 2019 3712 eam
2070 3654 2264 3712 curet
2301 3642 2836 3732 provehendum.
2876 3666 2913 3709 »

674 3733 709 3817 ξ
758 3735 903 3803 13.
959 3737 1196 3818 Itaque
1238 3752 1357 3820 per
1383 3731 1638 3821 legatos
1673 3732 1991 3822 Episcopi
2025 3744 2089 3801 et
2138 3732 2550 3800 Marchionis
2577 3732 3117 3821 suggestionem,

589 3824 964 3908 Imperator
993 3823 1164 3889 Otho
1197 3820 1567 3901 secundus,
1602 3834 1668 3889 et
1713 3840 1879 3890 suae
1911 3834 1975 3888 et
2024 3820 2362 3890 Ecclesiae
2389 3819 2671 3890 utilitati
2718 3820 3118 3897 consulens,

585 3907 685 3977 vel
740 3909 966 3997 potius
1015 3909 1250 3977 divino
1299 3922 1651 3997 permotus
1715 3910 2079 3989 instinctu,
2139 3908 2701 3996 quandoquidem
2748 3931 2869 3979 cor
2920 3909 3125 4001 Regis

584 3997 653 4063 in
700 4018 910 4066 manu
948 4000 1059 4066 Dei
1098 4010 1221 4078 est,
1268 4020 1382 4066 eos
1420 4020 1684 4079 omneS‚
1722 3999 1841 4089 qui
1898 3998 2382 4087 Episcopatum
2434 3996 2633 4066 illum
2673 3998 3121 4075 ambiebant,

584 4085 856 4173 rejecit,
913 4099 1266 4173 totumque
1315 4108 1386 4157 se
1433 4086 1519 4155 ad
1587 4087 2121 4177 promovendum
2185 4087 2409 4155 virum
2463 4087 2578 4156 Dei
2636 4085 3126 4177 wolfgangum

583 4173 911 4243 contulit:
978 4176 1297 4263 misitque
1357 4176 1611 4245 celeres
1662 4176 1992 4256 nuncios,
2045 4175 2165 4263 qui
2211 4187 2533 4244 curarent
2593 4175 3125 4265 quamprimum

638 4315 663 4342 ’
685 4314 783 4354 'Seu
815 4317 986 4368 Pftqrcn
1018 4317 1350 4369 (Peregrinus),
1376 4314 1637 4371 'Episcopus
1667 4319 1959 4360 rmvtensts
1987 4318 2188 4369 (masaa,
2216 4317 2263 4359 in
2292 4316 2518 4360 navariae
2537 4317 2714 4370 regno),
2736 4320 2881 4360 vsu-bo
2902 4321 2951 4360 et
2971 4331 3134 4371 opere.

583 4366 810 4462 Ξὲίὲίὲιιιπὲ
823 4373 1125 4463 ἑὲεὲεῗεφιε,
1153 4372 1464 4423 omnibusque
1495 4374 1685 4414 demum
1714 4371 2059 4424 episcopatibus
2087 4371 2361 4419 virtut-ibus,
2391 4383 2504 4422 prae
2536 4370 2708 4414 cetaria
2743 4371 2956 4423 insignis.
2997 4383 3137 4416 anno

636 4475 687 4501 “¹
716 4477 770 4515 In
790 4477 822 4514 ῐ.
846 4476 980 4518 Jom.
1001 4488 1061 4520 tv.
