3347 4999
727 332 854 395 752
1299 349 1376 394 nit
1423 349 1480 393 s.
1521 346 1911 393 womcmco
1952 347 2050 392 ιιι».
2089 345 2503 393 anismam.
2870 325 3053 392 OCT.
3102 330 3168 392 31

638 431 1074 502 contentione
1122 432 1403 533 rogavit.
1449 434 1524 500 At
1565 429 1680 500 ille
1711 429 2120 517 aliquandiu
2167 429 2519 499 difficilem
2569 452 2645 499 se
2688 428 3033 518 praebuit,
3071 429 3178 497 sed

640 544 797 590 cum
836 520 1107 591 tandem
1161 520 1415 589 videret
1461 542 1532 588 se
1581 521 1754 589 bene
1805 542 1937 588 non
1995 541 2190 608 posse
2239 541 2511 608 negare,
2569 517 2790 588 noluit
2837 539 2990 586 esse
3044 540 3180 604 per·

645 610 859 678 vicax.
907 610 1230 701 Adjunxit
1263 610 1476 699 igitur
1503 631 1576 677 se
1609 608 1712 677 illi
1754 608 1969 697 hujus
2000 630 2274 696 quoque
2307 608 2570 676 itineris
2608 607 2963 676 comitem.
3019 612 3182 676 Tum

644 720 799 768 vero
842 697 1112 789 praesul
1155 697 1270 767 ille
1311 697 1720 766 venerabilis
1768 719 2098 786 magnum
2141 697 2356 764 animi
2391 696 2728 776 studium,
2776 716 3093 764 amorem
3129 713 3188 768 et

643 787 1184 858 benevolentiam
1214 842 1230 868 ,
1283 808 1418 875 qua
1461 786 1658 856 illum
1700 785 2305 875 complectebatur,
2353 807 2426 853 re
2475 786 2622 873 ipsa
2664 783 3029 854 declarare
3076 808 3191 854 cu-

646 877 863 967 piens,
909 875 1250 967 ejusmodi
1301 874 1700 945 sacerdotiis
1747 875 1887 943 sive
1922 874 2273 944 beneficiis
2320 873 2807 943 ecclesiasticis
2854 887 2926 942 et
2958 873 3188 964 digni·

646 966 900 1035 tatibus
921 988 1082 1034 eum
1118 963 1388 1034 afficere
1426 962 1658 1044 voluit,
1700 977 1772 1033 ut
1814 985 1934 1053 per
1960 984 2233 1033 omnem
2269 962 2634 1032 dioecesim
2676 961 2902 1050 ipsius
2943 984 3190 1032 secun-

639 1054 809 1123 dum
851 1059 939 1124 ab
985 1075 1066 1124 eo
1115 1053 1340 1123 locum
1393 1053 1750 1133 obtineret,
1794 1051 2107 1140 aliosque
2142 1073 2381 1121 omnes
2428 1051 2832 1120 auctoritate
2870 1052 3185 1121 anteiret.

643 1148 889 1213 Verum
944 1142 1059 1211 ille
1119 1143 1342 1213 bouus
1382 1140 1626 1212 Christi
1678 1163 1951 1221 servus»,
1999 1140 2240 1210 mundi
2292 1141 2502 1230 hujus
2562 1140 2839 1207 inanem
2892 1138 3186 1230 gloriam

645 1231 939 1322 fugiens,
986 1253 1392 1321 semperque
1451 1230 1539 1300 ob
1585 1229 1824 1299 oculos
1880 1251 2158 1299 versans
2207 1228 2375 1297 illud
2435 1227 2954 1319 Apostolicum:
3009 1229 3191 1298 Nihil

643 1323 999 1390 intulimus
1047 1323 1115 1390 in
1155 1321 1276 1390 hoe
1319 1320 1645 1389 mundum
1675 1374 1690 1399 ,
1746 1319 1932 1388 haud
1980 1319 2278 1399 dubium,
2331 1320 2496 1409 quia
2541 1341 2659 1386 nec
2705 1320 2991 1405 auferre
3038 1317 3191 1408 quid

640 1432 1020 1500 possumus;
1057 1421 1145 1489 et,
1205 1409 1339 1488 Qui
1383 1412 1618 1478 volunt
1671 1408 1911 1476 divites
1960 1409 2134 1498 fieri,
2192 1408 2493 1476 incidunt
2543 1409 3091 1475 intentationem
3134 1417 3189 1474 et

645 1500 715 1566 in
750 1502 1066 1590 laqueum
1103 1499 1359 1567 diaboli
1389 1501 1481 1581 (1.
1531 1499 1694 1566 Tim.
1743 1496 1874 1584 vi);
1928 1510 2112 1565 tanto
2161 1496 2416 1566 honore
2464 1516 2536 1564 se
2568 1493 2967 1564 affirmabat
3018 1493 3184 1563 indi·

644 1608 887 1676 gnum.
926 1586 1223 1656 Tandem
1262 1607 1417 1656 vero
1451 1587 1518 1654 in
1555 1587 1683 1655 hoc
1709 1586 1936 1666 cessit,
1974 1597 2049 1654 ut
2084 1599 2425 1672 pateretur
2456 1583 2906 1654 scholasticos
2943 1605 3182 1672 pueros

644 1688 709 1745 et
742 1675 1208 1745 adolescentes
1241 1696 1407 1744 suae
1445 1696 1652 1744 curae
1699 1673 2217 1743 commendari:
2272 1673 2605 1742 nimirum
2644 1671 2974 1760 prudenti
3020 1694 3182 1742 usus

643 1763 959 1844 consilio,
1000 1778 1075 1834 ut
1110 1763 1538 1853 praeclarum
1575 1762 1927 1832 doctrinae
1977 1761 2331 1840 talentum,
2389 1761 2522 1851 ipsi
2571 1783 2614 1830 a
2653 1761 2945 1829 Domino
2988 1759 3184 1830 tradi·

651 1866 821 1931 tum,
867 1853 1023 1924 aliis
1072 1853 1497 1943 impertiens,
1555 1853 1734 1921 sicut
1784 1851 2007 1920 bonus
2046 1864 2111 1920 et
2142 1849 2367 1920 fidelis
2414 1849 2897 1939 dispensator,
2949 1850 3184 1919 ubere.-

645 1941 728 2010 ad
771 1941 1137 2011 Dominum
1171 1965 1378 2012 suum
1432 1939 1706 2010 referret
1747 1939 2032 2009 fructus.
2089 1945 2212 2009 Pro
2263 1939 2346 2007 iis
2391 1951 2619 2008 autem
2663 1937 2960 2007 docendi
3010 1939 3185 2007 labo·

650 2031 843 2100 ribus
887 2030 1059 2099 nihil
1101 2030 1300 2110 lucri,
1343 2028 1748 2117 nullamque
1800 2028 2180 2098 mercedem
2225 2028 2527 2118 recipere
2560 2025 2820 2106 voluit;
2872 2026 2995 2096 sed
3041 2049 3186 2116 ope-

653 2141 793 2187 ram
856 2119 1091 2199 dedit,
1149 2136 1218 2188 ut
1268 2119 1440 2188 alios
1493 2133 1719 2206 posset
1766 2116 2212 2197 lucrifacere;
2268 2138 2431 2195 nec,
2485 2129 2563 2185 ut
2614 2114 2927 2204 plerique
2977 2116 3187 2185 solent

648 2205 1010 2284 didascali,
1055 2209 1438 2297 Satyricum
1475 2206 1647 2276 illud
1691 2207 2174 2276 decantantes:
2227 2210 2425 2274 Nosse
2462 2208 2693 2274 volunt
2732 2227 2983 2285 omneS,
3030 2228 3187 2274 mer-

647 2296 869 2364 cedem
898 2298 1152 2366 solvere
1181 2319 1370 2365 nemo
1394 2321 1415 2363 .·
1445 2317 1485 2365 a
1516 2297 1761 2384 quovis
1786 2296 2155 2383 quicquam
2182 2294 2424 2384 exegit,
2460 2293 2729 2391 tametsi
2757 2315 2798 2361 a
2833 2293 3187 2382 permultis

648 2405 731 2452 co
781 2398 1032 2452 eretur.

735 2406 779 2559 ἔ
821 2478 912 2543 θ.
970 2477 1173 2543 Porro
1227 2484 1455 2543 autem
1497 2485 1867 2561 antequam
1908 2484 2085 2543 esset
2137 2470 2516 2542 sacerdotio
2553 2470 2865 2541 initiatus
2894 2525 2911 2552 ,
2960 2493 3001 2539 a
3050 2492 3187 2539 car·

655 2561 863 2631 nibus
910 2562 1266 2642 abstinuit,
1315 2583 1436 2631 nec
1471 2575 1686 2630 vestes
1721 2564 1954 2653 magni
1999 2561 2192 2651 pretii
2241 2560 2539 2649 expetiit,
2599 2558 2877 2648 vigiliis,
2904 2559 3188 2649 jeJuniis

651 2663 720 2720 et
773 2650 1092 2741 precibus
1126 2650 1416 2720 libenter
1448 2651 1813 2731 incubuit,
1867 2650 2202 2720 secularia
2252 2650 2520 2739 negotia
2570 2649 2661 2718 ita
2713 2652 3075 2729 tractavit,
3124 2660 3189 2716 ut

648 2760 935 2829 corpore
970 2795 984 2819 ‚
1041 2762 1175 2809 non
1226 2741 1459 2809 animo
1495 2794 1510 2819 ,
1567 2738 1706 2808 illis
1751 2753 1929 2809 esset
1978 2738 2396 2829 implicatus.
2436 2736 2914 2807 Adolescentes
2946 2792 2964 2815 ,
3020 2759 3185 2823 quos

649 2829 1065 2898 erudiendos
1104 2829 1430 2919 suscepit,
1489 2850 1620 2898 non
1672 2826 1896 2897 solum
1937 2827 2341 2897 liberalibus
2377 2825 2790 2915 disciplinis,
2835 2824 2957 2894 sed
2993 2826 3187 2895 etiam

654 2917 856 2988 bonis
905 2918 1216 2987 moribus
1249 2918 1594 2988 instruxit.
1651 2916 1829 2986 Adeo
1862 2930 2089 2986 autem
2125 2938 2196 2985 se
2234 2914 2318 2983 ad
2361 2914 2868 3004 discipulorum
2909 2927 3184 3003 captum

652 3006 1216 3086 accommodavit,
1274 3020 1348 3076 ut
1394 3028 1554 3075 cum
1605 3006 2087 3095 capacioribus
2126 2999 2513 3073 difficiliora
2543 3024 2858 3091 quaeque
2904 3025 3090 3089 quae
3126 3002 3187 3070 in

652 3094 1053 3165 auctoribus
1100 3109 1167 3171 et
1211 3094 1600 3185 disciplinis
1643 3116 1791 3165 sese
1830 3095 2173 3175 offerrent,
2225 3091 2689 3181 explicuisset,
2738 3112 2895 3160 mox
2946 3090 3033 3160 ad
3088 3112 3189 3159 ru·

651 3182 882 3252 diores
930 3206 1001 3253 se
1036 3197 1341 3265 verteret,
1384 3198 1448 3253 et
1487 3184 1706 3252 instar
1748 3183 2039 3253 nutricis
2086 3181 2300 3251 lacteo
2347 3180 2500 3250 cibo
2536 3202 2654 3249 eos
2705 3178 3037 3260 reficeret,
3130 3177 3189 3247 ui

654 3270 978 3341 solidiora
1029 3294 1270 3361 capere
1322 3272 1616 3342 necdum
1671 3284 1968 3360 possent.
2024 3270 2088 3339 Si
2125 3271 2246 3356 qui
2278 3284 2506 3339 autem
2544 3270 2612 3337 in
2645 3268 2798 3356 ejus
2832 3267 3113 3357 discipu
3140 3269 3190 3335 is

654 3373 883 3428 essent
915 3362 1097 3430 tenui
1135 3360 1432 3441 fortuna,
1483 3375 1549 3429 et
1597 3359 1925 3431 humanis
1966 3359 2243 3431 auxiliis
2280 3357 2610 3439 destituti,
2646 3379 2762 3426 eos
2797 3379 2934 3427 non
2974 3356 3189 3428 solum

659 3447 903 3518 litteris
968 3450 1408 3529 instituebat,
1461 3448 1579 3518 sed
1628 3449 1832 3519 etiam
1896 3448 2242 3538 corporeis
2302 3446 2563 3516 fovebat
2627 3445 3009 3515 alimentis.
3062 3449 3191 3514 Hac

661 3557 814 3605 vero
846 3536 999 3625 ejus
1050 3538 1313 3607 vivendi
1367 3537 1627 3606 ratione
1686 3537 1936 3628 partim
1993 3537 2251 3618 oculiS,
2309 3535 2554 3625 partim
2611 3534 2972 3604 auditione
3018 3555 3193 3604 com·

661 3627 874 3716 perta,
927 3627 1266 3696 Henricus
1298 3626 1895 3717 Archiepiscopus·
1923 3640 2066 3695 tum
2102 3647 2224 3716 per
2261 3625 2566 3714 seipsum
2598 3679 2613 3700 .
2664 3637 2805 3692 tum
2863 3644 2987 3712 per
3031 3621 3195 3692 alios

658 3736 822 3783 suos
869 3714 1243 3785 familiares
1285 3714 1687 3785 hortabatur
1721 3736 1880 3784 eum
1914 3768 1930 3795 ,
1983 3725 2061 3783 ut
2092 3712 2367 3800 aliquod
2425 3711 2523 3781 vel
2576 3711 3043 3791 clericorum,
3101 3708 3195 3778 vel

662 3804 1158 3873 monachorum
1192 3804 1597 3875 coenobium
1635 3802 2014 3894 regentium
2052 3802 2452 3891 susciperet.
2493 3800 2615 3870 Ille
2657 3822 2810 3869 vero
2855 3822 3049 3869 more
3078 3818 3199 3868 suo

657 3914 808 3962 eam
857 3909 1252 3982 praetexens
1298 3892 1832 3972 excusationem,
1874 3890 2059 3980 quod
2099 3891 2289 3960 omni
2328 3890 2589 3959 honore
2629 3889 2967 3978 indignus
3000 3900 3195 3963 ossei,

661 3980 936 4051 tandem
976 3996 1198 4051 tamen
1236 3981 1553 4071 Episcopi
1603 3981 2008 4052 auctoritate
2046 3992 2111 4049 et
2147 3990 2506 4069 praecepto
2553 3976 2988 4069 compulsuS,
3041 3998 3204 4048 con-

660 4069 876 4139 sensit
915 4070 1321 4141 clericorum
1359 4092 1508 4139 esse
1547 4075 1881 4139 Decanus.

754 4165 793 4239 ἓ
841 4162 917 4229 2.
972 4163 1113 4229 Hoc
1144 4181 1301 4229 vero
1340 4159 1598 4233 honore
1644 4170 1965 4248 suscepto
2011 4157 2105 4227 ita
2152 4179 2223 4227 se
2269 4155 2692 4247 comparavit
2738 4156 2841 4224 vir
2890 4169 3199 4231 sanctus,

664 4259 740 4316 ut
780 4246 1113 4337 improbis
1162 4263 1227 4320 et
1257 4247 1663 4339 irreligiosis
1702 4261 1879 4317 esset
1912 4246 2152 4316 terrori
2184 4259 2250 4316 et
2297 4244 2673 4325 formidini,
2729 4245 2933 4314 bonis
2966 4260 3036 4314 et
3074 4242 3205 4335 piis

662 4336 908 4404 amori.
963 4337 1195 4407 Essecit
1240 4351 1466 4407 autem
1499 4336 1685 4427 apud
1739 4336 1895 4406 illos
1927 4350 2067 4406 tum
2122 4335 2353 4413 miniS,
2399 4347 2537 4402 tum
2593 4333 3067 4417 suasionibuS,
3102 4345 3203 4409 ut,

663 4424 845 4514 quod
883 4427 1077 4516 prius
1112 4448 1245 4497 non
1279 4425 1603 4508 fecerant,
1632 4425 1990 4497 communi
2020 4428 2260 4494 mensa
2286 4436 2351 4493 et
2382 4422 2785 4492 dormitorio
2813 4435 3201 4499 uterentur,
