3347 4999
676 370 801 434 324
1362 382 1441 431 na
1489 386 1544 431 s.
1601 385 1869 431 musmo
1918 383 2116 431 arnse.
2172 384 2352 431 saon.
2814 365 2988 431 OCT.
3054 367 3152 431 10

590 481 846 538 secreta
894 468 1220 539 humanis
1272 467 1616 538 mentibus
1655 466 2105 557 inspiratione
2151 466 2523 536 clementer
2560 466 2839 547 infudit,
2879 467 2960 535 ad
3003 489 3149 535 an·

591 557 1049 628 nuntiandam
1102 555 1291 627 vobis
1400 554 1851 625 lenitudinem
1908 555 2070 625 fidei
2110 554 2581 639 Christianae,
2635 556 3149 627 sacerdotalem

587 647 984 716 curavimus
1032 644 1330 715 sollicitu
1385 646 1564 714 inem
1619 666 2063 734 praerogare:
2109 656 2186 714 ut
2229 644 2509 734 perinde
2541 644 2788 714 Christi
2824 649 3002 715 Evan
3060 667 3149 712 e-

586 733 784 817 lium,
824 734 1010 823 quod
1062 734 1368 804 Salvator
1425 746 1653 804 noster
1698 736 2027 804 omnibus
2070 754 2309 823 praece
2366 733 2414 802 it
2470 734 2793 824 gentibus
2853 756 3015 823 prae
3078 733 3149 801 i-

586 823 752 905 cari,
807 822 1048 894 vestris
1095 844 1369 910 quoque
1400 822 1722 893 sensibus
1770 823 2171 901 inserentes,
2228 844 2304 892 sa
2339 824 2475 895 utis
2515 836 2775 893 vestrae
2825 822 3150 892 remedia

586 913 1241 1002 propinquaremus.
1288 917 1636 1001 Supernae
1670 912 1883 1002 igitur
1914 911 2290 1001 majestatis
2323 912 2715 992 clementia,
2757 934 2934 999 quae
2965 935 3150 982 cun·

587 1014 694 1071 cta
742 1002 887 1071 solo
932 1000 1683 1091 verbopraeceptionis
1732 1022 1896 1070 suae
1945 999 2256 1071 condidit
2293 1012 2359 1070 et
2388 1001 2667 1079 creavit,
2720 1000 2991 1071 coelum
3028 1003 3144 1070 vi-

586 1089 833 1160 delicet
879 1103 945 1159 et
992 1104 1267 1170 terram,
1311 1111 1496 1158 mare
1529 1101 1594 1159 et
1639 1089 1875 1159 omnia
1916 1111 2093 1176 quae
2143 1090 2213 1158 in
2263 1089 2363 1159 eis
2396 1103 2583 1171 sunt,
2629 1090 2985 1181 dispositis
3020 1112 3146 1160 or-

590 1178 922 1260 dinibus,
977 1180 1234 1266 quibus
1294 1178 1791 1259 subsisterent,
1844 1178 2183 1249 coaeterni
2240 1180 2428 1249 verbi
2495 1180 2603 1249 sui
2667 1177 2998 1261 consilio,
3064 1193 3146 1248 et

591 1268 824 1336 Sancti
872 1273 915 1338 S
970 1268 1168 1337 iritus
1229 1267 1490 1338 unitate
1539 1267 1994 1358 dispensans,
2055 1266 2410 1336 hominem
2473 1269 2559 1338 ad
2611 1268 2991 1358 imaginem
3062 1282 3144 1338 et

593 1355 884 1426 similitu
941 1357 1119 1426 inem
1155 1378 1378 1436 suam,
1416 1380 1496 1426 ex
1527 1356 1697 1425 limo
1745 1367 1963 1425 terrae
2054 1355 2453 1437 lasmatum‚
2489 1357 2845 1429 constituit
2877 1379 2892 1437 ;
2927 1357 3145 1443 eique

585 1457 845 1514 tantam
883 1446 1172 1535 praemii
1224 1446 1765 1536 praerogativam
1826 1444 1996 1515 indu
2031 1444 2139 1525 sit,
2194 1457 2270 1514 ut
2316 1467 2474 1515 eum
2525 1446 2796 1517 cunctis
2843 1468 3145 1536 praepo-

586 1548 799 1615 neret,
837 1548 1041 1622 atque
1087 1545 1351 1604 servato
1392 1535 1685 1604 termino
1717 1533 2222 1625 praeceptionis
2258 1556 2458 1616 suae,
2495 1536 2923 1606 aeternitatis
2958 1535 3138 1604 sub-

589 1622 899 1693 sistentia
940 1623 1427 1714 praemuniret.
1490 1628 1692 1693 Hunc
1751 1645 1913 1712 ergo
1966 1628 2177 1693 Deum
2228 1627 2523 1705 Patrem,
2566 1623 2813 1693 Filium
2865 1636 2931 1693 et
2983 1624 3138 1713 Spi-

588 1711 795 1781 ritum
850 1717 1201 1793 Sanctum,
1239 1712 1360 1798 qui
1419 1724 1519 1781 est
1573 1711 1931 1782 individua
1972 1710 2289 1793 TrinitaS,
2345 1712 2431 1781 ab
2478 1726 2635 1783 ortu
2691 1712 2859 1782 solis
2907 1734 3141 1799 usque

585 1799 667 1869 ad
717 1822 1067 1882 occasum,
1113 1801 1500 1871 humanum
1550 1823 1795 1890 genuS,
1849 1801 2108 1891 quippe
2140 1814 2216 1870 ut
2249 1813 2625 1871 creatorem
2667 1802 2985 1871 omnium
3025 1813 3137 1871 at-

586 1910 720 1976 que
788 1889 1113 1959 factorem
1186 1911 1446 1970 suum,
1504 1888 1855 1961 salutifera
1925 1889 2356 1960 confessione
2421 1891 2580 1959 fidei
2643 1903 3012 1960 veneratur
3066 1903 3139 1961 et

589 1978 776 2047 colit.
833 1979 953 2047 Cui
1006 1978 1209 2047 etiam
1262 1978 1695 2049 summitates
1743 1979 2057 2069 imperii,
2121 2000 2490 2066 rerumque
2549 1991 2913 2069 potestates
2963 1978 3140 2049 sub-

587 2066 839 2136 missae
872 2079 1065 2136 sunt:
1111 2065 1274 2153 quia
1306 2066 1460 2154 ejus
1490 2068 1942 2158 dispositione
2002 2068 2318 2139 omnium
2372 2068 2698 2157 praelatio
2748 2090 3131 2158 regnorum

586 2154 1008 2225 conceditur.
1064 2156 1225 2243 Ejus
1258 2177 1420 2257 ergo
1453 2157 1778 2229 bonitatis
1813 2156 2305 2237 misericordia,
2347 2157 2554 2228 totius
2580 2169 2933 2227 creaturae
2967 2178 3139 2228 suae

584 2242 954 2313 salvandae
985 2266 1221 2324 causa,
1265 2256 1472 2314 ettam
1524 2246 1593 2316 in
1643 2246 2067 2316 extremitate
2115 2259 2331 2315 terrae
2385 2245 2760 2335 positarum
2811 2245 3137 2334 gentium

583 2331 792 2401 corda
841 2330 1113 2421 frigida,
1169 2334 1399 2403 Sancti
1447 2334 1746 2425 Spiritus
1793 2334 2074 2415 fervore,
2114 2334 2184 2402 in
2220 2334 2327 2405 sui
2375 2356 2650 2421 quoque
2696 2334 3135 2425 agnitionem

585 2420 995 2490 mirabiliter
1038 2435 1141 2491 est
1176 2423 1459 2514 dignata
1530 2423 1969 2494 succendere.
2037 2428 2221 2507 Quae
2280 2422 2465 2491 enim
2529 2423 2599 2493 in
2668 2422 2952 2515 gloriosi
3002 2423 3135 2493 filii

590 2510 805 2579 nostri
875 2511 1267 2583 Audubaldi
1315 2514 1560 2603 Regis,
1618 2514 2065 2604 gentiumque
2123 2512 2184 2582 ei
2234 2513 2752 2602 suppositarum
2820 2513 3135 2584 illustra—

585 2599 789 2678 tione,
854 2598 1221 2671 clementia
1269 2603 1520 2672 Redem
1582 2603 1745 2672 toris
1791 2601 1993 2672 suerit
2051 2613 2331 2692 operata
2361 2655 2376 2682 ‚
2432 2600 2708 2691 plenius
2755 2625 2836 2672 ex
2883 2601 3132 2672 vicini-

583 2699 720 2757 tate
767 2687 1078 2759 locorum
1131 2702 1422 2761 vestram
1491 2714 1536 2780 g
1565 2691 1781 2761 oriam
1831 2690 2243 2778 conjicimus
2298 2691 2721 2776 cognovisse.
2759 2692 2923 2782 Ejus
2962 2712 3129 2782 ergo

586 2777 900 2847 mirabile
947 2778 1210 2848 donum
1258 2792 1323 2848 et
1372 2781 1440 2848 in
1485 2780 1677 2849 vobis
1707 2792 1888 2848 certa
1922 2801 2041 2868 spe
2081 2779 2356 2849 coelesti
2392 2779 2918 2871 longanimitate
2961 2802 3135 2850 con-

581 2865 742 2935 ferri
768 2866 1230 2939 confidimus:
1263 2890 1419 2938 cum
1453 2867 1754 2958 profecto
1787 2867 2156 2958 gloriosam
2192 2870 2562 2959 conjugem
2597 2881 2915 2950 vestram,
2947 2890 3131 2956 quae

581 2955 787 3025 vestri
813 2958 1123 3046 corporis
1155 2980 1312 3047 pars
1341 2978 1490 3027 esse
1520 2956 1976 3048 dignoscitur,
2010 2956 2431 3027 aeternitatis
2464 2958 2768 3047 praemio
2800 2979 2920 3047 per
2946 2956 3133 3028 sacri

579 3043 1015 3135 baptismatis
1057 3047 1638 3136 regenerationem
1694 3044 2157 3117 illuminatam
2208 3047 2644 3136 agnovimus,
2690 3046 2879 3116 Unde
2930 3066 3131 3135 prae-

580 3133 759 3202 senti
809 3132 985 3223 stylo
1033 3135 1401 3225 gloriosius
1450 3158 1568 3205 vos
1616 3134 2084 3205 adhortandos
2113 3157 2272 3204 cum
2306 3135 2498 3204 omni
2535 3136 2789 3205 affectu
2834 3134 3127 3204 intimae

584 3222 939 3291 charitatis
959 3224 1382 3295 curavimus:
1410 3236 1777 3312 quatenuS,
1808 3223 2221 3295 abominatis
2250 3222 2474 3303 idolis,
2501 3245 2878 3311 eorumque
2897 3221 3121 3304 cultu,

581 3331 615 3378 s
671 3309 966 3397 retisque
1025 3311 1344 3382 fanorum
1395 3312 1873 3394 fatuitatibus,
1934 3324 1997 3381 et
2066 3312 2521 3403 auguriorum
2591 3309 3126 3403 deceptibilibus

581 3398 624 3468 b
657 3397 1098 3482 andimentis,
1152 3400 1447 3473 credatis
1496 3403 1565 3471 in
1618 3408 1832 3471 Deum
1881 3406 2146 3472 Patrem
2194 3401 2771 3492 omnipotentem,
2837 3402 3130 3488 ejusque

580 3486 829 3555 Filium
894 3492 1131 3557 Jesum
1204 3489 1548 3560 Christum
1586 3546 1601 3572 ,
1654 3504 1721 3559 et
1769 3490 2102 3580 Spiritum
2155 3494 2517 3561 Sanctum:
2594 3503 2670 3559 ut
2708 3489 3072 3560 ‚credentes
3105 3543 3124 3569 ,

582 3598 622 3645 a
669 3575 1048 3676 diabolicae
1111 3578 1523 3668 captivitatis
1594 3579 1925 3661 nexibuS,
1980 3591 2258 3650 sanctae
2313 3592 2378 3650 et
2438 3578 2838 3652 individuae
2898 3577 3129 3648 Trini-

582 3675 738 3734 tatis
786 3680 1191 3756 cooperante
1234 3668 1531 3756 potentia
1566 3722 1582 3748 ,
1647 3668 1991 3749 absoluti,
2054 3680 2368 3738 aeternae
2424 3669 2600 3738 vitae
2652 3668 2926 3757 possitis
2972 3688 3131 3737 esse

578 3753 974 3910 participes.
1053 3760 1322 3837 Quanta
1369 3768 1595 3826 autem
1649 3757 2086 3827 reatitudinis
2144 3757 2352 3848 culpa
2402 3769 2760 3828 teneantur
2813 3755 3129 3826 adstricti

634 3842 651 3910 i
692 3896 708 3922 ,
760 3844 880 3928 qui
929 3842 1405 3914 idolatriarum
1480 3845 2134 3936 perniciosissimam
2186 3846 2742 3936 superstitionem
2794 3845 3119 3925 colentes,

578 3952 688 3999 am
746 3929 1118 4016 lectuntur,
1171 3955 1410 4004 eorum
1452 3956 1626 4021 quos
1654 3934 1914 4014 colunt,
1951 3933 2264 4024 exempla
2301 3934 2703 4025 perditionis
2734 3934 3119 4003 insinuant.

582 4023 682 4087 Un
738 4041 774 4088 e
821 4021 906 4091 de
952 4022 1052 4091 eis
1121 4045 1242 4109 per
1300 4024 1734 4094 Psalmistam
1784 4024 2079 4093 dicitur:
2153 4027 2387 4095 Omnes
2443 4026 2546 4094 dii
2582 4025 2912 4114 ymnum,
2968 4023 3130 4092 dae·

577 4110 843 4178 monia:
895 4113 1211 4180 Dominus
1276 4122 1504 4183 autem
1565 4117 1776 4183 coelos
1822 4115 1982 4202 fecit
2029 4112 2168 4203 (Ps.
2222 4112 2361 4201 95).
2416 4119 2489 4182 Et
2539 4113 2831 4184 iterum:
2886 4115 3126 4182 Oculos

581 4196 823 4267 habent
858 4254 872 4280 ,
927 4210 986 4269 et
1033 4223 1162 4269 non
1206 4203 1484 4272 vident:
1533 4226 1733 4272 aures
1782 4203 2047 4283 habent,
2096 4213 2160 4273 et
2204 4226 2334 4271 non
2377 4203 2707 4272 audiunt:
2757 4224 2957 4272 nares
2996 4201 3126 4270 lta·

579 4287 750 4368 benc,
795 4298 858 4356 et
909 4312 1038 4358 non
1084 4291 1502 4368 odorabunt:
1552 4314 1795 4361 manus
1830 4292 2092 4372 habent,
2148 4302 2210 4360 et
2258 4313 2387 4359 non
2450 4292 2869 4380 palpabunt:
2919 4290 3128 4380 pedes

582 4376 845 4458 habent,
892 4389 954 4447 et
1001 4402 1129 4448 non
1178 4382 1642 4450 ambulabunt.
1680 4382 1952 4451 Similes
1985 4402 2141 4469 erqo
2183 4379 2565 4468 efficiuntur
2612 4380 2717 4448 his
2764 4380 2884 4470 qui
2935 4401 3129 4469 spem

576 4487 741 4535 suae
787 4468 1220 4559 confidentiae
1262 4481 1518 4559 ponunt
1561 4471 1632 4538 in
1683 4471 1776 4539 eis
1805 4469 1944 4560 (Ps.
1982 4468 2160 4558 ⁴t3).
2199 4468 2553 4551 Quomodo
2601 4467 2786 4537 enim
2821 4467 3126 4556 juvandi
