3347 4999
295 273 467 340 OCT.
521 274 605 338 20
1182 292 1260 338 nt:
1307 291 1362 338 5.
1416 291 1689 340 Aarssmo
1735 293 1924 339 mar.
2603 278 2744 344 599

290 376 656 468 plusquam
723 375 1222 465 quinquaginta
1289 376 1541 458 stadia,
1610 388 1985 467 posuerunt
2032 378 2101 444 in
2153 380 2558 460 coemeteriO,
2628 382 2815 467 quod

291 465 565 534 dicitur.
620 470 732 534 Est
778 477 1004 534 autem
1046 476 1204 534 ante
1250 465 1586 534 civitatem
1639 465 1910 544 domus,
1963 487 2140 552 quae
2196 467 2498 555 suscepit
2529 489 2822 559 corpora.

288 555 725 641 antiquorum
766 554 1096 633 virorum,
1148 566 1214 622 et
1259 575 1553 640 quorum
1586 552 1864 624 fuerunt
1912 552 2234 623 nonnulli
2285 567 2618 644 martyres
2659 580 2821 647 pro-

290 654 438 733 pter
478 643 816 732 pietatem.
867 647 1079 729 Atque
1127 654 1287 711 tunc
1334 641 1611 728 quidem
1648 663 1926 731 capsam
1982 654 2340 732 portarunt
2378 643 2446 711 in
2507 665 2663 713 eum
2716 646 2821 716 lo-

290 754 488 800 cum:
542 730 862 801 Julianus
915 742 1143 801 autem
1195 731 1478 820 parabat
1527 729 2040 800 multitudinem
2100 732 2530 800 victimarum
2584 744 2648 802 et
2694 733 2821 803 do-

289 820 667 899 nariorum,
707 832 785 888 ut
830 820 949 906 qui
990 832 1166 888 esset
1214 818 1541 909 postridie
1596 842 1753 888 cum
1804 819 1903 888 eis
1956 824 2045 888 Da
2101 820 2304 888 hnem
2348 842 2813 903 ascensuruS‚

290 921 455 978 tunc
501 908 777 996 quidem
831 920 1009 977 certe
1058 929 1343 998 sperans
1376 907 1682 988 omnino,
1736 908 1793 977 si
1845 929 1977 977 non
2013 931 2052 976 a
2085 909 2209 989 ios,
2249 922 2318 977 at
2346 908 2575 998 ipsum
2618 908 2820 999 Apol-

290 997 500 1067 linem
557 1018 1077 1086 responsurum.
1122 1002 1212 1065 Eo
1263 997 1445 1065 enim
1499 996 1848 1085 spectabat
1904 1018 2061 1085 spes
2111 999 2410 1098 prompti
2457 1009 2522 1067 et
2569 997 2819 1067 alacris

290 1085 480 1155 illius
528 1085 767 1163 animi,
820 1084 1003 1171 quod
1037 1084 1230 1155 locus
1261 1085 1320 1154 ei
1357 1086 1601 1175 magis,
1637 1107 1844 1172 quam
1881 1084 2023 1165 alii,
2066 1085 2422 1154 videbatur
2524 1098 2819 1157 raestare

289 1175 571 1246 scientia
620 1173 1021 1243 divinandi:
1074 1186 1138 1243 et
1170 1173 1349 1261 quod
1401 1174 1462 1242 ei
1505 1174 1633 1243 soli
1683 1186 2077 1244 consecrata
2139 1186 2284 1244 erat
2325 1179 2414 1243 Da
2525 1197 2627 1243 ne.
2682 1180 2818 1244 Eu-

290 1265 525 1333 sebius
572 1277 825 1344 autem,
863 1276 927 1331 et
974 1264 1089 1349 qui
1125 1264 1317 1352 prius
1357 1262 1522 1331 dicti
1555 1275 1715 1332 sunt
1750 1262 2155 1343 sacerdoteS,
2195 1276 2259 1332 et
2300 1286 2419 1332 mu
2454 1263 2670 1333 titudo
2703 1286 2818 1333 ae-

289 1351 668 1434 dituorum,
724 1351 917 1420 valde
965 1349 1369 1421 laborabant
1406 1364 1470 1419 et
1515 1351 1893 1442 vigilabant
1930 1352 2110 1420 circa
2141 1352 2543 1442 imaginem,
2582 1374 2818 1442 exspe-

287 1452 551 1510 ctantes
597 1446 1126 1530 Imperatorem:
1169 1453 1234 1510 et
1280 1440 1513 1509 omnia
1574 1453 1890 1530 agenteS,
1943 1452 2042 1520 ut,
2100 1461 2255 1508 oum
2320 1442 2598 1519 venerit,
2652 1464 2815 1510 eum

290 1529 538 1631 habeat
591 1529 1005 1616 loquentem,
1049 1550 1205 1599 cum
1270 1528 1462 1598 nulla
1501 1531 1846 1599 excusatio
1893 1540 2070 1599 esset
2114 1529 2212 1598 eis
2243 1526 2476 1598 relicta
2517 1529 2599 1599 ad
2644 1528 2820 1598 dila-

291 1630 567 1688 tionem.

377 1709 413 1794 ξ
459 1711 606 1779 82.
660 1710 824 1775 Cum
877 1728 1029 1775 vero
1079 1728 1210 1775 nox
1234 1707 1379 1796 jam
1436 1704 1726 1775 multum
1790 1705 2254 1796 processisset,
2309 1707 2491 1797 ignis
2539 1718 2818 1796 repente

287 1817 323 1863 e
371 1796 558 1865 coelo
605 1794 970 1876 demiSSUS,
1023 1795 1094 1863 in
1154 1794 1485 1885 templum
1537 1793 1822 1863 cecidit:
1876 1807 1939 1863 et
1993 1816 2149 1863 cum
2212 1796 2441 1884 ipsum
2500 1795 2691 1864 omni
2737 1817 2820 1865 ex

288 1897 477 1974 parte
530 1883 1116 1973 apprehendisset,
1170 1883 1391 1973 ipsam
1441 1884 1701 1951 exussit
1748 1883 2117 1972 imaginem
2169 1905 2328 1952 cum
2380 1884 2399 1951 i
2457 1884 2551 1952 sis
2601 1884 2819 1953 dona-

289 1972 436 2041 riis.
485 1976 786 2058 Cumque
825 1972 1056 2042 omnia
1097 1971 1305 2041 simul
1354 1972 1883 2061 conflagrarent,
1929 1985 1994 2039 et
2053 1972 2235 2061 ignis
2286 1906 2482 2047 valge
2543 1971 2820 2042 extolle—

290 2072 499 2139 retur,
549 2061 859 2150 protinus
897 2060 1172 2148 quidem
1223 2060 1352 2129 fuit
1399 2061 1757 2148 intemplo
1807 2082 2055 2150 magna
2093 2059 2504 2140 vociferatio,
2548 2073 2612 2129 et
2640 2059 2819 2130 nulli

285 2148 541 2217 similis
593 2148 955 2219 tumultus.
1010 2154 1199 2219 Tunc
1262 2149 1459 2218 multi
1519 2148 1799 2236 quidem
1859 2148 2076 2238 parati
2124 2162 2318 2219 erant
2377 2171 2573 2236 opem
2611 2149 2810 2230 ferre,

287 2235 523 2306 nullus
550 2251 772 2307 autem
802 2251 944 2307 erat
974 2238 1094 2325 qui
1137 2249 1362 2329 posset
1409 2238 1555 2328 igni
1591 2239 1927 2307 resistere.
1968 2238 2090 2309 Sed
2122 2238 2239 2306 alii
2270 2238 2548 2325 quidem
2584 2259 2818 2308 curre-

287 2325 456 2395 bant
511 2325 594 2394 ad
650 2327 987 2396 civitatem
1044 2326 1110 2395 id
1176 2326 1629 2417 significaturi
1687 2326 2013 2395 Juliano:
2076 2326 2341 2414 reliqua
2391 2349 2543 2396 vero
2584 2326 2819 2396 multi-

285 2413 451 2484 tudo
506 2416 725 2484 stabat
772 2414 1239 2506 obstupefacta
1269 2469 1284 2495 ,
1337 2413 1814 2504 contemplans
1861 2414 2347 2496 calamitatem,
2403 2438 2579 2504 quae
2627 2416 2817 2506 ipsos

285 2503 650 2573 invaserat.
718 2506 908 2596 Ignis
954 2519 1179 2574 autem
1235 2504 1406 2573 nihil
1472 2504 1659 2573 aliud
1713 2504 2054 2594 tangebat,
2115 2529 2273 2574 cum
2326 2517 2513 2574 tanta
2565 2517 2630 2573 et
2680 2518 2815 2574 tam

283 2595 560 2682 copiosa
607 2593 750 2662 illic
806 2609 983 2665 esset
1023 2594 1328 2662 materia.
1385 2593 1518 2662 nisi
1574 2593 1757 2679 quod
1816 2593 2037 2663 solum
2089 2616 2248 2663 cum
2313 2595 2398 2665 iis
2444 2614 2621 2681 quae
2669 2592 2818 2661 ine-

283 2695 475 2763 rant,
553 2682 884 2784 templum
961 2682 1446 2752 comburebat:
1489 2681 1657 2752 adeo
1705 2696 1782 2752 ut
1829 2683 2056 2771 imago
2122 2682 2446 2769 quidem,
2498 2696 2564 2750 et
2608 2702 2818 2768 quae-

280 2792 581 2858 cumque
615 2771 756 2841 illm
804 2785 998 2842 erant
1045 2771 1354 2852 donaria,
1402 2770 1657 2840 suerint
1703 2772 1986 2840 omnino
2018 2770 2272 2851 deleta;
2328 2792 2546 2871 pauca
2586 2782 2813 2838 autem

278 2859 591 2929 aedificia
627 2861 908 2952 Daphne
957 2861 1433 2941 remanserint,
1480 2861 1679 2950 signa
1738 2859 1911 2948 ejuS,
1960 2859 2139 2945 quod
2205 2858 2583 2928 acciderat:
2637 2879 2819 2944 quae

280 2949 481 3017 etiam
540 2971 723 3018 nunc
760 2972 1034 3038 quoque
1082 2950 1385 3037 apertius
1436 2948 1746 3017 indicant
1803 2949 2061 3038 ignem,
2114 2948 2233 3033 qui
2286 2947 2542 3016 missus
2596 2944 2820 3015 fuerat

279 3035 635 3107 divinitus.
675 3038 993 3108 Julianus
1027 3051 1251 3107 autem
1292 3060 1450 3107 cum
1502 3036 1882 3106 audivisset
1928 3057 2006 3105 ea
2038 3057 2215 3121 quae
2248 3034 2660 3115 acciderant,
2714 3034 2821 3104 ira

282 3125 624 3215 repletur:
678 3139 743 3195 et
810 3149 1014 3218 grave
1063 3128 1460 3205 arbitratUS,
1534 3126 1591 3194 si
1669 3137 1946 3225 propter
2003 3146 2105 3204 ea,
2174 3146 2350 3210 quae
2397 3122 2813 3205 acciderant,

283 3213 649 3284 Christiani
697 3229 926 3285 essent
957 3238 1114 3285 eum
1160 3213 1605 3294 ludificaturi‚
1657 3214 1858 3301 Jubet
1896 3212 2123 3281 statim
2174 3234 2288 3282 eos
2326 3234 2363 3281 e
2412 3225 2664 3303 magna
2702 3232 2820 3279 ex-

284 3301 449 3393 pelli
481 3302 804 3383 Ecclesia,
836 3317 902 3372 et
929 3304 1291 3393 provideri,
1334 3323 1418 3370 ne
1449 3301 1588 3370 illis
1620 3301 1704 3369 ad
1743 3302 1963 3391 ipsam
1991 3301 2276 3371 omnino
2306 3315 2526 3391 pateat
2557 3300 2811 3382 adituS,

282 3413 361 3461 ac
410 3390 690 3459 demum
759 3413 934 3478 quae
981 3391 1078 3460 ibi
1125 3404 1318 3459 erant
1370 3391 1708 3477 pretiosa,
1765 3389 2129 3479 publicari.
2184 3396 2305 3459 Dat
2362 3403 2590 3459 autem
2653 3409 2816 3476 gen-

284 3480 470 3549 tibus
521 3491 942 3568 potestatem,
996 3493 1073 3549 ut
1111 3478 1589 3569 ingrediantur
1636 3478 1703 3546 in
1755 3478 2091 3549 Ecclesias
2131 3479 2699 3557 Christianorum,
2752 3485 2818 3546 et

281 3567 538 3637 saciant
573 3589 746 3654 quae
789 3567 1020 3637 velint.

369 3659 406 3743 ξ
454 3659 605 3728 88.
668 3661 831 3726 Cum
890 3679 1052 3747 ergo
1109 3656 1369 3746 impius
1417 3656 1585 3726 haec
1635 3657 1958 3744 jussisset
2012 3663 2396 3747 Tyrannus,
2433 3655 2614 3743 quod
2679 3677 2818 3725 non

284 3746 662 3815 maximum
714 3745 977 3814 malum
1039 3745 1294 3816 factum
1341 3749 1487 3816 est?
1529 3746 1703 3828 Quid
1760 3767 1896 3814 non
1947 3758 2173 3815 autem
2238 3744 2821 3815 absurdissimum

280 3847 345 3904 et
389 3833 868 3923 turpissimum
922 3833 1180 3904 dictum
1232 3846 1355 3916 est,
1419 3834 1751 3904 omnibus
1811 3834 2053 3925 lingua
2108 3833 2475 3903 effraenata
2526 3831 2825 3901 nefanda

281 3921 723 4010 loquentibus
771 3921 1102 3993 adversus
1151 3922 1357 3993 fidem
1417 3923 2011 4003 Christianorum,
2054 3921 2351 3992 nefanda
2382 3921 2827 4008 loquentibus

280 4024 346 4080 et
408 4010 1052 4101 blasphemantibus
1123 4011 1491 4081 Dominum
1570 4024 1637 4080 et
1700 4017 1911 4081 Deum
1972 4024 2283 4082 nostrum
2343 4011 2575 4080 lesum
2637 4009 2829 4081 Chri-

282 4111 461 4168 stum
513 4101 582 4169 in
635 4100 961 4170 omnibus
997 4099 1441 4170 civitatibus?
1470 4104 1634 4169 Nam
1680 4101 1751 4169 in
1793 4100 2066 4169 civitate
2114 4098 2418 4186 quidem,
2457 4120 2634 4185 quae
2662 4098 2826 4168 olim

283 4188 652 4258 vocabatur
705 4190 1037 4271 Samaria,
1080 4201 1311 4279 postea
1344 4210 1503 4258 vero
1553 4200 1620 4258 et
1675 4188 1954 4258 condita
2003 4188 2226 4258 fuerat
2271 4187 2360 4257 ab
2405 4187 2710 4269 Herode,
2764 4200 2831 4258 et

282 4275 622 4365 appellata
661 4290 805 4348 erat
854 4278 1153 4360 Sebaste,
1189 4299 1347 4348 ossa
1401 4277 1774 4367 prophetae
1806 4276 2036 4359 Elisei,
2071 4288 2136 4347 et
2170 4275 2508 4367 Baptistae
2535 4277 2822 4346 Joannis

279 4362 387 4452 (ut
446 4366 806 4455 putabant)
859 4389 897 4437 e
944 4367 1192 4439 loculis
1239 4366 1633 4448 educentes,
1694 4378 1761 4436 et
1806 4387 1966 4436 cum
2026 4365 2412 4437 immundis
2458 4365 2820 4435 brutorum
