3347 4999
195 322 372 390 OCT.
438 323 454 385 l
1064 341 1142 388 na
1189 341 1245 388 s.
1299 340 1557 388 nemeto
1604 339 1926 389 anctum.⁴
2568 325 2650 390 33

200 419 746 491 misericordiam
789 419 1130 490 Ecclesiae
1178 419 1612 509 confugiunt,
1650 421 1773 507 qui
1819 419 2141 508 injuriam
2188 420 2565 511 patiuntur,
2618 433 2739 491 aut

193 511 317 597 qui
349 522 730 600 peccanteS,
760 510 827 578 in
857 509 1095 585 exsilio
1130 521 1248 577 aut
1283 509 1352 577 in
1388 508 1636 579 insulis
1668 509 2114 590 damnantur,
2140 524 2259 580 aut
2288 522 2468 579 certe
2496 532 2741 596 quam-

204 620 509 685 cumque
542 598 945 669 sententiam
976 597 1391 686 suscipiunt,
1421 596 1616 687 juxta
1647 619 1880 668 sacros
1909 620 2207 668 canones
2234 600 2739 679 subvenientes,

202 687 306 757 vel
372 709 851 775 quaecumque
899 701 1177 776 agentes
1233 686 1437 765 bona,
1497 708 1617 775 pro
1668 687 2027 776 temporali
2096 687 2544 757 retributione
2604 710 2742 757 non

203 775 494 845 saciant:
529 776 645 845 sed
673 777 871 864 juxta
908 777 1330 844 Dominicam
1366 796 1592 844 vocem
1624 798 1638 841 :
1682 778 1908 845 Gratis
1941 777 2310 866 accepistis,
2344 780 2563 866 ‚qratia
2592 778 2748 846 date

202 866 469 953 (Mami.
516 888 553 933 x
606 888 618 932 :
656 865 839 951 quod
894 864 1003 933 Dei
1055 864 1298 954 gratia,
1346 863 1414 932 id
1456 875 1579 943 est,
1616 864 1829 953 gratis
1864 863 2021 933 data
2054 877 2493 953 acceperunt,
2532 865 2747 956 gratis

203 954 452 1033 etiam,
510 952 529 1021 i
635 966 760 1034 est,
824 953 971 1022 sine
1034 952 1483 1022 retributione
1547 951 1905 1041 temporali
1957 952 2287 1042 proximis
2335 952 2742 1043 largiantur.

208 1042 402 1112 Unde
453 1044 668 1123 bene,
723 1063 880 1111 cum
933 1041 1158 1110 virum
1199 1041 1465 1130 justum
1531 1039 1989 1121 describeret,
2063 1042 2392 1142 propheta
2439 1043 2569 1111 ait:
2624 1045 2754 1126 Qui

204 1133 467 1201 eoecutit
502 1154 740 1201 manus
784 1153 945 1200 suas
983 1131 1064 1199 ab
1098 1132 1282 1199 omni
1322 1152 1594 1198 munere
1622 1130 1680 1198 ⁴⁸.
1721 1135 1948 1218 Neque
1972 1151 2156 1199 enim
2200 1130 2394 1211 dixit,
2434 1153 2743 1211 munere,

209 1234 516 1291 tantum:
562 1219 681 1289 sed
732 1219 1068 1308 adjunxit,
1125 1219 1217 1288 Ab
1265 1218 1492 1286 omni:
1545 1218 1711 1304 quia
1749 1218 1936 1288 aliud
1989 1230 2091 1288 est
2141 1241 2396 1289 munus
2427 1221 2513 1289 ab
2553 1220 2751 1290 obse-

204 1310 396 1396 quio,
451 1308 643 1378 aliud
695 1330 952 1379 munus
983 1330 1023 1377 a
1062 1329 1299 1388 manu,
1332 1305 1517 1375 aliud
1562 1329 1820 1377 munus
1846 1330 1883 1376 a
1917 1307 2177 1397 lingua.
2211 1313 2461 1378 Munus
2490 1309 2750 1399 quippe

204 1399 295 1468 ab
346 1397 696 1484 obsequio.
750 1409 850 1468 est
880 1396 1212 1487 subjectio
1246 1395 1547 1464 indebite
1585 1396 1935 1485 impensa:
1981 1401 2233 1466 Munus
2283 1420 2320 1465 a
2363 1419 2599 1477 manu,
2636 1420 2752 1488 pe·-

206 1487 451 1557 cunia:
510 1492 759 1556 Munus
807 1508 848 1555 a
897 1485 1160 1575 lingua,
1216 1483 1426 1553 favor.
1481 1484 1610 1566 Qui
1658 1506 1820 1575 ergo
1871 1506 2103 1555 sacros
2151 1484 2429 1555 ordines
2485 1487 2745 1567 tribuit,

210 1575 311 1644 vel
344 1575 831 1662 quodcumque
860 1575 1143 1653 bonum,
1201 1572 1385 1641 unde
1427 1574 1947 1643 retributionem
2000 1596 2041 1643 a
2089 1578 2219 1643 Deo
2247 1575 2382 1644 sibi
2418 1574 2487 1643 in
2524 1574 2753 1645 futuro

208 1664 444 1737 seculo
493 1663 687 1733 reddi
734 1663 947 1752 cupit,
1009 1676 1169 1731 tunc
1198 1661 1284 1731 ab
1314 1661 1501 1731 omni
1535 1683 1817 1731 munere
1849 1684 2132 1733 manum
2164 1664 2441 1744 excutit,
2473 1663 2752 1751 quando

214 1754 284 1822 in
329 1753 583 1821 divinis
636 1752 840 1821 rebus
889 1773 1023 1820 non
1067 1750 1291 1820 solum
1338 1749 1551 1819 ullam
1596 1751 1987 1841 pecuniam,
2042 1751 2156 1823 sed
2204 1753 2408 1821 etiam
2460 1753 2753 1842 gratiam

213 1864 347 1909 non
403 1840 713 1927 requirit.

302 1934 338 2016 ἓ
386 1933 542 2001 43.
600 1934 859 1997 Partem
910 1928 1112 1998 etiam
1160 1929 1529 1997 maximam
1575 1928 1805 2017 sylvae
1856 1927 1923 1997 in
1976 1930 2260 2019 Vbsago,
2318 1928 2534 2017 pretio
2565 1952 2754 1999 com-

213 2018 520 2107 paravit,
559 2030 624 2086 et
674 2016 1116 2086 mansioniles
1167 2016 1421 2086 ibidem
1475 2017 1870 2105 constituit,
1924 2016 2045 2103 qui
2092 2020 2179 2087 ab
2230 2018 2432 2104 aquis
2463 2073 2478 2098 ‚
2539 2041 2752 2110 super

211 2107 474 2192 quibus
520 2105 868 2175 constituti
920 2118 1105 2184 sunt,
1155 2105 1349 2175 Cosla
1387 2119 1469 2174 -et
1508 2106 1701 2174 Gleni
1752 2121 2119 2176 vocantur:
2192 2105 2644 2195 hominesque
2677 2109 2745 2176 in

213 2194 472 2272 eisdem
500 2194 1033 2264 mansionilibus
1068 2194 1151 2262 de
1187 2194 1411 2263 vicina
1444 2195 1777 2284 episcopii
1811 2195 1992 2274 villa,
2020 2215 2195 2281 quae
2219 2200 2434 2264 Berna
2467 2197 2746 2277 dicitur,

214 2306 255 2353 a
306 2284 584 2352 Francis
635 2283 763 2353 sibi
798 2283 981 2365 data,
1041 2304 1314 2351 manere
1362 2283 1726 2370 disposuit,
1781 2297 1856 2353 ut
1906 2285 2126 2373 picem
2177 2284 2533 2353 annuatim
2602 2284 2758 2354 reli-

271 2371 432 2442 iosis
466 2371 632 2441 locis
658 2371 986 2443 ecclesiae
1027 2371 1437 2441 Rhemensis
1465 2371 2063 2443 administrarent:
2091 2373 2347 2459 quibus
2377 2387 2440 2442 et
2469 2379 2756 2443 Pensam

213 2396 426 2540 ἕοάἰι,
468 2482 643 2548 quae
677 2482 898 2548 usque
927 2459 1131 2531 hodie
1162 2461 1248 2531 ab
1286 2460 1531 2531 incolis
1556 2460 1864 2552 ipsorum
1898 2461 2206 2531 locorum
2240 2463 2551 2544 babetur,
2595 2485 2755 2533 cum

213 2572 353 2637 qua
400 2549 708 2620 debitum
752 2572 957 2619 suum
1008 2550 1388 2620 exsolvunt.
1443 2551 1671 2639 Ipsius
1704 2572 1980 2638 quoque
2019 2553 2556 2641 comparationis
2591 2575 2757 2622 suae

216 2639 390 2707 fines
442 2661 561 2724 per
607 2660 855 2729 gyrum
906 2638 1076 2707 adeo
1134 2639 1648 2721 exterminavit,
1704 2652 1779 2710 ut
1842 2653 1907 2710 et
1964 2640 2295 2710 omnibus
2362 2641 2758 2711 videntibus

215 2740 439 2817 pateat
472 2728 624 2817 ipsa
650 2727 1147 2805 exterminatio,
1187 2739 1251 2796 et
1276 2751 1315 2797 a
1344 2728 1667 2819 progenie
1698 2728 1764 2797 in
1810 2729 2170 2818 progenies
2204 2728 2583 2800 hactenusi
2642 2751 2759 2799 sae

209 2816 838 2895 exterminationeS‚
894 2816 980 2885 ab
1028 2838 1106 2886 eo
1147 2816 1384 2897 factae,
1444 2817 1724 2887 nomine
1775 2831 1976 2888 tenus
2028 2817 2408 2887 vocitentur
2444 2841 2524 2887 ac
2620 2819 2769 2887 esi-

210 2916 538 2994 gnentur.
592 2910 667 2973 In
720 2905 976 2991 quibus
1024 2906 1715 2977 exterminationibus
1741 2907 2040 2994 quodam
2080 2904 2225 2975 loco
2259 2907 2327 2975 in
2364 2906 2541 2976 fuste
2590 2928 2758 2976 cavo

215 3015 431 3062 manu
479 3016 601 3063 sua
649 3006 908 3083 petram
960 2994 1169 3073 misit,
1224 3016 1362 3081 qua
1411 3017 1675 3077 omnes,
1729 2995 1847 3082 qui
1900 2994 2138 3063 volunt
2188 3017 2475 3064 manum
2528 2996 2596 3063 in
2649 3016 2760 3064 ca-

214 3103 445 3159 verna,
500 3083 568 3151 in
605 3105 744 3169 qua
792 3096 984 3171 petra
1027 3083 1246 3172 posita
1293 3095 1415 3163 est,
1452 3105 1749 3171 ponere,
1808 3095 2094 3172 possunt
2133 3083 2455 3174 etipsam
2496 3097 2759 3173 petram

217 3170 518 3252 volvere,
577 3184 642 3239 et
698 3193 848 3239 eam
901 3194 940 3240 a
988 3193 1278 3241 caverna
1328 3170 1522 3241 nullo
1573 3173 1641 3240 in
1695 3172 1851 3241 enio
1903 3169 2126 3240 valent
2173 3174 2548 3242 extrahere.
2607 3179 2762 3243 Post

211 3258 553 3344 quaedam
607 3280 762 3328 vero
812 3271 1119 3348 tempora
1159 3260 1446 3348 quidam
1498 3261 1634 3329 invi
1692 3282 1838 3340 ens,
1892 3259 2071 3348 quod
2122 3261 2317 3331 multi
2352 3262 2437 3331 ad
2484 3262 2760 3331 laudem

219 3347 439 3418 sancti
495 3348 786 3437 Remigii
836 3348 961 3417 hoc
1000 3371 1121 3437 pro
1174 3349 1504 3440 religione
1554 3350 1897 3428 tenebant,
1956 3371 2170 3418 manu
2215 3351 2439 3441 ipsam
2493 3364 2756 3441 petram

214 3436 302 3505 de
351 3457 639 3505 caverna
686 3436 1036 3506 extrahere
1086 3437 1322 3508 voluit.
1370 3438 1561 3520 Quod
1615 3459 1750 3507 non
1788 3438 2045 3518 valenS,
2078 3441 2299 3508 securi
2341 3440 2572 3529 ipsum
2607 3461 2762 3530 per-

220 3537 453 3593 tusum
497 3525 831 3615 ampliare
872 3526 1186 3596 tentavit:
1231 3540 1296 3595 et
1333 3526 1639 3596 elevante
1681 3548 1761 3595 eo
1815 3527 2140 3608 securim,
2184 3542 2260 3598 ut
2306 3528 2555 3599 fustem
2606 3550 2762 3628 per-

212 3626 497 3693 cuteret,
532 3612 807 3684 dextera
854 3636 1108 3684 manus
1155 3613 1346 3685 illius
1383 3618 1671 3696 exaruit,
1707 3627 1772 3686 et
1809 3615 2170 3686 oculorum
2210 3616 2441 3687 lumen
2482 3618 2756 3687 armsit:

216 3715 282 3770 et
329 3702 449 3786 qui
499 3701 747 3771 famam
801 3703 1015 3773 sancti
1071 3704 1366 3791 Remigii
1396 3704 1796 3794 extinguere
1832 3705 2069 3786 voluit,
2119 3705 2343 3775 laudis
2384 3707 2763 3776 veneratio-

220 3811 378 3858 nem
422 3788 726 3860 adauxit.

305 3881 341 3966 ξ
389 3883 536 3950 cu.
594 3879 976 3950 Ludovicus
1026 3902 1141 3949 rex
1188 3902 1346 3950 cum
1400 3880 1510 3949 Dei
1563 3882 2040 3952 benedictione
2079 3904 2199 3971 per
2259 3888 2323 3952 S.
2369 3883 2755 3974 Remigium

213 3980 519 4055 accepta,
557 3968 641 4035 de
693 3969 969 4039 victoria
1004 3969 1135 4038 sibi
1177 3969 1262 4038 ab
1310 3991 1387 4037 eo
1433 3971 1777 4058 praedicta
1833 3994 2142 4052 securus,
2191 3985 2255 4041 et
2303 3973 2372 4040 in
2420 3973 2764 4042 mandatis

216 4056 591 4144 accipiens,
649 4069 724 4126 ut
784 4069 919 4126 tam
990 4057 1111 4125 diu
1167 4058 1251 4127 ad
1303 4058 1781 4129 dimicandum
1838 4074 2167 4150 pergeret,
2230 4082 2437 4148 quam
2489 4061 2611 4131 diu
2660 4062 2763 4131 illi

219 4144 656 4214 benedictum
713 4145 972 4224 vinum,
1009 4146 1143 4215 sibi
1189 4149 1275 4217 ab
1314 4169 1392 4216 eo
1439 4146 1705 4229 ilatum,
1739 4149 1805 4217 in
1843 4149 2246 4236 quotidiano
2289 4173 2421 4219 usu
2451 4162 2760 4238 potatum

223 4232 602 4303 sufficeret:
659 4234 786 4303 iter
832 4235 1126 4324 arripuit
1161 4250 1395 4305 contra
1444 4237 1974 4306 Gundebaldum
2011 4250 2076 4306 et
2110 4237 2290 4306 Gode
2344 4237 2579 4308 lislum
2630 4238 2764 4307 sra-

224 4334 395 4390 trem
447 4322 639 4411 ejuS,
712 4338 1054 4393 commoto
1122 4326 1422 4395 exercitu
1491 4326 1826 4395 maximo:
1880 4339 1944 4395 et
2010 4331 2288 4417 Burgun
2350 4327 2538 4398 iones
2603 4350 2766 4398 cum

284 4464 311 4491 ¹¹¹
338 4466 488 4506 Isaiae
508 4475 673 4519 xxxin,
694 4470 765 4512 15;
786 4469 833 4510 et
852 4468 897 4508 Β.
917 4468 1050 4518 erog.
1069 4469 1149 4518 Pp.
1173 4470 1306 4510 Hom.
1328 4471 1352 4508 4
1370 4470 1420 4509 in
1439 4470 1609 4519 Evang.

388 4549 625 4607 surius
657 4581 677 4592 -
720 4549 888 4609 Vitae
915 4551 1028 4609 SS.
1058 4581 1083 4593 -
1112 4548 1242 4610 Vol.
1272 4547 1346 4611 X.
2570 4548 2607 4611 3
