3347 4999
689 334 819 398 448
1321 350 1398 396 DE
1447 348 1808 404 omausmu
1857 350 2126 396 MARTYR.
2182 349 2390 397 Arme.
2820 332 2991 398 OCT.
3052 333 3138 397 »16

603 436 924 515 vestibuS,
978 435 1301 521 crineque
1337 433 1583 515 solum,
1623 455 1856 503 secum
1892 434 2384 503 comitantibus
2414 433 2599 515 filiis,
2639 456 2990 522 unamque
3026 435 3142 505 in-

601 524 958 603 fantulam,
1010 546 1187 610 quae
1218 536 1383 592 tunc
1413 523 1820 603 lactabatur,
1860 523 2180 593 manibus
2214 535 2513 612 gestanS,
2559 544 2735 610 quae
2766 524 3141 593 nescientis

601 613 957 704 projicitur
988 612 1074 681 ad
1128 611 1332 703 pedes
1390 612 1642 681 mariti.
1699 611 1912 679 Etiam
1965 611 2117 700 ipsa
2176 613 2323 680 suis
2371 633 2597 701 genua
2653 611 3143 701 complectitur

597 701 806 781 ulniS,
862 701 1152 772 sibilans
1179 700 1657 770 vociferatione
1692 700 2048 769 draconis:
2094 727 2117 761 α
2154 700 2470 769 Miserere
2513 700 2671 781 mei,
2728 699 3142 772 dulcissime

599 790 807 860 simul
844 802 907 859 et
941 791 1087 859 tui:
1138 790 1457 859 miserere
1504 789 1998 859 communibus
2047 787 2307 869 liberis,
2351 810 2525 876 quos
2572 789 2917 878 conspicis
2958 790 2979 858 i
3037 812 3135 860 se.

599 885 741 949 Non
795 878 1202 965 subjaceant
1232 878 1611 948 conditioni
1669 876 1925 959 servili,
1978 899 2152 964 quos
2199 878 2423 947 claros
2471 879 2793 968 prosapia
2834 878 2948 948 red
3007 878 3142 948 idit

600 968 872 1059 generis
912 968 1150 1036 nostri.
1203 972 1344 1037 Non
1397 967 1731 1037 sub'iciar
1761 987 1887 1056 ego
1946 966 2233 1056 indigno
2280 981 2345 1036 et
2395 968 2579 1056 turpi
2628 968 2975 1057 conjugio,
3035 968 3142 1036 vi-

600 1071 796 1126 vente
845 1057 1134 1136 marito,
1203 1077 1380 1143 quae
1429 1057 1520 1124 mi
1581 1056 1597 1123 i
1663 1076 1934 1144 semper
2003 1055 2180 1125 inter
2238 1077 2519 1126 coaevas
2577 1054 2990 1145 plaudebam
3047 1055 3141 1126 de

602 1150 843 1216 Saturo
878 1166 1049 1214 meo.
1087 1144 1444 1235 Cognoscit
1494 1149 1694 1223 Deus,
1749 1143 1914 1230 quia
1962 1143 2218 1213 invitus
2266 1143 2576 1214 facturus
2622 1167 2695 1214 es
2744 1145 2896 1227 hoc,
2948 1145 3139 1233 quod

600 1234 768 1303 forte
816 1232 1200 1303 voluntarie
1246 1233 1582 1320 aliquanti
1617 1232 1943 1302 fecerunt.
1987 1234 2173 1302 »Cui
2210 1232 2346 1315 ille,
2376 1233 2513 1303 Job
2553 1234 2772 1303 sancti
2808 1256 2989 1316 voce,
3028 1255 3139 1303 re-

601 1322 902 1411 spondit:
955 1345 992 1388 «
1029 1328 1404 1409 Tamquam
1456 1344 1598 1392 una
1661 1344 1741 1390 ex
1791 1321 2278 1411 insipientibus
2327 1322 2738 1392 mulieribus
2803 1323 2867 1392 lo
2919 1323 3131 1392 ueris.

603 1411 1092 1492 Formidarem,
1156 1410 1426 1491 mulier,
1480 1411 1538 1479 si
1587 1410 1729 1480 sola
1779 1423 1954 1481 esset
2013 1410 2223 1499 huJus
2273 1412 2446 1481 vitae
2507 1433 2745 1481 amara
2791 1411 2884 1480 du
2915 1410 3129 1481 cedo:

603 1500 917 1581 artificiO,
963 1501 1238 1590 conjux,
1277 1499 1534 1570 diaboli
1566 1498 2003 1570 ministraris.
2056 1500 2121 1568 Si
2165 1498 2487 1590 diligeres
2537 1500 2884 1581 maritum,
2949 1522 3136 1569 nun-

596 1610 803 1675 quam
853 1588 938 1657 ad
991 1588 1364 1659 secundam
1417 1588 2126 1658 mortem‘attraheres
2180 1589 2534 1678 proprium
2572 1589 2820 1658 virum.
2879 1590 3136 1660 Distra-

600 1676 767 1748 hant
800 1677 1003 1755 filios,
1057 1690 1375 1766 separent
1422 1698 1728 1757 uxorem,
1764 1676 2077 1746 auferant
2125 1677 2622 1747 substantiam:
2676 1678 2809 1747 mei
2859 1678 3140 1747 Domini

596 1787 722 1856 ego
771 1788 1057 1836 securus
1103 1766 1188 1835 de
1245 1766 1603 1855 promissis
1666 1766 1867 1835 verba
1918 1765 2198 1834 tenebo:
2263 1767 2331 1836 Si
2391 1766 2548 1854 quis
2606 1788 2743 1835 non
2791 1765 3138 1836 dimiserit

596 1876 903 1936 uxorem,
959 1854 1156 1935 titios,
1211 1875 1412 1944 agros
1474 1868 1593 1924 aut
1638 1854 1962 1934 domum,
2020 1876 2212 1924 meus
2261 1877 2394 1924 non
2497 1856 2693 1924 oterit
2737 1876 2886 1924 esse
2926 1856 3137 1924 disci-

598 1944 829 2032 pulus.
870 1967 906 2010 »
957 1942 1131 2026 Quid
1167 1942 1390 2012 ultra?
1436 1942 1827 2013 discedente
1877 1942 2164 2013 muliere
2201 1966 2360 2013 cum
2399 1944 2440 2012 fi
2478 1944 2561 2013 iis
2611 1943 2922 2024 refutata,
2963 1965 3135 2014 con-

595 2031 881 2102 fortatur
920 2037 1207 2101 Saturus
1241 2031 1326 2100 ad
1376 2054 1699 2102 coronam
1731 2057 1746 2096 :
1782 2032 2176 2112 discutitur,
2214 2033 2655 2122 exspoliatur,
2700 2032 2939 2120 poenis
2970 2053 3135 2102 con-

601 2121 861 2202 teritur,
909 2121 1270 2189 m‘endicus
1303 2120 1697 2191 dimittitur.
1737 2126 1922 2191 Inter
1968 2120 2223 2190 dicitur
2254 2122 2315 2190 ei
2361 2121 2749 2211 prodeundi
2780 2142 3129 2191 accessus:

600 2222 814 2279 totum
847 2211 905 2277 ei
937 2208 1265 2290 tulerunt,
1291 2209 1530 2279 stolam
1568 2223 1792 2279 tamen
1827 2210 2260 2296 baptismatis
2282 2210 2549 2280 auferre
2577 2232 2709 2280 non
2734 2222 3130 2301 potuerunt.

686 2300 721 2383 ξ
769 2302 925 2369 10.
978 2302 1133 2368 Post
1174 2298 1340 2367 haec
1388 2298 1773 2370 Geisericus
1800 2298 2157 2368 ecclesiam
2192 2299 2624 2371 carthaoinis
2663 2298 2896 2369 claudi
2934 2320 3135 2389 prae-

599 2387 799 2475 cepit,
840 2386 1191 2477 dissipatis
1239 2399 1441 2473 atque
1487 2387 1820 2477 dispersis
1862 2409 1981 2475 per
2012 2387 2280 2457 diversa
2311 2389 2451 2458 exsi
2490 2389 2707 2458 iorum
2755 2388 2925 2467 loca,
2966 2389 3135 2474 quia

598 2474 974 2565 Episcopus
1019 2497 1149 2546 non
1201 2474 1438 2557 suerat,
1495 2476 1912 2566 presbyteris
1943 2488 2007 2546 et
2056 2475 2412 2549 ministris.
2460 2482 2646 2561 Quae
2692 2478 2799 2547 vix
2835 2489 3135 2547 reserata

596 2577 717 2642 est,
757 2570 1019 2634 Zenone
1082 2565 1390 2655 principe
1439 2566 1873 2655 supplicante
1922 2587 2042 2655 per
2090 2567 2457 2656 patricium
2510 2572 2857 2645 Severum,
2916 2579 2980 2635 et
3030 2567 3134 2636 sic

596 2653 903 2722 universi
951 2653 1038 2723 ab
1084 2653 1323 2724 exsilio
1374 2654 1747 2724 redierunt.
1802 2659 1986 2736 Quae
2035 2677 2190 2725 vero
2225 2656 2292 2723 in
2327 2656 2683 2745 Hispania,
2720 2655 2941 2736 Italia,
2976 2654 3133 2723 Dal-

599 2742 833 2822 matia,
887 2742 1220 2824 Calabria,
1261 2743 1526 2833 Apulia,
1569 2743 1822 2823 Sicilia,
1865 2744 2202 2825 Sardinia,
2242 2745 2516 2824 BrutiiS,
2559 2746 2883 2824 Lucania,
2926 2744 3135 2830 Epiro

595 2830 693 2898 vel
747 2830 1028 2900 Hellade
1061 2832 1366 2921 gesserit,
1406 2832 1654 2901 melius
1686 2832 1780 2902 ibi
1812 2833 1969 2921 ipsi,
2023 2834 2141 2921 qui
2180 2835 2363 2923 passi
2400 2849 2584 2914 sunt,
2646 2831 3135 2905 miserabiliter

595 2918 894 3009 lugenda
943 2921 1341 2992 narrabunt.
1397 2921 1521 2990 Sed
1555 2922 1756 2991 etiam
1859 2922 2302 2993 ersecutionis
2366 2935 2638 2993 nostrae
2683 2945 2724 2992 a
2758 2922 3127 3001 Geiserico,

593 3021 849 3094 quanto
898 3009 1307 3091 sublimiter,
1365 3022 1550 3079 tanto
1587 3009 1799 3079 crude
1834 3012 1956 3079 iter
2003 3023 2251 3101 gestae,
2309 3011 2434 3080 iste
2482 3013 2568 3081 sit
2616 3011 2802 3082 finis.
2852 3011 3138 3081 Duravit.

595 3109 819 3166 autem
872 3098 940 3166 in
982 3120 1190 3189 regno
1227 3100 1431 3168 annis
1477 3122 1722 3180 xxxvii,
1760 3100 2120 3171 ,mensibus
2170 3100 2416 3171 tribus,
