3347 4999
162 405 367 472 OCT.
437 405 508 468 ΙΟ
974 422 1052 467 ns
1100 420 1154 467 s.
1214 420 1484 467 panemo
1533 420 1729 466 arnse.
1784 420 1966 467 cnon.
2525 398 2650 467 335

159 507 609 598 Episcopum
637 527 717 575 ex
753 506 879 574 hac
929 517 1162 574 nostra
1200 505 1600 574 auctoritate
1634 503 1877 574 debeat
1908 504 2305 594 subrogare.
2346 505 2539 588 Quod
2580 505 2740 592 qui·

162 598 344 667 dem
389 607 522 663 tam
578 616 699 684 pro
749 608 1009 663 vestrae
1048 593 1404 664 charitatis
1432 593 1706 673 affectu,
1736 615 1947 679 quam
2002 615 2123 683 pro
2175 605 2518 663 tantarum
2579 617 2740 684 pro-

161 684 579 754 vinciarum
644 683 911 773 spatiiS,
966 704 1145 770 quae
1193 683 1371 752 inter
1410 697 1535 752 nos'
1583 694 1647 751 et
1696 703 1813 750 vos
1846 703 1995 752 esse
2055 695 2458 763 noscuntur,
2490 705 2736 753 sumus

161 774 455 844 invitati
505 772 900 853 concedere,
942 785 1016 842 ut
1067 773 1133 841 in
1183 771 1510 840 omnibus
1540 769 1882 840 devotioni
1926 784 2183 841 vestrae
2226 784 2533 840 nostrum
2576 793 2740 841 con-

155 882 500 941 cursum,
535 873 599 930 et
620 862 811 949 justa
859 876 1079 931 vestra
1118 860 1457 929 desideria
1496 862 2008 950 praeberemus.
2046 859 2477 930 Incolumem
2518 859 2738 929 excel-

155 951 467 1023 lentiam
520 963 812 1020 vestram
865 950 1087 1039 gratia
1135 971 1431 1039 superna
1486 948 1851 1018 custodiat.
1900 972 1937 1014 »

252 1044 294 1129 ξ
352 1045 504 1112 711.
561 1044 730 1108 Cum
779 1053 1004 1107 autem
1057 1038 1370 1108 Eduinus
1417 1037 1651 1107 decem
1702 1049 1768 1107 et
1817 1050 2075 1128 septem
2126 1036 2331 1106 annis
2380 1037 2564 1127 genti
2604 1042 2739 1106 An-

150 1130 460 1223 glorum
506 1128 717 1197 simul
746 1141 810 1196 et
843 1127 1195 1196 Britonum
1234 1126 1731 1217 gloriosissime
1766 1138 2132 1216 praeesset,
2171 1147 2207 1194 e
2239 1126 2498 1213 quibus
2530 1126 2735 1196 etiam

147 1243 279 1291 sex
334 1218 522 1307 ipse,
580 1231 653 1285 ut
705 1216 1029 1297 diximus,
1070 1215 1317 1285 Christi
1360 1237 1570 1306 regno
1613 1216 1953 1296 militavit,
2009 1214 2358 1284 rebellavit
2408 1215 2739 1285 adversus

147 1331 324 1381 eum
419 1304 777 1375 Carduella
839 1310 977 1374 Rex
1039 1306 1420 1385 Britonum,
1488 1304 1827 1374 auxilium
1896 1305 2263 1395 praebente
2329 1304 2429 1373 illi
2481 1303 2732 1386 Penda,

149 1400 314 1468 viro
369 1394 884 1474 strenuissimo,
929 1392 1013 1462 de
1062 1395 1249 1484 regio
1282 1415 1531 1483 genere
1580 1394 2011 1471 Merciorum‚
2064 1393 2185 1479 qui
2234 1402 2299 1462 et
2345 1393 2495 1483 ipse
2541 1415 2621 1462 ex
2659 1414 2739 1463 eo

159 1502 494 1575 tempore
560 1484 800 1574 gentis¹
844 1481 1153 1570 ejusdem
1218 1504 1428 1573 regno
1494 1482 1699 1551 annis
1752 1481 2274 1573 vigintiduobus
2322 1483 2507 1551 varia
2558 1496 2739 1552 sorte

162 1572 505 1666 praefuit.
562 1577 998 1641 Etconserto
1046 1572 1238 1658 gravi
1293 1571 1548 1659 proelio
1598 1571 1664 1638 in
1717 1594 1989 1662 camp0,
2041 1572 2161 1657 qui
2201 1584 2480 1640 vocatur
2527 1570 2738 1640 Heth·

157 1664 373 1741 felth,
432 1661 703 1730 occisus
750 1673 850 1729 est
900 1659 1214 1729 Eduinus
1263 1661 1372 1729 die
1412 1673 1657 1746 quarto
1706 1660 1956 1729 Iduum
2010 1660 2342 1741 Octobris,
2382 1682 2564 1729 anno
2614 1665 2739 1729 Do-

163 1752 488 1825 minicae
558 1750 1063 1819 Incarnationis
1130 1750 1618 1820 sexcentesimo
1695 1749 2271 1840 trigesimotertiO,
2326 1772 2482 1818 cum
2558 1761 2736 1818 esset

162 1860 535 1913 annorum
600 1837 1235 1928 quadragintaocto,
1315 1838 1602 1927 ejusque
1669 1851 1847 1907 totus
1920 1837 2020 1906 vel
2087 1838 2560 1928 interemptus,
2635 1836 2736 1906 vel

163 1932 549 2020 dispersus
596 1940 697 1996 est
743 1927 1102 1997 exercitus,
1145 1932 1222 1996 In
1264 1949 1400 2015 quo
1434 1927 1637 1995 etiam
1676 1926 1857 1996 bello
1889 1939 2045 1995 ante
2087 1927 2283 1996 illum
2329 1949 2514 1996 unus
2548 1925 2735 1995 filius

162 2021 333 2110 ejus
380 2015 634 2096 Osirid‚
663 2016 943 2103 juvenis
996 2015 1387 2097 bellicosuS,
1432 2015 1717 2085 cecidit:
1758 2016 1929 2085 alter
1977 2015 2281 2099 Eadfrid,
2339 2017 2740 2085 necessitate

156 2117 489 2198 cogente,
522 2105 605 2173 ad
645 2104 943 2173 Pendam
999 2110 1246 2195 Regem
1302 2104 1706 2194 transfugit;
1757 2117 1823 2173 et
1870 2104 1957 2173 ab
1997 2126 2074 2174 eo
2119 2104 2583 2195 postmodum,
2631 2126 2733 2173 re-

155 2207 440 2290 gnante
480 2193 818 2274 Oswaldo,
872 2207 1110 2265 contra
1141 2194 1343 2263 iidem
1376 2192 1842 2282 Jurisjurandi
1897 2206 2291 2283 peremptus
2339 2207 2463 2262 est.

258 2288 297 2373 ἓ
354 2287 525 2353 2².
580 2287 726 2364 Quo
778 2297 1079 2372 tempore
1128 2283 1427 2352 maxima
1475 2295 1577 2351 est
1625 2282 1803 2352 facta
1837 2295 2100 2372 strages
2147 2283 2217 2350 in
2269 2282 2593 2362 Ecclesia,
2629 2281 2731 2350 vel

162 2387 384 2466 gente
421 2370 1137 2450 Nord-Humbrorum,
1173 2372 1465 2440 maxime
1496 2370 1681 2457 quod
1716 2393 1899 2442 unus
1934 2393 2012 2440 ex
2049 2370 2372 2453 ducibus,
2409 2394 2448 2439 a
2480 2371 2736 2457 quibus

163 2476 326 2533 acta
381 2471 511 2540 est,
589 2482 941 2550 paganus:
996 2459 1187 2543 alter,
1255 2461 1420 2549 quia
1485 2459 1851 2542 barbaruS,
1910 2472 2054 2530 erat
2114 2481 2380 2550 pagano
2442 2461 2726 2530 saevior.

161 2547 538 2638 Siquidem
591 2548 819 2618 Penda
866 2571 1025 2618 cum
1077 2550 1267 2619 omni
1319 2551 1724 2619 Mercior'um
1784 2564 1982 2640 gente
2053 2549 2256 2619 idolis
2307 2547 2606 2628 deditus,
2672 2563 2736 2618 et

162 2636 554 2711 Christiani
619 2652 766 2708 erat
831 2638 1133 2707 nominis
1206 2639 1512 2729 ignarus.
1582 2645 1656 2708 At
1723 2660 1876 2708 vero
1940 2637 2339 2720 Carduella,
2415 2639 2734 2725 quamvis

165 2748 435 2798 nomen
475 2740 540 2796 et
587 2726 1079 2817 professionem
1119 2726 1398 2797 haberet
1428 2727 1820 2808 Christiani,
1860 2727 2032 2798 adeo
2066 2742 2286 2797 tamen
2322 2740 2468 2796 erat
2498 2727 2735 2795 animo

163 2842 248 2889 ac
308 2815 628 2885 moribus
678 2817 1040 2896 barbaruS,
1097 2827 1172 2885 ut
1221 2838 1346 2885 nec
1398 2817 1589 2887 sexui
1650 2817 1929 2905 quidem
1977 2817 2323 2897 muliebri,
2383 2814 2480 2885 vel
2534 2816 2735 2884 inno—

163 2927 345 2977 cuae
399 2905 845 2995 parvulorum
899 2917 1205 2995 parceret
1243 2907 1470 2988 aetati,
1515 2906 1686 2992 quin
1730 2907 2089 2976 universos
2126 2906 2478 2975 atrocitate
2511 2903 2733 2973 ferina

167 2995 381 3065 morti
437 3015 559 3083 per
607 3005 944 3064 tormenta
991 2994 1444 3075 contraderet,
1488 2994 1704 3064 multo
1740 3007 2042 3084 tempore
2076 3007 2247 3063 totas
2294 3015 2532 3063 eorum
2579 3014 2731 3082 pro-

169 3083 444 3152 vincias
493 3082 988 3153 debacchando
1041 3096 1472 3174 pervagatuS,
1528 3107 1608 3153 ac
1657 3096 1870 3152 totum
1910 3106 2130 3172 genus
2179 3082 2554 3172 Anglorum
2589 3083 2735 3150 Bri-

170 3173 459 3254 tanniae
522 3172 782 3242 sinibus
844 3194 1210 3241 erasurum
1261 3193 1333 3241 se
1380 3194 1528 3241 esse
1589 3171 2003 3241 deliberans,
2062 3171 2185 3240 Sed
2240 3194 2364 3241 nec
2415 3171 2734 3260 religioni

170 3252 634 3341 Christianae,
687 3282 864 3348 quae
911 3261 1095 3350 apud
1149 3283 1264 3331 eos
1311 3275 1542 3330 exorta
1589 3274 1756 3342 erat,
1811 3259 2072 3347 aliquid
2128 3260 2568 3349 impendebat
2611 3260 2733 3329 ho-

171 3351 406 3420 noris:
462 3349 722 3438 quippe
761 3371 921 3418 cum
974 3371 1193 3437 usque
1243 3348 1444 3418 hodie
1495 3350 1708 3420 moris
1755 3350 1842 3419 sit
1880 3352 2262 3431 Britonum,
2317 3349 2522 3418 fidem
2579 3349 2733 3418 reli-

171 3439 597 3528 gionemque
659 3437 1034 3527 Anglorum
1099 3460 1222 3529 pro
1280 3437 1499 3506 nihilo
1557 3438 1845 3516 habere,
1917 3460 2135 3525 neque
2199 3439 2266 3506 in
2332 3438 2567 3524 aliquo
2632 3438 2732 3507 eis

171 3528 401 3617 magis
469 3527 1008 3605 communicare,
1080 3549 1286 3614 quam
1356 3527 1668 3615 paganis.
1723 3526 2019 3596 Allatum
2069 3538 2169 3595 est
2227 3540 2453 3596 autem
2521 3540 2731 3615 caput

170 3614 428 3684 Eduini
486 3614 691 3703 Regis
740 3617 1148 3696 Eboracum,
1201 3628 1264 3685 et
1316 3615 1582 3684 illatum
1649 3630 1883 3706 postea
1944 3616 2274 3686 ecclesiae
2327 3616 2511 3685 beati
2553 3617 2731 3684 Petri

167 3704 507 3792 Apostoli,
565 3725 771 3789 quam
837 3704 983 3792 ipse
1031 3704 1280 3793 coepit,
1335 3703 1451 3772 sed
1506 3726 1864 3774 successor
1892 3705 2060 3794 ,ejus
2109 3704 2376 3775 Oswald
2416 3703 2721 3794 perfecit,

169 3809 249 3863 ut
298 3814 514 3882 supra
566 3791 957 3861 docuimus.
1014 3793 1312 3862 Positum
1364 3804 1465 3861 est
1513 3807 1743 3862 autem
1796 3793 1863 3861 in
1918 3794 2190 3883 porticu
2238 3794 2457 3862 sancti
2506 3798 2729 3882 Papae

98 3877 111 3888 ”
176 3881 517 3969 Gregorii,
573 3903 609 3948 a
660 3880 865 3967 cujus
913 3881 1060 3968 ipse
1108 3880 1474 3971 discipulis
1527 3882 1808 3951 verbum
1862 3883 2037 3951 vitae
2084 3893 2512 3982 susceperat.¹

261 3971 296 4053 ξ
351 3974 515 4039 23.
569 3969 884 4038 Turbatis
935 3970 1163 4055 itaque
1213 3973 1418 4040 rebus
1458 3970 2148 4040 Nord—Humbrorum
2186 3970 2396 4059 hujus
2437 3969 2728 4041 articulo

173 4052 418 4136 cladiS,
477 4081 637 4126 cum
692 4057 863 4126 nihil
914 4057 1171 4127 alicubi
1235 4058 1559 4148 praesidii
1622 4060 1754 4128 nisi
1816 4060 1884 4127 in
1949 4059 2110 4149 fuga
2157 4080 2305 4128 esse
2354 4058 2721 4141 videretur,

173 4142 534 4226 Paulinus,
590 4158 946 4236 assumpta
996 4168 1232 4216 secum
1283 4147 1671 4237 Edelburga
1708 4148 1993 4236 Regina,
2033 4169 2241 4234 quam
2296 4147 2560 4237 pridem
2602 4147 2725 4217 ad-

177 4227 488 4314 duxerat,
546 4235 745 4303 rediit
787 4235 1098 4304 Cantium
1138 4237 1432 4325 navigio,
1476 4250 1681 4323 atque
1729 4237 1816 4304 ab
1846 4237 2147 4305 Honorio
2195 4236 2723 4326 archiepiscopo

175 4327 242 4414 et
291 4322 470 4407 Rege
517 4323 901 4393 Edulbaldo
941 4322 1234 4394 multum
1290 4326 1665 4394 honorilice
1696 4336 2059 4415 susceptus
2108 4337 2229 4394 est.
2270 4326 2461 4394 Venit
2491 4337 2718 4394 autem

177 4401 344 4471 llluc
393 4408 567 4478 duce
606 4418 876 4494 BaaSSO,
934 4412 1147 4483 milite
1186 4414 1389 4502 Regis
1425 4414 1675 4483 Eduini
1710 4414 2106 4494 fortissimO,
2165 4414 2430 4483 habens
2481 4435 2719 4483 secum

174 4493 627 4568 Heanfredam
696 4501 935 4582 filiam,
994 4514 1057 4571 et
1110 4501 1490 4573 Vulcfream
1553 4503 1777 4573 filium
1846 4502 2124 4584 Eduini,
2190 4525 2455 4574 necnon
2505 4513 2568 4571 et
2615 4501 2720 4571 Iffi
