3347 4999
196 346 374 413 OCT.
434 346 457 409 l
1062 363 1141 409 nu
1190 363 1245 410 s.
1299 362 1558 409 nemeto
1606 360 1899 408 xacfflar.
2571 345 2650 408 47

288 447 326 531 ξ
376 447 525 515 16.
582 448 738 512 Erat
784 441 968 511 enim
1025 442 1134 511 hic
1187 441 1458 531 praesul
1516 441 1978 519 beatissimus,
2035 440 2464 511 internorum
2499 463 2740 511 curam

192 533 271 602 -in
325 532 738 602 exteriorum
791 532 1241 620 occupatione
1315 552 1447 599 non
1505 531 1870 608 minuenS,
1923 530 2329 598 exteriorum
2386 531 2747 619 providen-

202 621 371 690 tiam
428 620 495 688 in
549 620 955 689 interiorum
1010 618 1474 690 sollicitudine
1528 641 1659 688 non
1715 618 2132 704 relinquens.
2189 622 2353 686 Cum
2404 641 2565 709 ergo
2614 620 2744 688 cir-

203 710 525 779 cumiens
623 708 975 778 arochiam
1049 707 1515 778 sollicitudine
1581 706 1960 797 pastorali,
2033 707 2352 775 transiret
2420 729 2538 795 per
2606 709 2748 798 epi-

207 799 429 888 scopii
482 796 564 866 vil
602 819 711 866 am
747 850 761 879 ,
815 797 1017 885 cujus
1066 796 1477 866 vocabulum
1514 809 1645 866 .est
1707 795 2127 865 Tudiniacus
2162 850 2176 876 ,
2243 798 2504 885 aspexit
2576 818 2748 865 mes-

209 909 401 957 sores
449 908 737 957 messem
803 898 1144 956 secantes:
1215 885 1685 970 accedensque
1741 884 1823 953 ad
1867 905 2015 963 eoS,
2083 906 2238 952 cum
2300 885 2502 954 verbo
2559 907 2750 974 prae-

205 976 577 1045 dicationis
627 975 1020 1044 exhortatus
1068 987 1170 1043 est
1215 996 1365 1054 eOS,
1420 973 1650 1042 dando
1698 973 1933 1042 cibum
1985 983 2049 1041 et
2099 985 2332 1062 potum
2388 973 2452 1041 in
2506 995 2748 1042 conso-

208 1065 533 1135 lationem
573 1063 853 1133 laboris.
890 1068 968 1132 Et
996 1062 1159 1131 dum
1198 1062 1362 1132 haec
1397 1075 1785 1151 agerentur,
1825 1060 2096 1140 accidit,
2144 1061 2494 1131 sobrinam
2529 1061 2743 1141 illius,

214 1154 496 1222 nomine
546 1152 830 1232 Celsam,
890 1156 1018 1220 Deo
1069 1165 1432 1232 sacratam,
1491 1150 1777 1240 proinde
1828 1149 2139 1230 transire,
2194 1162 2259 1218 et
2308 1150 2534 1218 villam
2587 1172 2751 1219 suae

213 1242 675 1331 proprietatis,
733 1240 1011 1310 nomine
1042 1239 1328 1320 Celtum,
1366 1240 1578 1309 adire.
1625 1244 1813 1322 Quae
1858 1261 2017 1307 cum
2067 1240 2383 1329 cognovit
2432 1252 2747 1309 sanctum

214 1331 608 1421 Remigium
650 1330 846 1420 juxta
896 1328 1226 1399 transitus
1275 1329 1385 1399 sui
1433 1329 1609 1396 viam
1662 1348 1834 1409 esse,
1889 1328 2070 1396 venit
2117 1327 2200 1396 ad
2279 1349 2463 1407 eum,
2525 1342 2589 1397 et
2638 1328 2752 1398 be-

213 1420 449 1510 nigne,
505 1432 582 1488 ut
633 1441 754 1507 par
799 1431 967 1497 erat,
1019 1417 1105 1485 ab
1155 1417 1274 1487 illo
1322 1431 1664 1507 suscepta,
1715 1416 1907 1505 petiit
1964 1416 2262 1485 eundem
2312 1417 2534 1485 virum
2597 1438 2752 1486 san-

215 1521 430 1588 ctum,
473 1521 548 1577 ut
584 1530 725 1577 una
765 1529 923 1576 cum
976 1505 1092 1575 illa
1133 1505 1417 1575 domum
1462 1528 1685 1585 suam,
1723 1526 1860 1592 quo
1903 1505 2063 1584 ibat,
2100 1505 2503 1594 dignaretur
2532 1506 2745 1575 adire.

217 1597 405 1665 Idem
459 1598 562 1664 vir
609 1608 913 1676 sanctus,
969 1608 1044 1663 ut
1090 1606 1234 1663 erat
1285 1594 1717 1684 praestabilis
1767 1615 1975 1683 super
2013 1594 2223 1682 justis
2274 1594 2746 1684 petitionibuS,

216 1687 443 1776 ipsius
494 1684 811 1755 sobrinae
860 1704 1023 1752 suae
1060 1682 1498 1772 postulationi
1546 1682 1858 1773 praebuit
1887 1703 2272 1751 assensum.
2319 1687 2394 1751 Et
2433 1704 2588 1753 cum
2635 1705 2756 1773 pa-

227 1776 390 1844 riter
438 1774 519 1842 ad
576 1774 856 1842 domum
913 1771 1403 1860 pervenissent,
1455 1786 1519 1841 et
1567 1772 1745 1840 inter
1794 1792 1864 1839 se
1911 1769 2284 1840 familiaria
2315 1785 2378 1840 et
2418 1772 2757 1860 spiritalia

232 1863 567 1933 haberent
613 1861 974 1948 colloquia,
1044 1860 1223 1929 venit
1264 1859 1577 1929 minister
1623 1860 1845 1949 ipsius
1894 1858 2167 1939 Celsae,
2228 1859 2308 1928 ad
2370 1861 2753 1929 auriculam

216 1953 372 2041 ejus
412 1950 672 2029 dicenS,
725 1948 904 2036 quod
958 1948 1227 2019 villicus
1275 1950 1422 2037 ejus
1470 1950 1736 2029 vinum,
1792 1948 1974 2035 quod
2019 1948 2089 2016 in
2143 1948 2379 2016 eadem
2418 1948 2578 2017 villa
2612 1948 2758 2019 fue-

222 2053 352 2119 rat,
403 2039 549 2126 jam
605 2037 1019 2118 vendiderat,
1071 2052 1351 2127 excepta
1405 2037 1692 2127 parvula
1738 2037 2136 2124 quantitate,
2189 2060 2398 2124 quam
2452 2060 2574 2127 pro
2624 2038 2759 2107 sal·

222 2127 450 2196 vando
500 2126 776 2196 vasculo
825 2126 1212 2196 reservavit.
1268 2126 1478 2215 Cujus
1513 2126 1780 2195 vultum
1817 2140 2097 2196 sanctus
2133 2126 2487 2215 Remigius
2523 2126 2760 2196 videns

226 2216 477 2286 rubore
529 2215 923 2304 perfusum,
963 2216 1404 2303 interrogavit
1451 2214 1616 2301 quid
1667 2215 1730 2284 ei
1780 2237 1947 2284 suus
2000 2216 2311 2283 minister
2360 2216 2428 2282 in
2480 2216 2760 2285 auricu-

181 2355 195 2364 .
229 2304 365 2374 lam
419 2304 683 2372 dixerit.
739 2308 924 2386 Quae
973 2302 1074 2372 illi
1128 2317 1441 2393 prompte
1491 2301 1864 2393 respondit,
1920 2304 2249 2390 quoniam
2302 2325 2435 2372 non
2492 2317 2756 2373 tantum

224 2415 353 2482 ,pro
386 2414 464 2461 eo
493 2392 577 2461 de
613 2393 762 2482 ipso
795 2394 1050 2462 nuncio
1087 2391 1701 2472 verecundabatur,
1739 2407 2075 2478 quantum
2117 2414 2237 2493 pro
2270 2392 2391 2472 εἰς,
2437 2394 2557 2479 qui
2597 2413 2757 2462 cum

224 2504 308 2551 eo
355 2481 792 2551 advenerant.
847 2481 1129 2572 Cognita
1175 2503 1331 2551 vero
1378 2484 1611 2562 causa,
1667 2482 1907 2551 beatus
1941 2482 2295 2572 Remigius
2326 2481 2527 2552 hilari
2567 2481 2762 2550 vultu

120 2649 127 2653 ⁴
228 2570 623 2641 consolatus
669 2581 771 2641 est
817 2592 992 2650 eam,
1047 2570 1321 2639 dicens:
1367 2576 1491 2639 Pro
1544 2570 1669 2639 hac
1721 2592 1790 2639 re
1826 2625 1842 2651 ,
1899 2571 2063 2649 filia,
2121 2570 2259 2640 noli
2319 2571 2756 2641 contristari:

230 2658 423 2729 dabit
471 2659 655 2728 enim
707 2657 866 2727 inde
916 2659 1244 2728 Dominus
1296 2658 1604 2749 largitate
1655 2660 1927 2750 pietatis
1978 2682 2144 2731 suae
2192 2660 2462 2729 solitam
2517 2681 2763 2729 conso-

228 2747 579 2829 lationem,
633 2747 752 2835 qui
814 2769 932 2836 per
992 2747 1393 2847 prophetam
1459 2770 1659 2817 suum
1732 2770 1803 2817 se
1854 2750 2255 2819 timentibus
2306 2748 2477 2816 nihil
2529 2748 2764 2817 deesse

227 2835 567 2926 promisit.
622 2841 699 2905 Et
748 2836 916 2905 dixit
944 2835 1164 2905 eidem
1202 2836 1520 2905 sobrinae
1561 2859 1747 2918 suae,
1780 2837 2224 2907 audientibus
2267 2836 2405 2905 illis
2443 2836 2563 2923 qui
2603 2836 2764 2905 ade-

227 2937 405 3004 rant,
458 2925 707 2994 utalia
763 2924 875 2993 illa
926 2937 1239 2994 curaret:
1315 2925 1459 3014 ipse
1508 2938 1735 2996 autem
1792 2926 1989 2995 vellet
2045 2926 2321 2994 interim
2375 2925 2647 2993 hortum
2700 2938 2768 2994 et

229 3013 634 3082 viridarium
686 3025 887 3099 atque
927 3013 1168 3082 domos
1215 3012 1408 3082 illius
1453 3014 1827 3084 circumire
1856 3070 1871 3095 ,
1925 3026 1989 3083 et
2037 3014 2266 3082 videre
2313 3012 2608 3100 qualiter
2650 3013 2768 3081 illa

234 3113 559 3171 maneret.
632 3107 709 3171 Et
766 3102 865 3172 sic
922 3102 1005 3170 de
1064 3101 1404 3171 industria
1473 3102 1665 3191 prius
1734 3103 1870 3172 alia
1928 3103 2392 3183 circumiens,
2463 3102 2771 3191 pervenit

230 3211 452 3277 usque
499 3190 584 3259 ad
635 3190 897 3260 cellarii
929 3190 1208 3259 ostium.
1254 3195 1330 3260 Et
1362 3191 1841 3281 interroganti,
1888 3191 2055 3278 quid
2097 3193 2165 3260 in
2206 3190 2325 3259 illo
2359 3203 2528 3261 tecto
2566 3191 2770 3260 habe-

236 3291 452 3359 retur,
511 3279 862 3368 respondit
909 3278 1271 3363 minister,
1325 3279 1682 3349 cellarium
1733 3301 1903 3349 esse.
1959 3282 2140 3349 Idem
2192 3293 2419 3349 autem
2466 3280 2568 3349 vir
2608 3301 2770 3348 san-

234 3378 386 3438 ctus
434 3367 649 3447 dixit,
706 3390 778 3437 se
828 3367 992 3437 illuc
1043 3367 1323 3437 introire
1378 3368 1570 3437 velle.
1625 3368 1747 3437 Cui
1813 3391 1968 3437 cum
2025 3391 2222 3440 nemo
2271 3369 2551 3439 auderet
2602 3389 2768 3437 con-

238 3456 565 3527 tradicere
596 3511 611 3537 ‚
667 3456 1107 3557 interrogavit
1166 3456 1568 3536 cellarium,
1623 3456 1682 3524 si
1732 3457 2009 3527 haberet
2059 3459 2125 3527 in
2176 3459 2408 3546 aliquo
2465 3457 2550 3526 de
2598 3457 2769 3547 ipsis

236 3543 535 3615 vasculis
584 3544 684 3614 vel
734 3544 996 3632 aliquid
1049 3544 1213 3613 vini.
1292 3550 1370 3615 Et
1416 3544 1769 3634 designato
1829 3547 2148 3627 vasculo,
2205 3548 2272 3617 in
2322 3568 2459 3635 quo
2505 3545 2770 3632 aliquid

235 3634 374 3702 vini
411 3647 851 3716 remanserat,
890 3633 1095 3702 dixit:
1136 3633 1388 3702 Claude
1426 3633 1705 3715 ostium,
1741 3647 1806 3704 et
1854 3649 1955 3705 sta
1989 3634 2073 3705 de
2105 3635 2234 3704 ista
2269 3649 2480 3725 parte,
2518 3656 2772 3722 usque-

234 3721 400 3792 dum
452 3724 577 3811 e'go
625 3721 710 3790 ad
764 3733 824 3793 te
872 3734 1192 3792 revertor.
1247 3727 1323 3790 Et
1364 3742 1655 3812 pergens
1691 3722 1775 3793 ad
1820 3723 2101 3794 alteram
2146 3723 2438 3793 frontem
2482 3723 2767 3804 vasculi,

233 3833 411 3899 quae
457 3823 601 3879 erat
656 3811 852 3899 juxta
905 3810 1272 3901 parietem,
1325 3808 1484 3880 fecit
1531 3833 1806 3882 crucem
1861 3834 2071 3902 super
2120 3813 2300 3882 idem
2355 3813 2712 3882 vasculum
2755 3866 2768 3892 ‚

233 3898 416 3988 quod
466 3910 612 3968 erat
660 3921 791 3969 non
848 3900 1156 3969 modicae
1203 3898 1641 3984 quantitatis:
1689 3912 1754 3970 et
1792 3923 2018 3992 genua
2065 3902 2346 3971 flectens
2395 3901 2478 3970 ad
2530 3900 2780 3971 oratio-

237 4009 420 4067 nem,
475 3987 692 4056 oravit
737 3987 1042 4058 diutius:
1087 3999 1153 4056 et
1198 3987 1423 4078 coepit
1461 3989 1701 4059 vinum
1745 4011 1867 4081 per
1915 3989 2221 4060 foramen
2274 3990 2620 4081 superiuS‚
2658 4010 2780 4079 per

235 4075 419 4164 quod
469 4074 690 4145 eidem
745 4076 1022 4146 vasculo
1075 4073 1383 4146 infusum
1437 4075 1682 4159 fuerat,
1735 4078 1906 4166 adeo
1958 4079 2392 4160 redundare,
2446 4091 2522 4149 ut
2569 4100 2781 4168 super

244 4166 714 4323 Eavimentum
766 4165 988 4255 ipsius
1037 4164 1286 4235 domus
1336 4164 1615 4257 largiter
1662 4167 2057 4238 inundaret.
2097 4174 2173 4238 Et
2208 4168 2353 4238 viro
2388 4180 2624 4239 sancto
2662 4166 2783 4236 ad-

294 4274 383 4322 uc
430 4252 886 4323 decumbente
944 4253 1013 4321 in
1064 4253 1403 4336 oratione,
1471 4255 1798 4327 cellarius
1846 4257 2090 4327 timore
2154 4256 2516 4347 perculsus
2562 4255 2785 4326 excla-

249 4342 488 4423 mavit,
541 4342 810 4413 dicens:
867 4347 943 4411 In
987 4341 1266 4413 nomine
1305 4343 1586 4424 Christi,
1625 4345 1783 4431 quis
1815 4367 2124 4432 unquam
2161 4346 2293 4415 tale
2327 4345 2541 4415 vidit?
2587 4342 2780 4428 Quod

242 4451 405 4500 cum
439 4430 703 4500 audivit
735 4436 802 4501 S.
838 4430 1218 4522 Remigius,
1258 4434 1553 4503 surrexit
1585 4433 1671 4503 ab
1706 4434 2034 4516 oratione,
2073 4446 2138 4505 et
2173 4434 2516 4525 praecepit
2545 4432 2671 4517 illi,
2703 4443 2784 4503 ut

406 4551 647 4609 surius
678 4581 698 4593 ·
740 4548 905 4610 Vitae
935 4547 1038 4612 SS.
1070 4581 1093 4595 ·
1119 4547 1247 4612 Vol.
1278 4548 1349 4609 X.
2585 4550 2622 4609 ‘2
