3347 4999
695 298 818 361 504
1465 294 1558 362 'nn
1604 316 1661 363 s.
1715 314 2007 363 nssnwmss
2053 315 2246 363 vmus
2819 296 2992 363 OCT.
3050 297 3149 362 17

601 398 900 486 quadam
956 397 1191 468 animi,
1232 398 1585 469 devotione
1640 399 1993 481 interfuit,
2047 421 2252 469 orans
2303 398 2573 469 interim
2636 398 2734 469 vel
2793 412 2927 470 toto
2977 421 3148 489 pro-

603 500 811 559 strata
856 508 973 556 cor
1023 508 1137 556 ore
1170 541 1186 568 ,
1233 487 1332 557 vel
1385 490 1846 578 procumbens
1902 490 1969 558 in
2019 510 2243 579 genua
2278 542 2293 570 ,
2346 487 2448 558 vel
2487 488 2674 558 ulnis
2722 489 3146 558 incumbens

601 576 862 645 humo:
915 598 960 644 u
1015 575 1037 643 i
1077 586 1223 645 tum
1268 597 1427 666 prae
1458 576 1812 647 devotione
1849 591 1914 647 et
1957 577 2173 646 animi
2208 576 2592 647 bumilitate
2627 589 2842 646 terrae
2892 576 3146 667 pulve-

601 684 742 733 rem
783 664 1023 733 crebro
1075 664 1618 735 exosculabatur.
1672 666 2102 753 Quicumque
2158 664 2245 735 ad
2300 664 2448 751 ejus
2505 664 2735 735 aulam
2784 664 3146 737 venissent

602 752 1009 832 sacerdotes,
1064 753 1202 823 sive
1242 753 1584 824 seculares
1617 753 1718 823 illi
1765 766 2034 834 essent,
2096 753 2236 824 sive
2275 753 2600 844 religiosi,
2661 755 2770 824 vix
2815 775 3142 840 unquam

601 841 1070 932 subterfugere
1104 854 1433 931 poterant,
1464 843 1632 930 quin
1664 864 1895 912 coram
1929 842 2080 931 ipsa
2109 842 2527 912 sacrificium
2557 842 2898 911 offerrent.
2933 842 3141 925 Quod

602 931 661 998 si
702 930 773 998 in
804 929 962 1009 aula
995 930 1146 999 e'us
1184 930 1447 1000 deesset
1475 931 1671 1021 copia
1706 930 2162 1010 sacerdotum,
2199 944 2524 1018 quantam
2562 931 2712 1020 ipsa
2745 929 2962 1012 vellet,
2999 953 3142 1000 un·

602 1018 988 1104 decumque
1025 952 1268 1088 itaberi
1322 1031 1653 1110 poterant,
1704 1020 2250 1100 accersebantur,
2302 1031 2379 1089 ut
2418 1020 2779 1088 Missarum
2817 1019 3140 1107 paucitas

602 1106 1061 1196 suppleretur,
1113 1128 1321 1194 quam
1372 1107 1490 1176 illa
1540 1128 1756 1195 aequo
1803 1108 2034 1177 animo
2071 1107 2245 1177 ferre
2295 1129 2427 1177 non
2483 1121 2762 1197 poterat.
2817 1112 2898 1177 Ut
2939 1109 3138 1177 enim

600 1194 939 1285 capellani
983 1209 1047 1265 et
1083 1196 1205 1283 qui
1260 1196 1329 1264 in
1385 1196 1537 1284 ejus
1585 1196 1965 1266 ministerio
1999 1208 2215 1277 erant,
2268 1197 2629 1265 Missarum
2681 1195 3138 1267 multitudine

601 1283 1103 1372 gravabantur:
1138 1284 1235 1353 sic
1271 1283 1396 1355 illa
1472 1297 1693 1353 ravate
1718 1283 1996 1367 ferebat,
2040 1285 2101 1354 si
2131 1284 2382 1355 multas
2422 1285 2671 1356 habere
2704 1306 2837 1355 non
2873 1297 3128 1375 posset.

604 1372 793 1442 Unde
825 1372 1108 1459 quidam
1140 1394 1177 1442 e
1211 1372 1399 1444 Clero
1487 1394 1562 1443 os
1594 1373 1680 1442 de
1714 1372 1831 1442 illa
1867 1394 2101 1442 versus
2129 1376 2551 1463 composuit:

1072 1513 1140 1577 In
1184 1515 1302 1576 sola
1347 1516 1514 1577 Missa
1563 1532 1682 1577 non
1727 1521 1817 1577 est
1859 1523 2133 1578 contenta
2178 1514 2416 1578 Ducissa
2449 1496 2502 1577 :i

1031 1668 1035 1673 ,
1070 1594 1221 1665 Quot
1260 1604 1405 1655 sunt
1447 1595 1809 1674 presbyteri,
1855 1603 1938 1656 tot
1984 1595 2183 1657 Missas
2225 1604 2388 1674 optat
2431 1595 2664 1657 haberi.

687 1726 723 1811 ξ
775 1728 915 1795 ²2.
985 1731 1148 1794 Cum
1201 1725 1448 1806 vellet,
1504 1725 1615 1795 die
1661 1726 1962 1813 quodam
1996 1780 2011 1807 ‚
2068 1726 2305 1797 multis
2354 1727 2711 1796 Missarum
2764 1726 3127 1796 sacrificiis

601 1814 910 1882 animum
944 1835 1145 1884 suum
1170 1813 1532 1894 oblectare,
1568 1815 1933 1885 Martinum
1962 1815 2392 1905 capellanum
2430 1829 2591 1885 tunc
2624 1837 2855 1895 suum,
2896 1828 3119 1904 postea

600 1901 1191 1973 Vratislaviensem
1241 1903 1680 1985 canonicum,
1737 1904 1922 1973 misit
1954 1904 2039 1973 ad
2074 1903 2565 1974 accersendum
2612 1924 3120 1991 quemcumque

600 1990 1047 2070 sacerdotem,
1086 2004 1162 2061 ut
1207 2013 1437 2061 coram
1487 1991 1605 2061 illa
1654 1992 2091 2062 sacrificaret.
2148 1992 2269 2062 Ille
2303 1993 2623 2062 mandato
2655 1993 2832 2079 ejus,
2871 1993 2981 2062 cui
3018 2014 3122 2061 re·

601 2079 725 2149 nlti
776 2101 908 2147 non
950 2092 1195 2169 posset,
1248 2080 1677 2168 compulsus,
1720 2080 1912 2162 abiit,
1951 2103 2250 2168 casuque
2288 2094 2756 2151 occurrentem
2807 2081 2942 2170 ipsi
2984 2080 3127 2149 cal-

601 2188 759 2236 vum
799 2166 1145 2255 quendam
1200 2169 1614 2239 monachum
1654 2191 1734 2239 ex
1780 2191 2016 2239 eorum
2061 2191 2370 2251 numero,
2407 2192 2581 2258 quos
2613 2174 2979 2240 Conversos
3008 2191 3129 2239 vo—

599 2270 800 2335 cant,
854 2256 975 2343 qui
1027 2272 1167 2328 tum
1203 2310 1218 2337 ,
1269 2256 1675 2347 expediendi
1742 2256 2106 2346 cujusdam
2161 2280 2244 2327 ne
2294 2259 2411 2327 otii
2461 2262 2670 2329 causa
2707 2312 2722 2339 ,
2777 2258 2861 2327 ad
2913 2257 3126 2327 Ducis

599 2342 828 2412 aulam
895 2357 1205 2422 venerat,
1259 2345 1344 2414 ad
1391 2368 1540 2415 eam
1590 2344 1899 2415 adduxit.
1974 2352 2142 2416 Tum
2208 2346 2251 2415 il
2284 2370 2325 2416 a
2375 2369 2496 2436 pro
2544 2368 2669 2416 suo
2716 2346 3014 2416 candore
3060 2360 3130 2415 et

600 2431 1041 2521 simplicitate
1088 2455 1219 2503 non
1271 2438 1681 2504 Conversum
1729 2455 1809 2504 ex
1857 2434 2096 2506 habitu
2127 2490 2143 2516 ,
2196 2435 2311 2507 sed
2365 2448 2629 2506 tantum
2678 2433 2952 2505 calvum
3001 2456 3122 2505 co-

598 2541 961 2608 gnoscens,
1012 2535 1395 2611 putansque
1449 2546 1604 2593 eum
1653 2545 1800 2593 esse
1849 2523 2265 2595 sacerdotem
2300 2580 2315 2605 ,
2371 2524 2631 2615 rogavit
2691 2523 2988 2604 obnixe,
3047 2536 3130 2594 ut

599 2609 871 2679 Missam
924 2610 1056 2700 ipsi
1102 2610 1376 2681 diceret.
1432 2611 1556 2681 lllo
1603 2612 2122 2702 obstupescente
2168 2625 2234 2682 et
2270 2613 2557 2694 dicente,
2592 2613 2774 2700 quod
2814 2633 2935 2681 nec
2972 2634 3129 2701 pre-

598 2697 850 2786 sbyter,
905 2721 1027 2768 nec
1062 2697 1397 2770 litteratus
1445 2712 1643 2780 esset,
1698 2700 1895 2770 beata
1926 2701 2265 2791 Hedwigis
2297 2724 2369 2772 se
2401 2702 2698 2772 sentiens
2735 2701 3120 2790 deceptam,

596 2785 952 2857 humiliter
976 2788 1061 2856 ab
1094 2809 1173 2857 eo
1206 2789 1471 2858 veniam
1508 2789 1721 2879 petiit,
1755 2789 2049 2859 ostendit
2099 2811 2185 2859 ue
2218 2812 2289 2859 se
2324 2812 2458 2860 non
2489 2789 2826 2860 illudendi
2857 2789 3119 2870 animo,

597 2874 714 2943 sed
767 2874 1153 2964 ignorantia
1202 2876 1267 2945 id
1309 2875 1591 2947 fecisse:
1633 2898 1831 2967 porro
1880 2877 2072 2968 capel
2104 2900 2234 2948 ano
2275 2879 2558 2949 comiter
2589 2878 2790 2948 dixit:
2828 2883 3125 2948 «Pareat

598 2962 716 3032 tibi
770 2968 992 3044 Deus,
1044 2965 1167 3051 qui
1217 2965 1387 3035 mihi
1450 2965 1546 3035 sic
1610 2965 2023 3056 imposuisti.
2070 2989 2107 3033 »
2169 2967 2585 3054 Huiusmodi
2644 2966 2831 3036 enim
2893 2967 3123 3037 verbis

598 3051 857 3122 solebat
928 3053 1427 3142 reprehendere
1472 3075 1587 3123 eos
1621 3108 1637 3134 ,
1689 3054 1810 3142 qui
1871 3053 1973 3123 illi
2041 3053 2422 3125 molestiam
2472 3069 2589 3126 aut
2635 3055 3121 3126 verecundiam

595 3140 1000 3223 attulissent,
1027 3153 1102 3211 ut
1118 3142 1264 3230 jam
1295 3164 1505 3232 supra
1531 3141 1814 3223 dictum,
1844 3164 2060 3230 quum
2088 3142 2173 3213 de
2200 3144 2347 3230 ejus
2376 3145 2699 3234 patientia
2730 3144 2933 3213 verba
2958 3143 3117 3213 feci-

597 3251 776 3298 mus.
811 3234 974 3300 Cum
994 3243 1249 3318 quanta
1276 3245 1501 3302 autem
1530 3230 1748 3300 animi
1772 3231 2125 3302 devotione
2151 3232 2403 3304 divinis
2422 3232 2687 3322 officiis,
2718 3232 3115 3323 praesertim

596 3317 957 3388 Missarum
1009 3318 1448 3389 celebrationi
1498 3319 1899 3399 interfuerit,
1953 3320 2118 3390 satis
2164 3320 2516 3391 declarant
2561 3342 2694 3391 non
2746 3321 2968 3390 solum
3028 3320 3118 3389 la·

597 3426 869 3492 crymae
920 3418 984 3475 et
1042 3408 1349 3497 corporis
1399 3408 1907 3497 prostrationeS,
1958 3408 2043 3478 de
2087 3409 2341 3495 quibus
2388 3408 2740 3488 diximus,
2796 3409 2909 3480 sed
2963 3431 3117 3499 per-

600 3492 814 3562 multa
863 3493 1063 3563 etiam
1128 3495 1446 3585 religiosa
1502 3519 1707 3586 opera
1759 3510 1824 3567 et
1893 3497 2004 3586 pia
2065 3497 2407 3567 exercitia.
2474 3498 2567 3567 Ad
2632 3519 2871 3568 omnes
2928 3498 3114 3567 enim

595 3581 858 3681 Missas,
908 3603 1081 3668 quas
1127 3584 1446 3666 audiret,
1501 3584 1601 3653 vel
1666 3608 1786 3676 per
1832 3586 2126 3675 seipsam
2186 3586 2452 3674 aliquid
2496 3585 2939 3667 obtulit,‚vel
2991 3608 3112 3676 per

596 3669 853 3739 altum:
907 3683 1111 3758 atque
1158 3695 1198 3742 a
1251 3673 1641 3756 sacerdote,
1693 3672 1815 3761 qui
1862 3673 2281 3745 sacrificium
2330 3673 2618 3756 fecerat,
2673 3674 2978 3765 petebat,
3035 3687 3115 3743 ut

596 3780 847 3828 manus
905 3782 1069 3831 suas
1126 3761 1333 3852 capiti
1397 3761 1617 3851 ipsius
1682 3763 2110 3851 imponeret,
2170 3775 2236 3832 et
2297 3765 2476 3851 aqua
2531 3763 2886 3833 benedicta
2950 3784 3117 3832 con·

595 3862 960 3939 spergeret,
1017 3848 1163 3920 sine
1211 3849 1355 3919 ulla
1396 3849 1841 3920 haesitatione
1886 3850 2194 3933 credens,
2244 3873 2362 3941 per
2399 3851 2527 3921 hoc
2573 3875 2605 3921 s
2656 3851 2941 3921 ecialem
2990 3850 3120 3919 ali·

591 3957 799 4024 quam
867 3938 1153 4028 gratiam
1205 3960 1244 4008 a
1292 3939 1580 4008 Domino
1651 3961 1723 4010 se
1785 3951 2252 4030 percepturam
2291 3994 2306 4022 ,
2359 3953 2424 4010 et
2491 3963 2671 4010 maa
2725 3938 3116 4010 valetudine

591 4023 884 4096 levatum
939 4027 1060 4095 iri:
1113 4026 1181 4095 id
1253 4026 1435 4115 quod
1485 4027 1688 4097 etiam
1753 4028 2028 4117 saepius
2078 4028 2169 4098 ita
2214 4029 2480 4112 evenit,
2548 4040 2625 4097 ut
2672 4029 2822 4118 ipsa
2883 4041 3114 4120 postea

589 4112 1051 4185 familiaribus
1122 4115 1268 4186 suis
1330 4115 1668 4186 revelavit.
1740 4121 1969 4186 Frater
2015 4117 2409 4187 Herbordus
2454 4116 2913 4188 confessarius
2960 4116 3116 4204 ejus

590 4201 674 4271 de
723 4201 839 4271 illa
887 4202 1145 4274 solebat
1191 4205 1457 4274 dicere:
1504 4233 1528 4269 ι
1570 4210 1715 4287 Qua
1755 4205 2108 4275 devotione
2154 4218 2218 4275 et
2265 4206 2394 4276 side
2442 4206 2648 4276 fuerit
2694 4206 2889 4276 beata
2935 4203 3111 4274 Hed-

590 4290 790 4380 wigis
835 4312 998 4380 erga
1046 4292 1349 4363 officium
1400 4294 1640 4365 Missae
1697 4305 1762 4363 et
1825 4294 2486 4384 praestantissimum
2553 4294 2885 4366 Dominici
2951 4298 3112 4363 Cor-

590 4380 778 4469 poris
824 4394 1367 4464 sacramentum,
1422 4403 1622 4453 nemo
1671 4381 2062 4454 mortalium
2113 4382 2450 4474 explicare
2499 4397 2747 4475 posset.
2787 4406 2823 4451 »
2874 4383 3112 4453 Sciens
