3347 4999
190 337 372 404 OCT.
435 337 516 402 24
831 356 910 402 na
957 356 1014 403 s.
1068 357 1316 403 anama
1364 357 1555 402 naar.
1608 355 1685 402 nr
1733 354 1931 404 sonus
1979 355 2129 403 mus
2532 341 2648 406 69⁴

189 438 748 530 pulcherrimum
804 440 1082 509 bustum
1134 443 1437 530 seipsum
1489 441 1551 509 ei
1601 440 1901 522 tradem,
1955 440 2032 510 fit
2078 462 2238 510 cum
2301 440 2451 531 ipsa
2504 441 2747 513 haeres

185 550 492 598 coronae
542 527 876 618 martyrii.
939 532 1104 598 Cum
1160 528 1325 598 haec
1374 529 1474 596 sic
1522 528 1801 608 fierent,
1859 529 2265 618 patientium
2319 530 2745 602 Christiano-

189 640 355 689 rum
405 617 571 686 moti
624 617 1098 688 misericordia
1159 618 1204 686 ii
1255 619 1373 704 qui
1422 630 1617 686 erant
1662 619 1846 687 circa
1895 624 2175 708 Regem,
2229 631 2292 688 et
2341 619 2490 709 ipse
2537 625 2748 691 Sena-

187 723 303 777 tus
339 761 355 788 ,
413 707 752 794 rogabant
799 719 873 775 ut
903 719 1204 775 caeteros
1245 705 1596 785 relaxaret,
1650 720 1716 774 et
1765 728 1896 776 non
1938 707 2212 796 penitus
2253 708 2566 797 perderet
2608 723 2743 779 tam

188 817 526 886 magnam
578 796 948 875 civitatem,
1001 811 1066 863 et
1103 794 1356 885 populo
1389 809 1523 864 tam
1562 795 2011 882 frequentem,
2056 807 2122 864 et
2159 815 2336 883 quae
2374 800 2748 883 quotannis

188 907 452 974 magna
506 883 849 973 pendebat
914 884 1293 973 vectigalia.
1356 889 1722 972 Postquam
1773 898 2004 954 autem
2057 885 2184 954 hac
2237 886 2302 953 in
2358 906 2430 954 re
2492 888 2741 957 annuit

185 975 368 1044 dura
423 971 542 1041 illa
591 973 825 1042 anima
871 986 936 1041 et
984 973 1487 1055 Pharaonitica,
1541 972 2159 1061 crudelitatemque
2217 974 2376 1043 vicit
2428 975 2742 1051 avaritia,

186 1062 359 1152 quid
403 1061 630 1131 facit?
667 1067 832 1131 Cum
892 1062 1103 1151 hujus
1162 1061 1501 1142 civitatis,
1557 1074 1623 1131 et
1671 1063 1881 1132 totius
1933 1063 2233 1153 regionis
2274 1061 2564 1150 juvenes
2605 1078 2741 1134 tam

189 1150 576 1232 masculos,
615 1172 824 1238 quam
877 1151 1169 1220 seminas
1222 1151 1595 1242 redegisset
1633 1150 1704 1219 in
1754 1152 2177 1233 servitutem,
2216 1173 2514 1238 quorum
2550 1166 2750 1222 erant

188 1240 416 1311 multa
469 1238 714 1319 millia,
753 1252 819 1308 et
850 1240 1022 1309 alios
1068 1239 1348 1325 quidem
1404 1241 1550 1329 ipse
1583 1240 1997 1319 retinuisset,
2044 1239 2217 1311 alios
2258 1253 2484 1309 autem
2537 1241 2747 1311 tradi·

186 1331 411 1400 disset
445 1328 704 1416 quibus
738 1328 973 1408 voluit,
1032 1350 1344 1398 reversus
1377 1343 1479 1398 est
1513 1329 1580 1396 in
1617 1330 1904 1419 regiam,
1946 1329 2164 1399 libera
2198 1330 2470 1399 civitate
2508 1330 2749 1400 effecta

186 1420 414 1498 serva,
457 1439 635 1504 quae
667 1416 979 1486 dedicata
1019 1433 1163 1485 erat
1193 1416 1320 1485 soli
1349 1418 1689 1498 Trinitati,
1734 1440 1944 1505 quam
1997 1419 2144 1508 ipse
2194 1418 2504 1489 Christus
2553 1419 2747 1489 rede-

188 1508 320 1577 mit
364 1507 647 1597 proprjo
688 1507 1049 1596 sanguine,
1108 1519 1173 1575 et
1206 1527 1383 1593 quae
1431 1507 1491 1576 ei
1533 1506 1784 1576 obtulit
1835 1520 2091 1575 tantam
2144 1511 2511 1594 Martyrum
2569 1508 2748 1577 mul-

187 1595 594 1676 titudinem,
635 1616 872 1664 eorum
910 1596 1230 1665 victorias
1260 1608 1323 1664 et
1355 1596 1736 1664 certamina
1769 1595 2116 1685 praeclare
2155 1596 2561 1685 praedicans
2594 1595 2746 1667 orbi

188 1701 442 1756 terrae.

279 1777 317 1861 ξ
372 1778 530 1846 25.
586 1776 662 1842 Et
709 1771 877 1841 haec
926 1771 1203 1859 quidem
1258 1773 1349 1842 ita
1398 1793 1470 1842 se
1506 1772 1873 1842 habebant.
1918 1778 2316 1843 Revertente
2343 1784 2571 1842 autem
2610 1777 2744 1843 He-

189 1865 428 1943 braeo,
468 1861 792 1952 apparuit
830 1861 1014 1952 ignis
1052 1861 1317 1947 aliquot
1362 1861 1634 1941 diebuS,
1685 1863 1821 1930 tota
1870 1875 2065 1931 nocte
2100 1862 2399 1952 implens
2455 1865 2680 1932 aerem
2721 1916 2735 1943 ,

185 1952 312 2040 qui
365 1952 597 2041 ipsum
654 1955 965 2031 Dunaan,
1010 1963 1076 2019 et
1122 1951 1273 2039 ejus
1318 1951 1611 2020 terrebat
1662 1951 2065 2030 exercitum,
2109 1964 2175 2021 et
2233 1950 2738 2040 conjiciendam

192 2041 574 2130 praebebat
622 2040 738 2108 Dei
787 2039 959 2108 iram
1010 2038 1342 2109 adversus
1376 2040 1650 2129 impios.
1715 2039 1970 2108 Deinde
2011 2040 2196 2130 ignis
2225 2061 2500 2128 quoque
2538 2039 2748 2110 desu-

194 2152 340 2220 per,
382 2129 508 2216 qui
555 2140 702 2197 erat
748 2126 1042 2217 perfecta
1107 2129 1333 2218 plaga,
1379 2128 1553 2216 pluit
1606 2128 1676 2197 in
1728 2140 2000 2196 terram.
2041 2129 2166 2198 Sed
2207 2150 2291 2197 ne
2330 2130 2429 2198 sic
2460 2128 2740 2215 quidem

197 2218 423 2307 potuit
454 2217 707 2307 corrigi
740 2216 1133 2296 sceleratus,
1181 2238 1401 2304 neque
1440 2216 1620 2286 flecti
1655 2217 1786 2286 sub
1820 2219 2077 2306 potenti
2118 2239 2332 2287 manu
2362 2218 2500 2287 Dei.
2534 2222 2745 2287 Tanto

192 2320 432 2377 autem
486 2306 716 2375 surore
778 2319 923 2374 erat
977 2327 1312 2376 accensus
1357 2305 1691 2375 adversus
1758 2305 2203 2387 Christianos,
2258 2319 2334 2376 ut
2386 2307 2590 2376 etiam
2657 2306 2741 2375 ad

195 2402 455 2485 Regem
498 2399 858 2462 Persarum
908 2392 943 2430 ¹*
995 2396 1257 2463 miserit
1296 2395 1704 2485 legationem
1731 2448 1746 2476 ,
1784 2407 1850 2464 et
1884 2396 2243 2497 rogaverit,
2281 2408 2359 2465 ut
2391 2395 2539 2486 ipse
2571 2416 2745 2482 quo-

190 2506 330 2570 que
379 2480 633 2554 faceret
671 2481 953 2564 similia,
991 2494 1057 2552 et
1088 2505 1351 2566 omneS,
1395 2484 1516 2571 qui
1568 2484 1638 2553 in
1701 2507 1826 2554 sua
1876 2484 2135 2555 ditione
2184 2484 2737 2566 inveniebantur,

191 2571 626 2643 Christianos
684 2572 995 2662 perderet
1043 2571 1396 2642 funditus:
1458 2574 1517 2642 si
1578 2572 1800 2655 vellet,
1854 2575 2205 2660 inquiens,
2244 2575 2454 2644 solem
2493 2573 2746 2643 habere

192 2661 606 2750 propitium,
641 2674 701 2729 et
765 2660 914 2751 ejus
971 2674 1231 2750 patrem
1268 2685 1282 2728 ε
1338 2661 1517 2732 sicut
1556 2661 1672 2733 ille
1713 2663 2108 2753 nugabatur
2146 2684 2296 2733 esse
2344 2667 2557 2731 Deum
2617 2665 2742 2731 He·

188 2752 592 2821 braeorum.
645 2751 934 2840 Scripsit
966 2751 1169 2819 etiam
1209 2751 1290 2819 ad
1328 2749 1875 2820 Alamundarum
1927 2757 2176 2822 Ducem
2218 2756 2739 2833 Saracenorum,

188 2840 310 2928 qui
344 2852 543 2908 erant
582 2841 715 2909 sub
745 2840 993 2921 PersiS‚
1042 2840 1451 2925 promittens
1485 2862 1556 2909 se
1587 2840 1649 2910 ei
1683 2841 1886 2908 etiam
1923 2840 2248 2910 daturum
2292 2839 2646 2928 pecunia5‚
2684 2840 2747 2908 si

191 2941 465 2997 moveat
515 2929 1057 3018 persecutionem
1100 2929 1435 2999 adversus
1480 2929 1928 3010 Chr‘stianoS,
1967 2929 2089 3015 qui
2122 2939 2287 2997 sunt
2322 2927 2385 2997 ei
2419 2927 2738 3017 subjecti.

191 3018 319 3087 Sed
367 3016 484 3086 ille
517 3018 794 3104 quidem
833 3032 977 3088 erat
1007 3017 1177 3088 adeo
1211 3017 1504 3087 infestus
1545 3022 1587 3087 C
1646 3017 1976 3098 ristianis‚
2015 3030 2079 3086 et
2123 3017 2222 3085 sic
2256 3015 2594 3086 faciebat:
2624 3016 2744 3106 ju-

189 3107 372 3177 stitia
408 3119 634 3175 autem
674 3129 1108 3193 nequaquam
1159 3106 1449 3176 cessavit
1496 3105 1782 3195 implere
1831 3127 1993 3175 suas
2036 3118 2262 3196 partes
2312 3106 2379 3174 in
2432 3105 2518 3174 iis
2568 3126 2746 3193 quae

190 3196 290 3263 sic
341 3194 622 3263 fiebant.
671 3197 993 3266 lustinus
1041 3196 1222 3264 enim
1276 3218 1434 3264 cum
1496 3194 1595 3263 sic
1644 3194 1706 3262 ei
1750 3194 1973 3262 visum
2013 3206 2225 3274 esset,
2285 3194 2599 3265 hortatus
2644 3207 2748 3265 est

188 3283 766 3363 Alamundarum,
806 3296 882 3352 ut
905 3285 1173 3353 foedera
1206 3284 1394 3373 pacis
1430 3283 1633 3351 iniret
1670 3304 1830 3352 cum
1867 3284 2226 3352 Saracenis
2270 3289 2746 3353 Romanorum

189 3371 686 3459 vectigalibus:
725 3384 789 3440 et
822 3373 1081 3442 missus
1128 3385 1230 3441 est
1290 3372 1698 3441 Abraamius
1734 3372 1836 3440 vir
1876 3372 2031 3473 pius
2092 3385 2156 3441 et
2200 3372 2577 3462 presbyter,
2617 3374 2745 3458 qui

189 3460 322 3528 bac
356 3457 762 3548 fungeretur
794 3458 1154 3550 legatione.
1190 3460 1484 3530 Aderant
1522 3472 1752 3530 autem
1796 3460 1940 3530 ithc
1989 3481 2264 3547 quoque
2302 3483 2341 3529 a
2376 3467 2557 3551 Rege
2590 3466 2747 3530 Per-

190 3570 458 3627 sarum,
511 3569 669 3617 cum
722 3547 841 3617 alii
889 3549 1171 3636 quidam
1212 3604 1227 3630 ‚
1283 3563 1427 3618 tum
1480 3550 1788 3619 Isaacius
1836 3571 2111 3638 quoque
2163 3551 2519 3640 presbyter
2553 3604 2568 3630 ,
2621 3551 2744 3637 qui

189 3647 506 3727 praeerat
542 3635 947 3707 Christianis
988 3637 1419 3719 OrthodoxiS‚
1472 3639 1592 3725 qui
1643 3639 1709 3706 in
1751 3639 2022 3707 Perside
2056 3651 2273 3708 erant.
2335 3639 2579 3708 Aderat
2619 3660 2746 3707 au·

192 3740 323 3794 tem
357 3726 534 3795 Silas
563 3746 838 3812 quoque
866 3727 1245 3816 Episcopus
1277 3729 1871 3807 Nestorianorum,·
1899 3749 2057 3796 cum
2095 3727 2515 3815 quibusdam
2554 3726 2734 3807 aliis,

193 3816 441 3903 partim
472 3814 752 3903 quidem
793 3837 913 3905 pro
945 3816 1251 3885 Hebraeo
1281 3815 1578 3907 fungens
1613 3815 1975 3905 legatione,
2028 3817 2276 3905 partim
2316 3838 2472 3885 vero
2511 3814 2760 3887 volens-

188 3906 555 3974 convenire
602 3903 1045 3986 orthodoxos,
1082 3918 1148 3975 et
1195 3905 1550 3994 disputare
1592 3905 1926 3975 adversus
1973 3919 2156 3974 recta
2205 3906 2551 3995 dogmata.

277 3995 507 4079 §2ss
547 3997 712 4063 Cum
745 4007 976 4063 autem
1012 4015 1240 4065 coram
1267 3994 1471 4065 dictis
1500 3996 1769 4084 Legatis
1801 3993 2193 4084 legerentur
2234 3992 2498 4062 litterae
2533 3993 2739 4083 Regis

193 4081 727 4164 Homeritarum,
779 4095 846 4152 et
893 4082 1069 4152 Silas
1119 4083 1567 4154 assentiretur
1613 4105 1822 4173 scopo
1860 4085 2012 4171 ejus
2043 4083 2164 4169 qui
2208 4081 2622 4170 scripserat,
2677 4093 2744 4151 et

195 4164 447 4268 diceret
494 4171 839 4241 Christum
889 4170 1114 4241 solum
1164 4193 1314 4241 esse
1349 4172 1727 4253 hominem,
1765 4184 1831 4240 et
1889 4193 2020 4241 non
2080 4176 2318 4240 Deum:
2381 4171 2756 4253 Quomodo·

194 4274 404 4340 enim,
459 4261 803 4348 inquienS,
858 4261 978 4348 qui
1021 4261 1332 4331 nascitur
1377 4282 1457 4330 ex
1508 4259 1831 4342 muliere,
1873 4273 1938 4330 et
1993 4261 2438 4351 componitur
2493 4283 2571 4330 ex
2631 4281 2750 4341 eo,

248 4469 274 4495 ¹⁸
303 4470 400 4513 Rex
420 4473 669 4516 Persarum
686 4480 788 4518 erat
804 4475 908 4518 tum
928 4472 1157 4527 temporis
1176 4477 1396 4519 candes.
