3347 4999
185 389 387 456 OCT.
456 388 550 452 210·
1005 407 1082 452 na
1130 407 1185 453 s.
1239 406 1513 454 panemo
1561 406 1760 454 Erisc.
1814 406 1998 454 anon.
2556 392 2684 456 323

187 490 493 562 domini
555 490 662 558 sui
725 489 1058 570 referens;
1116 502 1181 560 et
1235 512 1394 560 cum
1458 489 1853 561 simulatam
1916 491 2324 581 legationem
2383 515 2498 563 ore
2547 507 2772 564 astuto

185 580 541 659 volveret,
579 579 960 650 exsurrexit
993 591 1292 668 repente,
1330 590 1396 648 et
1432 582 1793 669 evaginata
1834 580 1965 651 sub
2004 594 2181 650 veste
2228 581 2393 663 sica,
2432 582 2773 672 impetum

189 669 376 739 fecit
432 669 504 738 in
546 673 825 758 Regem.
884 667 1075 751 Quod
1125 690 1282 738 cum
1335 667 1592 738 videret
1641 668 1835 749 Lilla,
1892 667 2206 738 minister
2254 671 2458 760 Regis
2506 672 2778 742 amicis-

191 760 476 842 simus,
524 779 656 826 non
708 757 974 826 habens
1020 768 1295 827 scutum
1346 757 1429 826 ad
1487 778 1800 838 manum,
1852 778 1989 844 quo
2044 763 2293 848 Regem
2346 778 2384 827 a
2441 781 2605 828 nece
2652 761 2774 829 de·-

191 847 569 928 fenderet,
628 868 782 916 mox
831 846 1242 933 interposuit
1304 866 1424 916 cor
1474 869 1561 916 us
1628 867 1834 916 suum
1885 858 2042 916 ante
2102 846 2313 916 ictum
2417 849 2768 937 ungentis.

193 936 336 1008 Sed
401 949 593 1005 tanta
642 936 705 1003 vi
758 936 976 1005 hostis
1022 934 1279 1004 serrum
1332 935 1404 1003 in
1434 936 1605 1015 ixit,
1656 949 1732 1005 ut
1782 957 1901 1024 per
1950 957 2208 1026 corpus
2273 935 2364 1004 mi
2404 935 2515 1007 itis
2560 936 2774 1008 occisi

189 1026 423 1096 etiam
480 1030 731 1115 Regem
786 1024 1194 1093 vulneraret.
1252 1025 1380 1106 Qui
1429 1044 1585 1092 cum
1642 1045 1799 1093 mox
1845 1023 2103 1114 gladiis
2150 1024 2634 1115 impeteretur,
2700 1026 2771 1095 in

191 1117 366 1205 ipso
427 1113 732 1183 tumultu
771 1114 972 1182 etiam
1019 1112 1234 1182 alium
1284 1112 1370 1182 de
1405 1112 1767 1195 militibus,
1807 1114 1919 1182 cui
1952 1129 2204 1183 nomen
2237 1126 2383 1183 erat
2417 1114 2768 1197 Fordheri,

204 1205 367 1275 sica
425 1201 726 1271 nefanda
778 1203 1087 1292 peremit.
1583 1256 1588 1261 .
2454 1260 2459 1263 .

291 1295 330 1380 ξ
384 1297 480 1364 ὅ.
536 1291 786 1361 Eadem
837 1303 1064 1360 autem
1121 1302 1313 1360 nocte
1373 1302 1807 1361 sacrosancta
1852 1290 2251 1360 Dominicae
2297 1290 2616 1380 paschae,
2656 1313 2768 1382 pe*

193 1393 493 1471 pererat
541 1381 803 1469 Regina
851 1380 1066 1449 filiam
1122 1379 1315 1468 Regi,
1368 1380 1481 1449 cui
1539 1401 1788 1449 nomen
1842 1379 2149 1448 Eanfled.
2221 1385 2529 1468 Cumque
2585 1378 2769 1450 idem

193 1477 378 1550 Rex,
447 1483 801 1553 praesente
835 1470 1123 1538 Paulino
1154 1469 1503 1558 episcopo,
1549 1469 1808 1558 gr'atias
1833 1482 2064 1559 ageret
2097 1468 2235 1540 diis
2266 1469 2413 1538 suis
2450 1491 2570 1558 pro
2612 1481 2773 1540 nata

196 1561 343 1630 sibi
392 1558 566 1638 filia,
610 1580 647 1626 e
680 1571 915 1627 contra
947 1558 1328 1647 Episcopus
1359 1557 1618 1648 gratias
1650 1558 1873 1647 coepit
1912 1578 2114 1647 agere
2148 1558 2435 1627 Domino
2475 1558 2763 1639 ChristO,

196 1649 530 1739 Regique
557 1647 935 1727 adstruere,
967 1645 1149 1733 quod
1188 1647 1334 1736 ipse
1422 1647 1693 1716 recibus
1728 1647 1874 1717 suis
1903 1645 2089 1734 apud
2128 1646 2765 1729 illum‘obtinnerit,

194 1753 282 1809 ut
312 1736 585 1826 Regina
624 1758 859 1826 sospes
888 1748 952 1805 et
985 1736 1248 1822 absque
1273 1735 1362 1804 do
1394 1757 1508 1805 ore
1541 1737 1736 1827 gravi
1770 1735 2071 1806 sobolem
2114 1746 2523 1824 procrearet.
2558 1737 2770 1836 Cujus

202 1826 462 1896 verbis
510 1824 887 1894 delectatus
932 1830 1092 1905 Rex,
1205 1824 1474 1894 romisit
1520 1847 1591 1893 se
1638 1824 2154 1894 abrenunciatis
2206 1823 2455 1906 idolis,
2508 1824 2775 1894 Christo

202 1914 667 1993 serviturum,
723 1914 780 1982 si
831 1913 1037 1982 vitam
1088 1846 1222 1981 sigi
1255 1925 1322 1982 et
1359 1913 1712 1983 victoriam
1749 1913 2035 1982 donaret
2062 1913 2402 2003 pugnanti
2441 1912 2773 1985 adversus

202 2010 502 2095 Regem,
572 2024 613 2070 a
652 2024 789 2089 quo
839 2000 1187 2071 homicida
1228 2001 1340 2070 ille
1368 2056 1383 2082 ‚
1422 2003 1539 2089 qui
1587 2023 1745 2071 eum
1799 2001 2297 2083 vulneraverat,
2336 2001 2596 2072 missus
2626 2000 2774 2072 fue-

213 2107 376 2172 rat;
433 2103 498 2160 et
541 2090 608 2158 in
664 2090 917 2182 pignus
972 2088 1452 2179 promissionis
1493 2089 1911 2181 implendae,
1957 2089 2270 2160 eamdem
2310 2089 2523 2159 filiam
2563 2112 2762 2161 suam

206 2182 491 2253 Christo
526 2180 1064 2249 consecrandam
1099 2178 1389 2248 Paulino
1421 2180 1757 2269 Episcopo
1784 2179 2182 2269 assignavit.
2213 2182 2399 2262 Quae
2426 2180 2767 2268 baptizata

208 2283 322 2341 est
353 2270 426 2338 in
468 2269 577 2337 die
612 2283 848 2338 sancto
887 2274 1336 2349 PentecosteS‚
1376 2269 1601 2356 prima
1629 2268 1717 2337 de
1749 2283 1951 2359 gente
1976 2268 2766 2339 Nordan-Huntbrorum

207 2381 382 2430 cum
435 2357 800 2427 duodecim
853 2357 1010 2426 aliis
1043 2357 1126 2426 de
1167 2355 1426 2426 familia
1469 2358 1644 2447 eJuS.
1686 2362 1831 2439 Quo
1868 2372 2174 2447 tempore
2206 2369 2489 2426 curatus
2529 2380 2567 2426 a
2611 2357 2762 2427 vul-

215 2468 392 2517 nere
448 2446 581 2517 sibi
648 2446 914 2537 pridem
977 2446 1239 2515 inflicto
1298 2450 1458 2529 Rex,
1520 2445 1806 2517 collecto
1843 2447 2168 2528 exercitu,
2217 2445 2399 2516 venit
2432 2445 2770 2520 adversus

209 2543 477 2626 Regem
529 2536 1071 2606 occidentalium
1124 2540 1508 2615 Saxonum,
1573 2557 1653 2605 ac
1702 2536 1881 2605 bello
1938 2536 2131 2616 init0,
2168 2535 2554 2616 univerSOS,
2592 2557 2768 2622 quos

209 2627 286 2694 in
347 2645 584 2694 necem
638 2646 837 2694 suam
872 2625 1307 2713 conspirasse
1346 2624 1703 2707 didicerat,
1748 2640 1867 2695 aut
1899 2624 2174 2705 occidit,
2213 2637 2331 2694 aut
2371 2625 2440 2692 in
2477 2623 2770 2694 deditio-

212 2735 382 2783 nem
435 2714 712 2803 recepit.
755 2714 1002 2800 Sicque
1036 2717 1249 2782 victor
1295 2713 1364 2781 in
1411 2715 1703 2814 patriam
1748 2735 2084 2795 reversuS,
2126 2735 2259 2782 non
2303 2713 2532 2782 statim
2566 2727 2630 2782 et
2662 2714 2769 2781 in-

210 2802 538 2874 consulte
577 2814 1005 2872 sacramenta
1067 2802 1225 2871 fidei
1275 2802 1703 2873 Christianae
1737 2803 2089 2893 percipere
2140 2802 2389 2883 voluit;
2450 2803 2769 2889 quamvis

211 2914 345 2962 nec
375 2891 579 2962 idolis
613 2892 792 2962 ultra
833 2892 1131 2971 servivit,
1171 2913 1251 2960 ex
1280 2913 1419 2978 quo
1451 2915 1523 2962 se
1564 2892 1828 2962 Christo
1864 2893 2278 2960 serviturum
2312 2911 2461 2960 esse
2497 2890 2758 2980 promi-

213 2995 425 3052 serat.
480 2985 728 3051 Verum
784 2982 1010 3073 primo
1057 2980 1463 3071 diligentius
1494 3004 1572 3050 ex
1606 3002 1686 3050 eo
1735 2994 2039 3069 tempore
2067 2993 2132 3049 et
2163 2980 2251 3048 ab
2300 2980 2449 3069 ipso
2480 3001 2766 3048 venera-

217 3070 364 3140 bili'
385 3070 544 3139 Viro
575 3070 864 3141 Paulino
914 3070 1244 3139 rationem
1298 3069 1460 3139 fidei
1494 3070 1822 3150 ediscere,
1862 3083 1924 3138 et
1957 3091 2112 3138 curn
2149 3068 2295 3137 suis
2331 3068 2764 3157 primatibus,

214 3180 395 3245 quos
430 3159 879 3247 sapientiores
915 3170 1214 3236 noverat,
1261 3159 1527 3228 curavit
1558 3157 1888 3237 conferre,
1935 3157 2102 3244 quid
2146 3156 2233 3226 de
2264 3156 2372 3225 his
2411 3156 2758 3257 agendum

214 3248 747 3318 arbitrarentur.
801 3248 927 3317 Sed
979 3261 1044 3316 et
1094 3247 1262 3337 ipse,
1324 3269 1482 3317 cum
1546 3260 1724 3317 esset
1778 3247 1882 3314 vir
1947 3248 2192 3315 natura
2241 3246 2760 3347 sagacissimuS,

218 3359 335 3406 sae
392 3358 430 3405 e
469 3336 589 3404 diu
625 3336 814 3406 solus
860 3337 1191 3417 residenS,
1229 3358 1343 3406 ore
1377 3335 1655 3423 quidem
1695 3336 1920 3416 tacit0,
1966 3334 2079 3403 sed
2127 3336 2193 3402 in
2232 3335 2499 3404 intimis
2531 3334 2762 3403 cordis

217 3439 440 3495 muta
492 3445 724 3493 secum
778 3424 1201 3512 colloquens,
1241 3424 1406 3512 quid
1460 3425 1593 3494 sibi
1641 3439 1820 3495 esset
1866 3423 2285 3506 faciendum,
2318 3446 2494 3512 quae
2528 3423 2769 3515 religio

218 3512 584 3592 servanda,
634 3514 989 3584 tractabat.

307 3607 342 3690 ξ
394 3608 487 3673 6.
544 3606 688 3683 Quo
748 3616 1048 3691 tempore
1096 3601 1589 3671 exhortatorias
1638 3602 1719 3670 ad
1776 3601 1982 3671 fidem
2035 3600 2295 3671 litteras
2358 3623 2397 3670 a
2442 3599 2771 3670 Pontifice

221 3694 418 3761 Sedis
459 3689 884 3780 Apostolicae
920 3691 1264 3761 Bonisacio
1292 3691 1578 3780 accepit,
1620 3712 1915 3776 quarum
1952 3691 2078 3759 ista
2109 3703 2209 3759 est
2238 3690 2493 3759 forma:
2534 3695 2772 3758 Exem-

219 3781 375 3868 plar
425 3778 767 3871 Epistolae
821 3780 1200 3849 beatissimi
1234 3792 1300 3849 et
1346 3778 1715 3868 Apostolici
1750 3784 1971 3869 Papae
2020 3780 2219 3848 urbis
2263 3783 2614 3848 Romanae
2647 3784 2771 3847 Ec-

221 3868 469 3941 clesiae
521 3868 874 3948 Bonifacii,
929 3870 1227 3937 directae
1287 3869 1429 3936 viro
1479 3868 1778 3958 glorioso
1828 3868 2096 3937 Eduino
2145 3868 2311 3967 Regi
2362 3867 2761 3956 Anglorum.

309 3981 344 4024 «
398 3959 552 4028 Viro
616 3957 914 4047 glorioso
971 3957 1240 4026 Eduino
1294 3956 1458 4047 Regi
1520 3956 2355 4046 Anglorum,Bonifac-1us
2395 3959 2766 4046 episcopus

226 4065 461 4117 servus
533 4069 885 4116 servorum
939 4048 1079 4114 Dei.
1168 4047 1350 4115 Licet
1407 4065 1723 4114 summae
1787 4045 2166 4113 divinitatis
2229 4046 2572 4134 potentia,
2650 4045 2769 4113 liu·

226 4149 471 4205 manae
523 4136 888 4205 locutionis
944 4133 1198 4202 officiis
1245 4134 1600 4224 explanari
1649 4157 1786 4204 non
1845 4134 2086 4213 valeat,
2122 4136 2380 4223 quippe
2438 4157 2613 4221 quae
2653 4135 2766 4202 sui

232 4224 709 4311 magnitudine
759 4225 852 4292 ita
886 4223 1218 4292 invisibili
1254 4237 1457 4314 atque
1498 4222 1963 4312 investigabili
1999 4224 2391 4291 aeternitate
2420 4223 2753 4302 consistit,

231 4321 305 4375 ut
350 4333 496 4382 earn
553 4313 742 4382 nulla
781 4312 1037 4403 ingenii
1078 4314 1439 4403 sagacitas,
1483 4325 1744 4400 quanta
1778 4314 1888 4392 sit,
1929 4311 2509 4401 comprehendere
2549 4306 2771 4380 disse-⁸

232 4416 508 4498 rereque
556 4401 890 4471 sufficiat:
945 4402 1110 4488 quia
1174 4415 1399 4472 tamen
1451 4401 1600 4492 ejus
1637 4402 2037 4472 humanitas
2084 4400 2168 4469 ad
2222 4401 2759 4471 insinuationem

231 4504 380 4571 sui,
449 4491 764 4562 reseratis
811 4492 1040 4561 cordis
1081 4491 1375 4581 januiS‚
1446 4513 1624 4579 quae
1697 4491 1780 4561 de
1852 4489 2218 4581 semetipsa
2280 4490 2755 4581 proferentur,
