3347 4999
212 325 386 393 OCT.
442 327 525 393 ⁴9
958 343 1036 388 ως
1083 343 1176 390 ss.
1228 343 1371 390 rina
1417 343 1492 389 m·
1539 342 1844 391 CAPRASto
1891 344 2003 390 uir.
2529 329 2655 393 575

212 429 481 500 cunctis
528 426 1097 500 Christifilelibus
1143 426 1294 495 suit.
1349 428 1562 496 Vitam
1625 449 1924 513 namque.
1967 427 2405 516 temporalem
2461 429 2744 517 perdere

211 518 449 600 voluit,
501 532 577 587 ut
629 516 1003 606 possideret
1048 530 1436 585 aeternam:
1489 516 1646 602 quia
1700 517 1788 585 ab
1833 515 2157 585 infantiae
2195 518 2564 587 cunabulis
2620 524 2741 589 Do-

212 607 479 677 minum
531 613 765 675 Jesum
813 605 1153 674 Christum
1234 604 1493 684 dilexit,
1561 618 1629 673 et
1675 627 1877 673 suum
1931 605 2125 673 duxit
2164 626 2310 674 esse
2360 623 2733 678 auctorem.

205 697 491 765 Juvenis
519 695 797 782 quidem
843 693 1069 762 illatae
1107 694 1447 783 passionis
1482 693 1693 763 fuisse
1727 694 1980 763 dicitur
2017 708 2340 782 tempore,
2379 696 2493 763 sed
2533 719 2739 766 sensu

206 796 273 853 et
319 806 521 885 opere
570 806 771 855 senex
827 782 1165 851 manebat.
1234 783 1476 852 Pulcra
1537 797 1679 851 erat
1720 782 1912 863 facie,
1981 783 2093 851 sed
2147 784 2448 871 pulcrior
2480 799 2733 870 mente3

203 874 619 963 virginitatis
683 894 956 961 quoque
1022 871 1318 941 candore
1384 871 1925 954 formosissima,
1981 872 2349 959 vultusque
2399 873 2739 943 hilaritate

205 985 472 1033 serena.

292 1054 328 1138 ἓ
381 1057 466 1122 ’22
523 1051 768 1119 Eodem
825 1049 1035 1138 igitur
1095 1060 1399 1137 tempore
1448 1055 1726 1119 Praeses
1796 1050 2403 1130 sceleratissimus,
2461 1051 2738 1121 nomine

201 1140 568 1221 DacianuS‚
623 1139 925 1208 directus
973 1161 1009 1206 a
1062 1138 1363 1226 profanis
1413 1139 1951 1227 Imperatoribus
2026 1140 2436 1208 Diocletiano
2482 1155 2547 1210 et
2598 1146 2736 1209 Ma-

200 1230 529 1309 ximia110‚
583 1229 700 1314 qui
752 1242 918 1297 tunc
967 1232 1312 1296 Romanae
1360 1228 1539 1298 arcis
1591 1229 1960 1317 primatum
2017 1250 2245 1317 regere
2297 1228 2727 1311 videbantur,

201 1341 362 1387 cum
415 1323 879 1407 Agennensem
935 1318 1174 1385 urbem
1229 1315 1747 1405 ingrederetur,
1814 1315 1970 1386 dolo
2023 1317 2385 1400 instigatus
2433 1318 2727 1397 diaboli,

199 1420 543 1493 quatenus
594 1406 960 1496 sacrilegos
1011 1405 1361 1474 beneficiis
1395 1420 1884 1485 remuneraret,
1922 1419 2125 1492 atque
2165 1407 2567 1475 Christianis
2605 1408 2731 1475 ibi-

199 1495 353 1564 dem
409 1508 592 1564 metu
646 1496 866 1584 ipsius
918 1494 1285 1563 latentibus
1335 1495 1802 1564 atrocissimas
1855 1515 2106 1583 poenas
2158 1494 2455 1574 inferret,
2509 1496 2727 1564 conti-

200 1605 340 1652 nuo
391 1584 855 1653 beatissimam
910 1584 1241 1669 virginem
1288 1583 1515 1652 Fidem
1562 1583 1774 1671 jussit
1842 1584 2160 1653 accersiri
2233 1598 2296 1651 et
2364 1585 2508 1654 suis
2567 1607 2730 1653 con-

198 1674 549 1763 spectibus
599 1674 1114 1760 repraesentari.
1160 1675 1235 1739 At
1281 1671 1399 1740 illa
1448 1694 1519 1741 se
1568 1686 1809 1760 sponte
1861 1673 2192 1741 ministris
2231 1674 2544 1752 offerens,
2582 1695 2730 1742 cor-

196 1783 466 1850 pusque
514 1784 717 1831 suum
770 1761 1078 1847 undique
1126 1760 1324 1849 signo
1364 1774 1638 1831 sanctae
1689 1761 1921 1830 Crucis
1974 1762 2315 1841 muniens,
2373 1762 2610 1830 orabat
2642 1762 2726 1831 ad

199 1852 591 1930 Dominum,
646 1851 924 1918 dicens:
981 1873 1015 1915 «
1066 1849 1346 1918 Domine
1392 1849 1552 1919 lesu
1602 1851 1909 1929 Christe,
1966 1850 2081 1936 qui
2139 1866 2288 1919 tuos
2338 1871 2609 1939 semper
2659 1851 2724 1920 in

195 1941 521 2009 omnibus
569 1939 877 2028 adjuvas,
930 1938 1164 2007 adesto
1216 1959 1400 2007 nunc
1452 1939 1616 2007 mihi
1667 1938 1963 2007 farinulae
2016 1953 2190 2019 tuae,
2234 1952 2299 2007 et
2348 1939 2595 2028 praebe
2624 1936 2725 2008 ori

195 2050 347 2096 meo
395 2050 778 2097 sermonem
831 2026 1345 2117 acceptabilem,
1399 2049 1600 2112 quem
1646 2028 1713 2095 in
1767 2045 2140 2116 conspectu
2193 2029 2463 2116 tyranni
2516 2029 2724 2116 hujus

194 2117 673 2204 respondeam.
713 2139 749 2182 »
799 2122 875 2184 Et
922 2130 1182 2185 armata
1233 2115 1475 2185 vexillo
1523 2131 1798 2185 sanctae
1848 2117 2084 2186 Crucis
2119 2116 2184 2183 in
2224 2117 2463 2196 fronte,
2518 2139 2631 2185 ore
2661 2129 2726 2186 et

193 2221 488 2295 pectore,
530 2218 901 2291 sanctoque
951 2205 1262 2274 roborata
1314 2205 1586 2291 spiritu,
1642 2204 1845 2273 hilari
1886 2206 2120 2273 animo
2173 2206 2485 2296 perrexit.
2549 2210 2715 2274 Cum
2786 2270 2791 2277 .

192 2306 418 2363 autem
472 2294 771 2365 adstaret
819 2315 1050 2362 coram
1118 2294 1454 2373 Praeside‚
1523 2294 1618 2363 ait
1665 2294 1749 2362 ad
1819 2316 1966 2362 eam
2043 2293 2293 2363 blando
2362 2316 2717 2364 sermone:

193 2404 228 2448 «
296 2382 486 2464 Quod
537 2396 638 2452 est
685 2405 930 2453 nomen
988 2386 1235 2451 tuum?
1283 2405 1319 2448 »
1370 2382 1488 2451 Cui
1541 2396 1774 2453 sancta
1826 2383 2021 2451 Fides
2053 2438 2067 2463 ‚
2126 2383 2315 2452 nullo
2370 2384 2723 2472 perterrita

190 2485 401 2551 metu,
459 2472 849 2560 respondit:
906 2472 1146 2541 «Fides
1197 2472 1474 2541 nomine
1513 2485 1576 2541 et
1602 2494 1805 2562 opere
1855 2494 2076 2541 vocor.
2126 2494 2160 2538 »
2211 2478 2487 2543 Praeses
2522 2472 2713 2543 dixit:

190 2583 227 2627 «
280 2561 443 2643 Quis
491 2562 724 2631 cultus
765 2561 1118 2651 religionis
1166 2583 1244 2630 ac
1294 2560 1453 2629 fidei
1508 2565 1709 2630 tuae?
1742 2585 1776 2627 »
1829 2566 2070 2631 Sancta
2100 2561 2296 2630 Fides
2334 2562 2714 2651 respondit:

187 2671 223 2715 «
277 2652 370 2719 Ab
426 2651 700 2720 exordio
752 2650 1124 2737 iuventutis
1189 2671 1376 2718 meae
1445 2650 1827 2719 Christiana
1878 2672 2071 2732 sum,
2126 2664 2190 2719 et
2244 2651 2525 2719 Domino
2570 2672 2719 2719 meo

182 2743 349 2808 Jesu
398 2739 660 2809 Christo
736 2744 870 2809 tota
942 2738 1190 2807 mentis
1254 2738 1606 2808 devotione
1655 2739 2011 2820 deserviO,
2083 2738 2412 2825 illiusque
2464 2761 2712 2808 nomen

183 2828 535 2908 confiteor,
582 2828 681 2897 illi
734 2851 840 2898 me
892 2841 1024 2897 tota
1085 2828 1459 2896 intentione
1506 2829 1883 2898 committo.
1939 2851 1975 2894 »
2028 2833 2303 2897 Praeses
2357 2849 2510 2897 vero
2571 2827 2714 2895 cal-

183 2914 325 2984 lida
389 2917 850 3004 simulataque
921 2916 1413 3004 tranquillitate
1487 2917 1694 3007 paulo
1774 2915 2245 3006 indulgentius
2323 2915 2709 3017 respondit:

182 3026 218 3070 «
271 3007 513 3095 Accipe
546 3062 561 3088 ‚
618 3006 963 3093 inquienS‚
1007 3027 1046 3075 o
1084 3006 1501 3107 juvencula,
1580 3006 1950 3074 consilium
2008 3004 2459 3093 pulcritudini
2510 3017 2715 3091 atque

173 3093 520 3182 juventuti
572 3108 727 3165 tuae
779 3117 1264 3174 necessarium,
1318 3110 1383 3163 et
1428 3116 1619 3163 cessa
1667 3096 1755 3162 ab
1809 3094 1935 3161 hac
1984 3092 2435 3173 confessione,
2498 3107 2563 3163 et
2609 3115 2717 3162 sa·

179 3205 336 3253 crae
391 3184 637 3252 Dianae
689 3184 999 3254 sacrifica
1035 3238 1051 3263 ‚
1119 3183 1281 3269 quia
1335 3184 1349 3250 i
1408 3205 1479 3251 sa
1515 3195 1617 3251 est
1663 3182 1855 3250 sexui
1906 3194 2127 3250 vestro
2168 3182 2596 3252 consimilis:
2650 3193 2715 3252 et

178 3271 419 3341 multis
461 3273 866 3342 muneribus
919 3286 977 3342 te
1010 3271 1357 3360 amplifica
1412 3293 1474 3340 o.
1525 3295 1559 3338 »
1610 3275 1829 3352 Quam
1886 3271 2409 3359 promissionem
2463 3270 2712 3340 Christi

176 3361 370 3450 virgo
419 3359 601 3428 velut
651 3361 943 3429 nihilum
997 3375 1345 3450 reputanS,
1404 3360 1491 3427 ita
1547 3358 1930 3448 respondit:
1980 3381 2015 3425 «
2053 3364 2098 3427 A
2167 3373 2434 3448 patrum
2501 3359 2712 3429 tradi-

176 3450 484 3520 tionibus
531 3450 839 3535 cognovi,
906 3450 1066 3535 quia
1116 3469 1355 3517 omnes
1389 3447 1483 3516 dii
1534 3448 1843 3538 gentium
1899 3448 2263 3518 daemonia
2298 3461 2481 3528 sunt,
2520 3464 2585 3518 et
2635 3462 2709 3518 tu

172 3539 345 3608 mihi
400 3537 753 3607 blanditiis
791 3538 1198 3626 persuadere
1238 3537 1360 3617 vis,
1405 3550 1482 3606 ut
1528 3561 1561 3604 e
1614 3559 1651 3604 o
1699 3536 1799 3604 eis
1833 3537 2222 3606 sacrificare
2288 3537 2624 3608 debeam?
2674 3561 2709 3603 »

264 3630 299 3715 ξ
332 3632 423 3698 8.
458 3632 730 3695 Praeses
761 3647 934 3706 ver0‚
971 3627 1069 3695 ira
1105 3639 1350 3705 motus,
1384 3627 1540 3695 aita
1615 3648 1792 3693 eam:
1834 3648 1869 3691 «
1901 3626 2148 3711 thuid
2187 3626 2710 3716 praesumpsisti

172 3716 337 3786 deos
390 3730 655 3786 nostros
696 3715 924 3784 dicere
972 3715 1333 3784 daemonia
1368 3719 1566 3785 esse?
1612 3719 1740 3783 Aut
1793 3728 2128 3804 prostrato
2166 3737 2450 3804 corpore
2484 3736 2707 3802 quan-

170 3817 414 3895 tocyus
452 3805 586 3873 diis
627 3804 963 3884 sacrifica,
1019 3819 1136 3871 aut
1183 3803 1472 3872 diversis
1524 3817 1584 3873 te
1633 3803 1879 3873 faciam
1933 3804 2211 3873 interire
2249 3805 2626 3872 tormentis.
2669 3826 2705 3871 »

167 3899 357 3964 Tunc
405 3908 640 3964 sancta
689 3893 885 3963 Fides
924 3915 1161 3962 secura
1213 3893 1296 3961 de
1335 3892 1661 3981 praemio,
1716 3892 2027 3981 exemplo
2070 3914 2478 3981 magnorum
2532 3898 2708 3960 Mar-

168 3995 393 4071 tyrum
440 3986 775 4062 roborata,
836 3984 957 4051 has
1004 3981 1294 4050 audiens
1332 3983 1578 4057 minas,
1623 3994 1689 4051 et
1725 3981 2128 4052 desiderans
2177 4005 2213 4051 a
2252 3995 2519 4051 terrena
2565 3981 2700 4049 vita

165 4070 248 4139 ad
295 4095 661 4162 supernam
712 4071 999 4163 gloriam
1057 4071 1373 4162 migrare,
1417 4072 1482 4140 in
1538 4071 1715 4140 hanc
1767 4093 1992 4140 vocem
2043 4069 2376 4159 prorupit,
2433 4069 2699 4138 dicens:

166 4181 204 4225 «
258 4164 393 4248 Ego
451 4183 574 4251 pro
621 4184 854 4232 amore
906 4159 1170 4231 Domini
1224 4161 1353 4228 mei
1403 4161 1563 4230 lesu
1640 4160 1888 4229 Christi
1942 4180 2072 4228 non
2125 4159 2350 4228 solum
2408 4159 2542 4249 pati
2597 4158 2706 4227 di-

162 4271 360 4318 versa
406 4273 557 4319 sum
614 4265 845 4340 parata
898 4263 1254 4326 tormenta.
1294 4249 1407 4318 sed
1461 4249 1662 4317 etiam
1720 4259 2003 4320 mortem
2060 4270 2180 4337 pro
2226 4247 2381 4335 ejus
2431 4248 2703 4316 confes-

165 4337 361 4409 sione
400 4339 632 4408 subire
695 4339 1032 4409 desidero.
1090 4364 1123 4405 »
1176 4343 1363 4407 Tunc
1414 4344 1690 4407 Praeses
1761 4338 1979 4429 magis
2028 4359 2430 4417 succensu3‚
2489 4337 2705 4426 jussit

159 4426 573 4499 satellitibus
603 4443 681 4500 ut
727 4442 1033 4502 sanctam
1060 4429 1406 4520 Virginem
1457 4428 1787 4498 inferrent
1854 4449 1923 4497 in
1974 4426 2225 4500 lectum
2277 4449 2579 4509 aereum,
2631 4437 2699 4496 et
