3347 4999
652 316 778 381 ⁴84
1317 333 1395 379 nn
1429 331 1517 380 ss.
1558 326 1820 380 patemo
1867 332 1942 378 m·
1989 327 2190 378 socns
2223 331 2340 378 uu.
2834 312 3009 378 OCT.
3062 318 3104 380 5

557 428 625 490 et
672 419 741 487 in
796 430 1086 505 utraque
1133 416 1325 486 curia
1373 417 1663 486 Romani
1716 415 1999 506 Imperii
2049 427 2199 505 post
2246 421 2586 504 Augustos
2633 415 2811 485 nulli
2854 439 3103 486 secun-

560 508 717 588 duS,
772 507 978 576 homo
1027 504 1545 575 illustrissimus
1593 528 1672 575 ac
1721 504 2238 585 dilectissimuS‚
2294 505 2361 573 in
2405 506 2660 575 seniori
2717 511 2929 575 Roma
2983 529 3104 596 pa-

561 596 875 667 triciatus
918 595 1248 666 retinebat
1281 595 1608 663 habenas.
1648 594 1780 676 Qui
1813 616 1889 663 ex
1928 594 2318 663 Aniciorum
2358 595 2696 684 sanguine
2722 596 3102 664 stemmatis

560 685 813 755 lineam
866 684 1176 764 ducenS,
1230 682 1539 769 adeoque
1588 683 1966 772 sapientia,
2020 681 2422 752 fortitudine
2478 695 2682 770 atque
2731 682 3102 772 prudentia

560 774 801 864 viguit,
858 786 934 842 ut
982 774 1067 842 ab
1117 772 1661 861 Imperatoribus
1708 771 2038 859 omnique
2086 777 2393 841 Romano
2431 771 2684 861 populo
2731 777 2928 841 Pater
2978 796 3101 863 pa-

561 864 730 933 triae
778 874 1155 931 vocaretur.
1211 862 1334 929 Hic
1383 860 1466 928 de
1515 859 1828 929 Octaviae
1886 860 2108 950 gentis
2157 860 2420 929 familia
2469 861 2729 930 ducens
2787 883 3096 942 uxorem,

559 973 845 1042 corpore
893 973 971 1020 ac
1024 949 1334 1019 moribus
1383 949 1994 1038 speciosissimam,
2031 948 2251 1019 bonae
2290 949 2555 1019 arboris
2591 952 2805 1021 bonos
2836 949 3103 1021 fructus

561 1063 641 1110 ex
680 1063 760 1109 ea
793 1040 1118 1128 suscepit.
1159 1039 1464 1107 Primum
1495 1059 1793 1125 namque
1821 1037 2201 1119 Placidum,
2230 1038 2611 1108 secundum
2657 1039 3095 1127 Eutychium,

561 1129 835 1200 tertium
888 1129 1337 1207 Victorinum,
1373 1141 1618 1214 quarto
1656 1140 1884 1196 autem
1925 1126 2069 1195 loco
2118 1126 2285 1196 dum
2327 1126 2557 1216 puella
2596 1128 2790 1195 enixa
2828 1127 3091 1210 fuisset,

564 1239 690 1308 pro
757 1239 835 1285 eo
896 1217 1077 1304 quod
1148 1238 1228 1285 ex
1284 1216 1716 1285 Octaviorum
1768 1227 1831 1285 et
1893 1215 2276 1285 Flaviorum
2330 1216 2541 1306 stirpe
2588 1215 3094 1297 descendebat,

567 1305 862 1375 Flaviam
911 1306 1462 1374 nominaverunt.
1517 1309 1655 1374 Hos
1703 1327 1860 1373 cum
1914 1303 2096 1374 dicto
2146 1304 2432 1393 patricio
2485 1305 2878 1394 peperisset,
2921 1305 3102 1374 viam

562 1394 835 1465 Domini
886 1393 1040 1463 illos
1088 1393 1307 1463 colere
1354 1393 1613 1473 docuit,
1659 1392 1903 1462 sectari
1954 1394 2380 1482 patientiam,
2436 1393 2936 1474 humilitatem,
2985 1416 3097 1463 so-

563 1483 946 1562 brietatem,
985 1484 1362 1566 castitatem
1427 1495 1490 1551 et
1537 1482 1964 1565 charitatem.
2020 1488 2247 1551 Patres
2295 1481 2633 1569 siquidem
2686 1494 2880 1552 erant
2933 1505 3104 1572 pau-

565 1593 833 1662 perum,
865 1571 1140 1657 judices
1190 1571 1594 1640 viduarum:
1649 1587 1928 1640 causam
1971 1584 2198 1640 autem
2250 1593 2457 1658 quam
2495 1571 2914 1653 nesciebant,
2945 1571 3103 1639 dili·

565 1660 964 1751 gentissime
1032 1660 1559 1749 investigabant.
1631 1661 1859 1748 Ipsius
1929 1673 2157 1729 autem
2209 1659 2483 1729 Patricii
2540 1659 2872 1740 animuS,
2949 1660 3105 1730 licet

573 1748 1060 1838 Imperialibus
1111 1748 1400 1838 negotiis
1450 1747 1830 1838 implicitus
1877 1760 2092 1828 esset,
2150 1769 2420 1837 semper
2482 1760 2706 1817 tamen
2757 1764 2875 1816 aut
2922 1749 3107 1818 circa

567 1838 916 1918 ecc'lesiaS,
975 1848 1094 1906 aut
1140 1838 1324 1906 circa
1387 1837 1797 1906 monasteria
1845 1850 2010 1917 erat,
2067 1857 2360 1926 semper,
2400 1858 2477 1905 ea
2525 1859 2699 1923 quae
2752 1837 2862 1905 Dei
2913 1850 3099 1918 sunt,

564 1949 928 2014 quaerens.
984 1924 1235 1995 Eodem
1287 1935 1589 2015 tempore
1648 1926 2088 1995 beatissimus
2136 1947 2213 1993 ac
2266 1929 2395 1995 Deo
2443 1924 2937 1995 dilectissimus
2992 1931 3106 1994 Be-

566 2015 905 2093 nedictus,
964 2013 1146 2083 velut
1194 2013 1462 2083 Lucifer
1509 2014 1687 2083 inter
1717 2027 1921 2092 astra,
1954 2012 2139 2103 apud
2171 2013 2542 2083 Sublacum
2583 2014 2915 2084 radiabat.
2949 2018 3107 2084 Coe-

619 2116 825 2174 erunt
872 2100 1122 2170 deinde
1172 2102 1238 2170 in
1289 2101 1525 2172 eodem
1579 2102 1727 2173 loco
1775 2103 1859 2170 ad
1910 2124 2067 2171 eum
2139 2101 2333 2171 multi
2403 2103 2800 2185 confluere,
2855 2116 2920 2172 et
2974 2103 3107 2173 sub

567 2126 707 2261 leni
748 2190 1224 2280 Redemptoris
1263 2192 1436 2283 jugo
1482 2191 1712 2261 cordis
1759 2194 2056 2260 cervlces
2095 2189 2438 2272 edomare,
2489 2191 2825 2279 multique
2871 2192 2957 2261 ab
2989 2214 3105 2262 eo-

567 2281 722 2350 dem
777 2292 966 2368 patre
1000 2281 1067 2348 in
1119 2280 1355 2349 eadem
1408 2281 1685 2369 regione
1732 2280 1817 2349 ad
1869 2280 2358 2369 omnipotentis
2401 2280 2512 2349 Dei
2549 2295 2711 2351 sunt
2744 2282 3105 2351 servitium

566 2368 962 2448 coadunati,
997 2369 1089 2437 ita
1122 2381 1198 2438 ut
1232 2368 1372 2438 illic
1402 2367 1765 2438 duodecim
1810 2369 2220 2439 monasteria
2250 2382 2695 2450 construeret,
2744 2371 2808 2437 in
2845 2371 3106 2457 quibus

569 2458 698 2532 sub
739 2457 1010 2528 statutis
1060 2458 1467 2547 praepositis
1500 2457 1855 2528 duodenos
1891 2457 2265 2528 monachos
2300 2457 2688 2549 deputavit:
2729 2459 3106 2529 nonnullos

565 2568 723 2615 vero
772 2568 1006 2616 secum
1061 2547 1361 2628 retinuit,
1416 2569 1590 2633 quos
1622 2546 1853 2616 adhuc
1894 2548 1962 2616 in
1994 2570 2121 2617 sua
2157 2549 2537 2637 praesentia
2577 2548 2806 2639 aptius
2836 2549 3103 2618 erudiri

534 2634 940 2724 'judicabat

658 2733 694 2804 ἓ
745 2729 828 2796 4.
885 2725 1090 2792 Fama
1141 2723 1369 2809 itaque
1406 2722 1573 2792 tanti
1624 2724 1836 2813 patris
1887 2747 2005 2814 per
2053 2737 2265 2794 toturn
2300 2731 2686 2795 Romanum
2721 2726 3104 2815 Imperium

565 2812 913 2892 volitante,
968 2812 1209 2882 urbem
1265 2812 1484 2900 ipsam
1537 2817 1850 2895 Romam,
1891 2836 2066 2901 quae
2093 2815 2380 2883 Romani
2432 2814 2712 2904 Imperii
2754 2816 3106 2883 omnium-

566 2924 701 2987 que
751 2901 1027 2971 urbium
1101 2914 1310 2990 caput
1355 2912 1487 2980 est,
1539 2922 1667 2970 ceu
1716 2902 1814 2970 sol
1867 2901 2144 2970 radians
2176 2956 2190 2981 ,
2247 2901 2530 2991 replevit
2586 2900 2975 2981 intantum,
3029 2916 3108 2972 ut

566 2989 844 3058 Tertulli
903 2989 1168 3079 patricii
1222 2988 1601 3079 perveniret
1648 2989 1734 3058 ad
1784 3012 2009 3060 aureS.
2083 2990 2211 3072 Qui
2259 3012 2419 3059 cum
2473 2989 2923 3075 optimatibus
2973 2995 3104 3059 Ro-

566 3080 759 3147 mani
809 3079 1115 3167 Imperii,
1173 3077 1597 3167 temporibus
1642 3077 1678 3112 ²*
1721 3078 1885 3147 Julii
1922 3084 2163 3164 Papae,
2204 3077 2476 3147 divinae
2515 3090 2742 3146 autem
2782 3077 3108 3149 incarna-

567 3168 776 3235 tionis
825 3188 1009 3235 anno
1056 3190 1185 3235 xx11
1233 3189 1312 3234 ac
1359 3166 1934 3254 quingentesimo,
1989 3167 2072 3235 ad
2128 3179 2387 3256 patrem
2441 3166 2958 3236 sanctissimum
2991 3172 3111 3236 Be·

566 3255 919 3323 nedictum
972 3255 1412 3343 pervenisset,
1453 3255 1556 3323 vir
1593 3253 2234 3336 excellentissimuS,
2271 3268 2334 3324 et
2367 3255 2807 3343 Imperatoris
2837 3254 2901 3322 in
2940 3257 3110 3325 orbe

568 3347 877 3411 Romano
919 3343 1311 3431 praecelsus
1360 3365 1438 3411 ac
1496 3342 1894 3432 singulariS,
1939 3348 2264 3433 ,purpura
2313 3342 2643 3423 indutuS,
2699 3344 2992 3434 gemmis
3040 3356 3108 3414 et

567 3452 736 3501 auro
786 3430 1086 3512 radians,
1144 3431 1436 3520 pedibus
1474 3432 1624 3521 ejus
1661 3431 2101 3521 provolvitur,
2133 3428 2346 3519 fitque
2379 3455 2498 3522 pro
2527 3433 2673 3504 suis
2708 3431 3105 3504 commissis

572 3518 838 3588 Domini
890 3521 1226 3609 flagitaret
1272 3519 1706 3589 clementiam
1741 3574 1757 3602 ,
1818 3541 1975 3588 cum
2038 3520 2362 3610 lacrymis
2426 3534 2630 3609 atque
2680 3520 3108 3610 singultibus

566 3608 989 3699 exposcebat.
1034 3610 1147 3677 Vir
1202 3622 1428 3678 autem
1488 3609 1751 3677 Domini
1801 3609 2207 3680 Benedictus
2243 3665 2257 3690 ,
2325 3610 2591 3699 patricii
2644 3609 3104 3682 bumilitatem

565 3697 950 3778 advertens,
1003 3719 1040 3767 e
1091 3709 1267 3767 terra
1315 3719 1472 3766 eum
1526 3696 1791 3777 levavit,
1849 3711 1912 3768 et
1960 3698 2044 3768 de
2084 3699 2216 3780 his,
2262 3721 2438 3785 quae
2485 3699 2567 3767 ad
2622 3711 2963 3767 aeternam
3003 3699 3103 3765 vi·

565 3799 700 3855 tam
753 3786 1086 3865 attinent,
1140 3785 1561 3855 sufficienter
1631 3788 1978 3858 instruxit.
2051 3787 2238 3856 Idem
2294 3809 2449 3857 vero
2502 3786 2829 3877 patricius
2862 3842 2877 3867 ,
2926 3787 3106 3856 servi

563 3875 835 3943 Domini
906 3874 1219 3944 doctrina
1291 3874 1707 3956 delectatus,
1760 3897 1839 3945 eo
1903 3875 2013 3945 die
2060 3876 2310 3946 obtulit
2362 3882 2491 3946 Deo
2538 3891 2603 3946 et
2649 3877 2867 3945 eidem
2927 3876 3106 3964 patri

563 3962 924 4033 Benedicto
971 3962 1327 4033 Placidum
1365 4018 1380 4045 ‚
1447 3963 1670 4034 fllium
1722 3986 1932 4033 suum
2015 3980 2462 4055 septennem,
2528 3964 2975 4034 nutriendum
3039 3977 3105 4034 et

559 4050 1078 4133 erudiendum,
1134 4052 1519 4122 secundum
1593 4053 1978 4143 regularem
2047 4076 2360 4123 normam
2418 4054 2906 4133 institutionis;
2964 4052 3098 4120 sic-

558 4160 692 4226 que
753 4139 1231 4210 benedictione
1295 4142 1644 4221 munitus,
1720 4141 1805 4210 ad
1873 4142 2117 4211 Urbem
2193 4164 2510 4212 reversus
2576 4155 2698 4212 est.
2772 4141 3099 4210 Placidus

563 4241 790 4296 autem
845 4230 1326 4299 sanctissimus
1384 4252 1546 4300 cum
1595 4229 1726 4300 sub
1777 4230 2158 4300 beatissimi
2208 4230 2551 4300 Benedicti
2603 4228 2905 4318 regulari
2958 4251 3102 4297 ma-

563 4316 846 4406 gisterio
893 4332 1268 4401 cresceret,
1332 4332 1640 4407 sanctam
1690 4332 1755 4388 et
1805 4324 1935 4388 Deo
1985 4319 2306 4409 placitam
2373 4320 2577 4388 vitam
2643 4319 2710 4385 in
2776 4318 3107 4387 omnibus

615 4442 643 4471 ⁸
669 4444 805 4485 Anno
823 4446 900 4486 522
919 4445 1084 4492 nullus
1102 4448 1276 4487 Romne
1298 4445 1490 4487 sedebnt
1508 4446 1680 4486 sunus.
1699 4446 1918 4486 Summus
1938 4446 2165 4493 Pontifex,
2184 4447 2296 4485 tuno
2316 4441 2556 4494 temporis,
2575 4445 2678 4485 erat
2697 4444 2984 4486 Hormisdas.
