3347 4999
189 296 367 362 OCT.
426 297 507 360 46
667 351 678 361 .
1100 316 1178 360 ns
1226 315 1280 361 s.
1335 314 1585 361 Emeum
1634 316 1823 362 MART.
2510 299 2638 364 439

185 421 432 468 eorum
488 398 712 488 capita
765 398 1038 488 juberet
1098 397 1399 468 auferri:
1451 411 1514 468 et
1565 398 1720 468 licet
1780 398 2271 469 nonnullorum
2316 400 2726 490 sanguinem

187 486 394 556 fundi
433 486 804 575 aliquando
847 487 1296 577 prohibuerit,
1348 487 1599 557 ductus
1632 487 1915 566 invidia,
1975 508 2059 557 ne
2100 488 2455 558 moriendo
2489 489 2729 559 fierent

186 575 497 667 gloriosi,
554 597 686 645 non
736 597 850 644 eos
901 576 966 643 in
1018 576 1287 646 civitate
1319 576 1626 645 habitare
1677 576 2011 665 permisit,
2064 598 2236 663 quos
2276 575 2609 657 fortiores,
2664 590 2729 647 et

187 667 262 734 in
315 664 554 734 faciem
621 665 753 735 sibi
818 664 1206 735 resistentes
1255 665 1535 734 invenit.
1596 667 1843 734 Mirum
1885 719 1901 745 ,
1971 665 2153 751 quod
2215 665 2398 734 circa
2457 679 2728 755 tempus

182 754 373 823 idem
425 754 697 823 beatum
733 754 1096 823 Martinum
1151 775 1400 822 novum
1453 765 1805 843 tyronem,
1862 768 1925 823 et
1973 754 2235 824 Christo
2278 753 2572 824 militare
2605 776 2729 824 cu-

188 843 490 934 pientem
523 895 543 922 ,
622 855 687 911 et
755 842 1091 911 dicentem
1143 842 1321 911 sibi:
1386 847 1774 923 HactenuS,
1844 846 2133 922 Caesar,
2197 844 2496 911 militavi
2557 844 2724 911 tibi.-

183 942 446 1023 patere,
501 942 576 999 ut
621 955 794 999 nunc
840 933 1122 1000 militem
1170 936 1299 1000 Deo
1333 956 1359 1009 ,·
1412 932 1631 1000 vivere
1682 931 2013 1021 permisit,
2067 947 2131 1001 et
2172 931 2525 999 infremuit
2570 931 2728 1018 qui-

188 1021 373 1101 dem,
413 1020 530 1089 sed
583 1041 715 1088 non
766 1041 922 1089 eum
973 1019 1243 1089 occidit.
1297 1023 1496 1089 Hunc
1536 1033 1791 1100 autern,
1835 1020 2000 1106 quin
2054 1020 2299 1089 Christi
2355 1031 2727 1108 martyrem

189 1108 463 1188 faceret,
520 1109 640 1194 qui
689 1108 1100 1197 martyribus
1151 1108 1518 1187 invidebat,
1576 1107 1766 1178 nullo
1818 1109 2180 1198 patientiae
2226 1109 2553 1198 figmento
2602 1131 2721 1178 su·-

191 1199 446 1268 stinere
495 1196 593 1266 vel
645 1196 917 1265 differre
965 1197 1208 1287 potuit.
1279 1197 1488 1266 Credo
1535 1197 1770 1286 igitur,
1835 1209 1911 1266 ut
1968 1197 2110 1266 dixi
2153 1252 2168 1277 ,
2235 1197 2416 1284 quod
2478 1217 2728 1287 magno

187 1286 334 1356 zelo
383 1286 484 1354 vir
533 1285 902 1355 laudabilis
935 1285 1064 1354 tale
1096 1285 1262 1372 quid
1311 1285 1581 1355 fecisset
1634 1299 1753 1355 aut
1799 1285 2125 1366 dixisset,
2176 1299 2449 1375 propter
2494 1284 2728 1371 qualia

191 1376 612 1445 Christianos
638 1374 753 1443 ille
785 1396 1002 1443 vanus
1032 1373 1414 1443 interficere
1447 1374 1727 1453 solebat,
1764 1387 2114 1461 tamquam
2146 1396 2292 1444 reos
2320 1373 2719 1461 majestatiS,

189 1486 329 1533 non
384 1477 732 1550 tamquam
788 1476 1058 1553 propter
1105 1485 1383 1532 causam
1439 1464 1578 1533 sive
1627 1462 2142 1552 professionem,
2198 1463 2725 1532 Christianitatis

187 1552 474 1632 scilicet,
507 1565 626 1620 aut
654 1565 926 1641 propter
957 1551 1491 1623 destructionem
1523 1551 1960 1642 templorum,
1993 1564 2109 1621 aut
2145 1566 2419 1642 propter
2443 1550 2722 1639 aliquod

191 1642 504 1722 verbum,
542 1640 722 1727 quod
762 1640 1101 1730 imperiali
1152 1640 1394 1711 honori
1426 1640 1640 1709 videri
1680 1652 1902 1730 posset
1935 1641 2375 1731 injuriosum.
2415 1639 2724 1728 Exempli

188 1730 451 1819 gratia:
507 1734 672 1799 Cum
729 1729 912 1818 apud
971 1729 1320 1818 Daphnem
1374 1728 1513 1799 duo
1551 1731 1862 1818 juvenes,
1916 1751 2211 1816 quorum
2267 1728 2438 1798 alter
2472 1728 2723 1797 Juven-

193 1820 406 1895 tinus,
455 1817 625 1887 alter
675 1816 901 1887 dictus
947 1829 1048 1886 est
1100 1819 1456 1897 Maximus,
1510 1817 1751 1887 militia
1805 1817 1997 1897 clari,
2053 1818 2579 1909 ingemiscerent
2627 1817 2726 1884 vi-

189 1908 433 1977 dentes
473 1907 1016 1977 abominationes
1061 1906 1324 1976 Juliani
1367 1906 1560 1995 (nam
1609 1906 1827 1977 fontes
1878 1906 2072 1977 urbis
2121 1906 2479 1977 sacrificiis
2513 1904 2725 1974 viola-

191 2009 401 2076 verat,
455 2008 518 2063 et
566 2008 812 2064 cuncta
856 1993 1118 2064 venalia
1171 1994 1238 2062 in
1291 1995 1593 2084 publico,
1638 1996 1964 2065 scelerata
2003 1995 2446 2085 adspersione
2493 2007 2727 2063 conta-

196 2085 572 2153 minaverat
604 2138 618 2164 ‚
673 2097 746 2152 ut
784 2083 1219 2154 comedentes
1266 2096 1329 2153 et
1376 2083 1687 2152 bibentes
1738 2083 2203 2173 polluerentur
2242 2084 2369 2153 hoc
2419 2081 2719 2171 modo),

196 2172 401 2242 trium
456 2194 826 2262 puerorum
867 2173 931 2240 in
968 2171 1313 2260 Babylone
1352 2171 1864 2259 splendentium
1915 2172 2350 2242 sermonibus
2388 2172 2499 2241 usi
2532 2183 2719 2250 sunt,

191 2261 546 2329 dicentes:
606 2262 970 2330 Tradz'disti
1013 2263 1188 2330 enim
1220 2283 1335 2330 nos
1364 2263 1534 2351 Reqi
1577 2263 1829 2352 iniquo,
1881 2264 2005 2361 qui
2043 2263 2311 2331 recessit
2357 2283 2400 2329 α
2448 2271 2508 2329 te
2540 2262 2727 2328 ultra

193 2373 416 2419 omnes
462 2361 688 2438 ‚qentes
726 2373 899 2441 quae
936 2361 1089 2418 sunt
1137 2352 1206 2418 in
1256 2360 1460 2418 terra.
1512 2353 1691 2418 Haec
1743 2348 2032 2418 audiens
2080 2350 2231 2432 ille,
2296 2349 2479 2418 mitis
2526 2361 2730 2435 atque

196 2438 655 2528 philosophus
684 2460 721 2508 a
754 2439 859 2509 sui
897 2438 1244 2508 similibus
1287 2438 1704 2521 nominatuS,
1744 2438 2113 2529 impietatis
2138 2438 2378 2509 faciem
2415 2437 2729 2527 protinus

194 2528 542 2608 enudavit,
590 2527 1017 2616 praecipiens
1050 2529 1149 2597 eis
1182 2527 1655 2597 amarissimas
1705 2526 1943 2618 plagas
1992 2528 2266 2598 inferri:
2316 2548 2490 2614 quos
2523 2526 2729 2595 etiam

194 2617 349 2685 luce
385 2617 715 2705 privavit:
773 2615 991 2705 magis
1040 2629 1291 2695 autem,
1345 2615 1527 2702 quod
1570 2617 1799 2685 verius
1828 2630 1951 2697 est,
2007 2616 2194 2686 illius
2244 2615 2570 2715 temporis
2620 2614 2725 2682 in-

194 2704 515 2774 felicitate
565 2704 865 2773 liberans
896 2757 916 2784 ,
971 2725 1085 2773 eos
1133 2704 1218 2773 ad
1269 2725 1556 2774 coronas
1619 2704 2072 2793 sempiternas
2122 2703 2524 2774 transmisit.
2595 2700 2724 2770 Sed

192 2806 261 2863 et
311 2793 591 2882 plurimi
637 2792 996 2873 nobilium,
1032 2805 1094 2861 et
1123 2792 1453 2882 dignitate
1500 2792 1936 2884 fulgentium,
1990 2805 2255 2863 utentes
2291 2788 2722 2888 talifiducia,

193 2883 466 2952 coronis
514 2881 920 2968 aequalibus
955 2896 1115 2951 sunt
1146 2882 1474 2951 coronati.
1530 2881 1855 2972 Fingebat
1900 2882 2108 2960 enim,
2148 2904 2220 2950 se
2262 2881 2331 2949 in
2381 2878 2479 2947 eis
2526 2899 2729 2964 quasi

190 2993 472 3041 causam
526 2971 768 3040 ulcisci
817 2969 1195 3058 imperialis
1245 2971 1560 3071 injuriae,
1608 2984 1672 3040 et
1723 2970 1847 3040 hoc
1882 2969 2225 3060 divulgari
2262 2967 2573 3068 jubebat,
2628 2969 2727 3033 in-

75 3077 78 3088 *
193 3059 433 3128 videns
481 3058 1019 3129 decertatoribus
1067 3060 1366 3129 veritatis
1407 3081 1475 3127 in
1511 3058 1971 3149 appellatione
2020 3057 2329 3146 martyrii
2380 3054 2634 3145 pariter
2665 3065 2730 3123 et

191 3147 502 3218 honoris.
557 3147 927 3216 Artemium
979 3169 1295 3234 quoque,
1356 3149 1476 3234 qui
1514 3148 1938 3237 temporibus
1986 3145 2360 3215 Constantii
2401 3150 2545 3213 Dux
2594 3141 2726 3222 fuit

189 3235 524 3325 Aegypti,
578 3237 904 3322 quoniam
974 3236 1162 3305 illius
1213 3250 1514 3324 tempore
1564 3235 1744 3304 idola
1794 3234 2009 3305 multa
2061 3233 2530 3325 confregerat,
2588 3252 2728 3299 non

191 3325 419 3395 solum
470 3322 911 3394 facultatibus
965 3324 1229 3394 nudum
1296 3324 1636 3405 reddidit,
1698 3323 1815 3393 sed
1876 3323 2078 3394 etiam
2138 3324 2383 3413 capitis
2431 3319 2729 3392 sectione

192 3412 572 3484 mulctavit.
612 3417 788 3482 Haec
826 3435 945 3503 pro
974 3412 1283 3499 exemplo
1320 3413 1502 3482 dicta
1540 3415 1700 3492 sint,
1745 3412 1979 3499 quales
2013 3412 2100 3481 ob
2133 3434 2379 3482 causas
2412 3409 2526 3480 ille
2562 3413 2730 3477 San-

185 3515 337 3572 ctos
372 3502 752 3571 interficere
788 3523 922 3570 non
957 3501 1196 3570 fuisset
1231 3500 1569 3581 insolitus,
1608 3501 1752 3588 qui,
1794 3502 2036 3591 utjam
2071 3500 2332 3571 dictum
2367 3511 2492 3581 est,
2535 3518 2729 3566 man-

190 3604 431 3660 suetus
462 3603 526 3658 et
558 3589 643 3658 ab
675 3590 1036 3659 iracundia
1070 3602 1394 3669 remotus,
1433 3590 1519 3659 ab
1553 3590 1788 3679 impiis
1822 3589 2210 3660 vocabatur.

283 3681 501 3765 §nu
546 3684 912 3766 Utramque
942 3700 1247 3759 causam,
1287 3690 1362 3747 ut
1395 3679 1601 3748 istum
1637 3700 1911 3766 quoque
1943 3678 2175 3747 Virum
2211 3677 2727 3749 sanctissimum

190 3767 625 3848 interficeret,
680 3766 873 3836 illum
927 3766 1273 3846 habuisse,
1331 3767 1621 3855 simplex
1668 3789 1941 3855 quoque
1988 3788 2212 3836 sermo
2261 3777 2543 3836 testatur
2579 3789 2732 3857 pas—

190 3855 407 3926 sionis
438 3856 610 3945 ejus.
643 3862 805 3925 Nam
841 3855 1065 3936 illum,
1097 3855 1217 3942 qui
1246 3857 1638 3936 accusabat,
1670 3857 1848 3925 inter
1871 3867 2136 3925 caetera
2168 3854 2421 3924 dixisse
2449 3868 2720 3925 narrat:

193 3965 233 4009 «
277 3945 664 4025 Considera,
720 3948 960 4014 Caesar
995 3998 1010 4025 ,
1064 3943 1226 4031 quia
1276 3945 1399 4014 tibi
1436 3958 1503 4013 et
1551 3944 1798 4013 semini
1848 3957 1965 4014 tuo
2021 3965 2156 4013 non
2209 3963 2557 4033 prospera,
2614 3942 2729 4013 sed

192 4030 482 4101 adversa
517 4032 895 4123 prophetat,
950 4046 1013 4102 et
1046 4035 1193 4104 sine
1224 4033 1369 4103 ullo
1412 4034 1508 4102 tui
1551 4025 1793 4102 timore
1839 4046 2076 4103 contra
2117 4045 2306 4103 tuam
2356 4032 2733 4121 potentiam

193 4119 522 4191 audacter
554 4120 855 4191 rebellat.
889 4146 925 4188 »
954 4127 1189 4210 Ipsum
1226 4144 1498 4209 quoque
1527 4120 1882 4191 Julianum
1916 4121 2136 4191 taliter
2157 4133 2395 4190 contra
2432 4120 2731 4189 eundem

195 4207 442 4278 Christi
460 4215 819 4300 Martyrem
850 4209 1234 4297 loquentem
1269 4211 1559 4281 inducit:
1588 4233 1622 4276 «
1641 4210 1891 4299 Eliphi,
1923 4230 2135 4296 quare
2160 4209 2324 4279 deos
2349 4208 2727 4298 dissipasti,

193 4308 261 4365 et
310 4296 890 4368 incantationibus
940 4297 1216 4368 nefariis
1265 4298 1355 4367 *ad
1414 4298 1709 4368 nihilum
1765 4297 2161 4367 deduxisti?
2214 4298 2355 4367 Nisi
2411 4319 2561 4367 meo
2614 4296 2731 4366 ob·

193 4397 530 4474 temperes
568 4402 945 4478 praecepto,
980 4399 1046 4457 et
1092 4389 1375 4457 renoves
1422 4388 1608 4470 deoS,
1656 4399 1858 4475 atque
1890 4386 2074 4458 colas
2114 4408 2285 4475 quos
2335 4386 2732 4456 minutatim
