3347 4999
681 306 811 369 298
1262 322 1339 368 DE
1388 321 1439 367 s.
1498 319 1803 367 novovico
1852 317 2221 369 nssnrnANno
2269 319 2452 368 com-¹.
2863 302 3036 370 OCT.
3094 308 3143 371 9

682 412 718 496 ἓ
766 413 914 481 12.
954 406 1047 476 Ab
1083 406 1251 497 ipsis
1283 405 1474 474 Indis
1512 405 1699 474 visus
1732 405 1860 474 fuit
1893 428 1931 473 a
1968 409 2143 474 terra
2186 405 2252 474 in
2295 404 2539 477 ecstasi
2572 405 2895 487 elevatus,
2926 429 3139 494 quem

596 496 1031 588 postmodum
1102 497 1374 565 summa
1427 494 1857 563 veneratione
1909 494 2314 577 coluerunt,
2366 509 2430 564 et
2486 496 2848 565 abeuntem
2902 518 3147 566 amare

593 587 1060 663 defleverunt;
1123 582 1561 669 crediturque
1633 583 1967 673 populum
2038 583 2231 653 illum
2300 585 2451 685 ejus
2514 584 2995 654 intercessione
3063 586 3141 655 in

559 675 841 744 Christi
895 674 1161 743 Domini
1199 672 1331 741 fide
1361 673 1591 741 adhuc
1628 694 2083 762 perseverare,
2122 672 2205 741 ad
2237 695 2442 762 cujus
2472 672 2843 763 hospitium
2889 674 2956 741 in
2993 695 3147 745 ora-

594 765 846 833 torium
912 774 1413 833 commutatum
1478 761 1679 829 etiam
1750 783 1934 830 nunc
1982 774 2047 829 et
2106 761 2257 830 Indi
2307 775 2372 831 et
2422 762 2706 850 Hispani
2756 761 2839 830 ad
2899 762 3143 833 divina

591 852 926 922 beneficia
982 853 1134 939 ejus
1200 849 1576 940 patrocinio
1641 849 2073 938 impetranda
2131 864 2528 920 accurrunt.
2581 850 2702 921 His
2756 850 3012 921 similia
3061 853 3139 922 in

590 942 869 1031 oppidis
920 942 1202 1030 Cipacoe
1249 954 1315 1007 et
1361 938 1621 1008 Peluati
1668 938 1829 1027 egit,
1884 938 2001 1006 ubi
2050 939 2280 1019 etiam,
2325 938 2786 1029 evangelicam
2842 961 3141 1029 pauper-

596 1044 797 1100 tatem
852 1051 1132 1099 servans
1167 1083 1181 1108 ‚
1240 1027 1458 1098 laetus
1509 1027 1574 1094 in
1629 1049 1857 1097 rerum
1909 1031 2182 1096 summa
2252 1029 2483 1117 inopia
2531 1040 2595 1096 et
2644 1027 2875 1098 volens
2924 1029 3137 1100 vitam

589 1120 901 1209 degebat,
957 1140 1036 1187 ac
1083 1116 1508 1185 orationibus
1561 1130 1826 1205 praeter
1872 1137 2059 1206 spem
2104 1128 2369 1205 optatos
2400 1117 2698 1187 obtinuit
2739 1117 3018 1199 imbres,
3066 1132 3136 1187 et

590 1209 912 1298 Cinagam
966 1206 1253 1276 fluvium
1302 1226 1460 1295 prae
1491 1227 1827 1291 aquarum
1864 1204 2318 1275 redundantia
2356 1206 2791 1295 impervium,
2839 1206 3131 1296 signans

587 1318 794 1366 cruce
835 1320 868 1365 a
928 1318 1074 1375 uaS‚
1115 1308 1315 1386 prout
1363 1293 1594 1373 voluit,
1644 1295 1993 1383 transegit.
2050 1294 2376 1364 Cadentes
2423 1295 2625 1364 etiam
2685 1295 2945 1364 circum
2998 1318 3133 1366 un·

590 1386 801 1473 dique
856 1411 893 1476 p
930 1386 1168 1463 uviae,
1224 1382 1342 1451 illo
1402 1383 1868 1452 beatissimam
1923 1382 2262 1471 Virginem
2316 1384 2398 1451 de
2448 1383 2730 1457 Rosario
2779 1383 2889 1472 pie
2940 1384 3131 1453 invo-

588 1491 785 1544 cante
817 1530 831 1556 ,
890 1496 1013 1544 nec
1062 1473 1289 1563 ipsum
1346 1493 1468 1540 nec
1520 1470 1743 1540 socios
1793 1471 2189 1561 attigerunt.
2245 1472 2386 1541 Sub
2437 1486 2663 1543 monte
2704 1478 2768 1544 S.
2832 1473 3133 1543 Marthae

587 1564 918 1633 Indorum
971 1561 1358 1631 accolarum
1408 1559 1678 1628 circiter
1717 1560 2114 1646 quindecim
2167 1559 2432 1641 millia,
2491 1562 2636 1632 suis
2680 1561 3132 1650 praedicatio-

589 1654 796 1722 nibus
831 1652 911 1720 ad
951 1652 1156 1721 fidem
1209 1650 1559 1727 conversa,
1606 1649 1990 1737 baptizavit.
2035 1653 2109 1718 Et
2150 1672 2280 1718 non
2323 1650 2556 1739 procul
2598 1650 2757 1718 inde
2799 1652 3127 1739 potentis-

588 1742 840 1811 simum
882 1760 1216 1809 venenum
1255 1737 1386 1805 sibi
1420 1737 1506 1806 ab
1541 1736 1878 1807 idolorum
1913 1738 2303 1808 sacrificulo
2342 1739 2777 1829 propinatum
2814 1739 3122 1821 ebibens,

590 1844 741 1920 post
774 1831 1084 1917 quinque
1116 1827 1262 1895 dies
1305 1824 1549 1894 lethale
1585 1826 1773 1896 virus
1819 1848 1977 1895 cum
2031 1826 2291 1912 aliquot
2324 1828 2672 1897 vermibus
2730 1849 2853 1897 seu
2904 1830 3130 1917 parvis

586 1920 1022 2009 serpentibus
1082 1914 1433 1985 stomacho
1483 1915 1716 2003 ejectis
1747 1969 1762 1995 ,
1825 1937 1903 1984 ac
1948 1914 2315 1986 incolumis
2361 1938 2613 2006 magno
2663 1918 3126 2005 praesentium

586 2021 865 2096 stupore
901 2002 1316 2095 perduravit.

677 2100 713 2182 ξ
761 2099 907 2168 18.
964 2100 1385 2165 Daemones,
1440 2091 1802 2161 visibiliter
1848 2092 2171 2181 gentibus
2220 2092 2358 2162 illis
2419 2106 2877 2182 apparentes,
2930 2094 2985 2162 si
3042 2117 3127 2165 no

584 2184 811 2253 crucis
844 2197 909 2251 et
941 2181 1135 2250 miris
1188 2180 1408 2249 modis
1456 2202 1657 2270 saepe
1708 2180 1987 2270 fugavit,
2036 2182 2293 2268 quibus
2330 2182 2560 2272 plures
2594 2181 2766 2252 alios
2798 2181 2880 2250 ad
2917 2182 2961 2250 fi
3016 2204 3124 2252 em

585 2272 894 2340 adduxit.
941 2276 1015 2340 In
1053 2269 1306 2360 oppido
1348 2270 1663 2357 Monpoix
1704 2271 1829 2339 visi
1871 2283 2034 2339 sunt
2063 2269 2122 2338 ei
2159 2273 2518 2360 genuflexo
2556 2271 2874 2340 assistere
2908 2272 3129 2341 sancti

584 2361 895 2429 doctores
940 2359 1340 2428 Ambrosius
1388 2373 1451 2427 et
1499 2359 1793 2427 Thomas
1841 2357 1924 2426 de
1973 2359 2261 2444 Aquino.
2302 2364 2378 2428 In
2415 2358 2643 2429 insula
2681 2364 2746 2429 S.
2802 2358 3121 2441 Thomae,

584 2448 751 2517 dum
805 2448 1105 2518 furentes
1156 2447 1429 2539 pagani,
1485 2448 1778 2537 arreptis
1829 2446 2200 2537 lapidibuS,
2260 2448 2402 2518 viro
2441 2460 2678 2518 sancto
2728 2469 2962 2518 necem
3017 2449 3126 2517 in-

586 2551 868 2619 tentant,
926 2537 1226 2606 monitus
1259 2550 1332 2605 ut
1374 2536 1659 2627 sugeret,
1705 2537 2258 2607 constantissime
2308 2538 2556 2618 renuit,
2595 2537 2876 2624 solaque
2907 2537 3124 2606 divini

585 2627 768 2696 verbi
827 2626 1133 2695 efficacia
1179 2625 1509 2695 ducentos
1556 2647 1634 2694 ex
1685 2625 2205 2725 aggressoribus
2273 2628 2345 2714 ju
2396 2648 2434 2694 o
2491 2626 2737 2696 Christi
2800 2626 3119 2713 subjecit.

583 2717 958 2799 Quemdam
1023 2738 1103 2783 ex
1166 2715 1479 2805 Pegi‘onis
1544 2716 1944 2803 proceribus
1992 2714 2076 2783 de
2125 2714 2329 2784 saluti
2362 2737 2514 2783 erae
2571 2714 2806 2783 Crucis
2870 2736 3124 2785 arcano

584 2808 909 2895 mysterio
964 2805 1191 2873 doceri
1258 2804 1645 2904 cupientem
1708 2803 2067 2892 repentino
2125 2803 2458 2873 miraculo
2522 2803 2895 2886 convertit3
2962 2825 3122 2873 nam

581 2895 847 2963 arboris
896 2909 1217 2963 truncum
1273 2892 1522 2961 ibidem
1571 2904 1705 2961 toto
1753 2913 2036 3048 corpore
2082 2891 2618 2981 circumplexus,
2669 2892 3121 2982 conspicuam

586 2982 877 3073 figuram
930 2984 1161 3051 crucis
1210 2981 1364 3049 rudi
1422 2980 1653 3055 cortici
1701 2981 1870 3050 mira
1929 2980 2107 3050 iliter
2138 2980 2542 3068 impressit,
2596 3001 2812 3067 eoque
2859 2992 3123 3051 ostento

583 3084 723 3141 tum
777 3072 876 3141 illi
914 3070 1251 3152 tunialiis
1286 3070 1706 3159 baptismum
1762 3069 1826 3137 in
1882 3069 2015 3139 fide
2068 3069 2369 3139 vivificae
2401 3069 2629 3140 crucis
2666 3070 3031 3158 persuasit.

668 3162 704 3246 ἓ
751 3166 891 3232 14.
948 3164 1120 3228 Sane
1170 3159 1271 3227 vir
1320 3159 1444 3228 iste
1477 3157 1896 3247 apostolicus
1932 3180 2066 3227 non
2104 3156 2325 3228 solum
2354 3159 2552 3247 juxta
2592 3158 3120 3246 promissionem

582 3252 649 3316 S.
703 3253 881 3316 Evan
938 3248 1098 3327 elii,
1161 3247 1340 3333 quod
1399 3247 1857 3336 praedicabat,
1914 3248 1980 3315 in
2035 3247 2313 3320 nomine
2368 3247 2634 3316 Domini
2687 3249 2903 3316 nostri
2944 3247 3122 3315 Jesu

581 3335 830 3405 Christi
922 3337 1234 3405 aemonia
1289 3335 1440 3403 totis
1491 3335 1889 3425 regionibus
1935 3336 2151 3424 ejecit,
2206 3348 2553 3422 serpentes
2606 3335 2974 3405 infernales
3023 3334 3122 3402 vi-

581 3424 875 3493 sibiliter
923 3424 1169 3492 incolis
1221 3425 1522 3493 minaces
1570 3423 1898 3504 abstulit,
1958 3445 2037 3492 ac
2096 3424 2353 3511 linguis
2405 3426 2595 3495 novis
2662 3426 2839 3494 inter
2931 3436 3121 3493 entes

579 3512 852 3582 locutus
883 3528 1007 3592 est,
1049 3534 1279 3581 verum
1310 3512 1513 3581 etiam
1553 3512 1811 3601 pluries
1845 3513 1911 3580 in
1957 3513 2423 3582 testimonium
2462 3512 2647 3582 Fidei
2690 3514 2886 3583 morti
2919 3534 3118 3582 erum

577 3601 743 3688 quid
786 3602 1028 3671 bibens
1074 3601 1349 3670 innoxie
1395 3600 1770 3671 discrimen
1821 3601 1994 3671 vitae
2040 3601 2413 3691 superavit.
2466 3602 2708 3672 Indam
2751 3601 2979 3671 adhuc
3009 3602 3123 3669 in-

577 3690 850 3760 fidelem
902 3690 970 3759 in
1012 3703 1210 3779 partu
1257 3703 1552 3759 extreme
1601 3688 2124 3779 periclitantem,
2179 3693 2306 3760 sua
2354 3694 2522 3761 zona
2573 3691 2924 3781 praecingi
2963 3691 3120 3780 jus-

579 3800 764 3860 sam,
819 3780 958 3848 una
1004 3800 1165 3848 cum
1216 3777 1405 3868 prole
1453 3778 1540 3847 ab
1589 3779 1872 3847 interitu
1932 3778 2265 3860 liberavit,
2319 3779 2680 3867 ipsamque
2726 3781 2867 3869 jam
2914 3801 3120 3870 puer-

625 3890 860 3949 eram,
915 3891 1074 3937 cum
1130 3868 1421 3948 marite,
1479 3867 1890 3957 propinquis
1924 3921 1940 3948 ,
1991 3889 2071 3938 ac
2119 3868 2515 3939 domesticis
2547 3923 2565 3948 ,
2624 3868 2893 3940 lavacro
2942 3868 3119 3940 sacri

579 3892 1026 4046 Raptismatis‘
1059 3956 1148 4025 ab
1196 3955 1596 4026 infidelitate
1646 3956 2030 4026 mundavit.
2084 3956 2425 4047 Navigans
2470 3979 2629 4028 cum
2680 3959 2837 4028 aliis
2887 3959 2955 4027 in
2992 3958 3118 4025 ssu-

580 4048 764 4114 mine
803 4069 841 4115 a
892 4045 1290 4146 Magdalena
1342 4059 1766 4135 nuncupatO,
1820 4045 2124 4115 irruente
2171 4058 2593 4135 tempestate,
2635 4047 2787 4116 navi
2839 4047 3113 4126 eversa,

575 4135 982 4221 cunctisque
1013 4156 1080 4202 1n
1115 4136 1296 4221 aqua
1327 4133 1697 4212 immersis,
1734 4155 1939 4203 orans
1968 4134 2420 4204 emersionem
2472 4148 2538 4204 et
2573 4134 3117 4203 incolumitatem

575 4221 892 4292 obtinuit.
949 4224 1311 4292 Pristinam
1364 4221 1825 4292 valetudinem
1889 4221 2208 4312 pluribus
2271 4222 2652 4292 reddidisse
2686 4277 2701 4303 ,
2760 4235 2824 4292 et
2869 4221 3120 4291 defun-

574 4324 752 4380 ctam
790 4311 873 4379 ad
913 4312 1115 4379 vitam
1156 4316 1256 4381 Ss.
1298 4311 1560 4381 Rosarii
1611 4310 2071 4400 applicatione
2106 4332 2457 4380 revocasse
2485 4324 2911 4399 compertum
2960 4308 3117 4379 fuit.

666 4408 701 4480 ἓ
753 4406 893 4472 15.
936 4400 1207 4488 Videns‚
1244 4422 1364 4469 nec
1399 4399 1736 4489 impedire
1769 4412 1887 4468 aut
1920 4397 2094 4469 ferre
2134 4400 2368 4469 valens
2417 4401 2796 4491 angustias,
2832 4399 3118 4485 quibuS‚
