3347 4999
702 306 829 369 636
1298 322 1377 369 nn
1424 322 1514 370 ss.
1571 322 1815 369 nasum
1867 322 1941 367 nr
1991 319 2292 368 SOCIABUS
2340 321 2453 368 ux.
2842 303 3016 369 OCT.
3071 307 3159 371 2⁴

611 428 943 477 occursus
977 427 1433 496 supernorum
1466 405 1718 475 civium
1748 410 1777 474 Ὺ
1805 411 1989 489 Quae
2013 403 2336 473 exultatio
2375 403 2897 494 Apostolorum?
2928 410 3167 490 Quam

610 495 1005 566 communis
1037 495 1250 586 gloria
1290 500 1660 584 Martyrum
1698 508 1764 564 et
1799 508 2193 563 sanctarum
2232 492 2615 584 virginum,
2657 492 2740 563 de
2774 509 3163 595 augmento

609 583 876 654 ordinis
925 585 1032 653 sui
1080 584 1570 675 gloriantium?
1618 588 1833 666 Quam
1885 581 2124 652 devota
2162 581 2662 672 congratulatio
2716 585 3161 655 Patriarcha-

609 695 763 741 rum
801 686 866 741 et
900 671 1433 743 confessorum?
1466 677 1542 741 Ut
1573 673 1777 741 etiam
1817 670 2091 740 Colonia
2118 669 2233 739 illa
2270 670 2488 750 beata,
2521 683 2587 739 et
2621 671 3159 762 incomparabili

612 761 742 830 hoc
779 760 1099 831 thesauro
1133 761 1416 841 beatior,
1462 760 1687 839 sciret,
1740 773 2077 848 quantum
2123 759 2608 830 sacratissimis
2654 761 3000 862 virginum
3053 764 3163 832 ci-

610 849 897 920 neribus
940 850 1220 920 bonoris
1251 864 1317 920 et
1357 849 1767 919 reverentiae
1807 870 2079 938 semper
2109 848 2407 928 deberet,
2452 848 2518 917 in
2571 871 2697 919 sua
2745 850 3169 927 liberatione,

605 951 882 1029 experta
921 951 1045 1019 est,
1083 960 1291 1026 quam
1331 938 1618 1025 pretiosa
1655 938 1725 1006 in
1763 950 2135 1027 conspectu
2177 936 2444 1006 Domini
2483 959 2665 1007 mors
2703 960 2939 1008 earum
2977 939 3160 1011 fuis-

606 1040 731 1107 set,
783 1041 847 1096 et
892 1048 1100 1114 quam
1151 1026 1513 1117 magnifice
1567 1027 1632 1095 in
1686 1026 1978 1096 concilio
2019 1030 2421 1095 Sanctorum
2475 1026 2795 1109 viverent,
2850 1050 3153 1115 quarum

608 1116 792 1185 nuda
845 1115 1126 1185 forsitan
1179 1136 1465 1217 corpora
1513 1128 1776 1185 tautum
1868 1114 2228 1184 otuissent.
2281 1119 2445 1183 Nam
2503 1119 2773 1204 peracta
2816 1129 2949 1185 tam
3007 1118 3155 1186 bel-

607 1204 803 1274 luina
856 1205 1067 1284 rabie,
1123 1226 1323 1292 quasi
1376 1204 1749 1274 terroribus
1798 1205 1937 1272 ilis
1988 1203 2343 1273 manifeste
2396 1208 2568 1274 Deus
2614 1204 2900 1274 calicem
2954 1206 3094 1275 irae
3125 1264 3142 1289 ,

605 1293 965 1383 vertiginis
1010 1306 1074 1362 et
1121 1293 1431 1363 insaniae
1475 1292 1883 1372 miscuisset,
1922 1290 2061 1360 dati
2098 1308 2258 1363 sunt
2294 1292 2361 1361 in
2399 1292 2767 1381 reprobum
2812 1315 3089 1364 sensum
3114 1350 3140 1376 ,

607 1382 1063 1470 videruntque
1110 1394 1528 1452 armatorum
1590 1382 1817 1459 acies,
1883 1393 2127 1468 quotas
2176 1380 2520 1471 virginum
2583 1381 3134 1466 trucidaverant,

611 1486 1095 1560 persequentes
1141 1492 1258 1552 se,
1317 1470 1399 1540 ad
1446 1493 1739 1559 quarum
1802 1469 2131 1558 impetum
2188 1470 2391 1539 effera
2454 1469 2571 1538 illa
2621 1472 3016 1551 barbarieS,
3067 1484 3138 1541 et

607 1572 759 1649 post
794 1573 887 1629 tot
919 1559 1307 1649 triumphos
1345 1559 1490 1648 jam
1526 1559 1761 1650 fugere
1795 1558 2047 1637 nescia,
2091 1579 2221 1626 non
2265 1557 2546 1627 auderet
2579 1559 2973 1629 subsistere.
3010 1565 3143 1629 Fu·-

608 1647 786 1737 gatis
819 1669 982 1735 ergo
1019 1648 1204 1738 pacis
1241 1648 1575 1728 hostibuS,
1616 1646 1966 1717 conclusis
1996 1646 2285 1723 civibus,
2327 1647 2674 1735 insperata
2711 1670 2837 1738 pax
2881 1648 3149 1719 reddita

605 1751 729 1815 est,
772 1735 1114 1827 longoque
1162 1737 1354 1806 luctu
1393 1736 1594 1806 soluti
1631 1736 2087 1815 colonienses,
2143 1735 2354 1825 portis
2401 1750 2821 1825 eruperunt,
2879 1749 2944 1807 et
2988 1759 3150 1808 ecce
3236 1765 3241 1768 ·

609 1825 867 1915 passim
922 1847 1133 1914 super
1181 1825 1439 1895 nudam
1479 1824 1767 1894 humum
1814 1825 2170 1894 inhumata
2211 1825 2551 1915 virginum
2590 1825 2921 1896 cadavera
2956 1827 3151 1896 inve-

606 1928 903 1982 nerunt:
954 1936 1075 1982 nec
1111 1913 1403 1983 multum
1438 1935 1551 1983 eos
1593 1935 1698 1983 res
1735 1912 1994 1993 fefellit,
2033 1914 2290 2004 quippe
2319 1914 2439 2000 qui
2464 1913 2882 2002 jampridem
2925 1928 3150 1986 trans-

604 2002 920 2071 euntium
968 2002 1238 2071 ibidem·
1278 2014 1671 2071 sanctarum
1735 2000 2124 2092 puellarum
2177 2016 2431 2083 vesteS,
2495 2001 2772 2073 habitus
2825 2017 2890 2074 et
2938 2025 3149 2075 naves

607 2102 969 2159 noverunt.
1026 2090 1155 2160 Sed
1202 2090 1364 2178 quia
1416 2089 1616 2159 facilc
1656 2090 2277 2160 animadverterant
2323 2090 2598 2161 devotas
2636 2097 2765 2162 Deo
2814 2092 3141 2184 virgines,

606 2200 731 2335 Ero
771 2179 1282 2248 conservandae
1332 2179 1702 2268 pudicitiae
1757 2178 2137 2269 signaculO,
2201 2180 2266 2247 in
2326 2201 2543 2269 agone
2579 2182 2887 2271 martyrii
2937 2204 3148 2251 occu-

654 2266 865 2348 uisse,
921 2288 1127 2355 seque
1158 2289 1393 2337 earum
1448 2268 2040 2357 patrocinantibus
2082 2268 2364 2348 meritis,
2406 2289 2537 2337 non
2579 2269 2780 2340 modo
2825 2284 3138 2351 mortem,

560 2382 570 2391 ·
613 2355 729 2424 sed
774 2356 976 2424 etiam
1035 2356 1384 2425 cruciatus
1418 2355 1869 2425 barbarorum
1912 2355 2097 2425 omni
2146 2368 2356 2426 morte
2402 2357 2748 2446 graviores
2795 2358 3143 2428 evasisse:

608 2443 924 2514 unanimi
976 2466 1366 2525 consensu,
1424 2465 1554 2514 non
1598 2444 1799 2531 quasi
1851 2443 2164 2514 homines
2195 2498 2210 2522 ,
2264 2445 2379 2514 sed
2416 2448 2611 2533 quasi
2652 2452 2860 2518 Deum
2899 2447 2967 2516 in
3011 2447 3150 2519 hu·

606 2533 831 2603 manis
857 2533 1263 2623 corporibus
1290 2546 1712 2612 venerantes,
1744 2554 1875 2602 non
1914 2532 2214 2623 privatis,
2247 2555 2383 2604 non
2423 2534 2719 2624 publicis
2744 2536 3150 2627 sumptibus

651 2638 1080 2711 epercerunt,
1103 2621 1267 2692 dum
1296 2643 1427 2704 nQn
1456 2620 1657 2691 modo
1679 2622 2131 2692 humanitatis
2148 2621 2394 2704 offici0,
2418 2626 2860 2695 verumetiam
2886 2625 3149 2696 humil·

636 2711 813 2780 imae
846 2710 1302 2781 venerationis
1339 2710 1568 2781 studio
1601 2732 1723 2801 pro
1757 2732 1827 2779 se
1873 2711 2166 2798 quisque
2202 2724 2605 2802 satagentes,
2644 2713 2761 2783 alii
2809 2713 3152 2785 dilaniata

602 2798 1026 2887 disjectaque
1089 2805 1460 2892 Martyrum
1533 2798 1841 2869 membra
1904 2802 2308 2889 congerunt,
2361 2800 2479 2870 alii
2545 2803 2847 2873 vestibus
2893 2825 3147 2893 coope-

604 2887 815 2968 riunt,
855 2888 973 2958 alii
1028 2902 1271 2959 terram
1321 2887 1681 2969 effodiunt,
1719 2886 1838 2957 alii
1869 2888 2315 2979 sarcophagis
2351 2889 2761 2980 imponunt:
2809 2891 3143 2980 brevique

605 2987 933 3068 tempore,
976 2977 1155 3048 sicut
1190 2976 1391 3047 hodie
1430 2975 1572 3046 illic
1603 2990 1705 3047 est
1736 2998 2036 3059 cernere,
2076 2977 2552 3048 sanctissimae
2582 2980 2937 3070 virginum
2964 2980 3142 3050 ‘reli-

601 3065 828 3153 quiae,
868 3065 950 3135 ad
988 3081 1328 3136 aeternam
1365 3064 1872 3136 coloniensium
1916 3065 2202 3156 gloriam
2244 3081 2709 3155 pausaverunt
2744 3068 2810 3137 in
2846 3091 3039 3158 pace.

691 3160 728 3235 5
782 3158 914 3226 18.
969 3159 1062 3223 Ex
1108 3176 1186 3223 eo
1233 3166 1460 3224 autem
1507 3155 1651 3242 jam
1705 3167 2049 3225 crescente
2096 3154 2325 3224 divina
2361 3154 2715 3246 religione,
2754 3178 2885 3226 non
2935 3156 3145 3229 modo

600 3241 1053 3324 consuetudo,
1108 3241 1221 3313 sed
1268 3265 1389 3332 pro
1426 3243 1928 3314 consuetudine
1968 3255 2473 3313 sacramentum
2512 3244 2780 3315 civibus
2817 3245 3101 3316 inolevit
3125 3301 3141 3326 ,

602 3342 680 3399 ut
720 3330 897 3399 intra
936 3331 1271 3400 ambitum
1309 3331 1666 3423 virginalis
1700 3331 2093 3422 sepulturae
2144 3353 2342 3402 nemo
2390 3354 2612 3421 usque
2658 3333 2861 3404 hodie
2907 3334 3151 3424 cujus-

598 3439 806 3505 quam
861 3419 1111 3489 mortui
1171 3440 1422 3509 corpus
1478 3420 1729 3489 audeat
1778 3419 2087 3509 sepelire.
2142 3420 2502 3507 Aliquanto
2555 3436 2781 3493 autem
2838 3433 3150 3524 tempore

598 3505 892 3587 evolut0,
929 3506 1262 3579 divinitus
1295 3508 1688 3608 frequenter
1729 3530 1847 3599 per
1880 3509 2205 3579 visionem
2241 3508 2659 3593 admonitus,
2704 3524 2771 3581 et
2807 3533 3007 3599 quasi
3042 3510 3148 3580 le-

600 3594 875 3688 gatione
915 3610 1308 3666 sanctarum
1360 3597 1719 3687 virginum
1777 3599 2036 3668 accitus
2074 3597 2176 3666 vir
2215 3598 2578 3690 religiosus
2613 3654 2628 3680 ‚
2690 3601 2965 3670 nomine
2999 3598 3148 3669 Cle·

599 3685 878 3765 matiuS,
916 3706 992 3755 ex
1024 3686 1321 3755 Orientis
1356 3687 1669 3775 partibus
1716 3686 1989 3755 advenit
2021 3710 2035 3755 ε
2088 3685 2208 3774 qui
2246 3708 2367 3778 pro
2402 3700 2551 3756 voto
2582 3710 2709 3758 suo
2742 3688 3139 3771 ecclesiam,

598 3795 810 3865 super
847 3774 1322 3845 sanctissimos
1358 3775 1625 3845 cineres
1665 3796 1707 3844 a
1751 3774 2219 3845 fundamentis
2272 3789 2763 3857 constructam,
2812 3777 2880 3846 in
2923 3776 3147 3847 hono-

598 3884 740 3933 rem
779 3876 1172 3934 sanctarum
1208 3864 1321 3933 Vir
1372 3863 1562 3932 inum
1615 3864 2002 3955 complevit.
2056 3864 2285 3934 Lauda
2329 3886 2516 3955 ergo,
2555 3865 2852 3946 Colonia,
2911 3866 3147 3935 Domi-

600 3974 797 4032 num,
837 3953 1164 4039 quoniam
1201 3974 1325 4022 con
1360 3953 1604 4022 ortavit
1634 3974 1825 4022 seras
1857 3964 2205 4042 portarum
2254 3966 2552 4034 tuarum,
2605 3968 2670 4023 et
2703 3955 2932 4046 posuit
2966 3953 3148 4024 fines

599 4051 755 4110 tuos
798 4062 1060 4130 pacem,
1099 4053 1165 4111 et
1194 4053 1382 4111 tanto
1424 4041 1802 4131 praemisso
1839 4042 2145 4133 pignore,
2196 4041 2543 4112 benedixit
2575 4041 2737 4113 filiis
2771 4044 2908 4114 tuis
2939 4043 3006 4112 in
3049 4056 3138 4114 te.

686 4131 723 4216 ξ
769 4134 920 4203 19.
973 4135 1131 4200 Erat
1155 4143 1379 4201 autem
1423 4130 1509 4200 de
1540 4129 1776 4200 eodem
1813 4130 2251 4200 sanctissimo
2285 4131 2641 4231 virginum
2686 4133 3144 4203 contubernio

598 4218 967 4305 quaedam,
1023 4220 1301 4290 nomine
1349 4217 1642 4289 Cordula
1689 4218 1762 4287 *z
1815 4240 1992 4307 quae
2040 4218 2325 4289 caeteris
2370 4220 2761 4310 virginibus
2809 4221 2874 4290 in
2918 4242 3141 4312 agone

650 4378 678 4407 t
706 4380 830 4419 Haec
856 4389 976 4428 quac
1005 4382 1224 4430 sequitur
1251 4382 1310 4422 de
1337 4381 1541 4422 cordula
1567 4381 1934 4428 nox-ratiuncula,
1962 4382 2144 4430 &uecta
2175 4380 2268 4423 mit
2296 4381 2342 4423 S.
2362 4381 2563 4424 ursulae
2579 4380 2913 4432 Socim-nmque
2938 4382 3144 4424 msam·

597 4433 766 4474 multis
784 4431 959 4474 seculis
977 4437 1108 4483 post:
1128 4435 1211 4475 sed
1230 4435 1389 4476 minus
1408 4435 1627 4476 seltener.
1645 4435 1848 4476 Bouana.
