3347 4999
707 314 834 377 378
1521 332 1599 376 DE
1647 330 1707 376 s.
1759 329 2049 377 anuarino
2099 329 2256 376 nnec
2849 310 3019 376 OCT.
3082 313 3160 377 ⁴3

619 415 909 505 crepuit,
963 427 1027 484 et
1072 414 1285 484 effusa
1321 427 1481 484 sunt
1515 415 1772 485 viscera
1801 415 1977 502 ejuS.
2017 415 2140 483 Hic
2174 413 2259 482 ad
2298 435 2525 482 vocem
2563 414 2903 484 narrantis
2938 414 3162 483 obdu·

622 505 805 585 ruit,
860 526 984 573 nec
1034 515 1325 572 terretur
1369 503 1646 573 oraculo
1685 558 1700 584 ,
1754 525 1879 572 nec
1931 502 2133 572 fidem
2201 502 2441 572 habuit
2502 503 2981 591 prophetanti:
3039 502 3158 572 sed

621 593 848 683 potius
898 598 1146 683 Regem
1194 592 1385 662 senio
1445 591 1829 662 confectum
1888 591 2178 660 delirare
2245 591 2864 671 submurmuranS,
2934 591 3162 660 ridere

624 681 1092 768 maluitquam
1133 680 1387 769 lugere.
1418 682 1670 750 Caeteri
1706 702 1882 759 vero,
1921 680 2176 767 quibus
2199 701 2393 748 mens
2434 680 2667 748 sanior
2697 692 2864 760 erat,
2903 680 3160 749 flebant

621 770 913 839 ubertim
950 782 1014 838 et
1043 768 1509 858 suspirabant,
1562 770 1682 856 qui
1737 769 1905 837 nihil
1950 791 2148 838 secus
2201 790 2408 855 quam
2453 768 2599 857 ipse
2631 768 2912 848 dixerat,
2951 782 3077 838 aut
3119 791 3156 836 a

625 859 1119 937 sacerdotibus,
1176 870 1295 926 aut
1342 880 1381 927 a
1414 857 1849 947 principibus
1888 857 2034 926 fieri
2073 878 2204 926 non
2251 857 2685 946 ignorabant.

711 950 746 1034 §
799 952 956 1019 2⁰.
1005 946 1294 1029 Quidam
1348 947 1531 1015 enim
1586 946 2030 1036 praemissam
2075 945 2598 1014 similitudinem
2640 946 2882 1015 dicunt
2907 951 3156 1035 Regem

675 1058 748 1105 ro
784 1034 1193 1125 impossibili
1246 1035 1588 1115 statuisse,
1646 1034 1743 1103 illi
1796 1035 2112 1116 maxime,
2156 1035 2277 1121 qui
2312 1047 2512 1104 totam
2549 1035 2918 1123 Anglorum
2965 1035 3158 1103 nobi-

623 1059 882 1193 litatem
934 1125 1032 1194 sic
1080 1124 1429 1211 deperisse
1478 1123 1825 1213 lugebant,
1880 1136 1954 1191 ut
1993 1145 2071 1192 ex
2119 1145 2196 1191 ea
2245 1136 2442 1213 gente
2478 1145 2601 1192 nec
2640 1128 2800 1198 Rex,
2847 1144 2972 1192 nec
3006 1123 3160 1212 Epi-

628 1235 919 1301 scopus,
990 1234 1112 1281 nec
1153 1212 1419 1290 Abbas,
1475 1234 1599 1281 nec
1649 1212 1971 1302 princeps
2018 1211 2307 1298 quilibet
2362 1213 2468 1280 vix
2521 1212 2586 1279 in
2637 1211 2879 1300 Anglia
2927 1232 3158 1280 cerne-

627 1314 837 1371 retur.
910 1300 1072 1369 Mihi
1123 1322 1288 1370 sane
1335 1301 1470 1369 alia
1525 1322 1718 1369 mens
1753 1354 1768 1381 ‚
1838 1300 2299 1370 consideranti
2361 1300 3153 1369 sanctissimum-virum

631 1395 1087 1471 Dunstanum,
1140 1401 1206 1457 et
1237 1390 1457 1478 ipsam
1509 1389 1963 1458 calamitatem
2019 1389 2458 1478 praedixisse,
2510 1401 2575 1458 et
2620 1388 3152 1457 consolationem

629 1478 1084 1547 nihilominus
1145 1478 1567 1567 promisisse.
1623 1483 1843 1546 Potest
1909 1476 2193 1567 proinde
2253 1477 2351 1546 sic
2404 1498 2534 1545 non
2602 1477 3156 1546 inconvenienter

628 1567 913 1657 exponi:
971 1590 1005 1633 ε(
1035 1567 1246 1636 Arbor
1294 1567 1460 1635 haec
1497 1588 1787 1656 regnum
1823 1566 2192 1654 Anglorum
2230 1565 2596 1655 Significat,
2651 1565 2981 1635 decorum
3026 1565 3158 1655 glo-

632 1657 778 1735 ria,
832 1655 1098 1724 deliciis
1148 1655 1540 1742 divitiisque
1600 1654 2012 1733 fecundum,
2084 1653 2476 1722 excellentia
2537 1655 2760 1744 regiae
2807 1653 3157 1744 dignitatis

631 1744 948 1813 sublime.
1005 1742 1243 1822 Radix,
1299 1766 1378 1812 ex
1426 1765 1563 1829 qua
1606 1756 1782 1812 totus
1824 1744 2040 1811 honor
2069 1743 2196 1811 iste
2231 1742 2580 1831 processit,
2627 1742 2891 1832 regium
2929 1762 3152 1812 semen

630 1832 778 1912 suit,
833 1832 1011 1919 quod
1064 1831 1150 1900 ab
1189 1831 1479 1912 AlsredO,
1533 1832 1648 1917 qui
1703 1832 1966 1920 primus
2015 1830 2385 1921 Anglorum
2437 1854 2475 1899 a
2524 1852 2796 1900 summo
2839 1831 3156 1900 Pontificc

631 1934 887 1990 unctus
933 1935 994 1989 et
1043 1934 1481 1989 consecratus
1529 1919 1750 1989 fuerat
1797 1920 1862 1987 in
1917 1941 2140 2009 regem
2175 1974 2189 1997 ,
2245 1922 2424 1989 recta
2473 1920 2935 1988 successionis
2985 1919 3156 1987 linea

631 2030 854 2096 usque
903 2008 984 2076 ad
1038 2021 1349 2077 sanctum
1417 2008 1811 2077 Eduardum
1881 2007 2254 2079 descendit.
2307 2008 2619 2077 Abscissa
2681 2021 2781 2076 est
2828 2008 3040 2077 arbor
3084 2007 3157 2076 de

633 2110 900 2175 trunco,
954 2096 1231 2183 quando
1272 2118 1558 2187 regnum
1598 2119 1634 2165 a
1666 2119 1911 2187 genere
1961 2097 2170 2186 regali
2205 2096 2529 2180 divisum,
2585 2096 2668 2164 ad
2705 2095 2892 2165 aliud
2935 2116 3154 2167 semen

632 2185 1036 2255 translatum
1089 2196 1211 2252 est.
1263 2186 1355 2252 Ad
1408 2187 1706 2273 spatium
1763 2185 1964 2253 trium
2008 2185 2332 2274 jugerum
2387 2185 2552 2254 haec
2601 2183 2777 2253 facta
2823 2197 2928 2254 est
2975 2205 3157 2275 sepa-

631 2274 840 2352 ratio;
877 2273 1040 2359 quia
1074 2273 1141 2341 in
1187 2273 1389 2341 trium
1428 2274 1853 2364 temporibus
1884 2278 2168 2362 Regum,
2225 2272 2418 2342 nulla
2451 2272 2580 2342 fuit
2613 2274 2806 2342 novis
2845 2295 3007 2342 cum
3045 2293 3159 2341 an·

634 2362 820 2447 tiquo
846 2362 1104 2429 semine
1148 2361 1358 2449 regali
1392 2362 1812 2430 communio.
1855 2360 2193 2431 Haraldus
2225 2362 2408 2430 enim
2452 2362 2785 2431 successit
2814 2361 3148 2439 EduardO,

632 2448 1036 2520 wilhelmus
1072 2449 1107 2483 ⁴*
1177 2449 1517 2529 Haraldo,
1578 2449 1978 2522 Wilhelmus
2025 2450 2263 2539 junior
2328 2450 2539 2541 priori
2587 2450 2978 2521 Wilhelmo.
3047 2456 3157 2519 Ac·

630 2539 833 2608 cessit
880 2538 962 2606 ad
1018 2538 1339 2619 radicem,
1392 2540 1670 2626 quando
1711 2561 1822 2609 rex
1871 2540 2229 2618 Henricus,
2270 2540 2336 2607 in
2387 2562 2588 2627 quem
2644 2552 2855 2608 totum
2897 2562 2970 2608 re
3025 2539 3156 2607 ium

629 2628 841 2696 decus
892 2627 1312 2697 transfusum
1364 2641 1487 2709 est,
1544 2627 1737 2697 nulla
1787 2628 2184 2696 necessitate
2232 2650 2309 2696 co
2360 2640 2534 2707 ente,
2592 2628 2779 2698 nulla
2820 2650 2943 2717 spe
3023 2627 3158 2696 ucri

629 2728 942 2872 urgente,
998 2715 1113 2786 sed
1164 2738 1243 2784 ex
1290 2715 1520 2787 infuso
1567 2717 1628 2784 ei
1677 2717 1932 2785 amoris
1981 2716 2250 2795 affectu,
2292 2738 2330 2785 a
2385 2729 2650 2806 neptem
2690 2716 2996 2785 Eduardi
3035 2720 3157 2784 Ma·

631 2805 723 2874 thi
759 2805 914 2873 dam
956 2804 1151 2873 duxit
1174 2826 1481 2886 uxorem,
1518 2827 1750 2874 semen
1791 2805 2052 2894 regium
2088 2810 2660 2874 Nortmannorum
2696 2816 2761 2872 et
2790 2804 3155 2894 Anglorum

626 2894 1051 2982 conjungens
1082 2947 1097 2974 ,
1150 2906 1211 2961 et
1262 2894 1752 2963 interveniente
1797 2915 2000 2983 opere
2048 2892 2433 2982 conjugali,
2487 2894 2572 2962 de
2619 2892 2896 2962 duobus
2944 2911 3154 2962 unum

626 2981 904 3050 faciens.
961 2982 1217 3050 Floruit
1262 3003 1427 3051 sane
1477 2982 1700 3062 arbor,
1754 2981 2031 3067 quando
2079 2982 2164 3050 de
2212 2995 2501 3067 utroque
2546 2981 2813 3050 semine
2860 2986 3156 3071 Impera-

629 3072 757 3138 trix
805 3070 1125 3139 Mathilda
1179 3070 1528 3171 processit.
1582 3075 1770 3138 Tunc
1807 3092 1959 3138 vero
1992 3069 2289 3139 fructum
2340 3069 2518 3148 fecit,
2572 3068 2852 3156 quando
2892 3069 2977 3138 de
3012 3070 3156 3157 ipsa

632 3160 969 3227 Henricus
1017 3180 1345 3239 exoriens,
1401 3160 1598 3245 quasi
1651 3159 1713 3227 la
1771 3158 1829 3226 is
1875 3158 2231 3247 angularis
2262 3170 2635 3245 utrumque
2678 3157 3013 3248 populum
3050 3177 3157 3225 co-

681 3246 912 3315 ulavit.
967 3249 1181 3314 Habet
1231 3269 1431 3315 nunc·
1463 3261 1643 3316 certe
1757 3268 1793 3315 e
1849 3268 2092 3336 genere
2139 3246 2508 3335 Anglorum
2576 3247 2813 3337 Anglia
2879 3267 3152 3347 regem,

682 3334 834 3401 abet
867 3332 950 3401 de
996 3333 1231 3402 eadem
1284 3347 1480 3425 gente
1521 3336 1891 3424 Episcopos
1938 3346 2004 3402 et
2035 3334 2342 3415 AbbateS,
2402 3336 2747 3424 principes
2776 3347 2842 3403 et
2881 3334 3151 3413 militeS,

628 3444 706 3490 ex
762 3421 1121 3507 utriusque
1178 3423 1463 3492 seminis
1523 3422 2006 3511 conjunctione
2119 3435 2477 3493 rocreatos.
2538 3423 2606 3492 Si
2675 3436 2901 3492 autem
2953 3421 3156 3492 alicui

628 3510 796 3579 haec
826 3509 1259 3596 displicuerit
1295 3513 1646 3600 expositio,
1700 3523 1819 3580 aut
1859 3511 2004 3600 ipse
2033 3445 2228 3580 aliter
2257 3524 2572 3602 exponat,
2618 3525 2736 3580 aut
2765 3511 2953 3581 aliud
2993 3523 3158 3580 tem·

630 3620 784 3688 puS,
824 3619 961 3684 quo
998 3598 1162 3667 haec
1200 3599 1622 3698 expleantur,
1659 3610 2019 3689 exspectet.
2069 3623 2105 3666 »

720 3689 757 3773 ἓ
808 3691 949 3758 22.
1006 3689 1238 3756 Sciens
1288 3701 1517 3774 itaque
1566 3694 1725 3768 Rex,
1794 3689 1953 3774 quia
2005 3688 2585 3777 appropinquavit
2630 3687 2797 3758 hora
2859 3688 3036 3775 ejus,
3090 3697 3162 3755 ut

629 3776 943 3845 transiret
968 3775 1052 3845 de
1087 3777 1211 3845 hoc
1242 3777 1527 3858 mund0,
1568 3798 1771 3846 suum
1806 3777 2166 3846 transitum
2205 3798 2358 3845 mox
2385 3777 2450 3845 in
2480 3776 2778 3846 circuitu
2816 3799 2937 3865 pro
2990 3774 3159 3845 alari

617 3864 846 3952 jussit,
886 3887 972 3935 ne
999 3864 1236 3934 mortis
1267 3887 1434 3935 suae
1467 3865 1814 3955 agnitione
1840 3864 2075 3944 dilata,
2116 3865 2501 3934 orationum
2530 3886 2803 3951 quoque
2835 3887 2916 3934 su
2974 3863 3162 3954 ragia

625 3951 1086 4022 differrentur.
1126 3953 1371 4041 Sicque
1402 3975 1629 4033 senex,
1668 3964 1734 4021 et
1766 3952 2015 4041 plenus
2047 3952 2314 4022 dierum
2359 3974 2439 4022 ac
2472 3953 2810 4022 bonorum
2844 3974 3155 4043 operum,

623 4041 939 4130 migravit
971 4041 1054 4109 ad
1109 4043 1499 4111 Dominum.
1548 4041 1728 4112 Obiit
1775 4054 1999 4110 autern
2040 4063 2220 4110 anno
2257 4042 2528 4112 Domini
2579 4041 2943 4110 millesimo
2972 4061 3161 4110 sexa-

671 4130 1098 4208 esimosexto,
1143 4152 1298 4199 cum
1340 4142 1689 4220 regnasset
1738 4129 2206 4220 vigintitribus
2246 4131 2471 4211 annis,
2504 4130 2863 4201 mensibus
2910 4152 3048 4206 sex,
3101 4137 3162 4196 et

624 4151 871 4287 §iebus
908 4218 1437 4308 vigintiseptem,
1478 4219 1698 4309 pridie
1731 4224 1954 4288 Nonas
1984 4219 2297 4288 Januarii
2328 4241 2342 4282 ι
2378 4240 2533 4287 cum
2570 4240 2706 4304 quo
2743 4230 2873 4287 tota
2910 4218 3162 4308 pariter

626 4305 996 4396 Anglorum
1032 4305 1321 4376 felicitas
1354 4307 1513 4388 ruit,
1565 4307 1763 4396 periit
1805 4306 2103 4387 libertas,
2149 4307 2338 4396 vigor
2370 4306 2597 4377 omnis
2632 4307 2911 4375 interiit.

676 4432 701 4459 ¹*
723 4429 998 4473 wilhelmus
1017 4431 1033 4478 ί
1037 4434 1074 4472 10
1094 4432 1378 4483 Conqulrant.
1397 4433 1429 4470 α
1446 4432 1790 4482 Conqumatorel
1811 4432 2206 4473 Nortmannorum
2226 4432 2334 4471 dnx.
