3347 4999
759 343 836 406 78
1273 358 1351 403 nn
1399 358 1452 404 S.
1506 357 1719 404 Tuom
1766 352 2064 404 EPISCOPO
2117 353 2591 402 naassronnmffl
2948 335 3166 402 OCT.
3224 338 3264 402 2

753 445 791 529 ξ
833 447 992 514 8².
1048 446 1124 509 Et
1168 440 1444 528 quidem
1494 462 1653 509 cum
1710 438 2029 509 monachi
2077 439 2228 528 ejus
2275 437 2587 508 coenobii
2635 438 2703 507 in
2753 437 2909 525 ejus
2957 459 3243 527 prope-

667 547 892 600 rarent
929 551 1294 600 occursum
1327 582 1346 609 ,
1420 527 1645 619 puella
1685 528 1751 596 in
1813 529 1986 597 atrio
2037 529 2188 615 ejus
2240 526 2607 617 paralytica
2658 527 2899 613 jacens
2934 581 2951 607 ,
3008 540 3244 613 atque

665 618 972 689 omnium
1026 619 1492 688 membrorum
1533 616 1758 687 officio
1789 617 2136 696 destituta,
2176 638 2334 686 cuin
2387 616 2606 685 sancti
2641 615 3048 704 Leodegarii
3103 637 3240 685 no-

667 729 824 776 men
860 707 1212 786 audiisset,
1276 728 1515 775 sanam
1578 727 1650 774 se
1700 707 1933 775 sensit.
1985 705 2056 774 ld
2109 704 2522 774 miraculum
2575 704 2955 795 conspicati
3020 719 3231 784 sunt,

662 798 782 883 qui
830 795 964 865 illic
999 796 1305 870 aderant,
1344 815 1499 863 mox
1549 813 1705 862 vero
1754 807 1939 863 tanta
1987 794 2296 880 undique
2337 794 2668 862 confluxit
2703 792 3118 873 multitudo,
3153 805 3235 863 ut

665 886 911 956 atrium
957 885 1063 953 vix
1104 883 1446 952 sufficeret
1494 882 1850 973 capiendis
1891 883 2249 951 hominum
2304 882 2545 953 turbis.

752 976 788 1061 ἓ
836 977 994 1045 88.
1049 979 1314 1042 Interea
1363 970 1615 1040 mulier
1661 972 1998 1058 quaedam
2051 993 2293 1051 caeca,
2354 993 2434 1040 ex
2484 970 2863 1060 longinqua
2925 971 3232 1060 regione

666 1062 985 1144 veniens,
1038 1083 1196 1130 cum
1248 1059 1331 1129 ad
1387 1060 1604 1129 sancti
1654 1060 1979 1149 martyris
2027 1058 2309 1129 adiisset
2357 1059 2749 1140 tumulum,
2808 1059 3056 1129 lumen
3114 1081 3230 1128 re·

661 1152 865 1240 cepit.
904 1151 1315 1219 Adolescens
1346 1146 1659 1234 quidam,
1698 1148 1997 1236 itemque
2031 1148 2261 1238 puella
2308 1171 2348 1218 a
2395 1148 2731 1218 daemone
2781 1148 3031 1228 vexati,
3079 1162 3225 1219 tre-
3299 1195 3300 1220 η

660 1240 990 1309 mebundi
1024 1262 1103 1308 eo
1136 1249 1491 1316 venerunt,
1523 1250 1586 1306 et
1617 1259 1734 1326 per
1764 1238 2089 1307 vomitum
2124 1238 2458 1306 daemone
2487 1260 2627 1307 una
2658 1259 2818 1306 cum
2856 1238 3225 1326 sanguine

660 1329 934 1418 rejecto,
977 1327 1196 1397 curati
1229 1337 1415 1395 sunt.
1460 1331 1836 1395 Innumera
1877 1326 2011 1395 alia
2055 1348 2174 1416 per
2208 1325 2275 1394 id
2314 1339 2586 1414 tempus
2618 1327 2837 1396 sancti
2875 1327 3223 1426 martyris

663 1418 985 1485 virtutum
1040 1416 1237 1505 signa
1285 1413 1617 1484 claruere.
1673 1415 2110 1485 Sanabantur
2159 1415 2369 1493 caeci,
2422 1413 2664 1498 surdi,
2721 1414 2920 1496 muti,
2976 1415 3219 1497 aridi,

659 1504 917 1582 claudi,
970 1502 1421 1574 daemoniaci.

747 1595 784 1680 ἓ
830 1596 986 1664 34.
1057 1599 1259 1662 Porro
1310 1593 1376 1660 in
1429 1591 1646 1661 sancti
1703 1592 2024 1681 martyris
2076 1592 2404 1661 honorem
2442 1647 2458 1671 ,
2511 1592 2801 1681 jubente
2855 1591 3220 1662 Ansoaldo

660 1680 1004 1772 pontifice,
1065 1683 1272 1771 opera
1319 1680 1668 1771 Audulphi
1721 1681 1987 1750 abbatis
2040 1680 2460 1762 monasterii,
2514 1680 3043 1770 amplissimum
3101 1704 3222 1751 ex-

659 1780 959 1839 tructum
1009 1785 1110 1840 est
1158 1768 1518 1857 templum,
1555 1770 1764 1856 cujus
1804 1782 2150 1839 structura
2185 1770 2320 1839 alia
2350 1783 2474 1851 est,
2512 1792 2722 1856 quam
2764 1783 3214 1840 caeterarum

657 1859 1129 1929 basilicarum.
1175 1863 1265 1927 Eo
1301 1857 1556 1947 templo
1594 1858 2060 1940 exaedificato,
2117 1859 2298 1928 idem
2329 1858 2653 1948 ‘pontifex
2703 1871 2934 1928 votum
2990 1882 3217 1928 suum

659 1960 1098 2028 executuruS,
1152 1969 1308 2016 cum
1346 1947 1670 2016 omnibus
1700 1947 2029 2017 ecclesiae
2071 1971 2236 2018 suae
2285 1947 2782 2029 sacerdotibuS,
2816 1945 3219 2035 multisque

662 2037 1059 2126 proceribus
1106 2049 1172 2105 et
1219 2057 1471 2124 magna
1505 2035 1742 2125 populi
1778 2051 2048 2107 caterva
2095 2059 2176 2106 eo
2226 2037 2428 2116 venit,
2466 2050 2713 2107 etcum
2747 2036 3030 2127 magnis
3063 2036 3219 2107 lau-

655 2124 864 2194 dibus
907 2125 1300 2213 sepulturae
1340 2125 1692 2194 mandavit
1748 2147 2002 2215 corpus
2051 2125 2434 2195 beatissimi
2503 2126 2853 2213 martyris.
2923 2130 3093 2208 Quo
3147 2127 3217 2195 in

656 2213 805 2284 loco
842 2213 1148 2301 quotidie
1180 2213 1631 2283 cumulantur
1681 2214 2009 2285 virtutum
2045 2215 2347 2305 insignia
2386 2214 2455 2283 in
2497 2213 2770 2283 laudem
2801 2227 2867 2282 et
2898 2214 3217 2303 gloriam

654 2303 926 2371 Domini
978 2303 1190 2371 nostri
1236 2308 1405 2372 Jesu
1452 2303 1722 2383 Christi,
1776 2303 1890 2372 cui
1937 2315 2040 2373 est
2087 2305 2307 2374 honor
2337 2317 2402 2373 et
2431 2303 2649 2373 virtus
2683 2302 2752 2371 in
2803 2303 3054 2373 secula
3115 2327 3219 2374 se-

654 2391 997 2471 culorum,
1036 2395 1243 2460 Amen
1290 2391 1349 2458 ⁴¹.

1490 2704 1721 2804 VITA
1793 2706 1872 2804 S.
1941 2703 2353 2806 ΤΗΟΜΑΕ

940 2922 1779 2991 HEREFORDENSIS
1850 2926 1945 2990 IN
2008 2925 2374 2991 ANGLIA
2435 2926 2899 2992 EPISCOPI

1044 3132 1235 3180 cums
1281 3132 1527 3182 AUCTOR
1565 3134 1711 3181 rum
1750 3135 1980 3183 mGNth
2027 3136 2141 3182 EST
2186 3134 2361 3182 Llcssr
2407 3134 2782 3195 ANONYHUSJ

1266 3238 1510 3288 STYLUM
1555 3242 1715 3288 Fltnz
1762 3241 2038 3289 unravn·
2078 3242 2263 3289 LAUR.
2311 3242 2560 3290 sURlUS.

1344 3412 1468 3468 Ob.
1502 3427 1681 3469 anno
1710 3414 1867 3468 1287
1892 3442 1969 3455 —
1995 3414 2154 3472 Nat.
2186 3414 2479 3482 Anglua.

728 3629 765 3714 ξ
812 3632 888 3697 1.
944 3631 1234 3698 Sanctus
1282 3628 1575 3699 Thomas
1621 3630 2139 3700 Heresordensis
2196 3630 2619 3720 Episcopus»,
2689 3632 2760 3700 in
2823 3632 3190 3707 Britannia

641 3715 932 3802 majori,
976 3738 1185 3803 quam
1250 3739 1436 3786 nunc
1483 3718 1797 3807 Angliam
1849 3731 2115 3799 vocant,
2168 3720 2376 3790 claris
2422 3734 2617 3790 ortus
2652 3732 2757 3791 est
2796 3723 3176 3807 natalibus,

686 3817 827 3872 atre
856 3804 1215 3875 Wilhelmo
1244 3805 1328 3874 de
1358 3806 1740 3897 CantilupO,
1774 3821 1988 3878 matre
2018 3808 2360 3878 Milicenta
2398 3809 2751 3880 comitissa
2778 3812 3186 3887 Ebroicensi

663 3898 941 3962 Evreuoe
974 3894 1041 3962 in
1094 3894 1325 3981 Gall.).
1363 3900 1439 3964 In
1490 3896 1641 3985 ipsa
1679 3897 1972 3986 pueritia
2021 3919 2189 3988 puer
2235 3897 2504 3978 docilis,
2539 3912 2824 3969 aetatem
2861 3902 3183 3975 moribus

635 4003 999 4072 superans»,
1033 3983 1208 4053 nulli
1235 3983 1547 4053 animum
1577 3984 1908 4076 voluptati
1941 3986 2168 4055 dedit:
2207 3986 2324 4056 sed
2362 4009 2400 4056 a
2433 3987 2684 4059 teneris
2716 3990 2922 4060 annis
2959 3996 3178 4061 Deum

633 4083 698 4139 et
746 4071 986 4171 timere
1031 4084 1096 4141 et
1140 4072 1360 4142 colere
1417 4074 1663 4174 coepit.
1717 4078 1882 4144 Cum
1919 4076 2102 4144 enim
2140 4074 2520 4146 litterarum
2559 4077 2809 4148 studiis
2844 4078 3172 4150 imbuen-

632 4157 765 4230 dus
800 4159 1094 4230 traditus
1140 4176 1336 4242 esset,
1375 4163 1977 4254 quotidiepreceS,
2030 4185 2206 4250 quas
2246 4166 2449 4235 horas
2483 4166 2865 4239 Canonicas
2898 4181 3171 4249 vocant,

683 4302 708 4323 ³
738 4301 1062 4352 Reliqusurum
1082 4305 1125 4345 S.
1150 4306 1365 4356 Episcopi
1383 4307 1443 4347 M.
1468 4307 1734 4357 fragmenta
1751 4318 1846 4348 non
1865 4309 2047 4349 modico
2065 4310 2385 4353 Pictavienses
2403 4314 2452 4351 et
2473 4311 2838 4353 suessionenses
2857 4314 3011 4354 adhuc
3031 4314 3180 4363 pou-si

631 4355 759 4401 dent,
779 4359 827 4394 ct
846 4367 1008 4405 magna
1037 4362 1389 4409 prosequuntur
1411 4361 1654 4410 religione.

684 4410 728 4449 S.
758 4410 1049 4451 Lacone-anu
1084 4413 1224 4451 Vitam
1252 4415 1299 4452 et
1329 4415 1599 4464 Martyrium
1617 4416 1755 4456 docto
1777 4415 1956 4455 calamo
1987 4416 2269 4464 conscripsit
2291 4418 2441 4463 Pater,
2469 4419 2761 4459 Benedicttnl
2781 4419 2972 4460 ordinis
2985 4420 3085 4468 jam
3105 4416 3176 4460 lu·

627 4471 750 4510 men,
766 4464 849 4513 qui
871 4474 997 4507 nuno
1019 4467 1143 4507 mter
1160 4468 1533 4516 Pin-putatorum
1554 4469 1596 4509 S.
1619 4470 1750 4510 Rom.
1779 4469 1900 4510 Eccl.
1924 4470 2116 4510 Petrum
2135 4469 2303 4513 decora
2321 4472 2484 4524 fulget,
2503 4474 2530 4514 J
2533 4483 2574 4513 0.
2597 4473 2730 4523 nupt.
2748 4474 2909 4514 Pii-iu.
