3347 4999
700 351 828 414 224
1115 369 1193 414 na
1242 367 1298 413 s.
1352 362 1644 412 nnuman
1692 361 2196 412 cAarausiANoa.
2253 357 2646 410 arannem
2893 343 3069 409 OCT.
3127 344 3170 406 6

610 474 847 542 pacem
902 450 1233 530 videlicet,
1288 472 1495 537 quam
1540 451 1813 538 ignorat
1864 447 2213 527 mundus,
2268 459 2332 515 et
2381 447 2714 535 gaudium
2769 446 2837 515 in
2903 447 3172 536 Spiritu

610 548 878 610 Sancto.
935 545 1113 609 Haec
1163 553 1262 608 est
1314 539 1431 607 illa
1484 539 1737 607 Rachel
1783 538 2124 615 formosa,
2207 536 2445 625 pulcra
2496 535 2853 625 adspectu,
2890 535 3171 603 alacob

661 630 769 700 lus
835 629 1103 709 dilecta,
1179 629 1408 697 minus
1480 628 1782 697 filiorum
1836 626 2064 704 ferax,
2119 647 2326 712 quam
2397 626 2511 694 Lia
2572 624 2979 703 secundior,
3042 623 3172 692 sed

612 655 825 808 lippa.
882 718 1247 787 Pauciores
1294 717 1477 786 enim
1531 730 1696 786 sunt
1729 715 2354 805 contemplationis,
2408 736 2613 801 quam
2657 713 2970 793 actioniS,
3007 712 3165 781 filii.

612 814 1092 877 Verumtamen
1145 806 1397 896 loseph
1447 818 1512 874 et
1560 806 1914 895 Benjamin
1970 806 2128 894 plus
2199 817 2360 870 sunt
2407 803 2691 872 caeteris
2748 801 3078 871 fratribus
3131 823 3171 870 a

614 911 800 986 patre
863 895 1119 965 dilecti.
1175 901 1353 965 Haec
1407 917 1565 984 pars
1616 895 1730 962 illa
1800 894 2101 982 optima,
2156 914 2364 979 quam
2420 892 2624 961 Maria
2698 891 2927 982 elegit,
2982 912 3168 977 quae

614 1008 747 1055 non
800 984 1171 1054 auferetur.
1244 989 1421 1054 Haec
1472 983 1854 1053 Sunamitis
1929 982 2440 1072 pulcherrima,
2497 980 2639 1050 sola
2693 980 2758 1048 in
2825 980 3162 1049 omnibus

612 1074 872 1145 finibus
923 1074 1129 1143 Israel
1185 1085 1473 1164 reperta,
1510 1094 1688 1158 quae
1725 1070 1924 1140 David
1979 1071 2228 1139 foveret
2277 1092 2533 1149 senem,
2573 1085 2638 1139 et
2671 1068 3097 1138 calefaceret.
3130 1092 3170 1134 »

612 1168 791 1231 Haec
824 1163 890 1230 in
931 1162 1070 1231 illis
1121 1163 1365 1232 litteris
1413 1162 1652 1231 scribit
1703 1161 1804 1227 vir
1853 1173 2154 1240 sanctus,
2185 1181 2220 1227 e
2251 1159 2507 1246 quibus
2541 1160 2605 1226 in
2650 1158 2800 1244 eJus
2838 1157 3166 1227 eximiam

616 1250 1191 1343 praedicationem
1247 1250 1463 1320 multa
1515 1251 1648 1339 peti
1704 1261 1998 1339 possent,
2054 1248 2169 1317 sed
2218 1270 2341 1317 nos
2389 1248 2473 1316 ad
2525 1247 2660 1315 alia
2712 1247 3114 1317 transimus,

703 1342 932 1425 §22
974 1346 1337 1427 Postquam
1377 1342 1441 1409 in
1494 1362 1567 1407 ea
1608 1339 1932 1408 Turrensi
1981 1339 2211 1406 eremo
2276 1337 2517 1406 beatus
2567 1341 2795 1404 Bruno
2860 1335 3167 1425 primum

618 1429 928 1497 habitare
975 1430 1198 1520 coepit
1247 1452 1404 1498 cum
1460 1428 1688 1506 sociis,
1728 1426 1999 1506 accidit,
2046 1431 2173 1495 Deo
2215 1425 2283 1494 id
2315 1424 2674 1504 efficiente,
2732 1436 2809 1493 ut
2857 1423 3169 1511 quodam

615 1518 727 1586 die
778 1520 1110 1607 Rogerius
1142 1573 1156 1598 ‚
1212 1523 1448 1587 Comes
1499 1515 1885 1594 Calabriae,
1939 1537 2097 1587 cum
2155 1537 2289 1584 non
2345 1535 2550 1602 parvo
2615 1535 2903 1582 suorum
2956 1534 3171 1603 grege

613 1619 679 1676 et
729 1606 944 1676 multa
990 1627 1243 1675 canum
1294 1605 1672 1694 frequentia
1725 1605 1792 1672 in
1827 1604 2063 1672 eadem
2102 1603 2472 1672 solitudine
2499 1603 2845 1672 venationi
2896 1603 3173 1671 incum-

618 1696 810 1776 benS,
866 1695 947 1764 ad
1001 1718 1157 1765 eum
1212 1695 1479 1773 locum,
1535 1715 1739 1780 quem
1793 1692 1923 1760 sibi
1984 1692 2423 1761 incolendum
2477 1707 2919 1781 sumpserant
2987 1689 3170 1759 servi

621 1784 757 1864 Dei,
817 1786 1023 1853 totius
1062 1785 1153 1852 rei
1194 1783 1466 1852 nescius
1500 1783 1532 1815 ³*
1582 1783 1988 1871 perveniret.
2051 1781 2170 1850 Ubi
2220 1802 2376 1848 cum
2431 1803 2636 1850 canes
2673 1781 3011 1870 sagaciter
3057 1778 3168 1847 di-

618 1896 807 1942 versa
863 1874 1160 1942 serarum
1223 1872 1501 1961 vestigia
1552 1871 2008 1960 explorarent,
2068 1870 2149 1938 ad
2203 1891 2435 1950 casam,
2492 1870 2558 1937 in
2614 1869 2872 1956 quibus
2922 1870 3171 1938 beatus

615 1969 846 2031 Bruno
893 1984 1050 2031 cum
1104 1960 1431 2029 fratribus
1462 1960 2043 2039 commorabatur,
2083 1971 2557 2039 accurrerunt,
2597 1972 2801 2044 atque
2838 1957 2979 2026 illic
3014 1955 3170 2025 fixis

618 2051 936 2140 pedibUS,
981 2072 1087 2117 ma
1147 2071 1231 2118 no
1265 2049 1515 2118 latratu
1554 2047 1952 2116 indicabant
2014 2047 2296 2116 domino
2362 2069 2487 2116 suo
2520 2102 2534 2129 ,
2590 2050 2892 2135 opimam
2944 2068 3016 2114 se
3068 2066 3172 2114 re-

664 2141 875 2208 erisse
920 2161 1077 2228 prae
1132 2159 1268 2204 am.
1324 2143 1582 2218 Comes,
1639 2137 1704 2205 id
1759 2137 2225 2224 conspicatus,
2280 2157 2492 2224 ocyus
2541 2157 2699 2203 cum
2758 2135 2907 2203 suis
2956 2133 3169 2202 advo-

616 2163 738 2309 Fau
793 2227 1077 2296 offendit
1125 2232 1351 2295 Patres
1400 2226 1555 2296 illos
1590 2227 1657 2293 in
1703 2225 2054 2315 speluncis
2105 2225 2249 2294 suis
2279 2225 2472 2293 flexis
2521 2224 2840 2313 genibus,
2893 2223 3169 2291 erectis·

618 2338 751 2402 que
800 2318 869 2384 in
925 2315 1191 2384 coelum
1238 2315 1539 2384 vultibus
1587 2337 1665 2382 ac
1721 2314 2042 2382 manibus
2091 2312 2300 2382 simul
2353 2326 2649 2392 orantes,
2690 2325 2753 2380 et
2805 2311 3172 2380 laudantes

624 2409 864 2472 Deum.
911 2410 1077 2473 Tum
1133 2403 1247 2472 ille
1300 2425 1543 2492 magna
1596 2402 2053 2471 admiratione
2108 2401 2429 2491 repletus,
2484 2402 2570 2469 ab
2629 2421 2840 2487 equ0,
2894 2400 3006 2470 cui
3060 2401 3171 2468 in-

622 2493 909 2575 sidebat,
964 2492 1215 2574 desilit,
1260 2492 1366 2582 pie
1413 2506 1477 2561 et
1526 2491 1812 2560 comiter
1863 2491 2016 2561 illos
2052 2490 2343 2570 salutat;
2389 2513 2524 2579 qua
2575 2492 2785 2560 causa
2836 2512 2914 2559 eo
2965 2488 3171 2559 adve-

619 2584 868 2663 nerint,
921 2595 985 2650 et
1022 2604 1198 2668 quae
1232 2602 1468 2649 eorum
1524 2582 1611 2649 sit
1657 2580 1983 2660 conditi0‚
2039 2596 2355 2649 accurate
2407 2580 2765 2669 perquirit.
2799 2585 3169 2665 Postquam

616 2694 696 2740 ex
744 2673 842 2741 eis
892 2671 1133 2741 didicit
1181 2670 1438 2749 omnia,
1476 2670 1786 2759 impense
1822 2668 2111 2737 laetatus
2151 2682 2273 2747 est,
2313 2667 2609 2738 laudans
2654 2680 2717 2737 et
2765 2667 3170 2757 glorificans

620 2765 878 2841 Deum,
952 2761 1073 2847 qui
1125 2758 1239 2827 tali
1293 2760 1518 2849 ipsum
1577 2758 1828 2846 praeda
1895 2757 2186 2846 dignum
2242 2757 2651 2845 judicasset.
2709 2754 3172 2825 Persuadebat

619 2850 802 2918 enim
857 2849 1011 2931 sibi,
1070 2870 1289 2934 neque
1340 2846 1401 2915 id
1457 2860 1745 2927 temere,
1793 2868 1862 2915 se
1915 2858 2303 2932 terramque
2353 2868 2548 2915 suam
2601 2866 2836 2914 eorum
2905 2844 3170 2914 meritis

618 2951 683 3007 et
736 2938 1055 3027 precibus
1105 2936 1288 3026 apud
1369 2941 1617 3017 Deum,
1672 2935 1986 3004 ad'utum
2040 2948 2104 3003 et
2152 2935 2220 3002 in
2283 2956 2449 3036 pace
2509 2947 2986 3002 conservatum
3051 2932 3162 3000 iri.

616 3031 827 3113 Atque
873 3048 949 3095 ea
984 3031 1218 3106 causa,
1274 3038 1349 3094 ut
1400 3037 1677 3127 possent
1728 2958 1869 3092 illic
1899 3023 2201 3110 quietius
2236 3045 2457 3109 vivere
2490 3034 2555 3091 et
2603 3022 2869 3092 diutius
2897 3042 3172 3111 perma-

621 3137 802 3195 nere,
836 3115 1022 3184 dedit
1047 3117 1146 3183 eis
1179 3114 1537 3184 ecclesiam
1570 3127 1845 3183 sanctae
1869 3113 2117 3181 Mariae
2142 3126 2209 3180 et
2238 3112 2416 3181 beati
2448 3109 2880 3201 stephanide
2908 3112 3165 3179 eremo.

622 3206 748 3273 Ubi
791 3226 954 3272 sane
1003 3204 1203 3272 etiam
1241 3204 1479 3273 crebro
1513 3225 1628 3271 eos
1669 3202 1925 3280 invisit,
1979 3214 2041 3270 et
2093 3223 2200 3270 res
2251 3202 2423 3269 vitae
2462 3199 2815 3289 degendae
2851 3221 3173 3268 necessa-

625 3293 762 3359 rias
809 3293 909 3359 eis
957 3291 1218 3369 tribuit,
1270 3306 1334 3360 et
1380 3314 1482 3371 ea,
1535 3314 1712 3378 quae
1761 3291 1844 3359 ad
1885 3289 2174 3359 salutem
2227 3290 2502 3358 animae
2568 3289 3018 3378 pertinerent,
3081 3286 3173 3354 li-

622 3381 858 3448 benter
891 3382 977 3448 ab
1025 3381 1123 3447 eis
1172 3380 1455 3449 audivit.
1526 3385 1764 3468 Ipsum
1833 3401 1988 3447 vero
2053 3380 2325 3447 beatum
2377 3384 2816 3458 Brunonem,
2869 3375 3168 3445 aliorum

621 3481 960 3624 pastorem
999 3481 1062 3535 et
1115 3481 1395 3555 patrem,
1452 3490 1583 3537 non
1622 3467 1846 3537 solum
1898 3489 2061 3558 prae
2113 3467 2399 3537 caeteris
2448 3467 2708 3535 arctius
2756 3463 3170 3554 complecte-

671 3570 847 3636 atur,
906 3555 1022 3623 sed
1071 3556 1275 3624 etiam
1326 3558 1605 3644 saepius
1664 3557 1750 3626 ad
1801 3578 1874 3625 se
1935 3557 2304 3637 evocabat,
2366 3555 2794 3643 multamque
2862 3554 2918 3623 ei
2972 3573 3174 3643 prae-

622 3659 812 3715 stans
862 3643 1331 3720 reverentiam,
1379 3666 1650 3733 semper
1698 3667 1855 3713 eum
1912 3647 2133 3734 primo
2162 3646 2310 3715 loco
2361 3645 2603 3714 habuit
2647 3645 2715 3712 in
2759 3644 2964 3712 domo
3013 3663 3169 3723 sua,

622 3736 906 3819 ejusque
953 3732 1265 3802 consiliis
1316 3732 1603 3802 libenter
1645 3734 1946 3823 parebat,
1987 3747 2052 3803 et
2101 3735 2444 3824 precibus,
2483 3733 2741 3819 quibus
2784 3731 3173 3821 plurimum

622 3822 897 3902 fidebat,
953 3835 1283 3912 perpetuo
1343 3843 1490 3890 sese
1536 3823 2104 3892 commendabat:
2191 3844 2313 3890 nec
2382 3844 2544 3892 eum
2623 3820 2857 3890 fefellit
2906 3819 3172 3910 opinio.

621 3912 785 3998 Ejus
833 3912 1013 3980 enim
1071 3911 1246 3980 beati
1295 3910 1419 3978 viri
1477 3910 1737 3979 meritis
1787 3911 2118 3980 Dominus
2166 3934 2199 3978 a
2260 3910 2822 4000 praesentissimo
2866 3906 3175 3998 periculo

621 4014 685 4068 et
725 4000 1003 4069 structis
1050 4001 1108 4068 ei
1152 3999 1475 4089 periculis
1511 3997 1706 4067 illum
1748 3999 2098 4069 liberavit:
2155 3999 2220 4066 id
2259 4000 2441 4085 quod
2473 4004 2714 4075 Comes
2766 4000 2912 4087 ipse
2950 3999 3017 4066 in
3056 3996 3178 4064 Dei

621 4087 938 4243 gloriam,
976 4102 1039 4158 et
1070 4088 1157 4156 ob
1204 4087 1701 4177 divulgandam
1746 4088 2004 4173 ubique
2055 4090 2273 4158 sancti
2324 4088 2669 4157 Brunonis
2704 4087 3168 4165 sanctitatem,

652 4178 867 4245 uteris
916 4178 1061 4245 suis
1100 4190 1411 4245 testatum
1470 4177 1746 4263 reliquit
1781 4177 1847 4243 in
1905 4177 2068 4246 haec
2117 4178 2364 4246 verba:
2428 4204 2449 4239 α
2494 4183 2634 4267 Ego
2676 4176 3035 4267 Rogerius,
3072 4172 3179 4241 di-

627 4266 786 4334 vina
836 4266 1308 4335 misericordia
1376 4270 1611 4335 Comes
1679 4263 2027 4335 Calabriae
2095 4276 2159 4335 et
2210 4266 2525 4346 Siciliae,
2583 4278 2743 4336 nota
2811 4286 2960 4335 esse
3023 4262 3179 4332 volo

673 4429 695 4449 ¹*
726 4428 945 4469 Nescium
976 4431 1224 4473 Brunonis,
1244 4431 1291 4469 et
1322 4438 1514 4469 auorum
1543 4429 1887 4471 monachorum
1914 4431 1964 4471 in
1985 4439 2037 4471 eo
2058 4430 2160 4472 loeo
2180 4428 2414 4473 adventus
2435 4438 2542 4472 esse
2561 4425 2814 4480 Rogerium
2833 4436 2928 4469 non
2948 4426 3185 4479 potuisse.

619 4482 796 4523 diserte
817 4484 1025 4524 ostendit
1050 4483 1306 4524 Bollandus
1327 4482 1375 4523 in
1395 4486 1623 4524 Commene.
1645 4496 1799 4536 fraer.
