3347 4999
691 319 821 383 690
1226 336 1305 382 »ιι
1357 336 1414 382 s.
1465 336 1716 383 Anssrux
1764 336 1954 384 nur.
2009 336 2084 383 m·
2131 335 2332 384 socus
2377 335 2529 383 Esus
2841 317 3023 384 OCT.
3078 320 3164 385 24

600 420 950 490 sedentem
992 420 1062 488 in
1110 419 1398 500 excelSO,
1437 432 1501 489 et
1537 420 1621 488 ad
1675 419 1905 509 ipsum
1955 420 2278 500 accurrit,
2316 419 2555 490 oculos
2598 419 2862 489 habens
2917 420 3160 511 plenos

600 508 951 600 lacrymis.
1001 508 1256 577 Deinde
1312 530 1385 578 se
1434 507 1766 599 provolvit
1811 506 1893 576 ad
1950 507 2140 579 illius
2237 508 2399 579 edes
2449 529 2572 599 pro
2624 522 2841 578 matre
2900 531 3160 600 rogans

600 611 680 669 ut
711 610 993 689 poterat.
1032 597 1156 668 Ille
1199 608 1425 667 autem
1460 619 1540 668 eo
1578 608 1880 686 accepte,
1916 609 1982 667 et
2029 531 2322 688 genibus
2369 597 2694 687 imposito
2738 597 2917 688 (erat
2972 599 3157 667 enim

601 708 778 777 puer
809 686 1024 757 scitus
1060 698 1124 756 et
1181 685 1484 776 elegans,
1521 699 1587 756 et
1615 686 1760 774 qui,
1801 699 1876 755 ut
1925 708 2097 777 puer
2143 687 2444 756 suaviter
2497 686 2997 844 balbutiebat?,
3054 709 3162 757 ro·

604 776 811 866 gabat
855 798 1014 845 cum
1063 795 1201 862 quo
1238 775 1472 846 mallet
1519 774 1801 855 versari,
1845 788 1910 844 et
1948 797 2151 862 quem
2201 798 2308 845 ma
2368 776 2424 844 is
2471 775 2812 865 diligeret.
2866 774 2922 844 Il
2954 798 2994 845 e
3043 799 3163 846 au-

603 878 737 935 tem
789 875 1102 944 matrem,
1162 863 1454 945 dicebat,
1510 876 1837 934 matrem:
1890 877 1954 934 et
2000 886 2152 934 eam
2203 863 2288 933 de
2344 864 2499 933 ebat
2549 864 2855 935 assidue.
2912 887 2951 932 «
2999 870 3161 935 Pro·

605 965 757 1044 pter
794 974 942 1022 eam
1003 953 1216 1032 enim,
1277 953 1526 1039 inquit,
1579 951 1758 1031 veni,
1815 964 1878 1021 et
1936 975 2125 1044 rog0,
2162 974 2204 1024 o
2256 958 2414 1033 Rex,
2470 974 2621 1023 eam
2667 954 2864 1034 solvi,
2920 967 3003 1023 ut
3053 976 3161 1023 me

604 1063 880 1129 quoque
928 1040 1138 1110 simul
1194 1055 1504 1112 assumat
1573 1041 1659 1112 ad
1720 1042 2150 1132 martyrium.
2212 1041 2338 1111 Illa
2402 1042 2587 1112 enim
2652 1064 2762 1112 me
2820 1064 3034 1133 saepe
3079 1043 3157 1112 ad

607 1131 736 1201 hoc
786 1129 1054 1200 hortata
1083 1140 1209 1200 est.
1252 1153 1288 1197 »

693 1221 926 1307 §2ss
978 1218 1345 1288 Attendens
1393 1230 1621 1288 autem
1675 1225 1812 1290 Rex
1861 1219 2067 1289 verba
2118 1218 2357 1309 puerit
2412 1241 2449 1285 «
2510 1219 2689 1301 Quid
2749 1230 2854 1289 est
2921 1234 3152 1289 autem

603 1308 735 1377 hoc
767 1362 782 1387 ,
858 1307 1121 1394 inquit,
1173 1308 1358 1395 quod
1408 1307 1584 1376 dicis
1642 1308 2097 1399 martyrium?
2144 1310 2219 1389 Ο,
2258 1329 2435 1395 quae
2455 1308 2660 1377 etiam
2699 1306 3010 1378 infantes
3058 1330 3155 1377 sa·

603 1397 869 1488 pientes
903 1396 1149 1477 reddit,
1188 1410 1403 1478 tuam,
1448 1397 1754 1479 Domine,
1793 1397 2131 1489 gratiam?
2176 1419 2212 1463 »
2236 1419 2385 1463 —-«
2422 1402 2550 1466 Pro
2574 1396 2864 1477 Christo,
2900 1397 3150 1485 inquit,

609 1485 810 1565 mori,
858 1496 923 1553 et
958 1507 1205 1556 rursus
1252 1484 1496 1554 vivere.
1536 1508 1574 1553 »
1602 1525 1693 1536 —
1723 1511 1758 1554 «
1794 1486 1919 1557 Sed
1952 1486 2110 1573 quis
2142 1499 2244 1555 est
2292 1485 2403 1554 hic
2453 1486 2811 1581 Christus?
2839 1508 2877 1553 »
2914 1509 3158 1556 rursus

605 1573 775 1644 dicit
807 1579 967 1644 Rex.
1023 1580 1198 1644 Puer
1243 1588 1513 1644 autem:
1551 1597 1587 1641 «
1625 1576 1786 1645 Veni
1821 1577 1980 1657 huc,
2028 1575 2275 1662 iuquit,
2316 1574 2401 1644 ad
2454 1574 2854 1655 Ecclesiam,
2896 1589 2965 1643 et
2997 1597 3154 1644 eum

602 1663 727 1732 tibi
778 1662 1157 1733 ostendam.
1212 1686 1248 1730 »
1298 1662 1576 1732 Interim
1635 1677 1863 1734 autem
1916 1685 2074 1732 cum
2143 1676 2429 1732 matrem
2488 1663 2944 1753 adspexisset,
2985 1665 3157 1733 flens

602 1752 814 1821 dixit:
858 1774 893 1818 «
926 1755 1107 1833 Sine,
1139 1752 1288 1821 sine
1320 1775 1428 1821 me
1456 1753 1686 1822 venire
1715 1753 1798 1822 ad
1842 1765 2155 1822 matrem.
2193 1751 2402 1821 Video
2433 1753 2616 1821 enim
2654 1774 2803 1822 eam
2843 1752 3058 1833 trahi,
3094 1766 3158 1821 et

603 1840 781 1910 male
809 1838 988 1910 affici
1037 1863 1077 1910 a
1112 1839 1493 1911 lictoribus.
1536 1862 1572 1907 »
1605 1845 1743 1911 Rex
1791 1853 2055 1910 autem:
2111 1864 2146 1907 «
2199 1845 2333 1910 Cur
2394 1840 2551 1921 huc,
2616 1842 2811 1921 dixit,
2877 1842 3151 1921 venisti,

603 1943 817 1999 matre
871 1928 1151 1999 relicta?
1200 1929 1325 1999 Sed
1387 1930 1483 1999 sis
1533 1929 1643 1999 hic
1695 1930 2088 2010 nobiscum,
2123 1942 2189 1999 et
2220 1929 2400 2000 dabo
2448 1929 2574 1999 tibi
2622 1929 2975 2017 quoslibet
3012 1931 3155 1999 fru-

600 2032 754 2088 ctus
804 2017 1335 2108 pulcherrimos.
1377 2041 1413 2085 »
1462 2022 1605 2088 Hoc
1640 2017 1756 2088 ille
1793 2018 2073 2106 quidem
2126 2018 2320 2098 dixit,
2376 2031 2723 2106 tamquam
2765 2040 2930 2087 cum
2986 2020 3155 2088 sim-

603 2107 766 2196 plici
821 2127 1056 2196 ptem,
1092 2120 1295 2195 atque
1329 2107 1499 2177 adeo
1548 2129 1762 2199 puero
1811 2129 1883 2177 se
1914 2106 2102 2195 loqui
2136 2107 2562 2177 existimans
2601 2107 2726 2178 Ille
2760 2129 2920 2177 vero
2956 2107 3155 2199 longe

603 2217 815 2284 supra
845 2208 1132 2264 aetatem
1172 2195 1539 2285 prudentia
1576 2196 1952 2284 praeditus,
1996 2195 2198 2287 plane
2226 2196 2581 2276 renuebat,
2638 2196 2906 2266 dicens:
2947 2219 2985 2262 α
3011 2201 3151 2267 Non

605 2283 718 2352 hic
783 2283 1110 2353 manebo:
1168 2297 1452 2354 matrem
1488 2284 1826 2354 desidero.
1867 2289 2032 2355 Nam
2084 2284 2459 2354 arbitratus
2509 2299 2570 2355 te
2616 2307 2766 2354 esse
2816 2285 3151 2355 Christia-

603 2393 799 2450 num,
864 2372 1012 2440 veni
1077 2394 1198 2461 pro
1247 2394 1324 2441 ea
1375 2387 1766 2462 rogaturus.
1816 2378 1980 2443 Cum
2042 2374 2384 2443 Judaeum
2437 2387 2665 2443 autem
2726 2374 3144 2454 invenerim,

603 2473 829 2531 tecum
865 2482 989 2531 nec
1023 2459 1174 2531 volo
1220 2460 1498 2549 quidem
1553 2462 1832 2541 versari,
1887 2483 2107 2550 neque
2147 2462 2453 2534 sustineo
2510 2485 2550 2533 a
2598 2476 2661 2532 te
2692 2462 2989 2534 omnino
3028 2464 3151 2534 ali·

601 2548 767 2637 quid
830 2549 1187 2640 accipere:
1256 2550 1385 2620 hoc
1434 2564 1663 2621 autem
1716 2551 1939 2622 solum
2002 2552 2175 2622 mihi
2223 2551 2556 2632 concede,
2610 2573 2650 2620 o
2710 2557 2876 2631 Rex,
2933 2565 3013 2621 ut
3067 2553 3149 2622 ad

603 2651 890 2708 matrem
930 2653 1246 2708 revertar.
1290 2662 1326 2706 »
1360 2644 1607 2731 Regem
1646 2653 1924 2730 stupore
1957 2640 2183 2710 affecit
2217 2642 2409 2730 pueri
2445 2640 2807 2731 sapientia.
2845 2641 3146 2723 Quidam

604 2743 724 2797 aut
771 2750 848 2796 ex
901 2727 986 2797 iis
1033 2729 1154 2814 qui
1211 2728 1838 2809 circumsistebant,
1895 2729 2358 2819 excogitantes
2413 2728 2680 2817 aliquid
2728 2730 3147 2820 sapientiuS,

600 2816 995 2897 censebant,
1048 2830 1125 2887 ut
1173 2816 1403 2887 infans
1449 2817 1908 2888 abduceretur
1939 2817 2021 2887 ad
2060 2820 2417 2908 Reginam,
2462 2819 2563 2888 sic
2612 2830 2920 2888 teneram
2967 2832 3150 2890 aeta-

600 2919 735 2975 tem
800 2919 1128 2975 conantes
1176 2906 1473 2976 allicere.
1527 2912 1693 2976 Nam
1759 2929 1920 2976 cum
1985 2912 2168 3009 Rege
2215 2906 2494 2994 quidem
2560 2907 3146 2979 consuetudinem

600 2994 1086 3064 existimabant
1123 3016 1271 3065 esse
1307 3017 1520 3085 puero
1570 2994 1916 3065 insolitam
1955 3008 2030 3065 ut
2059 2995 2324 3066 virilem
2358 3010 2424 3065 et
2454 2995 2902 3085 asperiorem:
2960 2997 3148 3084 quod

599 3083 657 3152 si
705 3081 1002 3153 audierit
1051 3085 1382 3174 Reginam
1433 3096 1498 3152 et
1531 3084 1918 3165 mulierem,
1977 3097 2294 3176 prompto
2341 3098 2406 3153 et
2453 3083 2668 3155 alacri
2714 3084 2958 3154 animo
2991 3108 3145 3155 eam

599 3184 1025 3253 secuturum,
1078 3185 1156 3242 ut
1208 3173 1330 3260 qui
1378 3173 1608 3242 adhuc
1663 3174 1851 3264 apud
1922 3186 2209 3244 matrem
2272 3172 2525 3243 blande
2571 3173 3019 3257 educaretur,
3085 3188 3152 3243 et

599 3260 898 3330 molliori
945 3260 1405 3331 delectaretur
1460 3262 1987 3332 consuetudine.
2038 3267 2284 3332 Verum
2339 3262 2534 3352 pueri
2596 3285 2842 3333 rursus
2892 3262 3151 3334 intelli·

598 3349 827 3437 gentia
858 3351 1206 3439 superavit
1239 3349 1518 3420 illorum
1570 3350 2040 3420 calliditatem.
2095 3356 2176 3420 Et
2224 3371 2348 3420 nec
2377 3350 2479 3420 eis
2517 3351 2797 3438 quidem
2850 3354 3145 3422 omnino

597 3436 680 3505 ad
733 3438 900 3507 haec
960 3438 1167 3508 dabat
1229 3460 1680 3528 responsum;
1734 3440 1849 3510 sed
1911 3439 2347 3510 vehementer
2399 3440 2627 3510 solum
2678 3441 2971 3511 vocabat
3006 3463 3148 3511 ma-

599 3538 795 3606 trem,
835 3540 900 3597 et
947 3528 1016 3597 in
1053 3550 1204 3597 eam
1239 3549 1397 3597 cum
1449 3528 1685 3598 animo
1721 3542 1891 3598 totos
1930 3528 2272 3630 defigebat
2318 3528 2581 3600 oculos.

670 3616 720 3772 ἓ
772 3620 924 3689 8⁴1.
978 3620 1143 3687 Cum
1195 3637 1345 3685 eam
1397 3629 1623 3687 autem
1680 3617 1961 3687 vidisset
2010 3618 2202 3709 injici
2251 3618 2320 3686 in
2372 3617 2632 3708 ignem,
2665 3617 3148 3688 vehementius

594 3702 660 3771 in
721 3716 1068 3774 ammatus
1117 3704 1520 3786 visceribus,
1565 3706 1774 3775 audet
1821 3706 2047 3777 statim
2103 3728 2274 3797 puer
2299 3706 2564 3794 aliquid
2592 3706 2840 3777 fortius
2880 3719 3144 3779 etcum

592 3792 890 3862 stetisset
936 3793 1019 3862 ad
1118 3816 1298 3863 enua
1349 3795 1623 3883 tyranni
1676 3800 1987 3875 Dunaan,
2043 3817 2115 3865 se
2163 3794 2535 3877 inclinans,
2604 3795 2857 3865 acriter
2904 3798 3143 3888 ipsum

592 3885 842 3973 Regem
899 3905 1047 3952 mor
1098 3895 1163 3952 et
1212 3882 1279 3952 in
1333 3882 1611 3952 femore.
1658 3883 1784 3954 Ille
1830 3897 2062 3955 autem
2097 3884 2306 3954 simul
2349 3897 2553 3971 atque
2586 3886 2917 3956 sensisset
2954 3908 3142 3956 mor-

590 3990 768 4045 sum.
808 3982 872 4039 et
904 3970 1147 4043 fuisset
1179 3972 1655 4053 conturbatu3‚
1694 3995 1855 4042 eum
1890 3985 2167 4064 repente
2197 3972 2455 4061 abjicit,
2486 3985 2553 4043 et
2577 3995 2734 4044 eum
2766 3974 3146 4045 traditcui-

586 4057 744 4127 dam
795 4080 873 4128 ex
926 4065 1200 4144 Senatu,
1236 4073 1314 4131 ut
1354 4063 1442 4132 ab
1502 4060 1620 4131 illo
1651 4062 1952 4133 aleretur
1999 4061 2295 4132 maxime
2324 4061 2632 4145 ludaice‚
2671 4074 2739 4132 et
2784 4063 3148 4153 abjuraret

586 4146 1216 4220 Christianismum.
1256 4155 1334 4220 Et
1388 4150 1503 4221 ille
1535 4151 1816 4238 quidem
1873 4150 2129 4234 abibat,
2168 4163 2448 4239 accepto
2495 4173 2733 4241 puero,
2775 4151 3145 4223 admirans

580 4256 663 4304 ea
708 4257 885 4322 quae
931 4237 1109 4307 facta
1152 4238 1461 4321 fuerant,
1506 4252 1572 4309 et
1619 4239 1831 4312 simul
1879 4240 2085 4310 etiam
2136 4261 2430 4310 narrans
2477 4240 2658 4312 aliis.
2697 4241 2983 4311 Interim
3017 4263 3145 4313 au-

581 4335 721 4392 tem
753 4347 945 4425 puer,
978 4348 1056 4397 eo
1087 4327 1444 4410 insciente,
1500 4352 1717 4400 cursu
1761 4328 2116 4400 contendit
2161 4328 2248 4399 ad
2299 4341 2616 4411 matrem,
2673 4342 2740 4399 et
2785 4328 3015 4400 insilit
3061 4330 3138 4399 in

577 4411 883 4485 mediam
935 4413 1308 4500 fornacem,
1362 4420 1961 4507 matremque,‘ut
2006 4418 2070 4489 ei
2118 4418 2521 4501 videbatur,
2574 4418 3008 4510 complexuS,
3070 4431 3141 4488 et
