3347 4999
701 333 827 396 688
1226 349 1306 396 m:
1356 349 1412 395 S.
1467 350 1716 397 samus
1762 351 1951 398 nar.
2005 351 2080 397 ει·
2126 349 2327 398 sonus
2376 350 2525 397 mus
2842 332 3029 398 OCT.
3089 335 3173 398 ἒξ

615 434 858 524 gloria,
913 445 979 504 et
1020 432 1292 503 lucrum
1329 432 1533 524 longe
1578 435 1952 524 copiosius,
1993 434 2118 504 Sed
2170 457 2328 503 cum
2365 434 2493 504 hoc
2530 433 2767 503 haberi
2816 457 2958 503 non
3016 457 3178 525 pos-

612 525 770 592 sita
824 536 1094 602 natura,
1146 521 1357 610 quod,
1411 523 1511 591 vel
1574 524 1805 592 invitis
1854 524 2078 604 nobiS,
2131 523 2249 592 illa
2290 546 2372 592 ex
2420 545 2492 593 se
2542 522 2724 603 facit,
2782 525 3178 614 praeripia·

617 635 771 681 mus
817 634 975 680 cum
1029 611 1283 700 gloria:
1334 623 1399 680 et
1431 612 1496 680 id
1553 626 1902 700 tamquam
1950 614 2306 702 proprium
2358 613 2879 691 constituenteS,
2935 627 3172 682 astute

612 700 937 769 fallamus
986 700 1481 770 necessitatem.
1545 701 1792 771 Nullus
1853 715 2189 780 nostrum,
2242 723 2282 770 o
2315 701 2580 780 fratreS,
2634 701 2722 770 sit
2770 700 2945 772 adeo
2993 703 3173 772 vitae

610 789 936 879 cupidus,
975 803 1040 858 et
1084 789 1255 859 adeo
1305 789 1539 879 pusilli
1573 805 1637 859 et
1669 790 1914 878 abJ'ecti
1964 791 2204 869 animi,
2257 803 2335 859 ut
2388 811 2508 880 pro
2556 790 2743 859 brevi
2790 802 2858 858 et
2908 792 3173 860 misera

614 878 747 946 vita
788 878 1024 966 perdat
1078 879 1571 958 aeternitatem,
1639 893 1727 959 et,
1781 901 1958 966 quae
1992 900 2375 965 nunquam,
2414 879 2724 958 solvitur,
2786 879 3171 949 beatitudi-

614 989 798 1035 nem.
840 968 1202 1037 Communi
1235 968 1547 1036 omnium
1593 968 1878 1037 inimico
1925 990 1963 1036 a
2013 968 2212 1036 nobis
2244 967 2429 1036 haud
2465 966 2666 1036 detur
2699 989 2859 1056 pars
2895 968 3166 1056 aliqua,

619 1079 702 1124 ne
750 1077 910 1124 cum
963 1078 1183 1126 unum
1257 1055 1462 1125 fuerit
1521 1057 1926 1136 suffuratus,
1981 1056 2315 1145 glorietur
2364 1077 2746 1146 perversuS,
2802 1071 3166 1144 tamquam

608 1145 735 1231 qui
785 1166 1026 1214 omnes
1074 1146 1352 1234 ceperit.
1394 1144 1518 1215 Sed
1555 1147 1673 1232 qui
1723 1158 1825 1215 est
1870 1145 2148 1232 quidem
2204 1144 2380 1224 talis,
2427 1145 2666 1234 procul
2716 1145 2805 1212 sit
2852 1167 2891 1213 a
2951 1147 3171 1217 choro

616 1240 1018 1323 Martyrum,
1077 1256 1297 1321 neque
1351 1234 1437 1302 sit
1495 1233 1668 1304 falso
1733 1234 2038 1303 nominis
2094 1234 2459 1323 particeps.
2500 1235 2566 1302 Si
2619 1233 2777 1320 quis
2827 1234 3026 1304 enim
3079 1249 3164 1314 te.

612 1323 877 1392 Christe
946 1335 1037 1390 et·
1084 1323 1365 1393 verbum
1438 1324 1596 1404 Dei,
1667 1324 2013 1413 negaverit
2078 1321 2290 1412 hujus
2369 1324 2542 1391 vitae
2602 1320 3005 1402 desiderio,
3083 1325 3170 1394 ab

617 1413 766 1500 ipsa
807 1411 1099 1494 excidat,
1151 1424 1216 1481 et
1271 1411 1636 1482 dehiscens
1685 1434 1841 1481 eum
1903 1426 2078 1480 terra
2136 1411 2430 1481 devoret.
2477 1412 2542 1481 Si
2592 1412 2749 1498 quis
2797 1424 3040 1480 autem
3090 1434 3170 1481 ex

618 1522 769 1568 mea
828 1501 1260 1590 cognatione,
1324 1512 1445 1569 aut
1505 1499 1990 1581 familiaritate,
2053 1499 2392 1569 desiderio
2445 1500 2780 1569 bonorum
2835 1522 3172 1591 praesen-

619 1589 789 1658 tium
847 1602 908 1658 te
959 1589 1192 1659 relicto
1246 1593 1588 1670 Creatore,
1642 1602 1970 1676 sequatur
2037 1589 2226 1658 hunc
2281 1610 2506 1679 regem
2584 1588 2891 1658 interitui
2953 1590 3168 1660 obno-

616 1679 804 1747 xium
847 1690 913 1746 et
961 1679 1299 1770 impium:
1354 1699 1439 1746 ne
1486 1680 1543 1746 ei
1595 1677 1818 1758 detur,
1870 1700 1911 1746 o
1959 1682 2095 1746 Rex
2150 1677 2432 1759 Christe,
2473 1678 2585 1746 hic
2633 1677 2770 1746 frui
2819 1679 2932 1758 iis,
2990 1700 3171 1765 quae

615 1766 940 1867 videntur
972 1766 1288 1856 jucunda
1336 1781 1400 1835 et
1447 1764 1900 1846 delectabilia,
1955 1780 2020 1835 et
2076 1766 2383 1836 tradatur
2439 1767 2547 1846 iis,
2585 1787 2761 1853 quae
2792 1783 2960 1837 sunt
2999 1766 3166 1847 illic,

620 1867 1000 1925 tormentis.
1038 1879 1074 1922 »

705 1946 742 2031 ἓ
787 1948 956 2016 8⁰.
1009 1949 1190 2014 Haec
1224 1944 1416 2025 dixit,
1469 1956 1535 2012 et
1566 1945 1792 2012 statim
1842 1943 2163 2013 universa
2211 1942 2582 2013 multitudo
2628 1942 2892 2013 calidas
2945 1946 3174 2015 effun-

611 2033 791 2102 dens
843 2034 1208 2123 lacrymas:
1245 2056 1280 2100 «
1312 2038 1467 2103 Esto
1501 2033 1681 2102 bono
1710 2032 1965 2110 animo,
2001 2031 2427 2101 exclamavit.
2467 2036 2674 2103 Nemo
2719 2033 2907 2101 enim
2947 2046 3020 2102 te
3057 2035 3174 2104 de-

616 2136 813 2190 seret.
871 2127 1035 2191 Nam
1098 2124 1221 2201 tui,
1278 2135 1354 2191 ut
1403 2121 1613 2202 videS,
1669 2120 2011 2189 desiderio
2057 2142 2297 2190 omnes
2343 2120 2444 2189 vel
2479 2134 2638 2190 ante
2684 2133 2745 2190 te
2788 2123 2964 2190 mori
3007 2146 3172 2214 pro-

620 2231 969 2296 peramus,
1024 2222 1090 2278 et
1137 2210 1528 2300 praeripere
1577 2210 1762 2279 hunc
1809 2209 2083 2278 beatum
2146 2208 2350 2277 finem
2409 2223 2475 2279 et
2529 2208 3098 2279 desiderabilem.
3138 2236 3172 2277 ιι

625 2297 746 2366 llle
780 2313 1005 2367 autem
1043 2298 1128 2366 ad
1172 2299 1383 2367 haec:
1440 2321 1474 2366 «
1509 2304 1668 2386 Ego,
1706 2298 1799 2366 ait
1847 2297 2194 2378 omnibuS,
2261 2320 2386 2388 ego
2427 2320 2542 2367 vos
2589 2320 2831 2368 omnes
2881 2321 3169 2389 praece-

614 2386 806 2464 dam,
871 2400 936 2454 et
991 2408 1106 2455 ero
1166 2387 1357 2455 vobis
1414 2388 1480 2455 in
1522 2392 1651 2456 Deo
1698 2401 1926 2456 certus
1972 2387 2118 2455 viae
2165 2386 2326 2456 dux.
2383 2392 2464 2457 Ut
2498 2410 2613 2456 vos
2663 2386 2832 2455 mihi
2897 2389 3170 2477 primas

626 2475 1004 2546 conceditis
1065 2476 1133 2543 in
1201 2475 1550 2558 omnibus,
1607 2477 1696 2545 ita
1759 2498 1874 2545 vos
1918 2475 2087 2545 mihi
2149 2475 2539 2555 concedite,
2603 2488 2679 2545 ut
2738 2476 3017 2567 primus
3084 2479 3168 2549 ad

623 2564 969 2634 Christum
1019 2564 1367 2634 accedam.
1430 2566 2028 2635 verumenimvero
2082 2564 2210 2634 hoc
2264 2586 2538 2652 quoque
2591 2565 2782 2634 vobis
2831 2566 3170 2637 ultimum

614 2653 706 2721 do
762 2652 1208 2723 mandatum:
1264 2654 1328 2723 Si
1364 2654 1521 2740 quis
1555 2675 1862 2723 meorum
1897 2653 2227 2733 filiorum,
2273 2666 2391 2723 aut
2432 2676 2696 2734 eorum,
2753 2654 2871 2740 qui
2911 2678 3170 2746 genere

620 2743 704 2810 ad
763 2766 870 2811 me
920 2743 1246 2823 attinent,
1301 2743 1583 2811 relictus
1630 2742 1855 2823 suerit,
1925 2764 2337 2831 permanens
2405 2744 2472 2811 in
2538 2743 2664 2811 hoc
2725 2764 2904 2834 puro
2966 2746 3170 2815 cultu

615 2832 1191 2912 Christianorum,
1246 2832 1333 2901 sit
1367 2832 1605 2901 haeres
1648 2852 1954 2900 mearum
2020 2832 2447 2900 facultatum.
2501 2831 2707 2900 Porro
2753 2844 2989 2902 autern
3032 2848 3169 2903 πω

618 2919 773 2989 illas
819 2944 900 2989 ex
947 2921 1057 3001 iis,
1117 2940 1294 3007 quae
1355 2920 1523 2989 mihi
1587 2932 1863 3000 restant,
1928 2919 2392 3009 possessiones
2452 2919 2963 3011 pulcherrimas
3013 2924 3169 2993 volo

616 3009 899 3078 attribui
951 3009 1334 3079 Catholicae
1390 3009 1754 3090 Ecclesiae,
1819 3030 1994 3094 quae
2053 3020 2153 3078 est
2191 3008 2652 3078 aedificanda:
2709 3031 2883 3095 quas
2955 3013 3168 3081 etiam

609 3097 754 3183 jam
815 3119 1164 3167 consecro
1207 3122 1242 3164 »
1292 3102 1473 3167 Haec
1519 3120 1677 3167 cum
1728 3095 2033 3176 dixisset,
2085 3110 2151 3166 et
2198 3098 2453 3188 populo
2512 3097 3000 3180 benedixisset,
3057 3112 3163 3170 et:

620 3187 716 3255 Sit
751 3187 870 3254 tibi
922 3186 1163 3274 gloria,
1200 3208 1241 3255 o
1276 3186 1581 3266 Domine,
1634 3199 1911 3275 propter
1938 3187 2191 3263 omnia,
2233 3186 2727 3273 subJunxisset,
2778 3209 3168 3261 conversus

618 3273 786 3342 dicit
818 3276 1023 3364 Regi:
1078 3298 1114 3341 «
1152 3275 1380 3343 Laudo
1424 3290 1506 3355 te,
1558 3296 1599 3342 o
1662 3280 1822 3355 Rex,
1885 3272 2067 3361 quod
2137 3296 2305 3345 usus
2355 3275 2451 3345 sis
2501 3276 2851 3363 patientia,
2904 3289 2976 3346 et
3024 3300 3164 3349 non

608 3363 1037 3442 confuderis,
1102 3376 1220 3432 aut
1266 3364 1718 3452 interruperis
1776 3384 1995 3431 meam
2056 3365 2460 3444 orationem,
2500 3376 2575 3432 ut
2609 3385 2759 3433 mos
2809 3364 2946 3434 fuit
2995 3367 3160 3436 olim

619 3451 948 3541 Regibus.
1010 3452 1345 3534 Quoniam
1397 3473 1561 3543 ergo
1628 3453 1809 3521 nosti
1859 3463 2169 3521 nostrum
2236 3474 2521 3541 scopum
2580 3465 2646 3521 et
2713 3452 3159 3533 institutum,

616 3561 870 3630 nempe
925 3540 1107 3627 quod
1152 3540 1295 3610 fieri
1350 3562 1482 3609 non
1546 3553 1784 3632 potest,
1841 3552 1939 3619 ut,
2007 3540 2252 3609 Christi
2300 3541 2491 3611 cultu
2543 3540 2800 3619 relicto,
2864 3563 2998 3612 nos
3038 3545 3163 3614 tibi

608 3630 1107 3707 assentiamur,
1162 3630 1266 3698 sac
1300 3630 1480 3716 quod
1527 3642 1862 3720 superest,
1906 3642 2177 3723 tempus
2212 3651 2342 3698 non
2396 3642 2622 3699 terens
2652 3629 2947 3701 diutiuS.
2991 3657 3019 3695 ι

704 3721 740 3805 §
794 3723 938 3790 21.
995 3722 1159 3787 Cum
1214 3721 1416 3786 sciret
1461 3741 1625 3809 ergo
1659 3725 1795 3788 Rex
1825 3739 2061 3787 eorum
2099 3732 2390 3786 mentem
2424 3740 2573 3787 esse
2615 3719 3157 3801 immutabilem,

618 3829 744 3876 nec
811 3808 960 3875 fieri
1006 3827 1229 3895 posse,
1285 3820 1359 3874 ut
1419 3829 1535 3876 eos
1581 3807 1664 3876 ad
1724 3828 1918 3877 suam
1963 3806 2271 3875 traducat
2310 3808 2743 3881 sententiam.
2792 3808 3012 3895 jussit
3048 3831 3166 3879 eos

616 3896 776 3965 duci
818 3895 900 3965 ad
947 3895 1317 3982 quemdam
1357 3907 1750 3975 torrentem,
1788 3896 1910 3981 qui
1947 3908 2226 3964 vocatur
2264 3895 2491 3976 odias,
2528 3910 2594 3965 et
2627 3897 2799 3985 ipsis
2845 3897 2992 3966 illic
3019 3920 3163 3967 am·

620 3987 849 4074 putari
901 3986 1150 4074 capita.
1192 3985 1282 4053 Ad
1346 4007 1547 4071 quem
1600 4006 1758 4052 cum
1814 3984 2177 4065 venissent,
2236 4001 2412 4052 etse
2445 4005 2636 4073 prom
2697 3998 2762 4054 to
2816 3997 2883 4054 et
2950 3987 3169 4057 alacri

606 4074 854 4143 animo
895 4074 978 4142 ad
1023 4096 1255 4163 preces
1289 4073 1819 4143 convertissent:
1860 4094 1896 4137 «
1936 4072 2240 4152 Domine,
2280 4074 2584 4154 Domine,
2681 4074 2978 4155 uterum,
3037 4076 3168 4144 vir-

619 4175 733 4230 tus
784 4176 1056 4233 nostrae
1106 4163 1374 4243 salutis,
1413 4162 1842 4231 obumbrasti
1878 4182 2089 4251 super
2118 4174 2327 4250 caput
2374 4174 2681 4230 nostrum
2716 4161 2785 4230 in
2820 4161 2933 4232 die
2971 4162 3163 4235 belli.

623 4254 821 4318 Nunc
854 4273 1130 4337 quoque
1163 4252 1387 4321 deduc
1422 4273 1545 4321 nos
1573 4251 1640 4318 in
1680 4250 1884 4319 vitam
1919 4263 2293 4319 aeternam:
2335 4250 2662 4336 quoniam
2697 4250 2870 4320 nihil
2905 4273 2991 4322 ex
3021 4274 3169 4322 orn·

621 4337 834 4408 nibus
870 4340 1066 4410 nobis
1120 4340 1341 4431 pluris
1389 4340 1540 4418 fuit,
1575 4361 1782 4426 quam
1819 4339 1919 4408 tui
1955 4339 2251 4419 dilectio,
2293 4360 2425 4407 non
2459 4339 2699 4430 patria,
2740 4361 2877 4408 non
2908 4362 3165 4441 genus,

614 4447 749 4495 non
814 4427 1125 4497 divitiae:
1180 4429 1294 4497 sed
1360 4429 1592 4498 omnia
1646 4441 1921 4518 propter
1983 4442 2043 4497 te
2109 4428 2583 4517 prodidimus,
2654 4428 2859 4498 etiam
2927 4452 3167 4520 ipsam

3309 611 3312 688 l
