<?xml version="1.0" encoding="UTF-8"?>
<!DOCTYPE html PUBLIC "-//W3C//DTD XHTML 1.0 Transitional//EN"
    "http://www.w3.org/TR/xhtml1/DTD/xhtml1-transitional.dtd">
<html xmlns="http://www.w3.org/1999/xhtml" xml:lang="en" lang="en">
 <head>
  <title>
</title>
<meta http-equiv="Content-Type" content="text/html;charset=utf-8" />
  <meta name='ocr-system' content='tesseract 3.04.00' />
  <meta name='ocr-capabilities' content='ocr_page ocr_carea ocr_par ocr_line ocrx_word'/>
</head>
<body>
  <div class='ocr_page' id='page_1' title='image "./historiaeseuvit03lippgoog_0783.png"; bbox 0 0 3347 4999; ppageno 0'>
   <div class='ocr_carea' id='block_1_1' title="bbox 277 298 2719 364">
    <p class='ocr_par' dir='ltr' id='par_1_1' title="bbox 277 298 2719 364">
     <span class='ocr_line' id='line_1_1' title="bbox 277 298 2719 364; baseline 0 -1"><span class='ocrx_word' id='word_1_1' title='bbox 277 298 449 364; x_wconf 85' lang='lat' dir='ltr'>OCT.</span> <span class='ocrx_word' id='word_1_2' title='bbox 502 298 587 362; x_wconf 78' lang='lat'>22</span> <span class='ocrx_word' id='word_1_3' title='bbox 1030 316 1108 362; x_wconf 71' lang='grc' dir='ltr'>ηε</span> <span class='ocrx_word' id='word_1_4' title='bbox 1155 315 1209 362; x_wconf 91' lang='lat' dir='ltr'>s.</span> <span class='ocrx_word' id='word_1_5' title='bbox 1262 314 1525 363; x_wconf 67' lang='lat' dir='ltr'>ananelo</span> <span class='ocrx_word' id='word_1_6' title='bbox 1574 316 1672 361; x_wconf 64' lang='grc' dir='ltr'>ιιι».</span> <span class='ocrx_word' id='word_1_7' title='bbox 1719 314 2051 363; x_wconf 67' lang='lat' dir='ltr'>manaem..</span> <span class='ocrx_word' id='word_1_8' title='bbox 2588 298 2719 363; x_wconf 79' lang='lat'>653</span> 
     </span>
    </p>
   </div>
   <div class='ocr_carea' id='block_1_2' title="bbox 273 397 2889 4397">
    <p class='ocr_par' dir='ltr' id='par_1_2' title="bbox 273 397 2889 2689">
     <span class='ocr_line' id='line_1_2' title="bbox 273 397 2808 486; baseline 0 -16"><span class='ocrx_word' id='word_1_9' title='bbox 273 400 359 470; x_wconf 90' lang='lat' dir='ltr'>ad</span> <span class='ocrx_word' id='word_1_10' title='bbox 416 421 522 468; x_wconf 90' lang='lat' dir='ltr'>me</span> <span class='ocrx_word' id='word_1_11' title='bbox 582 399 1093 486; x_wconf 81' lang='lat' dir='ltr'>quammaxima</span> <span class='ocrx_word' id='word_1_12' title='bbox 1139 398 1481 469; x_wconf 89' lang='lat' dir='ltr'>celeritate</span> <span class='ocrx_word' id='word_1_13' title='bbox 1529 397 1980 468; x_wconf 77' lang='lat' dir='ltr'>adduxeritis,</span> <span class='ocrx_word' id='word_1_14' title='bbox 2021 423 2055 465; x_wconf 88' lang='lat'>»</span> <span class='ocrx_word' id='word_1_15' title='bbox 2107 397 2217 467; x_wconf 91' lang='lat' dir='ltr'>Illi</span> <span class='ocrx_word' id='word_1_16' title='bbox 2267 413 2492 468; x_wconf 83' lang='lat' dir='ltr'>autem</span> <span class='ocrx_word' id='word_1_17' title='bbox 2546 400 2645 470; x_wconf 89' lang='lat' dir='ltr'>eis</span> <span class='ocrx_word' id='word_1_18' title='bbox 2693 423 2808 470; x_wconf 92' lang='lat' dir='ltr'>ac-</span> 
     </span>
     <span class='ocr_line' id='line_1_3' title="bbox 276 486 2804 579; baseline 0 -19"><span class='ocrx_word' id='word_1_19' title='bbox 276 489 494 579; x_wconf 77' lang='lat' dir='ltr'>ceptis</span> <span class='ocrx_word' id='word_1_20' title='bbox 544 488 808 569; x_wconf 74' lang='lat' dir='ltr'>litteriS,</span> <span class='ocrx_word' id='word_1_21' title='bbox 850 487 1020 557; x_wconf 88' lang='lat' dir='ltr'>nihil</span> <span class='ocrx_word' id='word_1_22' title='bbox 1072 488 1452 557; x_wconf 91' lang='lat' dir='ltr'>omiserunt</span> <span class='ocrx_word' id='word_1_23' title='bbox 1483 487 1851 558; x_wconf 80' lang='lat' dir='ltr'>celeritatis</span> <span class='ocrx_word' id='word_1_24' title='bbox 1898 501 1963 557; x_wconf 90' lang='lat' dir='ltr'>et</span> <span class='ocrx_word' id='word_1_25' title='bbox 2010 486 2430 576; x_wconf 80' lang='lat' dir='ltr'>diligentiae.</span> <span class='ocrx_word' id='word_1_26' title='bbox 2469 489 2593 558; x_wconf 89' lang='lat' dir='ltr'>Sed</span> <span class='ocrx_word' id='word_1_27' title='bbox 2645 511 2804 560; x_wconf 87' lang='lat' dir='ltr'>cum</span> 
     </span>
     <span class='ocr_line' id='line_1_4' title="bbox 281 575 2807 668; baseline 0 -21"><span class='ocrx_word' id='word_1_28' title='bbox 281 580 748 668; x_wconf 87' lang='lat' dir='ltr'>pervenissent</span> <span class='ocrx_word' id='word_1_29' title='bbox 783 575 1277 656; x_wconf 85' lang='lat' dir='ltr'>Brundusium,</span> <span class='ocrx_word' id='word_1_30' title='bbox 1314 589 1379 646; x_wconf 89' lang='lat' dir='ltr'>et</span> <span class='ocrx_word' id='word_1_31' title='bbox 1413 598 1647 645; x_wconf 90' lang='lat' dir='ltr'>navem</span> <span class='ocrx_word' id='word_1_32' title='bbox 1707 589 2009 665; x_wconf 89' lang='lat' dir='ltr'>paratam</span> <span class='ocrx_word' id='word_1_33' title='bbox 2060 576 2556 657; x_wconf 79' lang='lat' dir='ltr'>ascendissent,</span> <span class='ocrx_word' id='word_1_34' title='bbox 2611 592 2807 648; x_wconf 85' lang='lat' dir='ltr'>vento</span> 
     </span>
     <span class='ocr_line' id='line_1_5' title="bbox 280 664 2805 754; baseline -0.001 -17"><span class='ocrx_word' id='word_1_35' title='bbox 280 667 391 737; x_wconf 90' lang='lat' dir='ltr'>usi</span> <span class='ocrx_word' id='word_1_36' title='bbox 458 665 805 746; x_wconf 89' lang='lat' dir='ltr'>secundo,</span> <span class='ocrx_word' id='word_1_37' title='bbox 884 686 955 737; x_wconf 87' lang='lat' dir='ltr'>se</span> <span class='ocrx_word' id='word_1_38' title='bbox 1010 678 1140 735; x_wconf 87' lang='lat' dir='ltr'>tem</span> <span class='ocrx_word' id='word_1_39' title='bbox 1205 664 1450 735; x_wconf 89' lang='lat' dir='ltr'>diebus</span> <span class='ocrx_word' id='word_1_40' title='bbox 1515 665 1919 735; x_wconf 87' lang='lat' dir='ltr'>transmisso</span> <span class='ocrx_word' id='word_1_41' title='bbox 1991 665 2235 746; x_wconf 79' lang='lat' dir='ltr'>souin,</span> <span class='ocrx_word' id='word_1_42' title='bbox 2305 665 2662 754; x_wconf 81' lang='lat' dir='ltr'>appellunt</span> <span class='ocrx_word' id='word_1_43' title='bbox 2739 668 2805 736; x_wconf 94' lang='lat' dir='ltr'>in</span> 
     </span>
     <span class='ocr_line' id='line_1_6' title="bbox 278 753 2807 844; baseline 0 -19"><span class='ocrx_word' id='word_1_44' title='bbox 278 755 853 844; x_wconf 82' lang='lat' dir='ltr'>Peloponnesum.</span> <span class='ocrx_word' id='word_1_45' title='bbox 907 755 959 823; x_wconf 93' lang='lat' dir='ltr'>Il</span> <span class='ocrx_word' id='word_1_46' title='bbox 998 754 1107 823; x_wconf 89' lang='lat' dir='ltr'>inc</span> <span class='ocrx_word' id='word_1_47' title='bbox 1175 768 1398 823; x_wconf 91' lang='lat' dir='ltr'>autem</span> <span class='ocrx_word' id='word_1_48' title='bbox 1470 755 1667 840; x_wconf 89' lang='lat' dir='ltr'>equis</span> <span class='ocrx_word' id='word_1_49' title='bbox 1714 754 1824 823; x_wconf 91' lang='lat' dir='ltr'>usi</span> <span class='ocrx_word' id='word_1_50' title='bbox 1891 753 2282 832; x_wconf 87' lang='lat' dir='ltr'>velocibus,</span> <span class='ocrx_word' id='word_1_51' title='bbox 2336 755 2468 824; x_wconf 90' lang='lat' dir='ltr'>cito</span> <span class='ocrx_word' id='word_1_52' title='bbox 2528 755 2807 826; x_wconf 87' lang='lat' dir='ltr'>veniunt</span> 
     </span>
     <span class='ocr_line' id='line_1_7' title="bbox 282 842 2795 934; baseline 0 -21"><span class='ocrx_word' id='word_1_53' title='bbox 282 845 709 934; x_wconf 81' lang='lat' dir='ltr'>Byzantium.</span> <span class='ocrx_word' id='word_1_54' title='bbox 764 843 1017 913; x_wconf 89' lang='lat' dir='ltr'>Deinde</span> <span class='ocrx_word' id='word_1_55' title='bbox 1077 864 1233 912; x_wconf 91' lang='lat' dir='ltr'>cum</span> <span class='ocrx_word' id='word_1_56' title='bbox 1289 844 1434 932; x_wconf 90' lang='lat' dir='ltr'>ipso</span> <span class='ocrx_word' id='word_1_57' title='bbox 1481 842 1592 911; x_wconf 90' lang='lat' dir='ltr'>die</span> <span class='ocrx_word' id='word_1_58' title='bbox 1656 842 2080 932; x_wconf 89' lang='lat' dir='ltr'>trajecissent</span> <span class='ocrx_word' id='word_1_59' title='bbox 2141 842 2209 911; x_wconf 92' lang='lat' dir='ltr'>in</span> <span class='ocrx_word' id='word_1_60' title='bbox 2283 842 2795 925; x_wconf 86' lang='lat' dir='ltr'>Nicomediam,</span> 
     </span>
     <span class='ocr_line' id='line_1_8' title="bbox 280 930 2810 1021; baseline -0.001 -18"><span class='ocrx_word' id='word_1_61' title='bbox 280 947 347 1003; x_wconf 88' lang='lat' dir='ltr'>et</span> <span class='ocrx_word' id='word_1_62' title='bbox 413 933 523 1002; x_wconf 89' lang='lat' dir='ltr'>usi</span> <span class='ocrx_word' id='word_1_63' title='bbox 592 946 817 1002; x_wconf 89' lang='lat' dir='ltr'>essent</span> <span class='ocrx_word' id='word_1_64' title='bbox 886 954 1129 1001; x_wconf 88' lang='lat' dir='ltr'>rursus</span> <span class='ocrx_word' id='word_1_65' title='bbox 1173 953 1384 1000; x_wconf 91' lang='lat' dir='ltr'>cursu</span> <span class='ocrx_word' id='word_1_66' title='bbox 1455 930 1771 1021; x_wconf 90' lang='lat' dir='ltr'>publico,</span> <span class='ocrx_word' id='word_1_67' title='bbox 1827 932 2110 1000; x_wconf 86' lang='lat' dir='ltr'>veniunt</span> <span class='ocrx_word' id='word_1_68' title='bbox 2182 931 2521 1020; x_wconf 82' lang='lat' dir='ltr'>Synadem</span> <span class='ocrx_word' id='word_1_69' title='bbox 2597 931 2810 1021; x_wconf 88' lang='lat' dir='ltr'>Phry-</span> 
     </span>
     <span class='ocr_line' id='line_1_9' title="bbox 282 1018 2809 1123; baseline -0.001 -31"><span class='ocrx_word' id='word_1_70' title='bbox 282 1023 435 1123; x_wconf 78' lang='lat' dir='ltr'>giae</span> <span class='ocrx_word' id='word_1_71' title='bbox 506 1019 978 1111; x_wconf 79' lang='lat' dir='ltr'>metropolim:</span> <span class='ocrx_word' id='word_1_72' title='bbox 1055 1031 1119 1089; x_wconf 90' lang='lat' dir='ltr'>et</span> <span class='ocrx_word' id='word_1_73' title='bbox 1187 1020 1486 1109; x_wconf 89' lang='lat' dir='ltr'>acceptis</span> <span class='ocrx_word' id='word_1_74' title='bbox 1560 1018 1705 1090; x_wconf 88' lang='lat' dir='ltr'>viae</span> <span class='ocrx_word' id='word_1_75' title='bbox 1773 1020 2069 1089; x_wconf 88' lang='lat' dir='ltr'>ducibus</span> <span class='ocrx_word' id='word_1_76' title='bbox 2144 1042 2182 1089; x_wconf 92' lang='lat' dir='ltr'>a</span> <span class='ocrx_word' id='word_1_77' title='bbox 2255 1019 2617 1098; x_wconf 89' lang='lat' dir='ltr'>Praeside,</span> <span class='ocrx_word' id='word_1_78' title='bbox 2687 1021 2809 1107; x_wconf 91' lang='lat' dir='ltr'>qui</span> 
     </span>
     <span class='ocr_line' id='line_1_10' title="bbox 282 1107 2889 1200; baseline 0 -20"><span class='ocrx_word' id='word_1_79' title='bbox 282 1111 426 1180; x_wconf 81' lang='lat' dir='ltr'>111ic</span> <span class='ocrx_word' id='word_1_80' title='bbox 483 1124 665 1190; x_wconf 86' lang='lat' dir='ltr'>erat,</span> <span class='ocrx_word' id='word_1_81' title='bbox 739 1109 1097 1200; x_wconf 86' lang='lat' dir='ltr'>Spinthere</span> <span class='ocrx_word' id='word_1_82' title='bbox 1162 1108 1379 1190; x_wconf 79' lang='lat' dir='ltr'>dicto,</span> <span class='ocrx_word' id='word_1_83' title='bbox 1436 1121 1512 1178; x_wconf 91' lang='lat' dir='ltr'>ut</span> <span class='ocrx_word' id='word_1_84' title='bbox 1578 1107 1802 1179; x_wconf 88' lang='lat' dir='ltr'>fuerat</span> <span class='ocrx_word' id='word_1_85' title='bbox 1868 1109 1930 1178; x_wconf 91' lang='lat' dir='ltr'>ei</span> <span class='ocrx_word' id='word_1_86' title='bbox 1995 1109 2406 1198; x_wconf 87' lang='lat' dir='ltr'>imperatum</span> <span class='ocrx_word' id='word_1_87' title='bbox 2457 1131 2496 1178; x_wconf 92' lang='lat' dir='ltr'>a</span> <span class='ocrx_word' id='word_1_88' title='bbox 2558 1113 2808 1180; x_wconf 85' lang='lat' dir='ltr'>Corne·</span> <span class='ocrx_word' id='word_1_89' title='bbox 2873 1161 2889 1180; x_wconf 89' lang='lat'>.</span> 
     </span>
     <span class='ocr_line' id='line_1_11' title="bbox 287 1197 2804 1288; baseline -0.001 -19"><span class='ocrx_word' id='word_1_90' title='bbox 287 1200 518 1280; x_wconf 90' lang='lat' dir='ltr'>lian0‚</span> <span class='ocrx_word' id='word_1_91' title='bbox 585 1199 768 1268; x_wconf 88' lang='lat' dir='ltr'>circa</span> <span class='ocrx_word' id='word_1_92' title='bbox 842 1197 1080 1268; x_wconf 91' lang='lat' dir='ltr'>horam</span> <span class='ocrx_word' id='word_1_93' title='bbox 1134 1219 1384 1268; x_wconf 90' lang='lat' dir='ltr'>nonam</span> <span class='ocrx_word' id='word_1_94' title='bbox 1450 1198 1733 1267; x_wconf 89' lang='lat' dir='ltr'>veniunt</span> <span class='ocrx_word' id='word_1_95' title='bbox 1801 1198 1872 1267; x_wconf 86' lang='lat' dir='ltr'>in</span> <span class='ocrx_word' id='word_1_96' title='bbox 1938 1197 2279 1267; x_wconf 88' lang='lat' dir='ltr'>civitatem</span> <span class='ocrx_word' id='word_1_97' title='bbox 2351 1197 2804 1288; x_wconf 85' lang='lat' dir='ltr'>Hierapolita-</span> 
     </span>
     <span class='ocr_line' id='line_1_12' title="bbox 283 1286 2809 1376; baseline -0 -19"><span class='ocrx_word' id='word_1_98' title='bbox 283 1310 556 1359; x_wconf 90' lang='lat' dir='ltr'>norum.</span> <span class='ocrx_word' id='word_1_99' title='bbox 611 1287 1078 1376; x_wconf 88' lang='lat' dir='ltr'>Ingredientes</span> <span class='ocrx_word' id='word_1_100' title='bbox 1130 1307 1293 1376; x_wconf 89' lang='lat' dir='ltr'>ergo</span> <span class='ocrx_word' id='word_1_101' title='bbox 1339 1286 1721 1368; x_wconf 89' lang='lat' dir='ltr'>civitatem,</span> <span class='ocrx_word' id='word_1_102' title='bbox 1787 1300 2164 1356; x_wconf 88' lang='lat' dir='ltr'>occurrunt</span> <span class='ocrx_word' id='word_1_103' title='bbox 2215 1287 2531 1368; x_wconf 83' lang='lat' dir='ltr'>Abercio,</span> <span class='ocrx_word' id='word_1_104' title='bbox 2604 1287 2809 1356; x_wconf 90' lang='lat' dir='ltr'>veluti</span> 
     </span>
     <span class='ocr_line' id='line_1_13' title="bbox 283 1374 2810 1468; baseline -0.001 -20"><span class='ocrx_word' id='word_1_105' title='bbox 283 1378 545 1468; x_wconf 73' lang='lat' dir='ltr'>optima</span> <span class='ocrx_word' id='word_1_106' title='bbox 591 1376 751 1447; x_wconf 70' lang='lat' dir='ltr'>data</span> <span class='ocrx_word' id='word_1_107' title='bbox 797 1376 1177 1446; x_wconf 88' lang='lat' dir='ltr'>occasione.</span> <span class='ocrx_word' id='word_1_108' title='bbox 1231 1374 1499 1446; x_wconf 86' lang='lat' dir='ltr'>Solebat</span> <span class='ocrx_word' id='word_1_109' title='bbox 1545 1375 1728 1444; x_wconf 89' lang='lat' dir='ltr'>enim</span> <span class='ocrx_word' id='word_1_110' title='bbox 1782 1375 1950 1444; x_wconf 78' lang='lat' dir='ltr'>hora</span> <span class='ocrx_word' id='word_1_111' title='bbox 2015 1376 2195 1445; x_wconf 71' lang='lat' dir='ltr'>nona</span> <span class='ocrx_word' id='word_1_112' title='bbox 2258 1375 2541 1444; x_wconf 90' lang='lat' dir='ltr'>domum</span> <span class='ocrx_word' id='word_1_113' title='bbox 2590 1376 2810 1445; x_wconf 91' lang='lat' dir='ltr'>redire</span> 
     </span>
     <span class='ocr_line' id='line_1_14' title="bbox 283 1463 2809 1553; baseline -0.001 -17"><span class='ocrx_word' id='word_1_114' title='bbox 283 1490 319 1536; x_wconf 89' lang='lat' dir='ltr'>a</span> <span class='ocrx_word' id='word_1_115' title='bbox 371 1464 702 1547; x_wconf 80' lang='lat' dir='ltr'>docende,</span> <span class='ocrx_word' id='word_1_116' title='bbox 756 1464 990 1536; x_wconf 90' lang='lat' dir='ltr'>solitas</span> <span class='ocrx_word' id='word_1_117' title='bbox 1041 1485 1272 1553; x_wconf 91' lang='lat' dir='ltr'>preces</span> <span class='ocrx_word' id='word_1_118' title='bbox 1332 1469 1460 1533; x_wconf 89' lang='lat' dir='ltr'>Deo</span> <span class='ocrx_word' id='word_1_119' title='bbox 1512 1463 1929 1534; x_wconf 89' lang='lat' dir='ltr'>redditurus.</span> <span class='ocrx_word' id='word_1_120' title='bbox 1983 1467 2195 1551; x_wconf 80' lang='lat' dir='ltr'>Atque</span> <span class='ocrx_word' id='word_1_121' title='bbox 2256 1464 2359 1533; x_wconf 88' lang='lat' dir='ltr'>illi</span> <span class='ocrx_word' id='word_1_122' title='bbox 2407 1464 2686 1551; x_wconf 88' lang='lat' dir='ltr'>quidem</span> <span class='ocrx_word' id='word_1_123' title='bbox 2746 1465 2809 1535; x_wconf 90' lang='lat' dir='ltr'>ei</span> 
     </span>
     <span class='ocr_line' id='line_1_15' title="bbox 283 1552 2810 1644; baseline -0.001 -19"><span class='ocrx_word' id='word_1_124' title='bbox 283 1554 443 1625; x_wconf 88' lang='lat' dir='ltr'>facti</span> <span class='ocrx_word' id='word_1_125' title='bbox 491 1554 785 1634; x_wconf 91' lang='lat' dir='ltr'>obviam,</span> <span class='ocrx_word' id='word_1_126' title='bbox 844 1566 1192 1644; x_wconf 88' lang='lat' dir='ltr'>rogarunt,</span> <span class='ocrx_word' id='word_1_127' title='bbox 1233 1552 1516 1622; x_wconf 89' lang='lat' dir='ltr'>ubinam</span> <span class='ocrx_word' id='word_1_128' title='bbox 1567 1565 1744 1622; x_wconf 90' lang='lat' dir='ltr'>esset</span> <span class='ocrx_word' id='word_1_129' title='bbox 1783 1553 2243 1633; x_wconf 82' lang='lat' dir='ltr'>EuxenianuS‚</span> <span class='ocrx_word' id='word_1_130' title='bbox 2278 1566 2344 1622; x_wconf 88' lang='lat' dir='ltr'>et</span> <span class='ocrx_word' id='word_1_131' title='bbox 2376 1575 2675 1639; x_wconf 91' lang='lat' dir='ltr'>quonam</span> <span class='ocrx_word' id='word_1_132' title='bbox 2713 1555 2810 1623; x_wconf 90' lang='lat' dir='ltr'>ire</span> 
     </span>
     <span class='ocr_line' id='line_1_16' title="bbox 284 1640 2807 1731; baseline -0 -18"><span class='ocrx_word' id='word_1_133' title='bbox 284 1645 631 1723; x_wconf 89' lang='lat' dir='ltr'>deberent,</span> <span class='ocrx_word' id='word_1_134' title='bbox 684 1657 760 1712; x_wconf 90' lang='lat' dir='ltr'>ut</span> <span class='ocrx_word' id='word_1_135' title='bbox 805 1664 963 1711; x_wconf 90' lang='lat' dir='ltr'>eum</span> <span class='ocrx_word' id='word_1_136' title='bbox 1016 1641 1476 1712; x_wconf 88' lang='lat' dir='ltr'>convenirent.</span> <span class='ocrx_word' id='word_1_137' title='bbox 1531 1647 1893 1728; x_wconf 89' lang='lat' dir='ltr'>Postquam</span> <span class='ocrx_word' id='word_1_138' title='bbox 1942 1663 2096 1711; x_wconf 90' lang='lat' dir='ltr'>vero</span> <span class='ocrx_word' id='word_1_139' title='bbox 2144 1640 2261 1710; x_wconf 93' lang='lat' dir='ltr'>ille</span> <span class='ocrx_word' id='word_1_140' title='bbox 2309 1642 2589 1731; x_wconf 87' lang='lat' dir='ltr'>rogavit,</span> <span class='ocrx_word' id='word_1_141' title='bbox 2642 1643 2807 1729; x_wconf 88' lang='lat' dir='ltr'>quid</span> 
     </span>
     <span class='ocr_line' id='line_1_17' title="bbox 283 1730 2811 1822; baseline -0.001 -20"><span class='ocrx_word' id='word_1_142' title='bbox 283 1743 710 1819; x_wconf 85' lang='lat' dir='ltr'>quaererent,</span> <span class='ocrx_word' id='word_1_143' title='bbox 763 1744 827 1800; x_wconf 88' lang='lat' dir='ltr'>et</span> <span class='ocrx_word' id='word_1_144' title='bbox 874 1752 1000 1800; x_wconf 90' lang='lat' dir='ltr'>cur</span> <span class='ocrx_word' id='word_1_145' title='bbox 1055 1731 1405 1809; x_wconf 88' lang='lat' dir='ltr'>venirent,</span> <span class='ocrx_word' id='word_1_146' title='bbox 1475 1730 1627 1818; x_wconf 87' lang='lat' dir='ltr'>ejus</span> <span class='ocrx_word' id='word_1_147' title='bbox 1684 1730 2285 1820; x_wconf 86' lang='lat' dir='ltr'>interrogationem</span> <span class='ocrx_word' id='word_1_148' title='bbox 2334 1752 2536 1822; x_wconf 85' lang='lat' dir='ltr'>aegre</span> <span class='ocrx_word' id='word_1_149' title='bbox 2584 1731 2811 1801; x_wconf 86' lang='lat' dir='ltr'>ferens</span> 
     </span>
     <span class='ocr_line' id='line_1_18' title="bbox 284 1818 2810 1909; baseline -0 -19"><span class='ocrx_word' id='word_1_150' title='bbox 284 1820 618 1903; x_wconf 88' lang='lat' dir='ltr'>Valerius,</span> <span class='ocrx_word' id='word_1_151' title='bbox 671 1832 737 1889; x_wconf 90' lang='lat' dir='ltr'>et</span> <span class='ocrx_word' id='word_1_152' title='bbox 787 1819 968 1906; x_wconf 91' lang='lat' dir='ltr'>quod</span> <span class='ocrx_word' id='word_1_153' title='bbox 1029 1841 1162 1890; x_wconf 91' lang='lat' dir='ltr'>non</span> <span class='ocrx_word' id='word_1_154' title='bbox 1212 1818 1345 1889; x_wconf 91' lang='lat' dir='ltr'>cito</span> <span class='ocrx_word' id='word_1_155' title='bbox 1395 1818 1477 1889; x_wconf 92' lang='lat' dir='ltr'>ad</span> <span class='ocrx_word' id='word_1_156' title='bbox 1539 1819 1848 1905; x_wconf 87' lang='lat' dir='ltr'>quaesita</span> <span class='ocrx_word' id='word_1_157' title='bbox 1909 1818 2413 1909; x_wconf 87' lang='lat' dir='ltr'>respondisset,</span> <span class='ocrx_word' id='word_1_158' title='bbox 2478 1820 2810 1890; x_wconf 90' lang='lat' dir='ltr'>audacius</span> 
     </span>
     <span class='ocr_line' id='line_1_19' title="bbox 284 1906 2810 1997; baseline 0 -18"><span class='ocrx_word' id='word_1_159' title='bbox 284 1910 546 1997; x_wconf 89' lang='lat' dir='ltr'>aliquid</span> <span class='ocrx_word' id='word_1_160' title='bbox 597 1907 824 1990; x_wconf 90' lang='lat' dir='ltr'>audet,</span> <span class='ocrx_word' id='word_1_161' title='bbox 881 1908 1049 1978; x_wconf 87' lang='lat' dir='ltr'>sorte</span> <span class='ocrx_word' id='word_1_162' title='bbox 1097 1920 1324 1978; x_wconf 89' lang='lat' dir='ltr'>motus</span> <span class='ocrx_word' id='word_1_163' title='bbox 1372 1930 1412 1978; x_wconf 88' lang='lat' dir='ltr'>a</span> <span class='ocrx_word' id='word_1_164' title='bbox 1460 1908 1809 1997; x_wconf 86' lang='lat' dir='ltr'>maligno:</span> <span class='ocrx_word' id='word_1_165' title='bbox 1862 1922 1927 1977; x_wconf 89' lang='lat' dir='ltr'>et</span> <span class='ocrx_word' id='word_1_166' title='bbox 1965 1906 2264 1978; x_wconf 84' lang='lat' dir='ltr'>extendit</span> <span class='ocrx_word' id='word_1_167' title='bbox 2293 1907 2635 1978; x_wconf 85' lang='lat' dir='ltr'>dexteram</span> <span class='ocrx_word' id='word_1_168' title='bbox 2688 1909 2810 1979; x_wconf 91' lang='lat' dir='ltr'>ad-</span> 
     </span>
     <span class='ocr_line' id='line_1_20' title="bbox 284 1996 2807 2086; baseline 0 -20"><span class='ocrx_word' id='word_1_169' title='bbox 284 2020 524 2069; x_wconf 88' lang='lat' dir='ltr'>versus</span> <span class='ocrx_word' id='word_1_170' title='bbox 574 2003 922 2078; x_wconf 90' lang='lat' dir='ltr'>Sanctum,</span> <span class='ocrx_word' id='word_1_171' title='bbox 976 1996 1207 2067; x_wconf 90' lang='lat' dir='ltr'>volens</span> <span class='ocrx_word' id='word_1_172' title='bbox 1253 2018 1413 2066; x_wconf 85' lang='lat' dir='ltr'>eum</span> <span class='ocrx_word' id='word_1_173' title='bbox 1477 1996 1750 2086; x_wconf 87' lang='lat' dir='ltr'>flagello</span> <span class='ocrx_word' id='word_1_174' title='bbox 1816 2010 2190 2086; x_wconf 88' lang='lat' dir='ltr'>percutere.</span> <span class='ocrx_word' id='word_1_175' title='bbox 2244 2002 2486 2068; x_wconf 87' lang='lat' dir='ltr'>Manus</span> <span class='ocrx_word' id='word_1_176' title='bbox 2551 2009 2807 2080; x_wconf 89' lang='lat' dir='ltr'>autem,</span> 
     </span>
     <span class='ocr_line' id='line_1_21' title="bbox 284 2084 2810 2176; baseline 0 -21"><span class='ocrx_word' id='word_1_177' title='bbox 284 2108 462 2174; x_wconf 88' lang='lat' dir='ltr'>quae</span> <span class='ocrx_word' id='word_1_178' title='bbox 515 2108 673 2156; x_wconf 90' lang='lat' dir='ltr'>eum</span> <span class='ocrx_word' id='word_1_179' title='bbox 715 2085 1012 2175; x_wconf 87' lang='lat' dir='ltr'>desuper</span> <span class='ocrx_word' id='word_1_180' title='bbox 1058 2085 1390 2167; x_wconf 89' lang='lat' dir='ltr'>servabat,</span> <span class='ocrx_word' id='word_1_181' title='bbox 1436 2107 1571 2155; x_wconf 91' lang='lat' dir='ltr'>non</span> <span class='ocrx_word' id='word_1_182' title='bbox 1620 2084 1748 2155; x_wconf 85' lang='lat' dir='ltr'>fuit</span> <span class='ocrx_word' id='word_1_183' title='bbox 1797 2085 2190 2176; x_wconf 85' lang='lat' dir='ltr'>negligens:</span> <span class='ocrx_word' id='word_1_184' title='bbox 2245 2086 2357 2158; x_wconf 87' lang='lat' dir='ltr'>sed</span> <span class='ocrx_word' id='word_1_185' title='bbox 2414 2085 2638 2155; x_wconf 85' lang='lat' dir='ltr'>audax</span> <span class='ocrx_word' id='word_1_186' title='bbox 2689 2109 2810 2175; x_wconf 89' lang='lat' dir='ltr'>pu·</span> 
     </span>
     <span class='ocr_line' id='line_1_22' title="bbox 282 2173 2808 2261; baseline 0 -17"><span class='ocrx_word' id='word_1_187' title='bbox 282 2176 601 2245; x_wconf 88' lang='lat' dir='ltr'>niebatur</span> <span class='ocrx_word' id='word_1_188' title='bbox 646 2174 940 2255; x_wconf 83' lang='lat' dir='ltr'>dextera,</span> <span class='ocrx_word' id='word_1_189' title='bbox 985 2187 1049 2244; x_wconf 90' lang='lat' dir='ltr'>et</span> <span class='ocrx_word' id='word_1_190' title='bbox 1080 2189 1222 2245; x_wconf 90' lang='lat' dir='ltr'>erat</span> <span class='ocrx_word' id='word_1_191' title='bbox 1255 2173 1654 2255; x_wconf 88' lang='lat' dir='ltr'>immobilis,</span> <span class='ocrx_word' id='word_1_192' title='bbox 1712 2188 2057 2261; x_wconf 90' lang='lat' dir='ltr'>tamquam</span> <span class='ocrx_word' id='word_1_193' title='bbox 2104 2175 2328 2244; x_wconf 91' lang='lat' dir='ltr'>vincta</span> <span class='ocrx_word' id='word_1_194' title='bbox 2361 2175 2595 2261; x_wconf 91' lang='lat' dir='ltr'>aliquo</span> <span class='ocrx_word' id='word_1_195' title='bbox 2627 2197 2808 2245; x_wconf 91' lang='lat' dir='ltr'>com-</span> 
     </span>
     <span class='ocr_line' id='line_1_23' title="bbox 287 2263 2813 2354; baseline 0.001 -22"><span class='ocrx_word' id='word_1_196' title='bbox 287 2263 479 2354; x_wconf 88' lang='lat' dir='ltr'>pede.</span> <span class='ocrx_word' id='word_1_197' title='bbox 533 2263 800 2333; x_wconf 89' lang='lat' dir='ltr'>Invadit</span> <span class='ocrx_word' id='word_1_198' title='bbox 862 2263 1155 2334; x_wconf 89' lang='lat' dir='ltr'>alterum</span> <span class='ocrx_word' id='word_1_199' title='bbox 1217 2284 1489 2350; x_wconf 89' lang='lat' dir='ltr'>quoque</span> <span class='ocrx_word' id='word_1_200' title='bbox 1560 2275 1785 2331; x_wconf 90' lang='lat' dir='ltr'>metus</span> <span class='ocrx_word' id='word_1_201' title='bbox 1843 2276 2116 2354; x_wconf 89' lang='lat' dir='ltr'>propter</span> <span class='ocrx_word' id='word_1_202' title='bbox 2177 2285 2424 2333; x_wconf 90' lang='lat' dir='ltr'>novum</span> <span class='ocrx_word' id='word_1_203' title='bbox 2482 2264 2607 2334; x_wconf 90' lang='lat' dir='ltr'>hoc</span> <span class='ocrx_word' id='word_1_204' title='bbox 2657 2287 2813 2354; x_wconf 91' lang='lat' dir='ltr'>spe-</span> 
     </span>
     <span class='ocr_line' id='line_1_24' title="bbox 286 2351 2811 2442; baseline 0 -21"><span class='ocrx_word' id='word_1_205' title='bbox 286 2352 674 2432; x_wconf 88' lang='lat' dir='ltr'>ctaculum;</span> <span class='ocrx_word' id='word_1_206' title='bbox 724 2365 791 2421; x_wconf 90' lang='lat' dir='ltr'>et</span> <span class='ocrx_word' id='word_1_207' title='bbox 837 2352 1038 2421; x_wconf 90' lang='lat' dir='ltr'>ambo</span> <span class='ocrx_word' id='word_1_208' title='bbox 1085 2351 1172 2422; x_wconf 89' lang='lat' dir='ltr'>ab</span> <span class='ocrx_word' id='word_1_209' title='bbox 1231 2352 1427 2439; x_wconf 90' lang='lat' dir='ltr'>equis</span> <span class='ocrx_word' id='word_1_210' title='bbox 1466 2351 1976 2434; x_wconf 88' lang='lat' dir='ltr'>descendentes,</span> <span class='ocrx_word' id='word_1_211' title='bbox 2034 2351 2399 2442; x_wconf 82' lang='lat' dir='ltr'>procidunt</span> <span class='ocrx_word' id='word_1_212' title='bbox 2446 2352 2529 2421; x_wconf 93' lang='lat' dir='ltr'>ad</span> <span class='ocrx_word' id='word_1_213' title='bbox 2583 2354 2811 2423; x_wconf 86' lang='lat' dir='ltr'>Sancti</span> 
     </span>
     <span class='ocr_line' id='line_1_25' title="bbox 286 2439 2815 2531; baseline 0.001 -21"><span class='ocrx_word' id='word_1_214' title='bbox 286 2440 518 2531; x_wconf 80' lang='lat' dir='ltr'>pedeS,</span> <span class='ocrx_word' id='word_1_215' title='bbox 564 2454 630 2512; x_wconf 92' lang='lat' dir='ltr'>et</span> <span class='ocrx_word' id='word_1_216' title='bbox 675 2440 853 2511; x_wconf 88' lang='lat' dir='ltr'>fiunt</span> <span class='ocrx_word' id='word_1_217' title='bbox 900 2441 960 2510; x_wconf 92' lang='lat' dir='ltr'>ei</span> <span class='ocrx_word' id='word_1_218' title='bbox 1010 2439 1381 2531; x_wconf 89' lang='lat' dir='ltr'>supplices,</span> <span class='ocrx_word' id='word_1_219' title='bbox 1436 2453 1510 2511; x_wconf 92' lang='lat' dir='ltr'>ut</span> <span class='ocrx_word' id='word_1_220' title='bbox 1558 2463 1831 2523; x_wconf 66' lang='lat' dir='ltr'>mamm,</span> <span class='ocrx_word' id='word_1_221' title='bbox 1871 2464 2045 2529; x_wconf 90' lang='lat' dir='ltr'>quae</span> <span class='ocrx_word' id='word_1_222' title='bbox 2079 2455 2527 2522; x_wconf 87' lang='lat' dir='ltr'>emarcuerat,</span> <span class='ocrx_word' id='word_1_223' title='bbox 2569 2455 2633 2513; x_wconf 89' lang='lat' dir='ltr'>et</span> <span class='ocrx_word' id='word_1_224' title='bbox 2671 2456 2815 2513; x_wconf 87' lang='lat' dir='ltr'>erat</span> 
     </span>
     <span class='ocr_line' id='line_1_26' title="bbox 283 2529 2813 2618; baseline 0 -18"><span class='ocrx_word' id='word_1_225' title='bbox 283 2530 484 2618; x_wconf 92' lang='lat' dir='ltr'>quasi</span> <span class='ocrx_word' id='word_1_226' title='bbox 535 2545 826 2611; x_wconf 88' lang='lat' dir='ltr'>mortua,</span> <span class='ocrx_word' id='word_1_227' title='bbox 879 2529 1348 2612; x_wconf 87' lang='lat' dir='ltr'>effloresceret,</span> <span class='ocrx_word' id='word_1_228' title='bbox 1403 2552 1646 2602; x_wconf 87' lang='lat' dir='ltr'>rursus</span> <span class='ocrx_word' id='word_1_229' title='bbox 1692 2543 1756 2599; x_wconf 92' lang='lat' dir='ltr'>et</span> <span class='ocrx_word' id='word_1_230' title='bbox 1806 2532 2252 2611; x_wconf 84' lang='lat' dir='ltr'>revivisceret,</span> <span class='ocrx_word' id='word_1_231' title='bbox 2295 2553 2512 2618; x_wconf 90' lang='lat' dir='ltr'>neque</span> <span class='ocrx_word' id='word_1_232' title='bbox 2561 2532 2659 2600; x_wconf 91' lang='lat' dir='ltr'>sic</span> <span class='ocrx_word' id='word_1_233' title='bbox 2712 2555 2813 2601; x_wconf 89' lang='lat' dir='ltr'>re-</span> 
     </span>
     <span class='ocr_line' id='line_1_27' title="bbox 290 2632 2040 2689; baseline 0.001 -2"><span class='ocrx_word' id='word_1_234' title='bbox 290 2633 594 2689; x_wconf 87' lang='lat' dir='ltr'>maneret</span> <span class='ocrx_word' id='word_1_235' title='bbox 627 2632 919 2689; x_wconf 88' lang='lat' dir='ltr'>mortua.</span> <span class='ocrx_word' id='word_1_236' title='bbox 2035 2673 2040 2677; x_wconf 84' lang='lat'>.</span> 
     </span>
    </p>

    <p class='ocr_par' dir='ltr' id='par_1_3' title="bbox 280 2706 2815 4397">
     <span class='ocr_line' id='line_1_28' title="bbox 370 2706 2814 2795; baseline -0.001 -15"><span class='ocrx_word' id='word_1_237' title='bbox 370 2710 408 2795; x_wconf 63' lang='lat'>5</span> <span class='ocrx_word' id='word_1_238' title='bbox 453 2712 604 2780; x_wconf 69' lang='lat'>19.</span> <span class='ocrx_word' id='word_1_239' title='bbox 659 2708 779 2778; x_wconf 91' lang='lat' dir='ltr'>Ille</span> <span class='ocrx_word' id='word_1_240' title='bbox 827 2721 1053 2777; x_wconf 90' lang='lat' dir='ltr'>autem</span> <span class='ocrx_word' id='word_1_241' title='bbox 1107 2707 1175 2776; x_wconf 90' lang='lat' dir='ltr'>in</span> <span class='ocrx_word' id='word_1_242' title='bbox 1241 2706 1369 2776; x_wconf 90' lang='lat' dir='ltr'>hoc</span> <span class='ocrx_word' id='word_1_243' title='bbox 1439 2728 1713 2794; x_wconf 89' lang='lat' dir='ltr'>quoque</span> <span class='ocrx_word' id='word_1_244' title='bbox 1778 2720 2104 2777; x_wconf 90' lang='lat' dir='ltr'>consueta</span> <span class='ocrx_word' id='word_1_245' title='bbox 2175 2730 2346 2777; x_wconf 90' lang='lat' dir='ltr'>usus</span> <span class='ocrx_word' id='word_1_246' title='bbox 2393 2720 2494 2777; x_wconf 90' lang='lat' dir='ltr'>est</span> <span class='ocrx_word' id='word_1_247' title='bbox 2545 2708 2814 2778; x_wconf 86' lang='lat' dir='ltr'>miseri-</span> 
     </span>
     <span class='ocr_line' id='line_1_29' title="bbox 285 2796 2810 2886; baseline 0.001 -21"><span class='ocrx_word' id='word_1_248' title='bbox 285 2797 560 2878; x_wconf 69' lang='lat' dir='ltr'>cordiA;</span> <span class='ocrx_word' id='word_1_249' title='bbox 604 2811 667 2866; x_wconf 92' lang='lat' dir='ltr'>et</span> <span class='ocrx_word' id='word_1_250' title='bbox 704 2798 916 2886; x_wconf 85' lang='lat' dir='ltr'>tangit</span> <span class='ocrx_word' id='word_1_251' title='bbox 961 2796 1237 2883; x_wconf 90' lang='lat' dir='ltr'>quidem</span> <span class='ocrx_word' id='word_1_252' title='bbox 1286 2818 1566 2866; x_wconf 88' lang='lat' dir='ltr'>manum</span> <span class='ocrx_word' id='word_1_253' title='bbox 1606 2796 1783 2866; x_wconf 89' lang='lat' dir='ltr'>male</span> <span class='ocrx_word' id='word_1_254' title='bbox 1816 2796 2151 2877; x_wconf 78' lang='lat' dir='ltr'>affectam,</span> <span class='ocrx_word' id='word_1_255' title='bbox 2204 2817 2441 2867; x_wconf 88' lang='lat' dir='ltr'>sanam</span> <span class='ocrx_word' id='word_1_256' title='bbox 2478 2817 2632 2864; x_wconf 84' lang='lat' dir='ltr'>vero</span> <span class='ocrx_word' id='word_1_257' title='bbox 2661 2819 2810 2867; x_wconf 87' lang='lat' dir='ltr'>eam</span> 
     </span>
     <span class='ocr_line' id='line_1_30' title="bbox 285 2883 2815 2977; baseline 0.001 -23"><span class='ocrx_word' id='word_1_258' title='bbox 285 2886 507 2955; x_wconf 85' lang='lat' dir='ltr'>reddit</span> <span class='ocrx_word' id='word_1_259' title='bbox 574 2886 908 2977; x_wconf 87' lang='lat' dir='ltr'>protinus.</span> <span class='ocrx_word' id='word_1_260' title='bbox 968 2885 1220 2955; x_wconf 88' lang='lat' dir='ltr'>Deinde</span> <span class='ocrx_word' id='word_1_261' title='bbox 1288 2908 1531 2955; x_wconf 90' lang='lat' dir='ltr'>rursus</span> <span class='ocrx_word' id='word_1_262' title='bbox 1592 2885 2022 2965; x_wconf 80' lang='lat' dir='ltr'>sciscitatuS,</span> <span class='ocrx_word' id='word_1_263' title='bbox 2094 2906 2393 2971; x_wconf 90' lang='lat' dir='ltr'>quanam</span> <span class='ocrx_word' id='word_1_264' title='bbox 2459 2883 2543 2953; x_wconf 90' lang='lat' dir='ltr'>de</span> <span class='ocrx_word' id='word_1_265' title='bbox 2603 2908 2815 2957; x_wconf 84' lang='lat' dir='ltr'>causa</span> 
     </span>
     <span class='ocr_line' id='line_1_31' title="bbox 283 2972 2810 3065; baseline 0.001 -24"><span class='ocrx_word' id='word_1_266' title='bbox 283 2988 460 3045; x_wconf 83' lang='lat' dir='ltr'>esset</span> <span class='ocrx_word' id='word_1_267' title='bbox 507 2975 605 3045; x_wconf 90' lang='lat' dir='ltr'>eis</span> <span class='ocrx_word' id='word_1_268' title='bbox 672 2997 848 3065; x_wconf 90' lang='lat' dir='ltr'>opus</span> <span class='ocrx_word' id='word_1_269' title='bbox 893 2997 1050 3045; x_wconf 87' lang='lat' dir='ltr'>eum</span> <span class='ocrx_word' id='word_1_270' title='bbox 1100 2974 1506 3055; x_wconf 91' lang='lat' dir='ltr'>convenire,</span> <span class='ocrx_word' id='word_1_271' title='bbox 1576 2985 1641 3043; x_wconf 90' lang='lat' dir='ltr'>et</span> <span class='ocrx_word' id='word_1_272' title='bbox 1697 2972 2137 3043; x_wconf 87' lang='lat' dir='ltr'>intellexisset</span> <span class='ocrx_word' id='word_1_273' title='bbox 2200 2972 2379 3059; x_wconf 93' lang='lat' dir='ltr'>quod</span> <span class='ocrx_word' id='word_1_274' title='bbox 2433 2972 2517 3041; x_wconf 93' lang='lat' dir='ltr'>ad</span> <span class='ocrx_word' id='word_1_275' title='bbox 2583 2974 2810 3064; x_wconf 84' lang='lat' dir='ltr'>ipsum</span> 
     </span>
     <span class='ocr_line' id='line_1_32' title="bbox 282 3060 2814 3153; baseline 0.001 -23"><span class='ocrx_word' id='word_1_276' title='bbox 282 3060 534 3134; x_wconf 87' lang='lat' dir='ltr'>ferrent</span> <span class='ocrx_word' id='word_1_277' title='bbox 578 3064 837 3133; x_wconf 89' lang='lat' dir='ltr'>litteras</span> <span class='ocrx_word' id='word_1_278' title='bbox 885 3064 1349 3153; x_wconf 76' lang='lat' dir='ltr'>Imperatoris„</span> <span class='ocrx_word' id='word_1_279' title='bbox 1394 3062 1471 3132; x_wconf 89' lang='lat' dir='ltr'>fit</span> <span class='ocrx_word' id='word_1_280' title='bbox 1518 3062 1617 3131; x_wconf 90' lang='lat' dir='ltr'>eis</span> <span class='ocrx_word' id='word_1_281' title='bbox 1651 3062 1792 3131; x_wconf 86' lang='lat' dir='ltr'>dux</span> <span class='ocrx_word' id='word_1_282' title='bbox 1833 3061 2121 3143; x_wconf 88' lang='lat' dir='ltr'>itineris,</span> <span class='ocrx_word' id='word_1_283' title='bbox 2165 3074 2230 3130; x_wconf 89' lang='lat' dir='ltr'>et</span> <span class='ocrx_word' id='word_1_284' title='bbox 2262 3060 2540 3131; x_wconf 91' lang='lat' dir='ltr'>deducit</span> <span class='ocrx_word' id='word_1_285' title='bbox 2571 3085 2814 3150; x_wconf 89' lang='lat' dir='ltr'>quam-</span> 
     </span>
     <span class='ocr_line' id='line_1_33' title="bbox 282 3150 2808 3240; baseline 0.001 -20"><span class='ocrx_word' id='word_1_286' title='bbox 282 3152 585 3240; x_wconf 90' lang='lat' dir='ltr'>primum</span> <span class='ocrx_word' id='word_1_287' title='bbox 634 3153 719 3222; x_wconf 90' lang='lat' dir='ltr'>ad</span> <span class='ocrx_word' id='word_1_288' title='bbox 761 3152 963 3222; x_wconf 90' lang='lat' dir='ltr'>aedes</span> <span class='ocrx_word' id='word_1_289' title='bbox 1012 3152 1414 3222; x_wconf 88' lang='lat' dir='ltr'>Euxeniani.</span> <span class='ocrx_word' id='word_1_290' title='bbox 1477 3150 1602 3219; x_wconf 91' lang='lat' dir='ltr'>Ille</span> <span class='ocrx_word' id='word_1_291' title='bbox 1656 3162 1881 3218; x_wconf 88' lang='lat' dir='ltr'>autem</span> <span class='ocrx_word' id='word_1_292' title='bbox 1912 3203 1931 3229; x_wconf 88' lang='lat'>,</span> <span class='ocrx_word' id='word_1_293' title='bbox 1989 3150 2287 3240; x_wconf 87' lang='lat' dir='ltr'>acceptis</span> <span class='ocrx_word' id='word_1_294' title='bbox 2327 3150 2591 3231; x_wconf 82' lang='lat' dir='ltr'>litteriS,</span> <span class='ocrx_word' id='word_1_295' title='bbox 2647 3175 2808 3222; x_wconf 87' lang='lat' dir='ltr'>cum</span> 
     </span>
     <span class='ocr_line' id='line_1_34' title="bbox 281 3238 2813 3331; baseline 0 -21"><span class='ocrx_word' id='word_1_296' title='bbox 281 3262 460 3327; x_wconf 87' lang='lat' dir='ltr'>quae</span> <span class='ocrx_word' id='word_1_297' title='bbox 508 3241 1036 3311; x_wconf 86' lang='lat' dir='ltr'>continebantur</span> <span class='ocrx_word' id='word_1_298' title='bbox 1082 3242 1151 3309; x_wconf 88' lang='lat' dir='ltr'>in</span> <span class='ocrx_word' id='word_1_299' title='bbox 1201 3241 1322 3320; x_wconf 90' lang='lat' dir='ltr'>eis,</span> <span class='ocrx_word' id='word_1_300' title='bbox 1383 3238 1802 3328; x_wconf 89' lang='lat' dir='ltr'>perlegisset,</span> <span class='ocrx_word' id='word_1_301' title='bbox 1843 3242 2086 3309; x_wconf 90' lang='lat' dir='ltr'>Sancto</span> <span class='ocrx_word' id='word_1_302' title='bbox 2140 3239 2364 3309; x_wconf 86' lang='lat' dir='ltr'>statim</span> <span class='ocrx_word' id='word_1_303' title='bbox 2413 3238 2619 3309; x_wconf 89' lang='lat' dir='ltr'>tradit</span> <span class='ocrx_word' id='word_1_304' title='bbox 2667 3242 2813 3331; x_wconf 87' lang='lat' dir='ltr'>epi-</span> 
     </span>
     <span class='ocr_line' id='line_1_35' title="bbox 283 3326 2806 3420; baseline 0.001 -22"><span class='ocrx_word' id='word_1_305' title='bbox 283 3328 552 3410; x_wconf 88' lang='lat' dir='ltr'>stolam,</span> <span class='ocrx_word' id='word_1_306' title='bbox 605 3340 669 3399; x_wconf 87' lang='lat' dir='ltr'>et</span> <span class='ocrx_word' id='word_1_307' title='bbox 709 3343 920 3420; x_wconf 84' lang='lat' dir='ltr'>rogat,</span> <span class='ocrx_word' id='word_1_308' title='bbox 978 3340 1055 3398; x_wconf 90' lang='lat' dir='ltr'>ut</span> <span class='ocrx_word' id='word_1_309' title='bbox 1113 3327 1282 3397; x_wconf 90' lang='lat' dir='ltr'>nihil</span> <span class='ocrx_word' id='word_1_310' title='bbox 1340 3327 1630 3407; x_wconf 86' lang='lat' dir='ltr'>differat,</span> <span class='ocrx_word' id='word_1_311' title='bbox 1686 3326 1800 3396; x_wconf 90' lang='lat' dir='ltr'>sed</span> <span class='ocrx_word' id='word_1_312' title='bbox 1854 3327 2032 3397; x_wconf 89' lang='lat' dir='ltr'>sicut</span> <span class='ocrx_word' id='word_1_313' title='bbox 2087 3332 2465 3417; x_wconf 87' lang='lat' dir='ltr'>Imperator</span> <span class='ocrx_word' id='word_1_314' title='bbox 2513 3329 2806 3410; x_wconf 85' lang='lat' dir='ltr'>volebat,</span> 
     </span>
     <span class='ocr_line' id='line_1_36' title="bbox 282 3416 2811 3507; baseline 0.001 -23"><span class='ocrx_word' id='word_1_315' title='bbox 282 3417 409 3485; x_wconf 88' lang='lat' dir='ltr'>iter</span> <span class='ocrx_word' id='word_1_316' title='bbox 454 3418 971 3506; x_wconf 88' lang='lat' dir='ltr'>quamprimum</span> <span class='ocrx_word' id='word_1_317' title='bbox 1024 3417 1228 3486; x_wconf 87' lang='lat' dir='ltr'>ineat.</span> <span class='ocrx_word' id='word_1_318' title='bbox 1284 3421 1499 3498; x_wconf 89' lang='lat' dir='ltr'>Quam</span> <span class='ocrx_word' id='word_1_319' title='bbox 1550 3438 1710 3485; x_wconf 88' lang='lat' dir='ltr'>cum</span> <span class='ocrx_word' id='word_1_320' title='bbox 1762 3417 1910 3505; x_wconf 87' lang='lat' dir='ltr'>ipse</span> <span class='ocrx_word' id='word_1_321' title='bbox 1954 3438 2227 3504; x_wconf 88' lang='lat' dir='ltr'>quoque</span> <span class='ocrx_word' id='word_1_322' title='bbox 2261 3416 2580 3507; x_wconf 89' lang='lat' dir='ltr'>legisset:</span> <span class='ocrx_word' id='word_1_323' title='bbox 2628 3442 2663 3486; x_wconf 86' lang='lat'>«</span> <span class='ocrx_word' id='word_1_324' title='bbox 2695 3424 2811 3487; x_wconf 86' lang='lat' dir='ltr'>Ve-</span> 
     </span>
     <span class='ocr_line' id='line_1_37' title="bbox 282 3504 2815 3595; baseline 0.001 -21"><span class='ocrx_word' id='word_1_325' title='bbox 282 3506 496 3585; x_wconf 89' lang='lat' dir='ltr'>niam,</span> <span class='ocrx_word' id='word_1_326' title='bbox 551 3505 810 3593; x_wconf 87' lang='lat' dir='ltr'>inquit,</span> <span class='ocrx_word' id='word_1_327' title='bbox 888 3518 1340 3595; x_wconf 87' lang='lat' dir='ltr'>promptoque</span> <span class='ocrx_word' id='word_1_328' title='bbox 1385 3515 1450 3574; x_wconf 89' lang='lat' dir='ltr'>et</span> <span class='ocrx_word' id='word_1_329' title='bbox 1505 3504 1717 3574; x_wconf 89' lang='lat' dir='ltr'>alacri</span> <span class='ocrx_word' id='word_1_330' title='bbox 1768 3505 2002 3575; x_wconf 88' lang='lat' dir='ltr'>animo</span> <span class='ocrx_word' id='word_1_331' title='bbox 2069 3506 2195 3576; x_wconf 89' lang='lat' dir='ltr'>iter</span> <span class='ocrx_word' id='word_1_332' title='bbox 2256 3505 2646 3576; x_wconf 82' lang='lat' dir='ltr'>conficiam.</span> <span class='ocrx_word' id='word_1_333' title='bbox 2714 3508 2815 3576; x_wconf 88' lang='lat' dir='ltr'>Fit</span> 
     </span>
     <span class='ocr_line' id='line_1_38' title="bbox 282 3593 2813 3684; baseline 0.001 -20"><span class='ocrx_word' id='word_1_334' title='bbox 282 3595 468 3664; x_wconf 89' lang='lat' dir='ltr'>enim</span> <span class='ocrx_word' id='word_1_335' title='bbox 519 3594 649 3663; x_wconf 90' lang='lat' dir='ltr'>boc</span> <span class='ocrx_word' id='word_1_336' title='bbox 698 3595 813 3664; x_wconf 90' lang='lat' dir='ltr'>Dei</span> <span class='ocrx_word' id='word_1_337' title='bbox 862 3594 1205 3664; x_wconf 89' lang='lat' dir='ltr'>voluntate</span> <span class='ocrx_word' id='word_1_338' title='bbox 1236 3649 1252 3674; x_wconf 93' lang='lat'>‚</span> <span class='ocrx_word' id='word_1_339' title='bbox 1305 3604 1381 3664; x_wconf 88' lang='lat' dir='ltr'>ut</span> <span class='ocrx_word' id='word_1_340' title='bbox 1430 3593 1601 3662; x_wconf 90' lang='lat' dir='ltr'>mihi</span> <span class='ocrx_word' id='word_1_341' title='bbox 1669 3615 1943 3681; x_wconf 88' lang='lat' dir='ltr'>quoque</span> <span class='ocrx_word' id='word_1_342' title='bbox 1999 3595 2155 3684; x_wconf 59' lang='lat' dir='ltr'>jam⁸</span> <span class='ocrx_word' id='word_1_343' title='bbox 2206 3617 2247 3663; x_wconf 92' lang='lat' dir='ltr'>a</span> <span class='ocrx_word' id='word_1_344' title='bbox 2310 3596 2597 3666; x_wconf 89' lang='lat' dir='ltr'>Domino</span> <span class='ocrx_word' id='word_1_345' title='bbox 2661 3618 2813 3666; x_wconf 89' lang='lat' dir='ltr'>meo</span> 
     </span>
     <span class='ocr_line' id='line_1_39' title="bbox 281 3681 2811 3784; baseline 0 -32"><span class='ocrx_word' id='word_1_346' title='bbox 281 3682 413 3753; x_wconf 85' lang='lat' dir='ltr'>fuit</span> <span class='ocrx_word' id='word_1_347' title='bbox 449 3682 941 3784; x_wconf 84' lang='lat' dir='ltr'>significatum.</span> <span class='ocrx_word' id='word_1_348' title='bbox 979 3706 1015 3749; x_wconf 87' lang='lat'>»</span> <span class='ocrx_word' id='word_1_349' title='bbox 1064 3687 1141 3753; x_wconf 90' lang='lat' dir='ltr'>Et</span> <span class='ocrx_word' id='word_1_350' title='bbox 1189 3681 1611 3773; x_wconf 77' lang='lat' dir='ltr'>Magistriani</span> <span class='ocrx_word' id='word_1_351' title='bbox 1659 3683 1938 3769; x_wconf 89' lang='lat' dir='ltr'>quidem</span> <span class='ocrx_word' id='word_1_352' title='bbox 2007 3683 2353 3773; x_wconf 87' lang='lat' dir='ltr'>praeclare</span> <span class='ocrx_word' id='word_1_353' title='bbox 2401 3683 2675 3754; x_wconf 89' lang='lat' dir='ltr'>deducti</span> <span class='ocrx_word' id='word_1_354' title='bbox 2726 3684 2811 3753; x_wconf 89' lang='lat' dir='ltr'>ad</span> 
     </span>
     <span class='ocr_line' id='line_1_40' title="bbox 281 3770 2815 3863; baseline 0.001 -22"><span class='ocrx_word' id='word_1_355' title='bbox 281 3777 781 3852; x_wconf 81' lang='lat' dir='ltr'>Euxentanum,</span> <span class='ocrx_word' id='word_1_356' title='bbox 836 3785 902 3840; x_wconf 90' lang='lat' dir='ltr'>et</span> <span class='ocrx_word' id='word_1_357' title='bbox 947 3771 1034 3841; x_wconf 90' lang='lat' dir='ltr'>ab</span> <span class='ocrx_word' id='word_1_358' title='bbox 1083 3794 1161 3841; x_wconf 89' lang='lat' dir='ltr'>eo</span> <span class='ocrx_word' id='word_1_359' title='bbox 1212 3770 1581 3842; x_wconf 81' lang='lat' dir='ltr'>honorifice</span> <span class='ocrx_word' id='word_1_360' title='bbox 1651 3773 1913 3861; x_wconf 82' lang='lat' dir='ltr'>accepti</span> <span class='ocrx_word' id='word_1_361' title='bbox 1983 3771 2325 3863; x_wconf 88' lang='lat' dir='ltr'>hospitio,</span> <span class='ocrx_word' id='word_1_362' title='bbox 2408 3795 2566 3843; x_wconf 91' lang='lat' dir='ltr'>cum</span> <span class='ocrx_word' id='word_1_363' title='bbox 2639 3773 2815 3844; x_wconf 88' lang='lat' dir='ltr'>duos</span> 
     </span>
     <span class='ocr_line' id='line_1_41' title="bbox 281 3860 2810 3951; baseline 0 -21"><span class='ocrx_word' id='word_1_364' title='bbox 281 3860 428 3930; x_wconf 90' lang='lat' dir='ltr'>dies</span> <span class='ocrx_word' id='word_1_365' title='bbox 475 3860 657 3951; x_wconf 90' lang='lat' dir='ltr'>apud</span> <span class='ocrx_word' id='word_1_366' title='bbox 694 3861 923 3950; x_wconf 88' lang='lat' dir='ltr'>ipsum</span> <span class='ocrx_word' id='word_1_367' title='bbox 965 3861 1399 3939; x_wconf 85' lang='lat' dir='ltr'>mansissent,</span> <span class='ocrx_word' id='word_1_368' title='bbox 1436 3873 1501 3929; x_wconf 89' lang='lat' dir='ltr'>et</span> <span class='ocrx_word' id='word_1_369' title='bbox 1536 3860 1598 3930; x_wconf 87' lang='lat' dir='ltr'>ei</span> <span class='ocrx_word' id='word_1_370' title='bbox 1635 3873 1850 3930; x_wconf 92' lang='lat' dir='ltr'>totum</span> <span class='ocrx_word' id='word_1_371' title='bbox 1887 3861 2033 3942; x_wconf 90' lang='lat' dir='ltr'>iter,</span> <span class='ocrx_word' id='word_1_372' title='bbox 2072 3874 2139 3931; x_wconf 88' lang='lat' dir='ltr'>et</span> <span class='ocrx_word' id='word_1_373' title='bbox 2177 3861 2679 3951; x_wconf 84' lang='lat' dir='ltr'>navigationem</span> <span class='ocrx_word' id='word_1_374' title='bbox 2714 3884 2810 3931; x_wconf 90' lang='lat' dir='ltr'>re-</span> 
     </span>
     <span class='ocr_line' id='line_1_42' title="bbox 280 3948 2814 4039; baseline 0.001 -22"><span class='ocrx_word' id='word_1_375' title='bbox 280 3950 754 4032; x_wconf 87' lang='lat' dir='ltr'>nunciassent,</span> <span class='ocrx_word' id='word_1_376' title='bbox 814 3950 1132 4020; x_wconf 85' lang='lat' dir='ltr'>abierunt</span> <span class='ocrx_word' id='word_1_377' title='bbox 1189 3950 1381 4020; x_wconf 90' lang='lat' dir='ltr'>tertio</span> <span class='ocrx_word' id='word_1_378' title='bbox 1441 3948 1575 4030; x_wconf 90' lang='lat' dir='ltr'>die,</span> <span class='ocrx_word' id='word_1_379' title='bbox 1620 3949 1920 4039; x_wconf 88' lang='lat' dir='ltr'>acceptis</span> <span class='ocrx_word' id='word_1_380' title='bbox 1958 3949 2044 4019; x_wconf 91' lang='lat' dir='ltr'>ab</span> <span class='ocrx_word' id='word_1_381' title='bbox 2092 3970 2170 4018; x_wconf 89' lang='lat' dir='ltr'>eo</span> <span class='ocrx_word' id='word_1_382' title='bbox 2217 3948 2483 4021; x_wconf 86' lang='lat' dir='ltr'>litteris:</span> <span class='ocrx_word' id='word_1_383' title='bbox 2520 3971 2679 4019; x_wconf 89' lang='lat' dir='ltr'>cum</span> <span class='ocrx_word' id='word_1_384' title='bbox 2715 3951 2814 4020; x_wconf 90' lang='lat' dir='ltr'>eis</span> 
     </span>
     <span class='ocr_line' id='line_1_43' title="bbox 280 4037 2810 4130; baseline 0.001 -23"><span class='ocrx_word' id='word_1_385' title='bbox 280 4052 456 4108; x_wconf 88' lang='lat' dir='ltr'>esset</span> <span class='ocrx_word' id='word_1_386' title='bbox 494 4039 838 4130; x_wconf 90' lang='lat' dir='ltr'>pollicitus</span> <span class='ocrx_word' id='word_1_387' title='bbox 885 4038 1338 4109; x_wconf 90' lang='lat' dir='ltr'>admirandus</span> <span class='ocrx_word' id='word_1_388' title='bbox 1385 4037 1733 4119; x_wconf 77' lang='lat' dir='ltr'>AberciuS,</span> <span class='ocrx_word' id='word_1_389' title='bbox 1789 4053 1938 4128; x_wconf 86' lang='lat' dir='ltr'>post</span> <span class='ocrx_word' id='word_1_390' title='bbox 1990 4037 2452 4129; x_wconf 87' lang='lat' dir='ltr'>quadraginta</span> <span class='ocrx_word' id='word_1_391' title='bbox 2513 4038 2684 4120; x_wconf 90' lang='lat' dir='ltr'>dies,</span> <span class='ocrx_word' id='word_1_392' title='bbox 2742 4040 2810 4109; x_wconf 88' lang='lat' dir='ltr'>in</span> 
     </span>
     <span class='ocr_line' id='line_1_44' title="bbox 281 4126 2815 4216; baseline 0.001 -22"><span class='ocrx_word' id='word_1_393' title='bbox 281 4131 484 4197; x_wconf 88' lang='lat' dir='ltr'>Portu</span> <span class='ocrx_word' id='word_1_394' title='bbox 512 4128 567 4210; x_wconf 74' lang='lat'>*,</span> <span class='ocrx_word' id='word_1_395' title='bbox 606 4128 725 4216; x_wconf 89' lang='lat' dir='ltr'>qui</span> <span class='ocrx_word' id='word_1_396' title='bbox 757 4127 1035 4209; x_wconf 88' lang='lat' dir='ltr'>dicitur,</span> <span class='ocrx_word' id='word_1_397' title='bbox 1086 4128 1207 4215; x_wconf 90' lang='lat' dir='ltr'>qui</span> <span class='ocrx_word' id='word_1_398' title='bbox 1247 4126 1526 4215; x_wconf 91' lang='lat' dir='ltr'>quidem</span> <span class='ocrx_word' id='word_1_399' title='bbox 1563 4142 1665 4196; x_wconf 91' lang='lat' dir='ltr'>est</span> <span class='ocrx_word' id='word_1_400' title='bbox 1700 4149 1906 4216; x_wconf 90' lang='lat' dir='ltr'>prope</span> <span class='ocrx_word' id='word_1_401' title='bbox 1954 4132 2265 4207; x_wconf 90' lang='lat' dir='ltr'>Romam,</span> <span class='ocrx_word' id='word_1_402' title='bbox 2321 4149 2393 4196; x_wconf 85' lang='lat' dir='ltr'>se</span> <span class='ocrx_word' id='word_1_403' title='bbox 2440 4150 2590 4197; x_wconf 88' lang='lat' dir='ltr'>esse</span> <span class='ocrx_word' id='word_1_404' title='bbox 2638 4128 2815 4198; x_wconf 88' lang='lat' dir='ltr'>invi-</span> 
     </span>
     <span class='ocr_line' id='line_1_45' title="bbox 282 4215 2807 4308; baseline 0 -26"><span class='ocrx_word' id='word_1_405' title='bbox 282 4235 425 4283; x_wconf 88' lang='lat' dir='ltr'>cem</span> <span class='ocrx_word' id='word_1_406' title='bbox 456 4231 935 4299; x_wconf 80' lang='lat' dir='ltr'>conventurOS,</span> <span class='ocrx_word' id='word_1_407' title='bbox 965 4229 1028 4286; x_wconf 90' lang='lat' dir='ltr'>et</span> <span class='ocrx_word' id='word_1_408' title='bbox 1058 4217 1156 4286; x_wconf 89' lang='lat' dir='ltr'>sic</span> <span class='ocrx_word' id='word_1_409' title='bbox 1190 4215 1401 4286; x_wconf 90' lang='lat' dir='ltr'>simul</span> <span class='ocrx_word' id='word_1_410' title='bbox 1431 4238 1589 4285; x_wconf 90' lang='lat' dir='ltr'>cum</span> <span class='ocrx_word' id='word_1_411' title='bbox 1629 4215 1767 4285; x_wconf 89' lang='lat' dir='ltr'>illis</span> <span class='ocrx_word' id='word_1_412' title='bbox 1797 4221 2083 4286; x_wconf 81' lang='lat' dir='ltr'>Romam</span> <span class='ocrx_word' id='word_1_413' title='bbox 2118 4237 2265 4286; x_wconf 88' lang='lat' dir='ltr'>esse</span> <span class='ocrx_word' id='word_1_414' title='bbox 2306 4216 2807 4308; x_wconf 88' lang='lat' dir='ltr'>ingressurum.</span> 
     </span>
     <span class='ocr_line' id='line_1_46' title="bbox 284 4301 2814 4397; baseline 0.003 -27"><span class='ocrx_word' id='word_1_415' title='bbox 284 4301 387 4371; x_wconf 92' lang='lat' dir='ltr'>Illi</span> <span class='ocrx_word' id='word_1_416' title='bbox 439 4318 663 4376; x_wconf 90' lang='lat' dir='ltr'>autem</span> <span class='ocrx_word' id='word_1_417' title='bbox 705 4329 865 4377; x_wconf 90' lang='lat' dir='ltr'>cum</span> <span class='ocrx_word' id='word_1_418' title='bbox 917 4328 1051 4376; x_wconf 90' lang='lat' dir='ltr'>non</span> <span class='ocrx_word' id='word_1_419' title='bbox 1105 4316 1384 4397; x_wconf 90' lang='lat' dir='ltr'>possent</span> <span class='ocrx_word' id='word_1_420' title='bbox 1425 4326 1558 4374; x_wconf 91' lang='lat' dir='ltr'>non</span> <span class='ocrx_word' id='word_1_421' title='bbox 1614 4304 1893 4375; x_wconf 90' lang='lat' dir='ltr'>credere</span> <span class='ocrx_word' id='word_1_422' title='bbox 1936 4304 2148 4396; x_wconf 88' lang='lat' dir='ltr'>(recte</span> <span class='ocrx_word' id='word_1_423' title='bbox 2187 4305 2373 4377; x_wconf 88' lang='lat' dir='ltr'>enim</span> <span class='ocrx_word' id='word_1_424' title='bbox 2399 4306 2814 4397; x_wconf 90' lang='lat' dir='ltr'>judicabant</span> 
     </span>
    </p>
   </div>
   <div class='ocr_carea' id='block_1_3' title="bbox 335 4429 1027 4482">
    <p class='ocr_par' dir='ltr' id='par_1_4' title="bbox 335 4429 1027 4482">
     <span class='ocr_line' id='line_1_47' title="bbox 335 4429 1027 4482; baseline 0.003 -10"><span class='ocrx_word' id='word_1_425' title='bbox 335 4429 360 4456; x_wconf 59' lang='lat'>²</span> <span class='ocrx_word' id='word_1_426' title='bbox 394 4431 516 4473; x_wconf 65' lang='lat' dir='ltr'>Onna</span> <span class='ocrx_word' id='word_1_427' title='bbox 531 4433 731 4482; x_wconf 69' lang='lat' dir='ltr'>tiberim,</span> <span class='ocrx_word' id='word_1_428' title='bbox 748 4437 803 4474; x_wconf 82' lang='lat' dir='ltr'>ut</span> <span class='ocrx_word' id='word_1_429' title='bbox 822 4431 1027 4475; x_wconf 79' lang='lat' dir='ltr'>videtur.</span> 
     </span>
    </p>
   </div>
  </div>
 </body>
</html>
