3347 4999
706 326 833 390 358
1369 342 1445 388 nn
1494 342 1547 388 s.
1598 341 1910 388 witrmno
1958 341 2158 388 EP1SC.
2213 340 2396 393 enon.
2854 322 3033 388 OCT.
3105 324 3199 389 42

610 452 738 497 sua
785 450 991 497 causa
1025 429 1400 517 appellans,
1441 437 1502 495 et
1542 427 1624 495 ab
1657 427 1784 495 hac
1814 437 2144 517 potestate
2176 426 2257 496 de
2303 428 2502 496 certis
2533 428 2936 517 incertisque
2967 428 3187 497 rebus

612 519 999 596 absolutus,
1066 529 1132 585 et
1189 529 1452 584 caetera
1514 537 1692 602 quae
1754 538 1965 604 supra
2031 516 2415 605 posuimus.
2469 515 2689 598 Quod,
2745 515 2866 584 ubi
2915 513 3192 585 lectum

612 618 739 687 est,
803 619 1042 695 stupor
1090 603 1546 695 apprehendit
1591 603 1975 683 audientes,
2028 620 2093 674 et
2148 602 2391 673 silente
2432 603 2724 682 lectore,
2796 616 3195 694 coeperunt

614 694 1021 764 alterutrum
1075 693 1445 780 requirere,
1499 694 1657 781 quis
1717 706 1896 763 esset
1944 693 2060 763 ille
2106 691 2465 763 Wilfridus
2535 693 2942 784 Episcopus
2999 698 3190 763 Tum

612 782 1028 864 BonifaciuS,
1093 782 1533 851 consiliarius
1581 782 1950 870 Apostolici
1998 787 2244 870 Papae,
2305 794 2370 851 et
2418 781 2535 850 alii
2591 783 2981 871 perplures,
3045 783 3186 869 qui

610 894 771 942 cum
820 870 1249 961 temporibus
1299 870 1676 959 Agathonis
1725 875 1944 958 Papae
1986 871 2081 940 ibi
2132 870 2476 952 viderunt,
2531 871 2858 940 dicebant
2927 871 3182 958 ipsum

611 983 761 1030 esse
809 966 857 1029 E
915 960 1254 1049 iscopum,
1308 959 1427 1045 qui
1481 981 1703 1048 nuper
1735 965 2023 1028 Romam
2073 973 2444 1029 accusatus
2482 982 2523 1028 a
2572 960 2760 1040 suiS‚
2825 972 3034 1046 atque
3088 960 3187 1029 ab

611 984 996 1139 Apostolica
1031 1048 1200 1118 Sede
1239 1047 1669 1137 judicandus
1707 1047 2095 1118 advenerat.
2142 1048 2269 1130 Qui
2312 1048 2766 1138 jamdudum,
2805 1048 3178 1135 inquiunt,

612 1160 830 1224 aeque
863 1150 1254 1217 accusatus,
1294 1136 1430 1206 buc
1466 1136 1860 1217 adveniens,
1917 1159 2070 1205 mox
2117 1136 2356 1207 audita
2404 1159 2484 1206 ac
2534 1137 2916 1224 dijudicata
2954 1140 3188 1208 causa

609 1239 679 1295 et
715 1226 1177 1296 controversia
1234 1225 1599 1313 utriusque
1661 1226 1897 1312 partis,
1951 1247 1992 1294 a
2032 1227 2268 1295 beatae
2317 1226 2689 1295 memoriae
2751 1231 2934 1315 Papa
2992 1231 3186 1315 Aga-

616 1315 821 1384 thone
855 1316 1180 1406 probatus
1227 1327 1328 1384 est
1375 1327 1612 1383 contra
1660 1313 1763 1382 fas
1811 1337 1849 1383 a
1887 1334 2013 1384 suo
2045 1314 2457 1403 Episcopatu
2490 1314 2838 1402 repulsus,
2897 1327 2962 1383 et
2995 1316 3180 1385 tanti

612 1405 797 1493 apud
853 1426 1011 1474 eum
1055 1403 1335 1472 habitus
1357 1415 1480 1483 est,
1520 1416 1594 1471 ut
1641 1402 1873 1491 ipsum
1905 1403 1970 1471 in
2022 1403 2340 1483 concili0‚
2372 1403 2554 1490 quod
2605 1420 3174 1493 congregaverat,

612 1494 1135 1583 Episcoporum,
1180 1491 1380 1579 quasi
1430 1492 1652 1561 virum
1707 1492 2142 1580 incorruptae
2193 1492 2355 1561 fidei
2415 1506 2480 1562 et
2517 1492 2736 1561 animi
2788 1492 3014 1582 probi,
3071 1514 3179 1562 re-

613 1581 836 1651 sidere
883 1581 1329 1672 praeciperet.
1375 1580 1640 1663 Quibus
1681 1579 1962 1659 auditis,
1998 1581 2321 1650 dicebant
2350 1602 2590 1650 omnes
2640 1602 2781 1649 una
2818 1603 2980 1650 cum
3019 1582 3178 1671 ipso

612 1670 961 1749 Pontifice,
1015 1670 1239 1739 virum
1279 1681 1502 1739 tantae
1562 1669 2028 1751 auctoritatiS,
2081 1670 2201 1756 qui
2255 1692 2375 1759 per
2420 1669 2881 1759 quadraginta
2953 1692 3175 1759 prope

610 1781 832 1851 annos
882 1759 1295 1849 Episcopatu
1356 1757 1799 1847 fungebatur,
1856 1780 2290 1845 nequaquam
2341 1757 2661 1826 damnari
2710 1757 2995 1837 debere,
3050 1758 3177 1829 sed

612 1848 699 1916 ad
739 1849 1081 1947 integrum
1121 1845 1349 1935 culpis
1390 1846 1910 1916 accusationum
1942 1847 2362 1928 absolutum,
2407 1847 2473 1915 in
2517 1847 2806 1936 patriam
2849 1869 3012 1917 cum
3050 1848 3171 1918 ho·

616 1959 780 2006 nore
822 1950 1086 2005 reverti.

703 2028 739 2113 ἓ
786 2030 941 2098 10.
999 2024 1322 2107 Quicum
1368 2024 1436 2093 in
1498 2024 1920 2093 Britanniam
1984 2046 2321 2104 remeanS,
2373 2024 2444 2092 in
2497 2023 2876 2095 Galliarum
2940 2039 3169 2112 partes

614 2113 1023 2194 devenisset,
1080 2125 1300 2183 tactus
1345 2126 1447 2183 est
1480 2112 1877 2182 infirmitate
1923 2114 2304 2203 repentina,
2357 2126 2422 2183 et
2455 2135 2533 2182 ea
2565 2126 2938 2192 crescente,
2994 2113 3166 2183 adeo

619 2224 925 2292 pressuS,
964 2215 1245 2289 utequo
1287 2201 1435 2270 vehi
1486 2222 1618 2270 non
1712 2215 1914 2282 osset,
1950 2201 2067 2271 sed
2122 2202 2445 2271 manibus
2494 2202 2973 2271 ministrorum
3057 2224 3169 2270 or-

621 2303 880 2360 taretur
928 2291 996 2358 in
1100 2291 1353 2360 rabato.
1410 2290 1519 2360 Sic
1584 2290 1668 2358 de
1700 2303 1852 2360 atus
1911 2290 1979 2358 in
2044 2290 2382 2359 civitatem
2446 2290 2743 2359 Meldum
2793 2291 2827 2325 ⁴²
2874 2290 2997 2360 Gal
3035 2292 3161 2374 iae,

617 2391 917 2465 quatuor
948 2379 1057 2447 die
1109 2402 1193 2449 us
1240 2402 1319 2448 ac
1356 2379 1672 2449 noctibus
1711 2379 1906 2465 quasi
1944 2392 2257 2448 mortuus
2294 2380 2591 2469 jacebat,
2642 2379 2865 2448 halitu
2897 2393 3168 2449 tantum

617 2467 955 2558 pertenui,
993 2468 1156 2555 quia
1207 2469 1476 2548 viveret,
1508 2467 2013 2539 demonstrans,
2045 2473 2348 2555 Cumque
2382 2468 2472 2538 ita
2509 2469 2657 2539 sine
2683 2469 2837 2537 cibo
2871 2482 2936 2539 et
2973 2483 3161 2558 potu,

616 2557 766 2626 sine
812 2579 973 2627 voce
1019 2570 1084 2627 et
1115 2556 1357 2626 auditu
1403 2556 1776 2644 quatriduo
1826 2569 2308 2647 perseveraret,
2367 2558 2610 2644 quinta
2675 2557 2957 2626 demum
2995 2557 3159 2627 illu-

612 2660 924 2716 cescente
957 2645 1091 2727 die,
1126 2645 1323 2734 quasi
1360 2645 1445 2714 de
1476 2646 1661 2736 gravi
1706 2646 2220 2736 expergefactus
2256 2668 2523 2726 somne,
2562 2667 2939 2736 exsurgens
2981 2665 3165 2717 rese-

611 2735 735 2815 dit,
774 2735 1167 2826 apertisque
1212 2734 1458 2818 oculis,
1511 2733 1678 2802 vidit
1716 2734 1900 2803 circa
1933 2756 2005 2803 se
2043 2735 2289 2804 choros
2342 2733 2784 2823 psallentium
2836 2734 3047 2804 simul
3100 2746 3166 2804 et

615 2825 928 2894 flentium
984 2823 1298 2904 fratrum;
1352 2845 1431 2892 ac
1468 2822 1815 2892 modicum
1869 2824 2255 2913 suspirans,
2311 2824 2777 2913 interrogavit,
2816 2822 2937 2891 ubi
2987 2836 3164 2893 esset

611 2918 780 2983 Acca
820 2913 1220 3004 presbyter;
1272 2912 1392 2999 qui
1442 2911 1668 2980 statim
1710 2925 2012 2991 vocatus,
2059 2913 2358 2993 intravit;
2412 2924 2476 2981 et
2518 2912 2756 2981 videns
2802 2933 2964 2981 eum
3019 2934 3165 2981 me-

612 3001 749 3071 lius
782 3002 1172 3078 habentem,
1205 3023 1286 3071 ac
1319 3001 1507 3087 loqui
1529 3001 1671 3087 jani
1728 2999 2085 3081 valentem,
2136 3002 2328 3072 flexis
2376 3001 2694 3091 genibuS‚
2735 3001 2996 3090 gratias
3024 3002 3166 3090 egit

610 3095 742 3160 Deo
787 3113 949 3160 cum
1000 3089 1351 3169 omnibus,
1404 3089 1526 3177 qui
1557 3088 1865 3170 aderant,
1905 3089 2256 3159 fratribus,
2299 3095 2566 3159 Etcum
2621 3112 2864 3179 parum
2918 3112 3163 3159 conse-

609 3180 894 3259 dissent,
947 3201 1027 3248 ac
1075 3179 1160 3248 de
1193 3178 1514 3267 supernis
1555 3176 1842 3268 judiciis
1884 3179 2131 3268 trepidi
2179 3179 2613 3266 aliquantum
2666 3177 2961 3248 fabulari
3006 3200 3164 3248 coe-

611 3269 894 3357 pissent,
939 3269 1150 3356 jussit
1201 3266 1497 3356 pontifex
1544 3278 1845 3338 caeteros
1906 3267 1989 3336 ad
2049 3268 2288 3338 horam
2340 3267 2598 3368 egredi,
2653 3280 2718 3336 et
2774 3266 2862 3336 ad
2910 3272 3159 3335 Accam

615 3358 1087 3446 presbyterum
1142 3356 1231 3424 ita
1282 3355 1470 3442 loqui
1518 3376 1802 3425 exorsus
1850 3372 1992 3425 est:
2034 3379 2069 3423 «
2108 3356 2288 3426 Visio
2324 3356 2494 3425 mihi
2541 3355 2742 3425 modo
2804 3356 3163 3425 tremenda

609 3444 954 3533 apparuit,
1001 3465 1211 3530 quam
1281 3458 1341 3513 te
1387 3443 1629 3514 audire
1686 3467 1765 3513 ac
1814 3444 2085 3515 silentio
2136 3459 2361 3536 tegere
2413 3444 2589 3524 volo,
2646 3444 2865 3514 donec
2940 3443 3159 3513 sciam

610 3531 776 3619 quid
828 3532 912 3601 de
948 3554 1055 3601 me
1089 3532 1235 3601 fieri
1287 3532 1444 3602 velit
1489 3539 1692 3603 Deus.
1746 3533 2016 3603 Adstitit
2060 3536 2249 3603 enim
2299 3533 2472 3603 mihi
2520 3533 2807 3620 quidam
2861 3532 3163 3602 candido

665 3619 1012 3690 raeclarus
1054 3621 1319 3702 habitu,
1385 3622 1625 3692 dicens
1664 3643 1738 3691 se
1771 3622 2166 3692 Michaelem
2201 3644 2352 3692 esse
2384 3623 2917 3711 Archangelum,
2970 3636 3036 3692 et
3072 3622 3161 3692 ob

661 3731 764 3792 oc,
819 3710 1066 3798 inquit,
1108 3711 1362 3781 missus
1411 3733 1594 3793 sum,
1647 3723 1725 3780 ut
1759 3723 1820 3781 te
1866 3733 1905 3780 a
1954 3726 2172 3781 morte
2235 3733 2569 3781 revocem.
2641 3712 2928 3781 Donavit
2974 3710 3162 3780 enim

612 3799 730 3868 tibi
784 3800 1116 3870 Dominus
1152 3800 1354 3869 vitam
1431 3822 1552 3889 per
1597 3799 1937 3869 orationes
1986 3822 2065 3870 ac
2120 3799 2462 3889 lacrymas
2526 3799 3032 3889 discipulorum
3099 3813 3164 3869 et

611 3887 897 3958 fratrum
949 3902 1251 3969 tuorum,
1305 3901 1371 3958 et
1419 3911 1540 3978 per
1609 3888 2166 3960 intercessionem
2218 3911 2384 3958 suae
2447 3893 2689 3958 Beatae
2737 3888 3152 3970 GenitriciS,

611 3999 752 4048 sem
809 3999 1018 4064 erque
1078 3977 1417 4068 Virginis,
1498 3977 1772 4047 Mariae.
1828 3982 2256 4067 Quapropter
2302 3978 2455 4047 dico
2517 3977 2664 4058 tibi,
2722 3977 2887 4064 quia
2956 3977 3160 4048 modo

608 4066 727 4153 qui
782 4088 887 4135 em
927 4068 1015 4137 ab
1051 4066 1447 4136 infirmitate
1481 4066 1610 4136 hac
1659 4067 2060 4137 sanaberis:
2101 4067 2217 4138 sed
2257 4081 2536 4156 paratus
2582 4079 2751 4144 esto,
2791 4066 2960 4152 quia
3003 4078 3161 4155 post

607 4155 1142 4242 quadriennium
1186 4168 1548 4236 revertenS,
1603 4156 1888 4226 visitabo
1930 4170 2014 4225 te.
2049 4160 2127 4225 In
2184 4158 2472 4245 patriam
2524 4176 2680 4224 vero
2713 4155 3152 4244 pervenienS,

612 4243 981 4313 maximam
1027 4244 1535 4332 possessionum
1597 4259 1896 4325 tuarum,
1942 4266 2120 4332 quae
2169 4245 2287 4314 tibi
2344 4244 2610 4313 ablatae
2650 4256 2836 4323 sunt,
2905 4245 3164 4333 portio·

612 4354 768 4402 nem
810 4332 1124 4422 recipies,
1180 4347 1383 4419 atque
1431 4333 1501 4402 in
1542 4355 1707 4423 pace
1742 4332 2112 4421 tranquilla
2148 4334 2351 4402 vitam
2398 4332 2822 4402 terminabis.
2860 4354 2894 4398 »

663 4461 689 4488 ¹*
723 4461 898 4500 Meaux.
