3347 4999
249 290 421 357 OCT.
477 291 558 354 tss
980 310 1056 356 na
1105 310 1466 366 omnnsnAu
1513 311 1784 358 marm.
1838 309 2048 357 Arme.
2570 294 2697 358 443

249 393 701 465 straminibus
730 391 1103 481 deputavit,
1139 393 1515 463 decernens
1550 415 1671 483 per
1709 393 2022 484 singulos
2055 394 2227 475 dies,
2261 408 2596 482 quantum
2627 397 2786 484 quis

248 504 371 574 pro
407 482 644 552 merito
689 482 1050 571 acciperet.
1106 487 1182 551 Et
1221 483 1378 568 quia
1420 482 1778 572 plerosque
1813 482 2182 552 insuetudo
2226 485 2477 574 navigii
2519 498 2584 554 et
2630 509 2788 555 cru-

246 572 489 641 delitas
536 570 946 660 captivitatis
987 571 1337 650 afflixerat,
1378 592 1510 640 non
1551 592 1803 660 parvus
1844 572 2020 639 inter
2048 592 2162 640 eos
2201 570 2420 641 fuerat
2454 595 2786 645 numerus

245 673 704 750 aegrotorum,
742 681 916 745 quos
952 659 1066 727 ille
1106 660 1345 729 beatus
1379 658 1691 730 AntisteS.
1728 672 1806 728 ut
1845 660 2075 727 nutrix
2107 660 2242 760 pia,
2289 682 2405 750 per
2440 676 2787 732 momenta

245 747 522 839 singula
578 769 736 817 cum
796 748 1082 816 medicis
1128 747 1506 827 circuibat,
1563 747 2011 835 sequentibus
2060 749 2235 817 c1bis
2270 803 2285 829 ,
2351 760 2427 817 ut
2474 750 2786 840 inspecta

242 842 468 915 vena,
521 834 685 923 quid
728 836 841 904 cui
889 858 1063 924 opus
1111 848 1324 917 esset,
1403 836 1522 905 illo
1571 850 1925 926 praesente
1963 835 2264 906 daretur.
2328 836 2454 905 Sed
2498 859 2621 907 nec
2668 860 2785 907 no-

242 925 510 996 cturnis
557 925 745 994 horis
778 923 864 993 ab
898 924 1025 994 hoc
1065 947 1268 1016 opere
1309 925 1820 995 misericordiae
1859 924 2250 1005 feriebatur,
2299 925 2411 996 sed
2506 928 2786 1016 ergebat

241 1035 611 1084 excurrens
648 1035 767 1104 per
797 1012 1109 1103 singulos
1144 1013 1373 1095 lectos,
1420 1014 1777 1084 sciscitans
1811 1014 2104 1100 qualiter
2132 1015 2425 1102 quisque
2459 949 2778 1086 liaberet:

241 1104 337 1173 ita
371 1124 441 1173 se
475 1101 846 1172 tradiderat
893 1103 1176 1172 omnino
1210 1101 1448 1182 labori,
1487 1114 1564 1172 ut
1598 1123 1743 1183 nec,
1788 1101 2073 1172 defessis
2114 1103 2466 1183 membriS,
2516 1125 2640 1173 nec
2673 1126 2786 1173 ca-

244 1193 464 1262 riosae
498 1191 643 1279 jam
688 1192 1022 1261 senectuti
1074 1204 1375 1280 parceret
1407 1191 1463 1257 ⁴.
1500 1196 1649 1274 Quo
1678 1190 1888 1261 livore
1925 1191 2193 1260 Arriani
2227 1192 2565 1273 succensi,
2606 1192 2784 1262 dolis

243 1303 400 1351 eum
444 1279 985 1370 quamplurimis
1028 1279 1299 1349 voluere
1348 1281 1626 1369 saepius
1675 1301 1979 1350 enecare.
2008 1279 2222 1362 «Quod
2277 1280 2544 1371 (credo)
2588 1303 2784 1371 prae-

242 1369 483 1438 videns
555 1369 883 1437 Dominus
919 1422 934 1449 ,
987 1368 1120 1437 cito
1182 1390 1522 1458 passerem
1587 1389 1789 1438 suum
1842 1368 1928 1438 de
1986 1368 2309 1439 manibus
2371 1370 2781 1460 accipitrum

246 1457 464 1527 voluit
498 1456 789 1525 liberare
820 1456 912 1526 ¹⁶⁴.
966 1457 1175 1546 Cujus
1222 1456 1478 1526 exitum
1529 1457 1621 1525 ita
1668 1457 1894 1526 urbici
1944 1458 2193 1546 captivi
2228 1457 2661 1547 planxerunt,
2707 1469 2784 1527 ut

244 1559 410 1615 tunc
461 1567 532 1615 se
588 1557 908 1635 putarent
956 1545 1179 1634 magis
1227 1544 1399 1613 tradi
1457 1546 1782 1615 manibus
1821 1545 2303 1627 Barbarorum‚
2341 1547 2618 1633 quando
2670 1546 2784 1615 ille

242 1634 538 1726 perrexit
586 1632 669 1702 ad
720 1633 1030 1705 coelum.>
1072 1639 1372 1703 Functus
1420 1646 1521 1702 est
1576 1645 1802 1703 autem
1856 1633 2234 1704 sacerdotio
2281 1635 2483 1705 annis
2532 1636 2778 1705 tribuS.

243 1724 456 1809 Cujus
483 1743 714 1791 amore
745 1734 810 1791 et
842 1722 1181 1792 desiderio
1218 1721 1517 1811 populus
1551 1735 1873 1802 attentuS,
1907 1734 2218 1813 potuerat
2252 1723 2560 1793 membra
2586 1723 2781 1813 digni

241 1812 550 1899 corporis
606 1831 867 1900 rapere,
930 1812 1058 1879 nisi
1116 1811 1404 1880 consilio
1446 1811 1767 1899 prudenti
1809 1810 1974 1880 dum
2025 1823 2371 1893 avocatur,
2438 1813 2783 1883 nesciente

244 1899 715 1977 multitudine,
763 1899 1187 1989 sepeliretur.

329 1991 363 2075 ἓ
415 1993 501 2059 2.
543 1992 621 2057 Et
665 1987 827 2073 quia
880 1988 1239 2057 tacendum
1295 2009 1566 2077 semper
1613 2009 1749 2056 non
1800 1999 1903 2059 est
1949 1988 2032 2057 de
2081 1987 2555 2145 impietatibus
2618 1988 2783 2058 hae-

244 2078 639 2157 reticorum,
688 2097 810 2145 nec
840 2077 1304 2147 verecundum
1358 2076 1601 2168 poterit
1633 2098 1805 2158 esse,
1843 2076 2026 2163 quod
2062 2076 2144 2145 ad
2211 2077 2458 2147 audem
2512 2077 2784 2168 proficit

242 2165 586 2255 patientis:
622 2164 976 2234 ordinator
1007 2166 1354 2252 quondam
1403 2165 1758 2235 memorati
1793 2165 2165 2236 'sacerdotis
2190 2167 2469 2236 nomine
2496 2167 2778 2247 Thoma‚

248 2254 415 2323 dum
481 2252 689 2323 variis
736 2253 823 2323 ab
869 2254 970 2323 eis
1017 2254 1291 2325 insidiis
1353 2276 1465 2325 sae
1518 2254 1627 2322 ius
1676 2265 2076 2333 arctaretur,
2126 2254 2427 2341 quodam
2479 2269 2784 2344 tempore

243 2342 701 2411 venerabilem
743 2364 972 2412 senem
1025 2343 1092 2411 in
1145 2342 1425 2432 publica
1481 2343 1625 2411 acie
1654 2344 1941 2413 catomis
1978 2342 2084 2379 *⁴*
2115 2343 2537 2414 ceciderunt.
2584 2343 2776 2427 Quod

244 2431 362 2501 ille
416 2453 547 2502 non
599 2429 681 2498 ad
735 2432 1228 2521 opprobrium,
1297 2431 1412 2502 sed
1463 2431 1550 2501 ad
1603 2431 1983 2502 mercedem
2058 2446 2470 2524 computans
2519 2432 2780 2524 gloriae

244 2542 449 2601 suae,
496 2521 563 2588 in
621 2523 907 2597 Domino
975 2520 1376 2590 laetabatur.
1434 2520 1624 2591 Unde
1685 2520 1941 2590 factum
2006 2533 2131 2602 est,
2186 2535 2263 2592 ut
2312 2534 2464 2613 post
2510 2523 2780 2592 obitum

242 2609 561 2699 Episcopi
603 2608 1057 2699 Carthaginis,
1113 2610 1521 2699 Zeugitanae
1565 2621 1631 2680 et
1669 2609 2146 2700 proconsulari
2198 2611 2589 2700 provinciae
2620 2611 2781 2701 Epi-

244 2720 488 2786 scopos
540 2697 975 2767 interdiceret
1023 2697 1480 2780 ordinandos,
1534 2720 1831 2786 quorum
1900 2710 2045 2768 erat
2092 2721 2425 2770 numerus
2496 2711 2776 2768 centum

243 2788 919 2875 sexagintaquatuor.
959 2788 1089 2870 Qui
1132 2787 1464 2877 paulatim
1514 2786 1952 2867 deficientes;
2006 2810 2192 2856 nunc
2230 2787 2349 2874 qui
2402 2785 2611 2856 simul
2648 2787 2784 2876 ipsi

243 2889 657 2965 supersunt,
737 2887 871 2944 tres
940 2888 1204 2946 tantum
1279 2898 1429 2947 esse
1501 2875 1869 2946 videntur:
1922 2876 2320 2945 Vincentius
2389 2875 2775 2965 GigitanuS,

241 2964 499 3035 Paulus
573 2965 1103 3046 Sinnaritanus,
1174 2987 1324 3033 vere
1395 2965 1638 3035 merito
1684 2978 1749 3035 et
1799 2965 2077 3033 nomine
2133 2963 2412 3042 Paulus,
2481 2975 2546 3033 et
2601 2963 2783 3032 alius

243 3053 680 3136 Quintianus.
727 3053 854 3136 Qui
892 3075 1077 3123 nunc
1130 3054 1672 3142 persecutionem
1723 3053 2019 3143 fugiens,
2058 3073 2098 3120 a
2151 3051 2241 3120 ud
2286 3050 2607 3120 Edessam
2648 3056 2786 3120 Ma-

241 3141 569 3210 cedoniae
629 3142 969 3210 civitatem
1041 3155 1432 3212 commanet
1478 3142 1910 3233 peregrinus,
1989 3145 2069 3210 Se
2170 3139 2377 3209 ctiam
2450 3140 2783 3230 martyria

241 3229 759 3318 quamplurima
809 3251 958 3299 esse
1007 3231 1410 3320 probantur,
1462 3229 1934 3300 consessorum
1970 3240 2200 3298 autem
2241 3229 2489 3319 ingens
2522 3242 2587 3297 et
2624 3229 2782 3319 plu-

239 3319 417 3387 rima
467 3317 861 3398 multitudo,
906 3341 985 3387 ex
1017 3319 1273 3406 quibus
1307 3319 1541 3406 aliqua
1577 3339 1857 3386 narrare
1892 3317 2188 3386 tentabo,

330 3408 365 3492 ξ
411 3410 503 3477 3.
558 3410 766 3475 Erant
816 3417 979 3476 tunc
1015 3409 1190 3477 servi
1229 3408 1591 3496 qu'usdam
1625 3405 1914 3475 Vandali
1943 3404 2107 3494 (fuit
2148 3405 2261 3474 hic
2310 3404 2662 3476 Vandalus
2694 3404 2779 3475 de

241 3493 405 3577 illis,
444 3515 620 3581 quos
654 3493 1072 3566 Millenarios
1121 3496 1393 3584 vocant)
1442 3495 1920 3575 MartinianuS,
1962 3495 2394 3576 SaturianuS,
2439 3507 2775 3564 eteorum

242 3583 382 3652 duo
478 3584 784 3652 ermani:
839 3597 984 3653 erat
1029 3596 1091 3652 et
1141 3605 1467 3653 conserva
1514 3604 1780 3663 eorum,
1833 3584 2173 3670 quaedam
2215 3583 2493 3673 egregia
2531 3582 2780 3653 Christi

243 3673 422 3742 ancil
458 3696 519 3750 a,
576 3671 854 3741 nomine
901 3672 1215 3753 Maxima,
1270 3693 1551 3762 corpore
1591 3671 1802 3741 simul
1836 3683 1902 3741 et
1934 3672 2136 3743 corde
2183 3670 2454 3742 decora.
2508 3677 2585 3741 Et
2615 3672 2782 3761 quia

241 3761 693 3830 Martinianus
758 3760 1152 3829 armifactor
1198 3774 1362 3840 erat,
1420 3773 1485 3829 et
1532 3760 1817 3831 domino
1866 3782 1990 3830 suo
2038 3760 2205 3830 satis
2259 3758 2621 3830 videbatur
2668 3782 2783 3828 ac-

241 3862 505 3938 ceptuS,
556 3862 621 3918 et
669 3849 955 3918 Maxima
992 3849 1350 3918 universae
1415 3849 1654 3919 domui
1697 3849 2226 3919 dominabatur:
2279 3847 2573 3918 credidit
2609 3854 2783 3917 Van-

241 3937 465 4019 dalus,
522 3949 596 4006 ut
643 3936 879 4007 fideles
927 3936 1060 4007 sibi
1111 3938 1331 4027 magis
1384 3952 1796 4008 memoratos
1864 3936 2116 4007 faceret
2172 3936 2493 4017 famulos,
2550 3938 2782 4007 Marti-

243 4028 527 4095 nianum
580 4027 1083 4113 maximamque
1144 4024 1496 4116 conjugali
1568 4026 1914 4095 consortio
1981 4026 2265 4096 sociare.
2321 4026 2778 4096 Martinianus

241 4113 902 4185 adolescentulorum
939 4114 1355 4183 secularium
1388 4136 1575 4185 more
1613 4114 2018 4204 conjugium
2062 4114 2444 4184 affectabat:
2487 4115 2783 4184 Maxima

294 4259 320 4284 *
347 4260 544 4299 Tantam
576 4256 900 4308 hujuscemodi
930 4257 1222 4303 charitatem,
1255 4267 1398 4306 quam
1433 4258 1691 4308 Episcopus
1719 4258 1994 4308 Deogrntias
2034 4256 2081 4299 in
2114 4259 2212 4301 illo.
2241 4260 2367 4307 quod
2385 4258 2463 4299 hic
2484 4259 2784 4304 memoratur,

239 4313 624 4404 notma‘pneggtffi‘p.
643 4313 946 4353 vehementer
964 4313 1038 4352 est
1056 4308 1313 4353 demiratus
1335 4312 1438 4361 ipse
1458 4312 1654 4357 thbon.
1671 4311 1931 4392 historicus
1949 4313 2075 4353 Eecl.
2101 4312 2368 4354 Catholicae
2390 4310 2754 4353 intensissimus,

297 4419 375 4444 ν·
406 4418 498 4457 seu
516 4394 629 4457 tot-tis
651 4420 726 4457 vei
747 4419 911 4467 virgis.
