3347 4999
642 205 772 272 680
1169 220 1249 267 nn
1300 221 1355 268 s.
1408 219 1660 266 Annus
1707 218 1898 266 nar.
1951 219 2026 265 ετ
2072 217 2274 267 sociis
2321 219 2471 268 mus
2795 200 3003 266 OCT.
3062 202 3158 267 24

558 313 762 386 Beue,
819 326 941 395 pro
990 316 1052 374 te
1101 302 1200 373 vel
1245 303 1574 374 omnibus
1632 303 1889 393 privari
1936 302 2421 385 facultatibus,
2474 317 2682 391 atque
2730 303 2922 372 adeo
2982 302 3148 391 ipsa

557 397 718 474 vita,
773 414 905 462 non
972 392 1114 462 leve
1161 404 1262 463 est
1311 391 1609 461 lucrum.
1669 393 1858 463 Absit
1904 405 2159 473 autem,
2209 406 2285 466 ut
2328 408 2522 463 tuum
2579 414 2841 462 nomen
2915 414 3150 482 nege·

558 507 741 565 muS,
787 495 862 553 ut
906 496 1009 551 est
1057 481 1429 570 impiorum
1484 481 1928 551 institutum:
1986 503 2109 549 nec
2155 482 2214 551 si
2283 482 2413 550 tale
2462 482 2632 568 quid
2686 480 3134 558 fecerimus,

558 596 709 653 nos,
752 594 794 642 o
828 570 961 652 Sol,
1001 569 1371 658 adspicias.
1404 593 1439 636 »
1488 573 1675 652 Quae
1708 569 1917 640 simul
1967 584 2171 657 atque
2231 570 2590 650 dixissent,
2649 583 2833 640 totas
2889 584 3148 659 portas

558 666 903 752 aperiunt,
955 673 1022 729 et
1052 660 1229 729 intra
1263 659 1481 748 ipsam
1514 659 1883 736 civitatem,
1931 673 2279 745 tamquam
2325 658 2568 749 lupum
2601 660 2668 728 in
2709 659 3128 737 stabulum,

560 751 822 822 malum
874 754 1125 838 Regem
1161 746 1558 816 admittunt.
1612 745 1736 816 Ille
1782 763 2011 817 autem
2048 771 2207 817 cum
2257 760 2323 817 et
2371 749 2692 838 liguram,
2747 761 2820 816 et
2875 749 3133 822 situm,

559 852 625 909 et
674 839 863 908 illam
912 837 1206 907 civitatis
1245 834 1594 905 laudasset
1622 835 2103 923 frequentiam,
2138 851 2204 904 et
2250 837 2504 906 civium
2553 858 2846 923 quoque
2883 835 3134 924 splen-

563 929 826 1007 dorem,
879 948 1197 1015 egressus
1246 939 1391 1004 est,
1444 925 1513 993 in
1564 946 1680 994 eos
1712 979 1728 1002 ,
1780 925 1899 1011 qui
1960 925 2363 997 habitabant
2408 926 2803 1005 civitatem,
2880 925 3124 1014 gravia

566 1038 870 1095 versam,
908 1030 985 1084 ut
1032 1013 1358 1084 indicavit
1402 1013 1647 1094 exituS‚
1692 1013 2218 1104 jusjurandum,
2270 1027 2335 1083 et
2389 1029 2583 1103 pacta
2628 1029 3020 1094 conventa,
3069 1029 3132 1083 et

564 1125 1045 1194 quaecumque
1092 1100 1225 1172 alia
1257 1102 1361 1172 eis
1413 1102 1728 1191 praebuit
1773 1102 1859 1172 ad
1923 1102 2128 1173 fidem
2192 1102 2601 1182 faciendam,
2652 1125 2736 1172 ea
2783 1124 2956 1173 esse
2993 1103 3132 1172 exi—
3243 1121 3244 1182 ς

566 1194 858 1266 stimans
895 1190 1225 1284 puerilem
1278 1191 1773 1280 deceptionem.
3243 1253 3244 1260 ,

656 1286 692 1370 ξ
738 1286 815 1353 2¹.
871 1287 1036 1350 Cum
1070 1296 1297 1349 autem
1342 1279 1488 1367 jam
1524 1301 1598 1349 se
1648 1292 1917 1369 pararet
1944 1279 2028 1349 ad
2070 1302 2185 1350 eos
2232 1279 2656 1360 evertendoS,
2701 1293 2916 1351 vocat
2942 1294 3128 1350 extra
3243 1323 3244 1368 ἢ

568 1372 934 1442 civitatem.
982 1368 1276 1438 Aderant
1323 1390 1475 1437 vero
1524 1368 1948 1455 quicumque
1994 1382 2189 1438 erant
2229 1369 2538 1459 insignes
2565 1368 2828 1457 opibus
2880 1382 2954 1438 et
2981 1369 3128 1457 glo-
3243 1379 3244 1388 ’

568 1461 694 1530 ria.
734 1463 898 1529 Prae
945 1458 1231 1528 caeteris
1279 1471 1507 1526 autem
1560 1458 1643 1537 is,
1703 1458 1822 1544 qui
1870 1470 1935 1527 et
1982 1457 2256 1539 canitie,
2307 1472 2373 1527 et
2421 1457 2787 1546 sapientia,
2856 1472 2934 1528 et
2983 1479 3125 1526 mo-

570 1572 726 1619 rum
771 1546 1101 1617 modestia
1134 1561 1279 1616 erat
1329 1546 1984 1635 praestantissimuS,
2035 1546 2339 1628 divinus,
2406 1547 2733 1632 inquam,
2792 1547 3120 1625 Arethas,

570 1637 686 1709 cui
748 1637 879 1727 ipsi
929 1658 1203 1723 quoque
1252 1634 1471 1704 suerat
1528 1636 1897 1705 commissa
1947 1635 2158 1705 rectio
2210 1635 2528 1705 civitatis.
2581 1638 2846 1706 Omnes
2919 1636 3134 1726 igitur

569 1724 1172 1805 commendabant,
1225 1722 1658 1803 extollebant,
1717 1722 2179 1811 laudibusque
2211 1723 2673 1804 celebrabant,
2713 1736 2788 1792 et
2832 1745 3128 1794 omnem

572 1816 899 1885 honorem
954 1812 1348 1883 tribuebant
1394 1813 1480 1892 ei,
1532 1812 1652 1899 qui
1697 1811 2056 1882 videbatur
2100 1834 2251 1883 esse
2297 1817 2609 1883 Servator
2661 1825 2728 1882 et
2779 1817 2967 1882 Rex.
3015 1812 3133 1882 Ille

570 1919 796 1974 autem
849 1903 981 1973 sibi
1030 1901 1276 1991 culpae
1323 1900 1630 1971 dandum
1700 1922 1850 1971 esse
1912 1900 2247 1981 tribuens,
2301 1901 2486 1989 quod
2550 1901 2871 1971 differret
2940 1903 3132 1972 cerni

571 1992 821 2070 malus,
858 2014 991 2061 non
1034 1990 1338 2080 amplius
1370 2003 1774 2079 exspectans
1805 1990 2047 2077 aperit,
2088 1990 2210 2076 qui
2246 1991 2430 2060 intus
2472 1988 2747 2071 latebat,
2795 1995 3128 2061 Dunaan.

570 2077 880 2168 Etjussit
929 2080 1243 2166 protinus
1274 2100 1513 2147 omnes
1559 2078 1895 2148 custodiri
1942 2078 2009 2146 in
2058 2078 2372 2150 vinculis.
2431 2078 2684 2148 Deinde
2718 2080 2951 2150 etiam
2994 2080 3133 2168 pri-

572 2170 750 2239 vavit
784 2167 1251 2248 facultatibuS,
1295 2182 1360 2237 et
1426 2167 1724 2257 rogavit,
1776 2167 2061 2237 ubinam
2110 2181 2290 2238 esset
2349 2168 2600 2238 Paulus
2646 2189 2903 2237 eorum
2977 2170 3130 2258 Epi-

572 2279 848 2347 scopus.
889 2262 1056 2326 Cum
1098 2268 1323 2325 autem
1354 2256 1500 2344 jam
1533 2254 1808 2326 duobus
1846 2269 2004 2326 ante
2035 2257 2239 2326 annis
2276 2278 2438 2327 eum
2487 2256 2956 2327 intellexisset
2985 2280 3133 2328 esse

575 2359 921 2416 mortuum
956 2344 1013 2425 *,
1054 2366 1188 2413 non
1225 2344 1487 2415 habens
1536 2344 1604 2412 in
1652 2365 1858 2431 quern
1921 2344 2090 2414 iram
2132 2346 2564 2426 immitteret,
2617 2347 3004 2416 contendit
3047 2346 3130 2416 ad

577 2434 953 2524 pulverem,
999 2445 1063 2503 et
1085 2433 1300 2524 Jussit
1351 2431 1747 2523 sepulcrum
1789 2433 2107 2515 effodere,
2157 2447 2224 2504 et
2270 2433 2461 2507 illius
2522 2455 2779 2535 corpus
2831 2436 3134 2506 combu·
3239 2479 3240 2482 =

571 2536 796 2594 rentes
845 2525 912 2593 in
949 2525 1171 2593 aerem
1213 2520 1556 2591 ventilare.
1610 2522 1810 2591 Aliud
1851 2545 2124 2610 quoque
2171 2524 2508 2614 excogitat
2537 2523 2801 2595 furiosa
2851 2527 3122 2603 anima,

572 2635 697 2682 nec
735 2634 885 2682 eam
937 2611 1119 2701 capit
1154 2611 1429 2681 satietas
1460 2610 1724 2698 aliquid
1770 2611 2094 2681 moliendi
2127 2611 2455 2682 adversus
2504 2611 2983 2684 Christianos:
3016 2612 3128 2684 πά

567 2702 768 2791 jubet
814 2701 1098 2771 accendi
1146 2721 1417 2790 rogum,
1469 2701 1591 2787 qui
1636 2698 1851 2769 multa
1898 2700 2197 2771 aleretur
2256 2701 2564 2781 materia,
2615 2714 2682 2770 et
2730 2702 2984 2771 statim
3034 2704 3128 2772 ci-

572 2790 820 2870 vitatiS‚
876 2802 940 2859 et
986 2791 1137 2878 ejus
1166 2844 1182 2869 ‚
1234 2811 1411 2876 quae
1456 2800 1558 2859 est
1633 2788 2087 2859 circumcirca
2117 2844 2132 2871 ,
2187 2789 2490 2880 regionis
2536 2789 2946 2860 sacerdotes
2977 2847 2996 2871 ,
3067 2806 3126 2860 et

571 2879 968 2959 monachos,
1021 2892 1086 2948 et
1120 2883 1250 2947 Deo
1289 2890 1721 2948 consecratas
1773 2877 2095 2968 virgines,
2133 2878 2301 2965 quin
2335 2880 2538 2948 etiam
2574 2877 2907 2959 seminas,
2951 2902 3123 2967 quae

571 2968 775 3037 vitam
825 2967 1171 3058 elegerant
1207 2967 1682 3047 monasticam,
1725 2987 1966 3036 omnes
1992 2967 2199 3037 simul
2253 2967 2322 3035 in
2353 2988 2511 3036 eum
2544 2967 2765 3054 injici.
2809 2969 2874 3037 Ii
2901 2970 3115 3045 enim,

573 3057 821 3143 inquit,
876 3071 1039 3127 sunt
1080 3054 1283 3146 plane
1315 3078 1524 3125 causa
1573 3054 1868 3125 aliorum
1921 3056 2277 3137 interituS,
2343 3056 2842 3144 persuadentes
2892 3058 3118 3128 Cruci·

570 3145 785 3214 fixum
819 3143 1064 3223 colere,
1122 3159 1471 3231 tamquam
1509 3149 1748 3214 Deum.
1799 3143 1894 3212 Ad
1948 3143 2113 3214 haec
2163 3143 2448 3233 perinde
2496 3165 2577 3213 ac
2623 3145 2864 3215 sinon
2931 3145 3119 3217 suffi-

572 3246 774 3310 ceret,
816 3233 999 3319 quod
1038 3233 1289 3302 facturn
1342 3232 1584 3312 suerat,
1638 3231 1725 3300 ad
1766 3232 1918 3320 ejus
1957 3231 2571 3323 incomparabilem
2610 3233 3110 3305 ostendendam

576 3320 1103 3409 improbitatem,
1155 3335 1233 3391 ut
1276 3320 1450 3390 alios
1487 3343 1763 3409 quoque
1800 3321 1935 3390 sibi
1967 3321 2436 3410 subjungeret,
2491 3322 2936 3395 vehementer
2960 3346 3112 3395 con-

575 3408 812 3490 tendit,
857 3421 921 3478 et
931 3409 1142 3498 jussit
1178 3432 1544 3500 praecones
1573 3410 1765 3480 obire
1789 3410 2126 3481 civitatem
2159 3424 2226 3481 et
2266 3411 2644 3500 regionem,
2681 3412 3110 3500 proclaman-

576 3510 673 3568 tes
721 3511 798 3599 ut
846 3498 1186 3567 Christum
1243 3512 1590 3587 negarent,
1643 3512 1709 3567 et
1758 3499 2056 3570 viverent
2099 3499 2410 3580 ¹ludaice,
2463 3499 2701 3569 eadem
2753 3522 2944 3588 quae
2987 3507 3112 3572 Rex

575 3599 967 3658 sentientes.

661 3678 696 3762 ξ
743 3678 824 3748 S.
877 3680 1081 3745 Porro
1129 3688 1357 3745 autem
1410 3676 1556 3766 ipse
1601 3698 1876 3763 quoque
1914 3682 2049 3746 Rex
2079 3675 2363 3746 Arethae
2393 3676 2650 3747 similia
2677 3679 3109 3757 consulebat,

571 3764 944 3856 adjiciens,
1012 3763 1195 3852 quod
1247 3764 1378 3855 ipsi
1426 3787 1702 3852 quoque
1750 3780 1996 3836 norant
2045 3766 2378 3846 Romani,
2431 3764 2623 3836 illius
2675 3768 2982 3855 majores
3052 3770 3111 3837 in

570 3859 851 3924 Crucem
903 3853 1125 3945 egisse
1166 3854 1559 3924 homiuem:
1615 3854 2040 3939 «Quomodo¹
2084 3854 2296 3935 enim,
2349 3854 2652 3934 dicebat,
2700 3855 2954 3927 fuisset
3003 3857 3117 3926 ssa·

568 3942 711 4032 gris
758 3964 1001 4015 caesus
1052 3947 1251 4023 DeuS,
1290 3943 1411 4029 qui
1457 3956 1559 4012 est
1607 3945 1856 4014 natura
1928 3944 2427 4032 incorporeus?
2475 3944 2838 4025 Quomodo
2886 3959 3115 4015 autem

570 4044 855 4103 mortem
927 4031 1097 4102 adeo
1150 4047 1419 4121 turpem
1467 4045 1532 4102 et
1582 4031 2115 4123 ignominiosam
2177 4046 2425 4107 natura
2492 4034 2791 4123 gustarit
2842 4032 3116 4104 immor-

570 4118 774 4190 talis?
807 4118 1075 4209 Alioqui
1121 4134 1349 4191 autem
1405 4120 1606 4191 multi
1666 4144 1943 4209 quoque
1988 4144 2068 4191 ex
2119 4123 2472 4200 Romanis,
2524 4121 2645 4208 qui
2711 4135 2880 4192 sunt
2931 4123 3115 4213 apud

617 4333 645 4361 *
671 4333 848 4377 Paulus
867 4335 1124 4386 Episcopus
1146 4336 1321 4379 obii-sc
1339 4336 1528 4377 videtur
1547 4344 1669 4377 nano
1690 4338 1782 4377 521.
