3347 4999
231 340 404 407 OCT.
461 343 541 406 27
2546 344 2674 410 725

543 564 776 665 VITA
848 565 927 664 S.
997 565 1527 668 FRUMENTI
1616 563 2066 665 lNDORUM
2139 565 2448 666 EPlSC.

687 823 767 872 Ex
818 827 1074 876 numm
1123 826 1416 874 HISTORIA
1461 825 1710 874 nccffls.
1761 827 1881 874 Lm.
1938 827 1983 884 1,
2035 825 2175 874 CAP.
2213 828 2298 874 IX.

1156 1025 1400 1080 seculo
1441 1024 1539 1080 IV
1579 1024 1836 1080 floruit.

318 1232 354 1317 ξ
403 1235 478 1301 1.
542 1236 618 1300 In
667 1231 1003 1302 divisione
1055 1232 1242 1303 orbis
1277 1245 1517 1313 terrae,
1560 1255 1738 1320 quae
1769 1232 1855 1301 ad
1893 1232 2434 1321 praedicandum
2474 1232 2756 1301 verbum

230 1320 344 1388 Dei
392 1331 571 1390 sorte
620 1342 737 1410 per
784 1321 1134 1410 Apostolos
1167 1321 1503 1391 celebrata
1540 1336 1662 1401 est,
1716 1343 1874 1391 oum
1924 1321 2099 1391 aliae
2146 1322 2305 1393 aliis
2357 1321 2750 1411 provinciae

228 1408 686 1490 obvenissent,
721 1410 1015 1480 Thomae
1042 1411 1312 1480 Parthia
1346 1424 1410 1481 et
1449 1411 1779 1480 Matthaeo
1815 1411 2189 1502 Aethiopia,
2237 1411 2475 1497 eisque
2503 1410 2756 1480 adhae-

228 1519 387 1566 rens
433 1498 703 1568 citerior
766 1498 964 1568 India
1025 1500 1058 1533 ⁴*
1104 1499 1617 1570 Bartholomaeo
1664 1499 1920 1569 dicitur
1984 1513 2162 1569 sorte
2209 1499 2504 1569 decreta.
2562 1504 2751 1569 Inter

224 1608 433 1674 quam
469 1588 953 1675 Parthiamque
984 1588 1225 1669 Media,
1268 1589 1383 1658 sed
1430 1588 1630 1679 longo
1660 1589 1942 1658 interior
1981 1601 2202 1658 tractu
2235 1588 2433 1658 India
2465 1587 2754 1657 ulterior

214 1675 417 1762 jacet,
459 1676 695 1746 multis
728 1677 1069 1764 variisque
1118 1678 1378 1767 linguis
1424 1690 1489 1746 et
1536 1678 1858 1768 gentibus
1917 1677 2258 1758 habitata;
2317 1699 2529 1764 quam
2578 1677 2758 1746 velut

223 1764 426 1853 longe
475 1779 801 1844 remotam
855 1766 1092 1836 nullus
1125 1766 1544 1855 Apostolicae
1587 1766 2117 1855 praedicationis
2167 1767 2419 1836 vomeri
2474 1765 2764 1855 impres-

224 1867 444 1923 serat:
499 1876 674 1941 quae
725 1868 948 1924 tamen
1006 1856 1433 1946 temporibus
1488 1855 1911 1925 Constantini
1966 1856 2079 1924 tali
2111 1853 2410 1942 quadam
2442 1875 2762 1924 excausa

225 1943 489 2012 semina
543 1943 703 2013 fidei
748 1944 972 2031 prima
1019 1945 1347 2034 suscepit.
1912 1969 1915 1970 ⁷

316 2033 353 2119 ἓ
407 2036 493 2101 2.
551 2032 970 2103 Metrodorus
1010 2033 1294 2119 quidam
1332 2031 1791 2121 Philosophus
1831 2031 2420 2121 inspiciendorum
2453 2031 2755 2102 locorum

227 2133 292 2190 et
340 2120 527 2189 orbis
556 2120 1030 2210 perscrutandi
1052 2123 1295 2221 gratia,
1333 2120 1722 2191 ulteriorem
1755 2121 2010 2190 dicitur
2037 2120 2303 2190 Indiam
2343 2133 2756 2210 penetrasse.

229 2209 441 2299 Cujus
471 2209 781 2297 exemplo
814 2210 1017 2280 etiam
1062 2212 1387 2280 invitatus
1443 2209 1785 2297 Meropius
1839 2209 2120 2296 quidam
2187 2216 2406 2300 Tyrus
2452 2208 2759 2279 Philoso-

233 2297 439 2386 phus,
484 2297 694 2366 simili
724 2319 802 2366 ex
835 2320 1067 2377 causa,
1109 2299 1375 2367 Indiam
1421 2297 1611 2366 adire
1643 2297 1714 2333 *⁴⁸
1745 2296 1976 2378 voluit,
2025 2297 2286 2370 habens
2314 2320 2547 2368 secum
2584 2298 2760 2368 duos

236 2383 589 2473 pueruIOS‚
643 2407 817 2472 quos
850 2385 1251 2456 liberalibus
1285 2385 1549 2462 litteris,
1588 2399 1821 2476 utpote
1858 2408 1977 2476 pro
2033 2388 2305 2473 inquoS,
2344 2387 2754 2457 instruebat.

232 2477 539 2557 Quorum
592 2496 802 2555 unus,
857 2476 977 2562 qui
1024 2490 1168 2546 erat
1212 2475 1472 2563 junior,
1527 2476 1875 2557 AedesiuS,
1942 2501 1980 2545 a
2016 2489 2113 2547 ter
2159 2477 2600 2547 Frumentius
2652 2497 2758 2547 vo·

231 2564 540 2633 cabatur.
585 2564 805 2654 Igitur
853 2564 1138 2655 pervisis
1185 2578 1251 2634 et
1298 2565 1365 2633 in
1420 2565 1728 2635 notitiam
1777 2567 1997 2667 captis
2031 2566 2141 2636 his
2187 2566 2444 2654 quibus
2480 2566 2760 2635 animus

233 2652 663 2742 pascebatur,
717 2674 877 2721 cum
916 2652 1365 2744 philosophus
1415 2655 1635 2724 redire
1682 2660 2040 2744 coepisset,
2094 2677 2272 2742 aqua
2324 2654 2421 2723 vel
2471 2667 2763 2723 caetero·

232 2763 388 2811 rum
429 2742 967 2811 necessariorum
1018 2765 1226 2814 causa
1261 2740 1357 2812 ad'
1399 2756 1668 2845 portum
1711 2743 2080 2830 quemdam
2119 2744 2336 2823 navis,
2380 2765 2515 2830 qua
2560 2742 2760 2811 vehe-

232 2832 458 2911 batur,
513 2830 871 2921 applicuit.
925 2833 1128 2902 Moris
1172 2844 1276 2901 est
1324 2833 1494 2902 in1bi
1545 2832 2035 2911 barbarorum,
2083 2845 2156 2902 ut
2203 2832 2263 2900 si
2307 2830 2585 2917 quando
2624 2829 2761 2901 foe-

230 2919 363 2990 dus
426 2919 557 2989 sibi
606 2942 766 2990 cum
816 2921 1144 2991 Romanis
1206 2922 1550 2991 turbatum
1619 2921 1881 2990 vicinae
1942 2920 2406 2990 nuntiaverint
2468 2933 2704 3010 gentes
2740 2975 2755 2998 ,

229 3029 471 3077 omnes
517 3010 636 3096 qui
676 3009 860 3099 apud
912 3032 1027 3080 eos
1066 3033 1145 3079 ex
1180 3011 1506 3080 Romanis
1552 3009 1811 3078 inventi
1853 3008 2128 3088 fuerint,
2166 3008 2603 3098 jugulentur.
2644 3013 2759 3077 In-

231 3095 505 3167 vaditur
554 3099 748 3167 navis
803 3098 1220 3189 philosophi,
1275 3099 1503 3168 cuncti
1573 3120 1735 3167 cum
1786 3098 1937 3187 ipso
1988 3098 2244 3188 pariter
2297 3098 2755 3187 perimuntur.

231 3186 510 3255 Pueruli
561 3188 806 3275 reperti
855 3188 986 3257 sub
1020 3188 1261 3257 arbore
1303 3187 1730 3266 meditantes,
1768 3198 1834 3255 et
1864 3186 2190 3256 lectiones
2219 3208 2381 3256 suas
2417 3199 2756 3275 paranteS‚

232 3275 683 3345 barbarorum
738 3276 1172 3345 miseratione
1219 3276 1466 3345 servati
1500 3274 1855 3345 ducuntur
1901 3274 1984 3343 ad
2039 3281 2316 3364 Regem.
2348 3280 2609 3344 Horum
2647 3273 2760 3344 ille

232 3360 552 3445 alterum,
602 3362 777 3433 idest
822 3364 1206 3444 Aedesium,
1262 3363 1393 3434 sibi
1451 3364 1858 3451 pincernam
1909 3362 2102 3445 fecit;
2159 3369 2525 3433 Frumento
2574 3385 2754 3445 vero,

232 3470 440 3536 quem
488 3452 687 3536 quasi
740 3453 1199 3540 perspicacem
1260 3451 1802 3541 deprehenderat
1848 3466 1913 3521 et
1972 3453 2411 3542 prudentem,
2467 3453 2760 3522 rationes

233 3560 399 3607 suas
448 3539 841 3626 scriniaque
871 3540 1254 3610 commisit:
1292 3562 1371 3611 ex
1409 3563 1547 3629 quo
1585 3554 1650 3612 et
1700 3541 1769 3610 in
1806 3542 2063 3612 honore
2104 3563 2357 3632 magno
2395 3541 2579 3631 apud
2631 3546 2759 3610 Re-

234 3647 390 3718 gem
443 3627 660 3696 habiti
693 3642 759 3697 et
791 3650 1044 3698 amore.
2123 3689 2136 3702 .

322 3718 357 3802 §
405 3720 496 3788 3.
549 3720 626 3785 At
665 3738 820 3786 vero
866 3717 1164 3786 moriens
1197 3723 1359 3798 Rex,
1405 3739 1684 3787 uxorem
1736 3740 1896 3788 cum
1942 3717 2228 3807 parvulo
2276 3718 2468 3808 regni
2519 3716 2761 3786 dereli-

231 3806 385 3891 quit
434 3805 838 3874 haeredem:
881 3806 1434 3877 adolescentibus
1473 3822 1727 3887 autem‚
1772 3805 1939 3893 quid
1991 3806 2237 3877 vellent
2286 3805 2535 3897 agendi
2576 3806 2763 3876 dedit

234 3893 522 3963 liberam
574 3893 991 3963 facultatem.
1045 3900 1228 3977 Quos
1280 3908 1503 3965 tamen
1555 3896 1817 3985 Regina
1865 3895 2272 3986 suppliciter
2306 3908 2557 3976 exorat,
2593 3907 2763 3963 tam-

230 4004 438 4068 quam
488 4005 663 4070 quae
714 3982 884 4052 nihil
914 3984 1190 4054 haberet
1241 3984 1307 4053 in
1360 3997 1496 4054 toto
1530 4007 1740 4075 regno
1773 3983 2071 4066 fidelius,
2110 3998 2187 4054 ut
2218 4007 2474 4064 secum,
2508 4004 2760 4070 usque-

233 4092 369 4157 quo
408 4070 824 4142 adolesceret
887 4071 1115 4153 filius,
1190 4073 1470 4164 regendi
1533 4072 1727 4159 regni
1794 4072 2257 4142 sollicitudine
2306 4075 2755 4164 partirentur,

234 4172 300 4227 et
330 4160 696 4249 praecipue
743 4162 1241 4242 Frumentium,
1293 4162 1500 4249 cujus
1551 4161 1916 4252 prudentia
1948 4162 2030 4229 ad
2070 4161 2564 4231 moderandum
2617 4160 2761 4230 suf-

234 4246 465 4320 ficeret
523 4272 849 4341 regnum:
919 4272 1074 4319 nam
1140 4250 1320 4321 alius
1383 4250 1590 4321 fidem
1661 4272 1904 4341 puram
1973 4263 2037 4320 et
2098 4250 2397 4321 sobriam
2464 4261 2757 4320 mentem

287 4413 314 4441 ¹·
343 4413 437 4454 Sub
455 4415 616 4456 Indiae
633 4425 817 4461 nomen,
833 4414 884 4454 Iu
904 4402 1088 4454 Ruffluo
1107 4413 1306 4463 »liteque
1322 4415 1560 4455 veteribus
1579 4412 1905 4463 scriptoribus.
1921 4415 2054 4455 venit
2066 4415 2114 4454 et
2133 4410 2389 4462 Aethiopis.
2403 4422 2488 4453 neu
2507 4410 2758 4465 Abytaet'nia.

290 4467 345 4495 *2
373 4468 611 4517 meropius
632 4469 720 4509 hoe
740 4467 832 4509 iter
851 4467 1112 4517 susceptam
1136 4467 1325 4507 videtur
1345 4478 1465 4508 auno
1485 4469 1576 4509 ³16.
1596 4468 1798 4508 Consule
1817 4466 1939 4515 Papi.
