3347 4999
253 346 425 411 OCT.
478 346 549 409 2¹
1099 364 1175 408 nr.
1225 364 1280 408 s.
1328 362 1668 409 mmmoxs
1717 364 1962 410 Annam
2586 350 2714 413 6¹7

253 449 734 535 frequentiam,
773 460 837 517 ct
869 446 1370 538 discipulorum
1410 469 1694 516 suorum
1724 449 2250 518 contubernium
2288 450 2580 541 fugienS,
2613 473 2802 520 corn-

259 550 563 607 moratus
599 551 723 606 est.
777 542 1022 606 Verum
1061 536 1188 604 hae
1219 536 1287 604 in
1326 537 1473 605 vivo
1507 537 1771 605 excisae
1806 558 1988 619 saxo,
2034 539 2200 608 ostia
2255 550 2517 608 tantum
2568 540 2800 611 addita

254 626 623 696 habebant.
679 632 1043 713 Postquam
1089 637 1315 694 autem
1351 624 1433 694 ad
1490 624 1840 694 hortulum
1883 640 2238 697 venerant:
2294 651 2328 693 «
2367 628 2642 710 Videtis,
2699 630 2802 698 in-

252 716 401 803 quit
450 720 663 795 Isaac,
716 714 844 783 hoc
945 715 1285 783 omarium
1339 714 1733 784 arbusculis
1790 716 2168 795 consitum,
2223 728 2287 785 et
2348 716 2652 787 oleribus
2705 719 2803 787 vi-

255 808 657 873 rensiAntc
707 803 834 872 hoc
918 824 1103 872 erme
1162 804 1530 872 triennium
1584 825 1743 872 cum
1795 826 2209 895 onagrorum
2263 827 2425 896 grex
2485 818 2794 890 vastaret,

252 915 470 962 unum
515 914 550 960 e
585 892 989 961 ductoribus
1036 913 1273 960 eorum
1315 903 1490 961 stare
1512 891 1747 979 jussit,
1798 893 2180 980 baculoque
2215 894 2514 963 tundens
2548 894 2790 963 latera:

255 986 499 1064 Quare,
554 982 803 1067 inquit,
859 980 1238 1061 comeditiS,
1283 981 1464 1067 quod
1523 1002 1653 1049 non
1701 982 2136 1051 seminastis?
2169 986 2243 1050 Et
2290 984 2553 1062 exinde,
2607 1005 2799 1053 exce-

308 1071 394 1140 tis
442 1071 666 1157 aquiS,
721 1070 803 1139 ad
840 1091 1014 1156 quas
1057 1069 1391 1159 potandas
1438 1070 1899 1151 ventitabant,
1955 1093 2311 1158 nunquam
2362 1094 2477 1141 eos
2518 1093 2642 1141 nec
2691 1095 2798 1141 ar-

251 1093 665 1237 busculam,
721 1181 841 1228 nec
899 1158 1080 1227 olera
1154 1158 1617 1249 contigisse.»
1671 1164 2016 1230 Praeterea
2089 1161 2370 1250 rogabat
2428 1183 2667 1241 senex,
2724 1174 2799 1231 ut

259 1249 392 1318 sibi
427 1249 651 1317 locum
694 1247 941 1316 tumuli
977 1247 1127 1336 ejus
1159 1249 1613 1317 ostenderent.
1661 1249 1789 1329 Qui
1833 1271 1988 1317 cum
2024 1270 2332 1318 seorsum
2376 1271 2533 1319 eum
2575 1249 2799 1319 abdu-

254 1338 536 1417 xissent,
588 1349 817 1406 utrum
875 1337 1421 1416 monstraverint,
1493 1358 1737 1419 necne,
1786 1337 2174 1427 ignoratur:
2237 1360 2515 1408 causam
2569 1338 2797 1408 occul-

258 1426 475 1505 tandi,
512 1426 705 1513 juxta
745 1439 1179 1514 praeceptum
1233 1426 1526 1505 Antonii,
1582 1426 1793 1494 fuisse
1829 1426 2213 1507 referenteS,
2255 1450 2338 1495 ne
2372 1427 2791 1517 Pergamus,

253 1515 370 1602 qui
426 1517 490 1582 in
547 1513 684 1585 illis
722 1514 886 1582 locis
935 1514 1320 1584 ditissimus
1375 1526 1541 1594 erat,
1596 1514 1865 1584 sublato
1914 1515 1996 1583 ad
2055 1515 2284 1583 villam
2331 1538 2526 1585 suam
2580 1517 2800 1585 sancti

256 1626 563 1693 corpore,
612 1602 1021 1691 martyrium
1075 1602 1546 1672 fabricaretur.

344 1695 380 1779 ξ
433 1697 591 1763 ²2.
647 1692 865 1782 Igitur
908 1713 1218 1761 reversus
1269 1692 1353 1760 ad
1404 1692 1850 1781 Aphroditon,
1906 1692 2178 1761 duobus
2229 1714 2462 1762 secum
2530 1705 2796 1762 tanturn

262 1782 541 1851 retentis
589 1780 940 1860 fratribus,
988 1780 1055 1848 in
1109 1779 1331 1849 vicina
1363 1784 1590 1849 eremo
1643 1794 1947 1850 moratus
1981 1794 2104 1862 est,
2152 1784 2336 1850 tanta
2385 1781 2797 1851 abstinentia

254 1884 314 1940 et
367 1869 661 1951 silentio,
713 1883 786 1938 ut
835 1883 995 1937 tunc
1052 1869 1352 1960 primum
1421 1892 1492 1939 se
1540 1870 1847 1959 coepisse
1889 1871 2151 1940 Christo
2203 1871 2452 1939 servire
2515 1870 2791 1939 diceret.

255 1965 463 2028 Porro
486 1959 630 2047 jam
688 1958 1056 2026 triennium
1110 1970 1276 2038 erat,
1321 1958 1501 2044 quod
1555 1959 1872 2027 clausum
1908 1959 2170 2028 coelum
2211 1968 2424 2027 terras
2456 1958 2607 2028 illas
2649 1981 2798 2029 are-

257 2048 530 2124 fecerat,
586 2060 661 2116 ut
711 2046 915 2134 vulgo
981 2045 1328 2127 dicerent,
1398 2049 1668 2115 Antonii
1723 2062 2004 2116 mortem
2057 2048 2257 2115 etiam
2309 2048 2641 2117 elementa
2697 2049 2798 2117 lu-

262 2139 445 2226 gere.
485 2141 624 2205 Non
683 2135 882 2203 latuit
931 2133 1106 2204 fama
1173 2135 1546 2205 Hilarionis
1605 2136 1873 2205 accolas
1935 2157 2208 2222 quoque
2275 2135 2461 2206 illius
2504 2137 2680 2218 loci,
2734 2149 2799 2207 et

262 2227 569 2294 certatim
626 2223 842 2291 virilis
890 2245 967 2290 ac
1006 2224 1363 2293 muliebris
1412 2246 1636 2304 sexus,
1678 2246 1793 2292 ora
1847 2224 2079 2306 luridi,
2116 2237 2178 2293 et
2222 2226 2550 2295 attenuati
2590 2225 2792 2307 fame,

265 2312 535 2403 pluvias
577 2335 609 2381 a
655 2334 847 2382 servo
880 2312 1149 2392 Christi,
1191 2312 1256 2381 id
1306 2327 1427 2393 est,
1474 2336 1508 2381 a
1563 2313 1740 2382 beati
1790 2314 2059 2382 Antonii
2108 2335 2522 2395 successore,
2561 2314 2643 2383 de
2701 2337 2799 2384 re·

261 2403 622 2471 cabantur.
668 2407 849 2483 Quos
898 2399 1012 2470 ille
1061 2423 1371 2482 cernenS,
1414 2403 1582 2470 mire
1631 2402 1895 2471 doluit:
1946 2401 2358 2488 elevatisque
2409 2404 2476 2472 in
2527 2426 2643 2473 coe
2678 2424 2794 2473 um

259 2491 505 2573 oculiS,
559 2504 622 2560 et
669 2504 998 2577 utrasque
1035 2489 1100 2559 in
1139 2489 1436 2560 sublime
1461 2492 1731 2582 erigens
1770 2491 2055 2582 palma5‚
2111 2491 2333 2562 statim
2386 2492 2791 2584 impetravit,

259 2581 440 2667 quod
498 2592 872 2670 rogaverat.
919 2585 1082 2648 Ecce
1132 2592 1357 2650 autem
1397 2581 1656 2662 sitiens,
1699 2602 2120 2669 arenosaque
2167 2582 2375 2671 regi0,
2436 2595 2793 2671 postquam

262 2670 520 2760 pluviis
548 2670 825 2759 irrigata
863 2681 985 2748 est,
1031 2681 1281 2738 tantam
1327 2691 1435 2737 ser
1486 2682 1721 2741 entum
1758 2682 1819 2738 et
1853 2683 2338 2739 venenatorum
2380 2671 2790 2739 animalium

259 2759 720 2848 eximproviso
768 2757 1079 2827 ebullivit
1143 2757 1417 2826 multitu
1476 2760 1684 2838 inem,
1732 2772 1808 2827 ut
1858 2759 2163 2848 percussi
2220 2757 2785 2838 innumerabile5‚

255 2847 390 2915 nisi
440 2846 521 2915 ad
594 2846 1013 2915 Hilarionem
1077 2847 1625 2927 concurrissent,
1690 2847 1915 2918 statim
1989 2846 2364 2916 interirent.
2433 2846 2793 2916 Benedicto

253 2937 487 3023 itaque
537 2936 684 3004 oleo
735 2936 1033 3004 universi
1077 2935 1415 3026 agricolae
1463 2949 1666 3023 atque
1716 2949 2015 3025 pastores
2065 2948 2418 3026 tangentes
2479 2935 2787 3015 vulnera,

252 3040 503 3094 certam
559 3024 848 3093 salutem
904 3025 1361 3094 resumebant.
1489 3107 1492 3110 ¹

341 3115 378 3201 ξ
421 3115 577 3184 928.
631 3113 881 3186 videns
929 3114 1131 3182 etiam
1179 3114 1267 3182 ibi
1306 3134 1376 3182 se
1427 3113 1622 3181 miris
1652 3112 2036 3183 honoribus
2072 3111 2277 3193 affici,
2325 3112 2619 3201 perrexit
2650 3110 2796 3181 Ale-

253 3201 639 3282 xandriam,
690 3201 846 3269 inde.
878 3202 958 3270 ad
1001 3202 1389 3271 ulteriorem
1435 3202 1661 3270 Oasim
1702 3204 2006 3270 eremum
2045 3202 2481 3273 transiturus.
2522 3205 2597 3269 Et
2628 3201 2793 3287 quia

254 3311 638 3376 nunquam,
677 3311 756 3358 ex
790 3312 926 3375 quo
967 3303 1280 3379 coeperat
1311 3312 1459 3360 esse
1518 3290 1923 3369 monachuS,
1971 3289 2037 3357 in
2088 3289 2383 3359 urbibus
2423 3297 2787 3367 manserat,

251 3378 522 3448 divertit
570 3377 652 3446 ad
704 3378 1038 3464 quosdam
1091 3379 1331 3447 fratres
1400 3378 1530 3446 sibi
1585 3390 1778 3447 notos
1844 3378 1911 3445 in
1962 3379 2193 3448 Brutio
2227 3434 2241 3460 ,
2295 3378 2477 3447 haud
2549 3376 2790 3469 procul

253 3467 341 3537 ab
391 3465 831 3535 Alexandria:
870 3467 987 3553 qui
1039 3489 1196 3535 cum
1233 3466 1407 3535 miro
1440 3466 1692 3556 gaudio
1742 3467 2204 3557 suscepissent
2245 3488 2503 3548 senem,
2557 3468 2789 3553 etjam

252 3555 479 3625 vicina
511 3576 637 3622 nox
672 3565 869 3634 esset,
903 3567 1175 3644 repente
1214 3554 1509 3624 audiunt
1546 3554 1926 3645 discipulos
1964 3556 2114 3645 ejus
2148 3557 2422 3626 asinum
2462 3569 2788 3635 sternere,

254 3643 593 3730 illumque
644 3664 883 3732 parare
921 3644 1286 3733 proficisci.
1334 3648 1568 3730 Itaque
1617 3642 1916 3714 advoluti
1953 3645 2245 3734 pedibus
2298 3644 2650 3734 rogabant,
2709 3665 2794 3712 ne

257 3733 389 3802 hoc
440 3731 717 3801 faceret:
765 3744 829 3800 et
868 3744 1024 3800 ante
1075 3731 1278 3801 limen
1337 3733 1677 3822 prostrati,
1728 3732 1933 3802 citius
1982 3755 2053 3802 se
2092 3733 2288 3812 mori,
2342 3755 2547 3820 quarn
2606 3744 2795 3801 tanto

252 3822 487 3892 carere
528 3821 815 3911 hospite,
864 3821 1307 3891 testabantur.
1347 3821 1612 3904 Quibus
1648 3821 1762 3890 ille
1798 3821 2186 3910 respondit:
2234 3853 2254 3880 n
2304 3821 2564 3890 Idcirco
2605 3820 2795 3901 abire

251 3908 521 3991 festino,
568 3930 650 3978 ne
683 3909 873 3980 vobis
903 3909 1282 3980 molestiam
1318 3930 1659 4001 generem.
1702 3915 1887 3980 Certe
1920 3932 1998 3980 ex
2037 3910 2525 4000 posterioribus
2553 3931 2798 4000 cogno·

255 4000 479 4078 scetis,
541 4019 670 4068 non
724 3997 872 4068 sine
913 4020 1122 4068 causa
1180 4017 1285 4067 me
1344 3999 1572 4068 subito
1620 3998 2038 4070 ambulasse.
2079 4022 2115 4066 »
2165 4000 2385 4090 Igitur
2422 3997 2634 4068 altera
2682 3997 2794 4067 die

252 4090 586 4157 Gazenses
634 4109 794 4156 cum
833 4086 1189 4157 lictoribus
1230 4086 1511 4177 profecti
1543 4087 1735 4176 (nam
1843 4088 2012 4156 ridie
2044 4109 2199 4156 eum
2242 4086 2507 4158 venisse
2539 4108 2794 4179 cogno-

252 4177 541 4264 verant),
602 4176 934 4246 intrantes
971 4177 1491 4257 monastcrium,
1544 4198 1702 4244 cum
1747 4175 1943 4246 ilum
2000 4177 2287 4245 minime
2340 4177 2783 4258 invenissent,

255 4262 544 4333 invicem
585 4264 1080 4352 loquebantur:
1121 4287 1157 4330 «
1188 4269 1422 4335 Nonne
1458 4286 1613 4334 vera
1646 4278 1831 4346 sunt,
1872 4287 2046 4352 quae
2077 4264 2529 4335 audivimus?
2557 4268 2793 4355 Magus

255 4363 379 4429 est,
432 4368 494 4421 et
541 4352 769 4424 sutura
818 4354 1240 4444 cognoscit.»
1295 4352 1465 4423 Urbs
1496 4354 1680 4422 enirn
1735 4358 1930 4433 Gaza,
1973 4365 2332 4444 postquam
2375 4352 2667 4442 profecto
2712 4352 2797 4422 de

256 4439 639 4512 Palaestina
685 4443 1061 4525 Hilarione,
1098 4441 1421 4513 Julianus
1453 4442 1517 4511 in
1557 4442 1934 4533 Imperium
1971 4454 2413 4524 successerat,
2451 4441 2795 4514 destructo
