3347 4999
210 270 414 336 OCT.
472 271 553 335 tlt)
1017 289 1094 336 oe
1140 286 1194 335 s.
1251 289 1521 337 nmmo
1569 290 1767 339 muse.
1821 292 2003 339 enon.
2563 276 2691 341 327

213 372 764 463 intelligentiam
816 384 1089 442 tuarum
1140 373 1697 444 adhortationum
1765 374 2305 463 frequentatione
2345 379 2775 449 succendat:

212 476 311 531 ut
365 460 661 551 profecto
695 483 929 530 sacrae
978 462 1369 552 Scripturae
1417 463 1885 532 testimonium
1928 486 2046 554 per
2094 477 2155 533 te
2189 464 2530 553 expletum
2570 467 2780 537 indu-

209 551 532 620 bitanter
584 549 999 639 perclareat:
1050 554 1445 621 Salvabitur
1474 554 1583 620 vir
1629 554 1921 653 infidelis
1963 576 2087 643 per
2124 556 2478 625 mulierem
2514 556 2782 644 fidelem

203 639 318 727 (Ι.
365 644 511 711 Cor.
551 638 692 729 vn).
737 638 831 708 Ad
877 639 1002 709 hoc
1051 641 1234 709 enim
1279 640 1826 710 misericordiam
1880 641 2273 710 Dominicae
2373 643 2591 713 ietatis
2619 667 2784 715 con-

207 734 476 798 'secuta
518 749 614 808 eS,
670 742 748 796 ut
796 727 1094 797 fructum
1149 727 1310 797 fidei
1357 727 1916 816 creditorumque
1959 729 2079 799 tibi
2128 730 2300 800 bene
2356 732 2649 813 ciorum,
2691 756 2789 804 re·

210 817 580 908 demptori
633 829 749 886 tuo
800 816 1253 906 multiplicem
1293 820 1705 908 resignares.
1742 817 1932 901 Quod
1969 817 2315 906 equidem,
2364 820 2783 911 suffragante

209 905 585 998 praesidio
626 904 1073 1063 benignitatis
1123 906 1369 997 ἱρείης,
1422 923 1499 977 ut
1546 908 1819 997 explere
1852 906 2102 989 valeaS‚
2157 906 2459 979 assiduis
2491 929 2625 977 non
2662 909 2783 980 de-

208 996 552 1065 sistimus
605 994 786 1084 preci
842 1017 925 1064 us
977 995 1346 1085 postulare.
1402 996 1521 1065 His
1571 1018 1735 1086 ergo
1784 996 2209 1087 praemissis,
2247 1010 2568 1084 paternae
2590 999 2781 1069 vobis

205 1083 628 1154 dilectionis
667 1083 1065 1153 exhibentes
1112 1084 1361 1166 officia,
1407 1085 1789 1165 hortamur,
1826 1099 1900 1154 ut
1952 1107 2075 1153 nos
2103 1086 2400 1186 (reperta
2433 1086 2783 1175 portitoris

205 1172 624 1256 occasione)
673 1171 758 1240 de
805 1171 915 1242 his
963 1194 1139 1260 quae
1191 1196 1309 1263 per
1358 1178 1823 1264 vos'superna
1860 1174 2161 1263 potentia
2212 1196 2278 1242 in
2335 1175 2779 1246 conversione

202 1261 556 1351 conjugis
621 1261 846 1341 vestri,
902 1263 1454 1349 summissaeque
1503 1262 1698 1333 vobis
1746 1263 1971 1353 gentis
2018 1262 2300 1353 dignata
2368 1262 2572 1333 fuerit
2627 1286 2777 1355 ope·

208 1352 403 1432 rari,
460 1371 748 1440 propere
798 1350 1139 1421 reveletis:
1192 1366 1536 1438 quatenus
1584 1351 1978 1421 sollicitudo
2029 1364 2281 1431 nostra,
2336 1373 2514 1438 quae
2547 1351 2632 1422 de
2667 1376 2780 1423 ve-

207 1455 370 1511 stra
423 1453 942 1526 vestrorumque
988 1441 1300 1509 omnium
1345 1440 1617 1510 animae
1666 1439 1887 1509 salute
1934 1462 1975 1509 o
2032 1440 2265 1509 tabilia
2313 1440 2781 1511 desideranter

200 1539 602 1619 exspectat,
658 1527 850 1596 vobis
898 1529 1492 1598 annunciantibus
1535 1529 1910 1598 relevetur:
1957 1461 2623 1616 illustrationemque
2672 1529 2781 1599 di-

202 1619 438 1687 vinae
485 1616 993 1706 propitiationis
1049 1617 1115 1686 in
1169 1618 1360 1687 vobis
1407 1617 1732 1688 diffusam
1790 1616 2188 1707 opulentius
2235 1630 2725 1709 cognoscentes
2760 1674 2775 1700 ,

204 1706 444 1778 hilari
492 1704 920 1774 confessione
969 1705 1275 1798 largitori
1321 1707 1633 1776 omnium
1688 1706 2024 1775 bonorum
2065 1711 2221 1785 Deo,
2261 1720 2327 1776 et
2356 1707 2553 1776 beato
2588 1712 2781 1778 Petro

207 1792 710 1887 Apostolorum
769 1794 1063 1885 principi
1129 1795 1374 1865 uberes
1426 1795 1665 1864 merito
1733 1795 1989 1895 gratias
2052 1794 2511 1865 exsolvamus„
2579 1800 2779 1866 Prae-

212 1900 418 1957 terea
483 1880 1024 1952 benedictionem
1093 1883 1507 1975 protectoris⁴
1564 1895 1768 1952 vestri
1826 1883 2001 1952 beati
2055 1883 2231 1953 Petri
2300 1883 2776 1973 Apostolorum

214 1972 582 2068 principis
631 1970 823 2041 vobis
871 1971 1297 2055 direximus,
1351 1971 1416 2040 id
1467 1986 1591 2052 est,
1646 1972 2007 2062 speculum
2071 1986 2498 2063 argenteum,
2554 1985 2619 2042 et
2667 1994 2781 2064 pe-

214 2064 491 2133 ctinem
543 2059 925 2129 eburneum
978 2061 1402 2132 inauratum.
1478 2060 1668 2143 Quod
1724 2060 2023 2151 petimus
2068 2073 2146 2129 ut
2193 2082 2270 2129 eo
2334 2061 2778 2151 benignitatis

214 2152 474 2222 animo
522 2148 735 2238 gloria
782 2163 998 2218 vestra
1050 2150 1405 2239 suscipiat,
1462 2171 1599 2236 quo
1645 2171 1681 2218 a
1734 2149 1937 2218 nobis
1985 2149 2292 2219 noscitur
2334 2150 2778 2220 destinatum.

321 2248 363 2321 5
418 2241 500 2308 S.
536 2242 715 2311 Haec
742 2238 1018 2323 quidem
1057 2253 1477 2308 memoratus
1510 2243 1693 2339 Papa
1728 2236 2117 2307 Bonifacius
2150 2237 2233 2307 de
2269 2238 2473 2328 Regis
2499 2237 2774 2321 Eduini,

213 2353 305 2400 ac
413 2326 592 2395 entis
628 2324 847 2414 ipsius
896 2325 1116 2397 salute
1164 2327 1522 2406 sollicitus,
1579 2327 1820 2396 litteris
1868 2326 2135 2416 agebat.
2173 2326 2294 2396 Sed
2329 2340 2394 2396 et
2424 2327 2780 2396 oraculum

217 2439 354 2488 coe
390 2427 556 2493 este,
608 2414 789 2502 quod
843 2414 944 2483 illi
995 2416 1343 2503 quondam
1406 2415 1748 2486 exsulanti
1810 2414 1990 2505 apud
2044 2414 2477 2485 Redualdum
2529 2421 2779 2508 Regem

213 2503 661 2596 Anglorum,
719 2504 936 2594 pietas
999 2505 1231 2574 divina
1284 2505 1579 2574 revelare
1626 2505 1906 2595 dignata
1941 2515 2064 2585 est,
2121 2526 2254 2573 non
2289 2505 2657 2575 minimum
2692 2505 2778 2576 ad

220 2592 689 2681 suscipienda
730 2591 830 2661 vel
873 2592 1315 2685 intelligenda
1370 2594 1724 2663 doctrinae
1773 2594 2031 2664 monita
2080 2592 2403 2663 salutaris
2434 2647 2449 2675 ,
2501 2613 2782 2663 sensum

205 2683 410 2776 juvit
464 2680 674 2750 illius.
731 2685 895 2750 Cum
938 2704 1099 2772 ergo
1147 2682 1403 2752 videret
1451 2683 1783 2752 Paulinus
1822 2681 2192 2772 difficulter
2226 2704 2425 2773 posse
2465 2682 2783 2774 sublimi-

218 2786 444 2843 tatem
498 2770 714 2838 animi
758 2770 1007 2861 regalis
1052 2771 1135 2841 ad
1187 2771 1645 2841 humilitatem
1686 2772 1831 2841 viae
1894 2771 2240 2851 salutariS,
2278 2785 2344 2841 et
2391 2770 2784 2860 suscipien-

221 2863 403 2932 dum
471 2859 874 2948 mysterium
930 2858 1235 2930 vivificae
1297 2861 1532 2930 Crucis
1581 2860 1946 2940 inclinari,
1993 2882 2071 2929 ac
2137 2881 2260 2949 pro
2323 2858 2545 2929 salute
2593 2860 2785 2930 illius

219 2947 447 3021 simul
485 2961 549 3017 et
583 2949 831 3037 gentis,
875 2949 989 3018 cui
1040 2962 1372 3039 praeerat,
1418 2963 1480 3018 et
1530 2951 1736 3019 verbo
1768 2949 2256 3018 exhortationis
2317 2948 2502 3038 apud
2557 2948 2785 3017 homi-

222 3062 379 3120 nes,
439 3050 502 3105 et
551 3036 736 3126 apud
787 3038 1091 3107 divinam
1180 3038 1446 3107 ietatem
1502 3038 1704 3107 verbo
1752 3037 2256 3128 deprecationis
2307 3049 2577 3127 ageret,
2633 3048 2784 3105 tan-

144 3187 150 3192 .
221 3129 436 3208 dem,
492 3138 567 3194 ut
613 3126 986 3196 verisimile
1032 3126 1094 3195 vi
1148 3139 1345 3208 etur,
1399 3127 1643 3196 didicit
1701 3127 1768 3194 in
1821 3125 2116 3215 spiritu,
2184 3125 2365 3212 quod
2419 3125 2517 3194 vel
2570 3124 2774 3212 quale

222 3229 413 3288 esset
470 3214 830 3284 oraculum
906 3215 1073 3306 Regi
1137 3215 1485 3303 quondam
1560 3214 1847 3284 coelitus
1913 3226 2292 3283 ostensum.
2344 3219 2475 3284 Nec
2536 3213 2783 3284 exinde

224 3303 532 3382 distulit,
585 3303 753 3390 quin
795 3305 1124 3373 continuo
1184 3310 1432 3395 Regem
1475 3303 1906 3383 admoneret,
1961 3301 2230 3393 explere
2279 3315 2536 3383 votum,
2592 3302 2779 3390 quod

225 3396 301 3464 in
354 3392 641 3463 oraculo
690 3392 824 3462 sibi
871 3393 1171 3463 exhibito
1219 3414 1292 3463 se
1339 3392 1680 3462 facturum
1727 3391 2156 3480 promiserat,
2202 3391 2259 3460 si
2310 3391 2638 3482 temporis
2694 3391 2780 3460 il-

227 3485 370 3554 lius
406 3481 765 3551 aerumnis
809 3494 1189 3570 exemptuS,
1246 3481 1331 3551 ad
1374 3480 1569 3572 regni
1597 3479 1873 3571 fastigia
1905 3479 2310 3570 perveniret.
2356 3485 2511 3550 Erat
2546 3492 2776 3551 autem

225 3570 595 3642 oraculum
633 3569 1060 3659 hujusmodi.
1343 3641 1356 3652 ,

365 3662 404 3748 ξ
455 3663 550 3730 9.
625 3662 817 3738 Cum,
877 3669 1328 3749 persequente
1402 3657 1600 3727 illum
1653 3656 2031 3738 Edelfrido,
2084 3657 2203 3745 qui
2253 3669 2409 3727 ante
2464 3677 2623 3726 eum
2674 3677 2781 3727 re-

232 3747 521 3839 gnavit,
592 3768 714 3837 per
759 3745 1029 3817 diversa
1101 3747 1414 3817 occultus
1484 3745 1634 3816 loca
1683 3745 1785 3815 vel
1836 3767 2082 3838 regna,
2150 3746 2367 3816 multo
2435 3766 2779 3815 annorum

229 3852 540 3926 tempore
583 3835 918 3926 profugus
954 3850 1335 3927 vagaretur,
1377 3834 1649 3905 tandem
1684 3835 1864 3904 venit
1897 3834 1981 3904 ad
2028 3839 2278 3926 Regem
2313 3834 2776 3915 Redualdum,

229 3925 607 3995 obsecrans
671 3936 748 3993 ut
797 3924 1001 3993 vitam
1055 3946 1252 3994 suam
1303 3947 1346 3994 a
1406 3926 1572 3993 tanti
1635 3925 2092 4014 persecutoris
2156 3922 2433 3992 insidiis
2495 3921 2781 3992 tutando

237 4028 560 4099 servaret.
600 4014 729 4097 Qui
778 4012 1070 4082 libenter
1115 4034 1273 4082 eum
1325 4012 1739 4099 suscipiens,
1781 4012 2099 4104 promisit
2131 4033 2224 4093 se,
2261 4033 2437 4099 quae
2489 4012 2778 4102 petebat,

233 4122 388 4171 esse
437 4101 810 4173 facturum.
863 4106 939 4171 At
982 4114 1341 4191 postquam
1378 4100 1771 4171 Edelfridus
1809 4101 1878 4169 in
1918 4100 2046 4170 hac
2070 4120 2228 4170 eum
2281 4100 2631 4190 provincia
2666 4123 2787 4191 ap-

241 4190 581 4276 paruisse,
634 4203 699 4260 et
746 4190 929 4281 apud
983 4195 1233 4280 Regem
1286 4189 1478 4259 illius
1526 4188 1958 4259 familiariter
2003 4210 2163 4259 cum
2220 4190 2426 4261 sociis
2472 4189 2786 4260 habitare

240 4279 581 4365 cognovit,
648 4280 834 4349 misit
885 4280 1217 4359 nuncios,
1268 4280 1389 4367 qui
1472 4277 1827 4349 Redualdo
1879 4278 2245 4379 pecuniam
2300 4277 2589 4348 multam
2664 4299 2786 4367 pro

242 4383 408 4432 nece
453 4366 601 4455 ejus
648 4369 1014 4439 offerrent:
1071 4390 1293 4456 neque
1331 4367 1594 4456 aliquid
1649 4366 1954 4458 profecit.
2010 4367 2190 4438 Misit
2239 4368 2566 4449 secundo,
2600 4367 2788 4437 misit
