3347 4999
643 321 765 385 564
2766 310 2936 376 OCT.
2993 311 3077 376 ⁴9

787 522 1008 618 VlTA
1083 522 1160 619 S.
1238 517 1687 627 AQUlLlNl
1782 518 2090 617 EPlSC.
2170 514 2844 617 EBROICENSIS

1417 758 1672 805 SCRIPTA
1720 760 1802 803 An
1848 750 2212 805 AUDOENUM.

554 862 662 911 EST
709 862 999 911 HISTORIA
1048 861 1310 920 GRAVlS,
1366 863 1477 909 SED
1526 858 1780 907 CODICES
1829 860 1966 907 MSS.
2020 859 2228 907 NOMEN
2279 858 2584 906 AUCTORIS
2630 857 2756 907 NON
2804 857 3073 905 HABENT.

999 965 1236 1013 STYLUM
1285 966 1337 1010 L.
1396 964 1624 1011 SURlUS
1676 961 1900 1011 PASSm
1946 964 2250 1012 NONNmu.
2296 964 2623 1010 coanssxtr.

1210 1139 1472 1196 claruit:
1512 1153 1643 1196 aec.
1694 1140 1824 1194 VII
1851 1170 1924 1179 —
1965 1140 2122 1197 Nat.
2156 1139 2418 1195 Gallus.

1372 1340 1817 1406 PRAEFATIO
1866 1340 2261 1405 AUCTORIS

647 1490 719 1554 ln
755 1506 1035 1574 corpore
1084 1497 1352 1552 nostrae
1389 1480 1939 1571 congregationis
1991 1479 2271 1549 honesto
2318 1479 2511 1548 valde
2544 1492 2607 1547 et
2653 1477 2802 1546 utili
2866 1500 3082 1547 mem-

558 1573 681 1644 bro
745 1574 1025 1643 domino
1074 1572 1438 1652 Audoeno,
1503 1572 1677 1639 inter
1724 1582 2020 1638 caeteros
2085 1591 2253 1658 pene
2312 1567 2597 1636 ultimus
2650 1566 2876 1636 frater.
2930 1572 2998 1635 N.
3046 1567 3080 1597 ⁸

555 1662 882 1749 quicquid
935 1661 1121 1731 coelo
1156 1661 1443 1748 dignum
1481 1681 1672 1727 mens
1722 1680 1889 1727 sana
1927 1658 1991 1725 in
2032 1658 2314 1727 Domino
2363 1657 2759 1726 arbitratur.
2814 1656 2880 1724 Si
2921 1655 3081 1741 quis

561 1753 627 1820 in
669 1754 894 1820 ovium
939 1773 1142 1840 grege
1185 1750 1467 1839 positus,
1503 1748 1728 1816 lanam
1767 1770 1805 1815 a
1853 1746 2079 1836 capris
2116 1760 2316 1834 petat,
2358 1748 2414 1815 is
2454 1767 2616 1815 sane
2663 1758 2780 1812 aut
2818 1746 3087 1835 ignorat

558 1840 720 1927 quid
775 1839 1038 1919 habeat,
1093 1852 1209 1907 aut
1242 1838 1436 1907 alteri
1470 1837 1618 1927 ejus
1660 1836 1960 1925 inopiam
2018 1834 2343 1904 nescienti
2387 1833 2571 1902 illam
2637 1834 2919 1922 prodere
2967 1856 3086 1902 co-

561 1943 786 1998 natur.
841 1934 937 1997 Ita
979 1943 1089 1998 tua
1138 1927 1408 1995 dilectio
1439 1980 1453 2005 ,
1506 1925 1671 1993 dum
1743 1947 1845 1992 me
1890 1923 2197 2013 ad‘opus
2246 1923 2528 2002 invitat,
2595 1921 2778 2009 quod
2828 1921 3085 1989 virium

561 2039 866 2086 mearum
903 2017 1164 2087 excedit
1211 2015 1625 2092 facultatem,
1681 2026 1800 2081 aut
1849 2013 2061 2082 nescit
2110 2013 2283 2102 ipsa,
2339 2013 2407 2080 in
2460 2025 2717 2097 quanta
2766 2011 3087 2079 doctissi-

562 2128 830 2175 morum
872 2105 1229 2174 bominum
1267 2102 1644 2190 frequentia
1678 2115 2003 2181 versetur,
2051 2116 2168 2170 aut
2201 2100 2611 2190 imperitiam
2658 2121 2876 2168 meam
2911 2099 3088 2167 mihi

561 2195 647 2263 ob
681 2194 915 2263 oculos
958 2206 1251 2262 statuere
1301 2193 1465 2261 vult.
1517 2198 1722 2260 Porro
1770 2204 1995 2259 autem
2036 2212 2166 2259 non
2222 2191 2518 2280 ignoras,
2577 2210 2709 2257 non
2748 2210 2894 2257 esse
2935 2211 3087 2276 spe·

563 2284 816 2351 ciosam
873 2281 1142 2349 laudem
1197 2282 1308 2350 Dei
1346 2281 1411 2349 in
1450 2303 1567 2349 ore
1617 2280 2011 2368 peccatoriS,
2053 2292 2117 2348 et
2170 2301 2326 2348 eum
2368 2277 2488 2364 qui
2528 2276 2728 2346 solvit
2782 2290 2845 2346 et
2893 2276 3091 2345 docet

563 2393 781 2440 unum
832 2393 909 2438 ex
963 2369 1325 2450 mandatiS,
1382 2369 1448 2437 in
1493 2369 1829 2457 praesenti
1886 2367 2229 2436 coelorum
2291 2388 2500 2457 regno
2551 2366 2914 2434 minimum
2970 2388 3088 2434 vo-

561 2459 727 2541 cari,
780 2459 847 2527 in
901 2457 1129 2529 futuro
1169 2473 1394 2528 autem
1449 2456 1717 2527 nullum
1784 2479 2064 2547 prorsus
2128 2457 2353 2527 locum
2406 2454 2829 2524 habiturum.
2876 2454 3089 2544 Cujus

563 2549 745 2618 enim
787 2547 917 2616 vita
950 2548 1347 2636 despicitur,
1391 2547 1556 2633 quid
1610 2560 1836 2625 restat,
1895 2547 2025 2615 nisi
2078 2560 2151 2615 ut
2205 2559 2270 2614 et
2312 2544 2724 2634 praedicatio
2773 2544 2880 2613 hic
2920 2567 3091 2613 con-

564 2650 927 2717 temnatur‚
981 2651 1045 2706 et
1091 2635 1610 2725 praevaricatrix
1658 2635 2079 2705 conversatio
2150 2633 2287 2703 illic
2361 2635 2723 2723 puniatur,
2778 2632 2896 2700 ubi
2950 2653 3088 2700 non

562 2727 764 2797 arbor
808 2748 887 2794 ex
936 2725 1138 2807 foliis,
1180 2726 1293 2795 sed
1345 2747 1380 2793 e
1429 2724 1657 2795 fructu
1704 2725 2229 2792 aestimabitur?
2277 2723 2443 2791 lnde
2490 2722 2702 2822 igitur
2737 2721 2906 2789 mihi
2938 2722 3092 2790 ani—

563 2838 720 2884 mus
769 2815 1128 2903 quippiam
1179 2814 1610 2904 scriptitandi
1658 2813 1833 2881 desit
1873 2826 1936 2881 et
1982 2812 2231 2893 deficit,
2278 2812 2542 2880 etiamsi
2595 2810 2904 2880 videatur
2946 2815 3092 2880 'non

561 2904 796 2974 abesse
833 2903 1143 2984 facultas,
1201 2903 1380 2990 quod
1432 2904 1601 2972 dum
1671 2903 1850 2971 bona
1897 2901 2190 2970 aliorum
2259 2900 2652 2989 praedicare
2700 2899 2884 2980 vo10‚
2946 2921 3091 2969 me-

562 2991 790 3082 ipsum
828 3015 1100 3072 aecum,
1141 3005 1372 3081 utpote
1411 2991 1477 3060 in
1514 3013 1648 3077 quo
1693 2990 1860 3059 nibil
1899 2989 2392 3079 praedicandae
2428 2989 2695 3058 virtutis
2724 2987 3085 3077 reperiam.

563 3081 729 3152 Inde
774 3082 978 3150 etiam
1032 3081 1300 3169 ignavia
1349 3082 1683 3168 quaedam
1736 3080 2082 3166 subrepit,
2149 3082 2287 3166 qua
2339 3078 2498 3147 libet
2546 3078 2745 3147 silere
2810 3078 3087 3165 potiuS,

561 3192 768 3258 quam
804 3169 1064 3256 aliquid
1116 3171 1363 3251 dicere,
1417 3168 1599 3239 unde
1665 3189 1790 3259 ego
1842 3168 2025 3258 prior
2099 3167 2356 3258 pudore
2404 3164 2703 3246 afficiar,
2766 3166 2885 3252 qui
2935 3164 3094 3235 aliis

561 3261 740 3327 viam
776 3259 1130 3328 ostendere
1161 3260 1378 3328 nitor:
1417 3280 1542 3348 ego
1591 3258 1738 3347 ipse
1780 3257 1845 3325 in
1900 3257 2157 3326 foveam
2194 3255 2461 3337 cadam,
2492 3256 2611 3344 qui
2661 3253 2817 3325 aliis
2866 3253 3090 3322 lucer-

564 3369 723 3415 nam
766 3346 1108 3436 praefero:
1161 3370 1285 3438 ego
1335 3369 1645 3416 maneam
1702 3348 1766 3415 in
1820 3345 2143 3425 tenebris,
2202 3345 2510 3432 nihilque
2565 3345 2715 3434 ejus
2761 3342 3090 3412 claritatis

566 3437 634 3504 in
689 3456 796 3502 me
837 3435 1120 3517 liabenS,
1173 3436 1350 3506 ferar
1393 3458 1510 3526 per
1567 3435 1989 3525 praecipitia,
2044 3435 2210 3503 dum
2275 3433 2431 3504 aliis
2479 3433 2723 3503 ducem
2773 3432 3085 3502 exhibere

567 3545 676 3592 me
713 3523 884 3592 volo.
937 3528 1113 3593 Bene
1158 3525 1341 3594 enim
1384 3525 1633 3604 dicere,
1688 3538 1751 3594 et
1798 3524 2016 3592 vivere
2064 3545 2198 3592 non
2251 3523 2445 3604 bene,
2497 3522 2661 3609 quid
2727 3521 2912 3591 aliud
2961 3530 3084 3601 est,

564 3634 772 3698 quam
810 3634 935 3683 suo
984 3635 1055 3681 se
1113 3635 1276 3683 ense
1317 3613 1687 3702 jugulare?
1755 3618 1979 3702 Longe
2026 3635 2187 3702 ergo
2246 3611 2729 3702 praestabilius
2777 3610 2949 3679 mihi
2994 3621 3096 3679 est

564 3701 743 3770 intra
784 3700 1132 3772 silentium
1191 3724 1296 3772 me
1346 3715 1593 3782 tenere,
1653 3715 1719 3770 et
1760 3702 1826 3771 in
1881 3725 2029 3771 meo
2079 3701 2422 3792 tuguriolo
2490 3702 2820 3791 privatam
2872 3699 3098 3769 celare

567 3803 1063 3881 paupertatem,
1117 3813 1323 3878 quam
1373 3791 1512 3860 oris
1560 3805 1794 3881 aperto
1840 3792 2011 3862 ostio
2052 3791 2312 3860 alienas
2346 3789 2740 3882 praedicare
2788 3788 3089 3869 divitiaS‚

565 3893 632 3949 et
679 3881 1024 3970 propriam
1079 3880 1381 3970 inopiam
1433 3880 1768 3971 detegere,
1838 3880 2002 3948 dum
2053 3880 2315 3970 ingenii
2390 3880 2682 3948 tenuitas
2743 3877 2759 3945 i
2817 3899 2891 3947 so
2958 3899 3102 3948 ser-

565 3990 767 4068 mone
816 3969 1153 4059 proditur,
1206 3982 1271 4039 et
1319 3970 1491 4039 vitae
1528 3972 1696 4039 ratio
1744 3967 2230 4056 qualicumque
2268 3969 2541 4059 linguae
2593 3989 2750 4056 prae
2807 3967 3101 4036 icatione

565 4056 902 4139 discussa,
959 4081 999 4127 a
1046 4081 1171 4128 sua
1220 4060 1553 4130 sententia
1587 4060 1974 4148 discrepare
2040 4059 2350 4129 sentitur.
2406 4058 2528 4128 Sed
2587 4057 2868 4126 fortasse
2906 4056 3102 4128 dices

564 4147 847 4216 omnino
887 4146 1501 4238 obtemperandum
1554 4149 1725 4218 mihi
1773 4170 1944 4228 esse,
1988 4170 2111 4218 nec
2143 4148 2526 4236 quicquam·
2551 4145 2871 4236 prodesse
2915 4145 3107 4215 hanc

615 4343 641 4369 ¹*
671 4344 917 4404 Indubium
939 4350 1012 4385 est
1031 4346 1150 4386 hanc
1168 4347 1320 4387 Vitam
1337 4357 1364 4386 ι
1381 4349 1581 4396 quodam
1600 4346 1794 4387 Monaco
1810 4344 2114 4388 Benedictino
2131 4347 2369 4386 exaratam
2389 4353 2507 4385 esse.
2531 4346 2753 4393 Quisnam
2774 4352 2914 4392 porro
2934 4343 3111 4391 suerit,

562 4404 655 4444 quo
687 4406 874 4437 nomine
906 4404 1114 4447 vocetur,
1147 4404 1194 4440 et
1227 4398 1308 4441 ubi
1343 4405 1480 4442 notus
1510 4402 1670 4448 ruent,
1701 4401 1934 4443 incertum
1966 4401 2104 4442 valde
2142 4403 2227 4445 est,
2245 4409 2351 4440 cum
2374 4400 2415 4439 te
2434 4399 2523 4440 sub
2545 4397 3110 4447 litter-Nsemetipsum

561 4450 753 4499 penitus
781 4452 1100 4495 occultaverit.
3210 4479 3295 4520 κ..
