3347 4999
147 327 320 394 (ΕΤ.
374 333 412 395 4
1021 350 1099 393 na
1150 349 1205 394 s.
1258 348 1606 395 FaAthsco
1655 348 1836 396 costr.
2496 335 2613 399 ¹43

148 433 481 502 fratribus
530 430 1010 520 evangelicum
1056 430 1271 501 illud:
1312 456 1346 498 «
1393 432 1646 522 Vulpes
1683 433 1908 503 foveas
1945 435 2233 515 habent,
2274 449 2339 506 et
2394 437 2703 506 volucres

143 521 317 591 coeli
361 521 603 592 nidos:
645 520 860 590 Filius
893 533 1122 589 autem
1163 522 1468 590 hominis
1505 543 1638 591 non
1678 522 1885 592 habet
1923 523 2039 591 ubi
2082 538 2292 613 caput
2339 547 2543 594 suum
2598 549 2702 595 re-

140 611 357 680 clinet
396 635 430 677 »
469 612 655 700 (Luc.
703 633 766 679 1x
800 622 865 679 et
898 610 1131 678 Mattlz.
1180 610 1345 697 v111).
1416 615 1697 701 Propter
1742 611 1927 697 quod
1982 612 2269 682 docebat
2321 614 2587 696 fratreS,
2630 631 2703 684 ut

145 722 534 790 pauperum
573 721 761 769 more
797 697 1257 788 pauperculas
1290 698 1566 768 casulas
1613 700 1978 789 erigerent,
2032 723 2206 788 quas
2263 724 2395 771 non
2434 704 2702 772 habita·

144 804 298 858 rent
339 803 416 858 ut
454 789 792 878 propriaS,
840 788 954 858 sed
1025 789 1202 857 sicut
1306 789 1605 877 eregrini
1663 802 1729 857 et
1776 789 2080 858 advenae
2140 790 2426 860 alienas.
2495 798 2702 882 Leges

145 899 452 965 namque
488 878 1011 969 peregrinorum
1051 899 1200 946 esse
1233 811 1527 956 dicebat,
1570 877 1701 947 sub
1735 878 1962 948 alieno
1999 879 2234 969 colligi
2271 893 2466 961 tecto,
2513 882 2701 950 sitire

138 967 228 1035 ad
292 967 581 1056 patriam
618 1023 631 1048 ,
690 965 974 1056 pacifice
1032 967 1473 1056 pertransire.
1513 966 1904 1047 Mandabat,
1944 968 2126 1057 dirui
2169 969 2544 1055 aliquando
2579 971 2702 1040 do-

143 1079 297 1125 mos
331 1070 632 1137 erectas,
687 1055 1093 1126 aut.fratres
1140 1055 1385 1124 exinde
1426 1057 1762 1137 amoveri,
1800 1057 1855 1125 si
1908 1057 2073 1142 quid
2128 1057 2193 1125 in
2246 1060 2345 1127 eis
2395 1059 2700 1149 percipe·

140 1160 269 1226 ret,
324 1145 507 1232 quod
552 1146 815 1214 ratione
866 1144 1452 1234 appropriationis
1504 1144 1599 1213 vel
1655 1147 2213 1235 sumptuositatis
2271 1149 2697 1217 contrarium

137 1247 324 1305 esset
377 1234 823 1324 Evangelicae
887 1233 1360 1332 paupertati*
1432 1237 1624 1302 Hanc
1675 1234 1784 1303 sui
1818 1234 2087 1304 dicebat
2122 1236 2398 1304 Ordinis
2446 1236 2698 1306 funda-

140 1336 497 1404 mentum,
553 1324 666 1392 cui
722 1323 1067 1392 substrato
1134 1322 1462 1411 primarie
1510 1323 1609 1392 sic
1657 1324 1886 1392 omnis
1941 1336 2285 1393 structura
2345 1324 2700 1414 religionis

142 1413 488 1492 innititur,
533 1424 610 1481 ut
662 1413 883 1500 ipsius
918 1411 1241 1480 firmitate
1278 1411 1625 1490 firmetur,
1672 1425 1737 1480 et
1777 1413 2128 1481 eversione
2169 1412 2482 1482 funditus
2514 1437 2700 1483 ever·

140 1516 351 1571 tatur.
410 1500 701 1570 Docebat
750 1500 1063 1590 proinde.
1121 1501 1296 1569 sicut
1348 1499 1752 1569 revelatione
1803 1500 2179 1581 didicerat,
2236 1525 2469 1573 sacrae
2519 1505 2700 1572 Reli-

138 1591 376 1680 gionis
429 1591 816 1681 ingressum
872 1589 958 1657 ab
1008 1589 1128 1658 illo
1176 1589 1319 1658 sore
1369 1579 1838 1658 inchoandum
1891 1591 2298 1681 Evangelico
2349 1593 2581 1661 verbo:
2624 1596 2702 1662 Sa·

142 1683 244 1748 vis
273 1681 611 1770 perfectus
661 1701 819 1758 esse,
876 1680 1069 1759 vade,
1109 1689 1170 1748 ec
1202 1680 1410 1747 vende
1443 1680 1669 1747 omnia
1702 1702 1877 1770 quae
1926 1681 2167 1760 habes,
2206 1692 2267 1748 et
2301 1683 2390 1750 da
2431 1705 2696 1781 paupe-

143 1770 327 1838 ribus
373 1770 641 1858 (Matth.
690 1790 845 1846 xix,
901 1767 1036 1855 2⁴).
1114 1766 1408 1854 Ideoque
1461 1789 1592 1836 non
1651 1769 1782 1836 nisi
1832 1770 2354 1859 expropriat05‚
2408 1785 2470 1839 et
2521 1771 2693 1839 nihil

148 1858 424 1947 penitus
476 1858 842 1925 retinentes
892 1856 1292 1949 admittebat
1341 1855 1423 1924 ad
1478 1855 1830 1934 Ordinem,
1886 1870 2027 1925 tum
2078 1872 2352 1948 propter
2410 1860 2693 1928 verbum

141 1948 365 2015 sancti
415 1943 789 2035 Evangelii,
847 1958 1007 2016 tum.
1041 1946 1285 2024 etiam,
1341 1967 1425 2012 ne
1475 1945 1692 2014 forent
1756 1946 1825 2014 in
1868 1947 2277 2016 scandalum
2332 1947 2534 2017 loculi
2592 1971 2694 2016 re.-

143 2036 416 2102 servati.
470 2033 657 2104 Unde
708 2035 771 2102 in
828 2034 1125 2103 Marchia
1160 2034 1583 2122 Anconitana
1613 2034 1889 2103 cuidam
1943 2037 2189 2122 petenti
2233 2037 2318 2105 ad
2370 2038 2694 2107 Ordinem

145 2123 403 2213 recipi,
460 2145 660 2192 verus
726 2145 1106 2213 pauperum
1173 2123 1560 2192 Patriarcha
1627 2123 2018 2212 respondit:
2077 2149 2111 2190 «
2166 2127 2232 2194 Si
2286 2126 2385 2196 vis
2447 2126 2694 2195 Christi

145 2213 574 2301 pauperibus
595 2212 825 2302 jungi,
884 2212 1308 2301 pauperibus
1349 2226 1463 2281 tua
1514 2212 1875 2282 distribue.
1920 2237 1954 2278 »
2005 2218 2153 2296 Quo
2192 2214 2475 2292 audito,
2536 2238 2690 2297 per-

146 2302 316 2369 rexit
366 2301 593 2381 homo,
629 2313 711 2369 et
757 2300 1010 2370 ductus
1051 2323 1284 2369 amore
1332 2301 1640 2380 carnali,
1697 2324 1825 2370 sua
1883 2301 2031 2371 suis
2080 2303 2402 2390 reliquit,
2462 2305 2697 2390 nilque

144 2390 593 2479 pauperibus.
648 2395 892 2459 Verum
945 2412 1103 2458 cum
1158 2390 1308 2469 hoc,
1365 2390 1482 2459 illo
1533 2391 1861 2459 referente
1894 2445 1908 2469 ‚
1967 2392 2078 2461 Vir
2127 2405 2408 2462 sanctus
2458 2394 2688 2462 audis-

142 2492 266 2559 set,
313 2479 484 2549 dura
525 2502 679 2548 eum
716 2480 1189 2583 increpatione
1227 2479 1501 2560 feriens,
1557 2480 1765 2549 dixit:
1823 2504 1856 2545 «
1893 2480 2067 2550 Vade
2103 2482 2277 2551 viam
2315 2496 2529 2560 tuam,
2563 2484 2696 2552 sra-

144 2584 247 2636 ter
298 2591 559 2648 musca,
614 2569 941 2656 quoniam
996 2568 1301 2636 nondum
1353 2569 1548 2638 existi
1598 2569 1682 2638 de
1730 2569 1935 2637 domo
1975 2584 2040 2640 et
2087 2572 2494 2661 cognatione
2548 2588 2688 2641 tua.

141 2659 689 2748 consanguineis
742 2658 877 2727 tuis
928 2671 1039 2726 tua
1093 2656 1366 2736 dedisti,
1420 2670 1484 2726 et
1532 2657 1957 2728 defraudasti
2007 2683 2379 2750 pauperes:
2436 2661 2695 2747 dignus

140 2769 279 2817 non
329 2768 402 2816 es
456 2747 879 2848 pauperibus
927 2746 1199 2815 sociari.
1259 2747 1583 2837 lncepisti
1632 2770 1669 2815 a
1722 2769 1966 2821 carne:
2023 2749 2384 2819 ruinosum
2439 2750 2692 2818 sunda>-

138 2848 448 2904 mentum
503 2836 852 2925 spirituali
912 2835 1211 2904 fabricae
1276 2836 1651 2905 collocasti.
1719 2859 1754 2902 »
1825 2837 2050 2905 Rediit
2098 2837 2425 2907 animalis
2488 2837 2692 2905 homo

134 2925 223 2993 ad
277 2946 461 3003 suos,
515 2939 581 2994 et
629 2925 899 3015 repetiit
948 2947 1097 3003 sua,
1151 2947 1329 3011 quae
1382 2926 1805 3014 pauperibus
1833 2925 2224 3012 relinquere
2264 2925 2525 3005 nolens,
2562 2928 2694 2994 vir-

134 3014 306 3083 tutis
357 3016 784 3104 propositum
838 3014 1045 3082 citius
1094 3012 1481 3100 dereliquit.

228 3105 262 3189 ἓ
310 3107 450 3174 42.
525 3103 669 3172 Alio
717 3124 992 3192 quoque
1044 3117 1346 3191 tempore
1409 3125 1568 3172 cum
1644 3104 1708 3171 in
1766 3104 1913 3171 loco
1965 3108 2249 3171 Sanctae
2309 3103 2560 3171 Mariae
2608 3102 2692 3171 de

132 3191 608 3272 Portiuncula‚
670 3205 858 3261 tanta
906 3205 1083 3260 esset
1132 3192 1390 3281 inopia,
1444 3192 1625 3278 quod
1683 3214 1816 3261 non
1873 3204 2100 3280 posset
2141 3192 2531 3281 hospitibus
2560 3192 2693 3261 fra·

130 3280 365 3351 tribus
414 3280 1065 3370 supervenientibus
1105 3280 1490 3349 secundum
1526 3280 1953 3349 necessitatis
2001 3280 2412 3371 exigentiam
2471 3282 2689 3370 provi·

126 3370 311 3451 deri,
366 3369 535 3439 adiit
585 3371 818 3438 Virum
874 3370 988 3439 Dei
1038 3369 1335 3438 vicarius
1385 3392 1579 3450 suuS,
1625 3369 1935 3438 allevans
1969 3370 2328 3456 penuriam
2368 3369 2684 3450 fratrum,

122 3470 198 3528 et
250 3470 486 3548 petens
535 3471 610 3526 ut
645 3460 1050 3527 intrantium
1106 3458 1519 3527 novitiorum
1573 3480 1682 3528 res
1721 3424 1992 3545 aliquas
2045 3480 2391 3528 reservare
2425 3458 2682 3542 liceret,

125 3546 222 3616 ad
276 3569 451 3634 quas
499 3547 985 3636 expendendas
1054 3569 1405 3616 recurrere
1461 3561 1738 3635 possent
1786 3547 2028 3617 fratres
2080 3561 2383 3635 tempore
2433 3570 2687 3638 oppor-

134 3651 336 3705 tuno.
382 3636 472 3705 Ad
526 3658 729 3724 quem
785 3638 896 3704 Vir
949 3651 1252 3715 sanctus,
1308 3636 1595 3725 superni
1637 3636 1910 3705 consilii
1961 3658 2098 3704 non
2151 3638 2459 3726 ignaruS,
2502 3637 2687 3706 «Ab-

126 3728 249 3805 sit,
304 3725 552 3811 inquit,
608 3749 645 3793 a
696 3724 922 3803 nobis,
976 3726 1181 3793 frater
1208 3726 1588 3805 carissime,
1624 3738 1703 3793 ut
1735 3747 1856 3815 pro
1896 3726 2140 3813 quovis
2168 3726 2448 3794 homine
2479 3726 2689 3814 impie

125 3837 427 3905 agamus
480 3814 547 3882 in
601 3813 962 3903 Regulam.
1032 3813 1205 3882 Malo
1256 3826 1318 3881 te
1365 3813 1578 3882 altare
1630 3814 1931 3905 Virginis
1978 3813 2318 3904 gloriosae
2372 3814 2636 3884 nudare
2667 3868 2682 3893 ,

127 3926 292 3972 cum
348 3904 720 3972 necessitas
772 3902 835 3971 id
888 3902 1215 3989 requirit;
1269 3923 1476 3988 quam
1529 3916 1767 3972 contra
1818 3903 2247 3993 paupertatis
2299 3916 2558 3982 votum,
2625 3917 2690 3971 et

127 3993 639 4062 observantiam
695 3991 1069 4081 Evangelii,
1124 3991 1385 4078 aliquid
1443 3991 1540 4059 vel
1594 3991 1946 4061 modicum
1998 4004 2353 4060 attentare.
2413 3992 2688 4060 Gratius

131 4081 321 4149 enim
365 4081 644 4150 habebit
693 4080 887 4149 beata
926 4081 1154 4170 VirgO,
1210 4081 1429 4151 sancti
1470 4081 1818 4171 Evangelii
1865 4080 2160 4170 perfecte
2209 4095 2476 4150 servato
2522 4101 2686 4149 con-

133 4169 333 4250 silio,
388 4193 591 4240 suum
645 4170 859 4239 altare
926 4169 1197 4258 detegi,
1264 4191 1514 4256 quam,
1567 4170 1769 4239 altari
1819 4191 1946 4239 suo
2024 4181 2308 4249 ornat0,
2362 4168 2513 4236 Filii
2578 4168 2686 4238 sui

190 4317 214 4339 ¹·
242 4315 389 4362 Quam
424 4325 707 4366 magnopere
739 4316 827 4356 hoc
862 4315 904 4355 S.
945 4315 1198 4355 Francisco
1233 4315 1363 4354 cordi
1392 4315 1552 4360 suerit,
1584 4316 1716 4365 patet
1746 4315 1972 4363 exipsius
1992 4315 2295 4360 testamento,
2316 4312 2363 4353 in
2384 4322 2476 4362 quo
2497 4314 2686 4351 statuit:

130 4372 320 4409 Curetmt
354 4368 439 4407 sibi
458 4371 656 4418 fratres.
690 4375 732 4408 ue
764 4366 966 4408 ecclesias
998 4375 1035 4407 ct
1064 4370 1324 4413 habitacula,
1343 4380 1451 4419 qmm
1467 4381 1551 4418 pro
1572 4371 1682 4417 ipsis
1705 4373 2031 4411 construuntur,
2047 4367 2226 4417 penitus
2246 4380 2328 4407 non
2349 4369 2572 4415 recipiant,
2597 4368 2688 4404 nisi

124 4426 287 4467 essene,
311 4424 418 4461 siene
442 4424 554 4461 decet
581 4428 777 4463 sanctam
798 4428 1117 4474 paupertatum,
1148 4435 1277 4473 qnam
1308 4423 1351 4461 in
1371 4422 1535 4472 Reyula
1552 4421 1859 4471 promisimus,
1876 4432 2049 4470 semper
2069 4422 2152 4461 sibi
2168 4424 2447 4471 hospitantes,
2476 4421 2585 4458 sicut
2613 4420 2688 4457 ad-

129 4487 263 4515 venae
282 4480 319 4514 et
332 4478 565 4526 pet-cyrini.
