3347 4999
595 343 723 408 556
1057 338 1062 344 ’
1292 360 1368 406 nn
1410 359 1509 409 58.
1565 358 1728 405 uno
1776 360 1851 405 m·
1900 357 2099 405 socus
2148 360 2262 406 uu.
2736 340 2910 406 OCT.
2968 343 3055 407 19

508 443 730 531 ajunt,
774 465 812 512 o
873 443 1079 512 frater
1125 449 1316 521 Vare,
1376 455 1596 532 potest
1646 457 1897 513 metere
1951 443 2018 511 in
2073 444 2509 524 exultatione,
2569 444 2700 512 nisi
2743 445 2933 531 prius
2979 447 3048 514 in

511 533 839 623 lacrymis
879 534 1146 602 semina
1203 532 1546 620 dejecerit,
1599 547 1663 601 et
1696 535 1816 619 qui
1857 533 1926 601 in
1963 533 2062 603 eis
2096 533 2505 622 spargendis
2545 533 3049 623 suscipiuntur,

508 621 779 691 labores
821 622 1248 691 sustinuerit.
1320 621 1647 690 Similiter
1701 635 1929 691 autem
1996 621 2245 690 athleta
2317 643 2592 708 quoque
2654 644 2791 690 non
2861 646 3057 693 coro-

509 725 736 791 natur,
797 712 929 779 nisi
986 711 1177 799 prius
1213 711 1513 799 legitime
1561 710 1942 779 certaverit.
1996 710 2299 801 Agedum
2338 734 2524 801 ergo,
2579 734 2619 780 o
2675 711 2904 792 frater,
2959 714 3056 784 sis

508 801 709 868 nobis
756 821 988 870 comes
1048 800 1335 880 itineris,
1389 810 1454 867 et
1495 798 1835 888 perfectus
1895 798 2094 868 miles
2144 799 2413 869 Christi.
2469 799 2822 870 Habemus
2866 802 3051 870 enim

405 936 412 942 ⁴
507 888 709 957 illum
763 890 992 977 ipsum
1023 943 1038 968 ,
1094 910 1218 977 pro
1266 910 1404 974 quo
1453 888 1800 977 supplicia
1851 889 2298 976 suscipimuS,
2357 912 2479 959 nos
2530 889 2826 979 benigne
2862 913 2899 960 e
2939 914 3058 960 su-

510 979 694 1067 peris
741 976 1261 1057 defendentem,
1315 990 1380 1045 et
1428 976 1715 1045 latenter
1789 978 1988 1045 nobis
2034 996 2379 1067 *magnum
2438 979 2875 1068 praebentem
2927 1002 3053 1048 au·-

507 1066 826 1135 xilium.»
864 1066 1131 1135 Sanctis
1163 1065 1327 1134 haec
1364 1065 1780 1146 dicentibuS,
1823 1066 2107 1134 veniunt
2139 1066 2420 1153 quidam
2468 1067 2741 1148 milites,
2795 1069 3057 1154 quibus

497 1156 776 1246 jussum
854 1155 1119 1234 fuerat,
1172 1168 1249 1223 ut
1296 1176 1411 1224 eos
1458 1154 1877 1223 deducerent
1924 1155 2006 1223 ad
2063 1156 2474 1224 Praesidem.
2531 1157 2657 1238 Qui
2718 1178 2876 1226 cum
2930 1157 3057 1226 ad-

511 1246 891 1325 spexissent
939 1244 1210 1312 beatum
1249 1249 1499 1312 Varum
1542 1244 1884 1332 jacentem
1938 1243 2020 1312 ad
2080 1243 2284 1335 pedes
2334 1249 2736 1345 Martyrum,
2782 1259 2848 1314 et
2883 1269 3055 1317 novo

510 1333 903 1422 spectaculo
953 1346 1180 1402 essent
1239 1332 1446 1401 veluti
1506 1331 1984 1422 obstupefacti,
2040 1333 2191 1401 ideo
2241 1333 2584 1421 benignis,
2642 1348 2718 1403 ut
2767 1334 2900 1403 sibi
2954 1336 3056 1403 vi-

509 1422 872 1501 debantur,
929 1422 1154 1490 verbis
1201 1443 1358 1490 cum
1410 1443 1487 1489 eo
1537 1438 1859 1510 agentes:
1901 1445 1935 1487 <‹
1969 1423 2261 1501 InsaniS,
2300 1424 2359 1489 ei
2397 1423 2661 1503 dicunt,
2716 1446 2757 1495 ο
2805 1423 3059 1494 homo?

447 1530 452 1533 ’
508 1516 650 1579 Non
690 1512 888 1579 times
935 1512 1241 1586 omnino,
1300 1533 1381 1580 ne
1429 1512 1486 1579 si
1540 1510 1706 1580 haec
1756 1533 1862 1579 res
1915 1528 2069 1579 nota
2122 1511 2324 1580 suerit
2356 1512 2684 1585 Praesidi.
2725 1535 2884 1581 cum
2931 1514 3054 1581 mi·

511 1600 693 1668 litari
735 1600 1070 1689 dignitate
1133 1599 1337 1668 vitam
1388 1621 1665 1686 quoque
1713 1599 1920 1668 simul
1996 1602 2327 1668 amittas?
2362 1624 2396 1666 »
2446 1601 2536 1669 Ad
2590 1623 2763 1687 quos
2815 1604 3054 1672 beatus

509 1694 767 1757 Varus:
825 1714 860 1755 «
903 1691 1198 1769 Utinam,
1255 1690 1499 1774 inquit.
1554 1689 1857 1756 inveniat
1931 1690 2269 1777 perlectus
2339 1690 2794 1770 Christianus,
2862 1704 2928 1759 et
2977 1690 3055 1759 li-

510 1790 657 1846 ceat
695 1778 864 1846 mihi
914 1800 1063 1846 esse
1105 1778 1349 1846 horum
1391 1782 1799 1846 Sanctorum
1843 1778 2102 1847 socium
2135 1779 2556 1857 certantium,
2587 1779 2754 1847 etin
2793 1779 3055 1851 eisdem

509 1867 822 1935 habitare
895 1865 1381 1936 tabernaculis.
1438 1865 1809 1935 Persuadet
1857 1879 2083 1935 autem
2152 1867 2501 1947 amicitia,
2561 1882 2636 1936 ut
2686 1890 2812 1957 ego
2862 1869 3058 1938 vobis

509 1955 747 2035 fidam,
793 1969 858 2025 et
905 1977 1170 2035 eorum,
1224 1977 1401 2041 quae
1454 1956 1561 2023 hic
1610 1954 1942 2025 dicuntur
1991 1970 2108 2024 aut
2157 1957 2354 2037 fiunt,
2397 1956 2567 2025 nihil
2606 1957 2893 2026 habeam
2938 1981 3055 2026 su-

512 2059 850 2133 spectum.
909 2068 945 2111 »
2496 2094 2500 2098 -

598 2136 634 2220 §
679 2138 770 2204 8.
820 2134 938 2202 His
987 2133 1086 2202 sic
1157 2131 1400 2212 dictis,
1458 2132 1711 2201 milites
1780 2137 2109 2211 Sanctos,
2163 2133 2282 2220 qui
2330 2148 2525 2203 erant
2585 2155 2699 2201 sex
2762 2156 3055 2204 numero

508 2223 731 2309 (erant
760 2224 942 2289 enim
978 2243 1216 2291 omnes
1263 2221 1540 2308 quidem
1584 2235 1871 2310 septem,
1910 2223 2023 2290 sed
2058 2244 2244 2291 unus
2275 2224 2420 2311 jam
2477 2236 2790 2292 mortuus
2832 2222 3053 2294 fuerat

509 2313 579 2378 in
633 2311 1030 2391 solitudine)
1078 2316 1317 2379 catena
1390 2311 1651 2380 vinctos
1701 2310 2137 2380 adduxerunt
2183 2310 2267 2380 ad
2321 2310 2692 2380 Presidem.
2748 2312 2870 2380 llle
2918 2334 3045 2382 au-

512 2413 642 2467 tem
696 2399 973 2468 sedebat
1021 2399 1091 2467 in
1157 2398 1420 2468 excelso
1495 2399 1848 2479 tribunali,
1920 2414 1983 2468 et
2043 2422 2198 2469 eum
2267 2400 2823 2469 circumsistebat
2872 2400 3098 2470 mul·v

513 2487 731 2557 titudo
783 2487 1108 2567 militum,
1164 2490 1281 2575 qui
1331 2487 1616 2558 omnino
1686 2487 2075 2579 pendebant
2123 2512 2159 2558 a
2211 2489 2436 2558 verbis
2498 2487 2688 2559 illius
2734 2503 2799 2558 et
2849 2505 3047 2562 nutu.

511 2581 677 2646 Cum
730 2600 893 2668 ergo
934 2577 1259 2667 jussisset
1305 2598 1420 2645 eos
1466 2591 1708 2648 exutos
1749 2578 2118 2657 introduci,
2174 2579 2401 2647 statim
2438 2578 2716 2664 quidem
2762 2580 3047 2669 rogavit.

515 2690 547 2731 «
601 2667 961 2749 Quodnam
1013 2681 1114 2736 est
1164 2667 1355 2735 vobis
1404 2688 1624 2756 genus
1671 2680 1736 2734 et
1784 2688 2122 2753 quaenam
2168 2667 2493 2747 conditi0,
2535 2689 2873 2753 quaenam
2927 2690 3053 2737 au·-

511 2769 641 2824 tem
698 2772 915 2825 vestra
954 2756 1280 2825 nomina?
1312 2778 1348 2821 »
1377 2761 1452 2824 Et
1506 2777 1910 2844 responsum
1958 2778 2115 2825 mox
2147 2756 2234 2824 ab
2267 2757 2366 2824 eis
2412 2755 2745 2846 exigebat:
2783 2779 2819 2821 «
2852 2762 3049 2826 Prae-

511 2858 851 2933 potentem
896 2846 1076 2914 enim
1132 2845 1323 2913 vobis
1352 2846 1538 2932 jur0,
1584 2843 1831 2934 ajebat.
1872 2843 2154 2912 deorum
2200 2845 2514 2913 virtutem
2567 2867 2647 2914 ac
2672 2844 3044 2931 justitiam,

509 2934 691 3020 quod
747 2956 860 3003 vos
909 2934 1138 3004 adhuc
1173 2934 1575 3023 superstites
1609 2954 1954 3022 apponam
2000 2932 2160 3002 feris
2208 2933 2512 3002 edendos
2542 2946 2606 3002 et
2648 2933 2967 3003 canibus.
3005 2958 3047 3002 »

512 3023 739 3092 Sancti
787 3036 1015 3092 autem
1071 3045 1290 3108 neque
1338 3022 1587 3091 fastum
1643 3036 1868 3091 tantae
1917 3022 2362 3102 auctoritatis,
2419 3042 2638 3108 neque
2685 3022 3050 3092 verborum

510 3112 860 3180 saevitiam
913 3112 1453 3181 extimescentes:
1510 3134 1544 3176 «
1582 3110 1814 3191 Nobis,
1868 3109 2210 3191 dicebant,
2243 3109 2561 3189 oJudex,
2601 3110 2791 3178 nulla
2828 3112 3047 3201 patria

509 3215 612 3269 est
690 3202 759 3269 in
830 3216 1029 3270 terra.
1106 3206 1360 3269 Sumus
1430 3200 1612 3268 enim
1687 3221 1917 3268 revera
1989 3201 2111 3269 hos
2170 3200 2292 3269 ites
2358 3213 2422 3269 et
2480 3200 2805 3268 advenae.
2880 3206 3046 3270 Nam

510 3289 914 3358 Christianis
965 3311 1115 3357 vera
1170 3289 1429 3378 patriae
1477 3303 1542 3357 et
1588 3290 1830 3357 civitas
1873 3289 1938 3356 in
1992 3310 2110 3357 coe
2147 3289 2201 3357 is
2248 3302 2350 3358 est
2398 3289 2778 3357 aedificata.
2842 3289 3055 3359 Crede

510 3378 710 3445 nobis
761 3380 926 3445 haec
979 3378 1064 3445 ita
1118 3400 1189 3446 se
1241 3377 1535 3447 habere:
1590 3377 1819 3446 minas
1866 3389 2093 3446 autem
2168 3393 2321 3446 tuas
2392 3399 2631 3466 parum
2683 3399 3043 3446 curamus:

511 3467 723 3532 immo
775 3487 928 3533 vero
989 3482 1332 3554 optamuS,
1388 3483 1464 3535 ut
1516 3466 1743 3534 minae
1785 3481 1940 3536 tuae
1988 3487 2120 3534 non
2177 3488 2248 3536 se
2298 3488 2517 3552 usque
2565 3466 2650 3535 ad
2702 3466 2903 3535 verba
2938 3488 3050 3535 so-

510 3553 652 3623 lum
708 3555 972 3635 sistant,
1049 3554 1162 3622 sed
1236 3554 1318 3622 ad
1391 3555 1709 3623 effectum
1760 3555 1964 3623 etiam
2018 3554 2474 3624 deducantur.
2530 3555 2639 3624 Sic
2686 3555 2868 3624 enim
2919 3556 3055 3625 erit

511 3643 951 3711 manifestum
1006 3656 1316 3712 nostrum
1359 3644 1424 3711 in
1462 3644 1808 3712 Christum
1863 3643 2329 3723 desiderium3
2373 3658 2437 3712 et
2495 3644 2643 3733 ipse
2690 3644 2865 3712 scies
2897 3666 3049 3712 om·-

511 3733 694 3813 nin0‚
748 3732 953 3819 quale
1030 3731 1364 3801 auxilium
1418 3732 1504 3800 ab
1554 3733 1705 3820 ipso
1754 3753 2231 3819 assequamur.
2284 3737 2326 3799 ‘»
2378 3738 2539 3802 Cum
2602 3732 2827 3802 Sancti
2880 3733 3053 3803 haec

507 3820 863 3901 dixissent,
917 3827 1273 3909 Tyrannus
1321 3842 1693 3889 conversus
1743 3821 1827 3890 ad
1862 3842 2263 3890 assessores:
2302 3820 2592 3902 «Video,
2640 3821 2884 3907 inquit,
2924 3822 3057 3892 hos

508 3910 817 3980 infelices
851 3933 1069 3980 unum
1122 3923 1186 3978 et
1222 3909 1399 3978 idem
1455 3923 1805 3996 tamquam
1849 3932 1927 3977 ex
1961 3931 2303 3979 consensu
2338 3910 2676 3979 meditari.
2719 3915 3056 3980 Parentur

505 4020 579 4067 er
630 4022 684 4068 o-
738 3998 1054 4089 flagella,
1109 4013 1174 4068 et
1219 4020 1335 4067 eos
1412 4000 1653 4088 plagae
1724 3998 2000 4067 abunde
2071 3999 2438 4090 excipiant.
2510 4022 2544 4064 »
2596 4003 2761 4067 Cum
2812 4013 3043 4069 autem

509 4022 701 4156 valde
771 4089 1048 4175 quidem
1125 4089 1645 4158 verberarentur
1676 4140 1695 4167 ‚
1755 4087 1927 4156 nihil
1979 4100 2208 4157 autem
2261 4087 2773 4178 responderent,
2825 4089 3051 4158 Judex

507 4177 739 4245 intulit
790 4178 1390 4267 interrogationem
1427 4231 1441 4255 ,
1495 4176 1757 4245 dicens:
1812 4199 1848 4241 «
1912 4177 2038 4258 Qui
2094 4177 2390 4246 maxime
2438 4177 2792 4263 quaeritur
2840 4177 3050 4267 septi-

510 4289 664 4334 mus
711 4287 788 4334 ex
841 4265 1054 4346 vobiS‚
1110 4267 1227 4336 ubi
1271 4268 1418 4335 est?
1459 4290 1493 4332 »
1527 4270 1665 4334 Hoc
1698 4264 1902 4344 dicto,
1941 4265 2200 4334 cursim
2253 4266 2480 4335 statim
2516 4287 2553 4333 e
2589 4265 2788 4334 turba
2819 4287 3054 4355 egres-

505 4377 625 4424 sus
678 4354 1272 4444 praeclarissimus
1313 4360 1554 4434 VaruS,
1614 4367 1804 4423 stans
1852 4355 1921 4421 in
1978 4354 2202 4423 medio
2250 4354 2417 4424 dicit
2451 4352 2794 4423 Praesidi:
2849 4377 2885 4419 «
2923 4353 3053 4424 Ille

503 4444 782 4532 quidem
826 4444 972 4534 jam
1025 4444 1145 4512 diu
1196 4443 1448 4512 abhinc
1497 4464 1574 4511 ex
1626 4442 1753 4511 hac
1815 4443 1948 4512 vita
2013 4443 2346 4524 excessit,
2403 4465 2510 4513 me
2558 4456 2785 4512 autem
2839 4465 3048 4513 suum
