3347 4999
731 347 858 411 572
1304 360 1384 409 DE
1433 364 1485 409 s.
1542 360 1844 418 Aouimno
1895 363 2087 409 EPISC.
2144 359 2507 409 Enaoicensi
2863 344 3037 408 OCT.
3097 347 3178 410 ⁴9

640 450 908 517 nudum
966 448 1482 537 pavimentum?
1522 447 1840 516 Carnales
1885 462 2208 536 pastoreS,
2249 461 2323 516 ut
2364 468 2508 517 sese
2548 447 2828 516 uberius
2866 462 3171 536 pascant,

639 539 792 626 ipsa
840 542 964 606 sua
1003 536 1363 604 refectione
1407 537 1770 625 pascendis
1819 537 2060 606 ovibus
2102 537 2344 605 Christi
2414 559 2484 604 se
2546 536 2898 627 providere
2961 538 3179 605 simu-

639 626 807 705 lant,
860 639 923 693 et
976 627 1255 714 perinde
1303 647 1382 692 ac
1447 628 1504 695 si
1573 627 1639 693 in
1679 624 2003 695 domibus
2054 632 2311 711 Regum
2351 626 2511 705 sint,
2563 625 2888 694 mollibus
2946 648 3016 696 se
3067 648 3181 694 ve-

638 717 876 795 stiunt,
934 737 1014 782 ne
1063 715 1180 783 alii
1226 714 1392 782 nudi
1439 728 1856 792 remaneant,
1895 715 2016 801 qui
2067 715 2313 783 melius
2351 714 2417 781 in
2460 714 2707 801 spiritu
2757 728 3175 804 tegerentur.

640 807 705 873 Si
757 816 917 873 sunt
970 818 1271 892 pastores
1307 858 1322 882 ‚
1381 804 1611 871 minus
1665 804 2003 892 pretiosis,
2062 803 2416 892 magisque
2491 803 2830 893 religiosis
2871 804 3177 874 vestibus

637 893 1057 993 operiantur.
1114 892 1237 961 Sed
1291 892 1490 979 ajunt
1538 892 1839 960 laborem
1894 914 1964 961 se
2008 892 2179 961 serre
2231 913 2363 959 non
2421 914 2639 979 posse,
2700 892 2830 960 nisi
2873 893 2972 960 sic
3026 893 3178 961 refi-

638 996 911 1051 ciantur
957 998 1020 1048 et
1069 982 1471 1049 induantur.
1542 986 1789 1049 Verum
1842 981 2007 1049 dum
2081 981 2462 1049 necessitati
2514 981 2876 1050 consulere
2923 1003 2996 1049 se
3047 982 3178 1049 fin-

639 1084 833 1160 gunt,
888 1070 1260 1139 consulunt
1309 1068 1663 1158 voluptati,
1704 1084 1768 1138 et
1810 1069 2173 1159 indulgent
2221 1070 2730 1158 superfluitati:
2772 1092 2904 1138 non
2946 1070 3181 1156 utique

641 1160 986 1227 imitantes
1023 1158 1304 1247 vestigia
1357 1160 1588 1248 magni
1635 1158 1822 1227 illius
1876 1160 2143 1226 Martini
2186 1159 2625 1239 Turonensis,
2688 1171 2805 1226 aut
2855 1159 3178 1227 Germani

639 1248 1258 1317 Antisiodorensis:
1312 1248 1433 1333 qui
1486 1270 1616 1315 non
1672 1270 1793 1337 pro
1842 1247 2117 1328 diurna,
2180 1246 2292 1315 sed
2369 1269 2489 1336 pro
2539 1261 2817 1315 aeterna
2870 1249 3181 1316 mercede

644 1337 1035 1415 militanteS,
1075 1349 1405 1424 paverunt
1453 1358 1726 1425 gregem
1766 1336 2008 1405 Christi
2040 1336 2348 1423 jejuniiS,
2397 1336 2655 1424 vigiliis
2709 1349 2774 1404 et
2825 1334 3179 1405 laboribus

643 1426 810 1503 suis,
868 1439 940 1493 ut
987 1447 1220 1493 eorum
1279 1425 1588 1513 exemplo
1637 1424 1927 1493 disceret
1974 1446 2052 1493 eo
2098 1424 2316 1493 redire
2357 1424 2784 1511 jejunando,
2854 1425 3043 1492 unde
3111 1425 3175 1493 in

643 1514 865 1601 primo
919 1528 1194 1598 parente
1239 1514 1488 1581 excidit
1528 1514 2033 1615 manducando.
2090 1520 2295 1583 Nemo
2335 1516 2519 1581 enim
2571 1515 2669 1581 sic
2721 1514 2962 1581 invitat
3011 1535 3178 1582 con-

641 1603 1004 1680 cionando,
1045 1615 1379 1689 quantum
1432 1602 1782 1671 faciendo:
1826 1625 1945 1671 nec
1990 1605 2160 1673 bene
2186 1602 2455 1691 jejunia
2505 1603 2835 1691 suggerit,
2893 1603 3013 1688 qui
3052 1604 3179 1673 sub

640 1713 1079 1777 quocumque
1133 1703 1476 1779 praetextu
1517 1691 1742 1780 epulis
1786 1703 1996 1759 vacat.
2047 1691 2235 1774 Quod
2289 1713 2453 1760 sane
2484 1713 2729 1759 cavens
2780 1691 3173 1777 AquilinuS,

640 1781 1046 1848 abstinendo
1095 1793 1159 1848 et
1197 1779 1541 1868 vigilando
1586 1780 1832 1848 melius
1884 1783 2201 1869 pascebat
2236 1780 2572 1859 subditos,
2614 1802 2817 1867 quam
2871 1779 2926 1847 si
2967 1781 3181 1849 absti-

642 1869 942 1937 nentiam
1000 1868 1135 1937 illis
1201 1869 1654 1957 praedicam,
1714 1871 1858 1957 ipse
1905 1868 2341 1955 epularetur:
2401 1868 2695 1954 aliisque
2760 1869 3179 1937 mortifican-

639 1958 766 2057 dae
822 1960 1050 2026 carnis
1113 1959 1544 2046 asperitatem
1608 1958 2139 2037 commendans,
2190 1957 2336 2046 ipse
2412 1957 2708 2027 molliter
2767 1970 2832 2026 et
2892 1955 3181 2027 delicate

641 2062 916 2114 viveret.

729 2138 763 2219 ἓ
814 2140 942 2205 n.
999 2133 1405 2221 Legitimum
1448 2156 1609 2222 ergo
1666 2132 1779 2202 ille
1830 2134 2091 2205 Christo
2148 2134 2623 2203 testimonium
2669 2134 3048 2224 perhibuit,
3123 2147 3181 2204 et

643 2224 948 2293 Christus
999 2223 1099 2290 illi
1139 2244 1411 2308 quoque
1463 2223 1756 2291 reddidit
1807 2224 2295 2293 testimonium.
2364 2224 2551 2292 Sicut
2590 2225 2772 2292 enim
2841 2224 2958 2291 ille
3010 2245 3178 2309 quos

645 2324 952 2400 poterat,
1013 2312 1198 2379 intus
1263 2312 1741 2391 illuminabat,
1805 2314 2115 2392 curabat,
2182 2312 2518 2399 erigebat:
2576 2313 2667 2381 ita
2741 2312 3055 2381 Christus
3122 2312 3177 2380 ei

643 2400 973 2488 praestitit
1035 2400 1320 2487 gratiam
1358 2413 1421 2467 et
1469 2399 1855 2468 facultatem
1906 2402 2108 2469 etiam
2176 2401 2600 2469 extrinsecus
2666 2400 3164 2481 illuminandi,

640 2488 930 2557 sanandi
979 2503 1042 2557 et
1080 2488 1428 2577 erigendi:
1467 2491 1634 2557 adeo
1679 2505 1751 2559 ut
1785 2491 2018 2560 Crucis
2053 2490 2249 2580 signo
2285 2490 2624 2570 liberaret,
2663 2512 2837 2577 quos
2874 2512 2992 2577 per
3018 2512 3167 2559 eam

643 2578 1031 2646 liberandos
1085 2578 1554 2665 praedicabat:
1623 2601 1745 2646 nec
1796 2581 1933 2648 ulla
1985 2579 2363 2667 corporalis
2415 2579 2781 2648 infirmitas
2815 2579 2971 2665 ejus
3026 2602 3176 2668 pre-

640 2668 840 2736 cibus
891 2667 1271 2744 resisteret,
1324 2668 1443 2753 qui
1496 2668 1639 2738 suis
1694 2669 2025 2755 exemplis
2073 2682 2136 2737 et
2184 2668 2493 2737 doctrina
2546 2668 2896 2758 spiritales
2958 2669 3178 2758 aegri-

641 2755 917 2825 tudines
957 2755 1357 2843 depellebat.
1413 2761 1543 2824 Cur
1592 2757 1773 2824 enim
1829 2758 2134 2826 Christus
2175 2757 2236 2825 ei
2291 2771 2653 2847 argentum
2702 2769 3022 2846 negaret,
3072 2756 3180 2826 cui

643 2846 1059 2932 largiebatur
1107 2848 1416 2914 aurum?
1464 2845 1581 2913 Cui
1632 2844 2023 2915 animorum
2074 2846 2540 2914 curandorum
2593 2847 2884 2936 gratiam
2940 2859 3178 2933 contu-

643 2935 834 3013 lerat,
872 2956 999 3001 cur
1027 2954 1393 3022 corporum
1451 2955 1582 3001 non
1625 2933 1982 3012 conferret,
2037 2955 2333 3021 quorum
2386 2948 2450 3003 et
2496 2933 2769 3004 facilior
2816 2947 2918 3002 est
2971 2934 3180 3003 medi-

641 3025 822 3101 cina,
891 3036 955 3091 et
993 3021 1264 3178 potura
1311 3023 1574 3092 minor?
1636 3029 1856 3092 Immo
1908 3045 2027 3111 per
2082 3023 2446 3103 evidentia,
2515 3045 2692 3109 quae
2761 3025 3175 3111 praestabat,

646 3133 959 3190 munera,
1027 3112 1274 3179 atentia
1328 3111 1395 3179 in
1446 3134 1524 3181 eo
1570 3112 1990 3180 charismata
2035 3127 2099 3181 et
2148 3111 2626 3191 confirmabat,
2659 3124 2724 3180 et
2759 3112 3177 3181 declarabat.

647 3201 768 3269 Sed
818 3202 929 3268 Vir
984 3201 1244 3268 Domini
1299 3200 1366 3268 in
1423 3202 1716 3280 cunctis,
1771 3223 1947 3287 quae
1985 3223 2103 3290 per
2134 3201 2657 3275 eum,Cbristus
2698 3199 3036 3270 efficiebat
3074 3199 3182 3268 sui

645 3288 1029 3358 custodiam
1093 3311 1224 3357 non
1283 3289 1653 3369 omittens,
1712 3289 2052 3359 intantum
2109 3290 2429 3370 timebat,
2498 3290 2619 3358 ubi
2685 3290 2928 3359 merito
2981 3290 3182 3359 timor

648 3376 1086 3445 adhibendus
1124 3390 1315 3458 erat,
1374 3394 1445 3447 ut
1492 3379 1633 3447 illic
1694 3379 1896 3447 etiam
1952 3378 2358 3466 plerumque
2411 3378 2824 3466 trepidaret,
2867 3378 2986 3447 ubi
3045 3399 3180 3447 non

650 3478 794 3533 erat
845 3465 1066 3533 timor.
1109 3470 1267 3533 Eam
1311 3466 1397 3534 ob
1437 3489 1573 3534 rem
1634 3489 1905 3556 semper
1956 3468 2321 3536 Dominum
2377 3468 2812 3555 precabatur,
2858 3480 2933 3536 ut
2993 3464 3182 3534 fene-

652 3568 827 3622 stras
876 3555 1182 3640 corporis
1225 3555 1331 3622 sui
1372 3568 1490 3624 aut
1521 3556 1925 3636 obstrueret,
1963 3568 2081 3625 aut
2114 3555 2512 3635 custodiret,
2556 3578 2639 3624 ne
2675 3578 2795 3657 per
2832 3578 2947 3625 eas
2982 3555 3186 3623 noxia

651 3643 978 3730 irreperet
1008 3645 1587 3730 concupiscentia.
1625 3666 1783 3713 eum
1836 3667 1969 3731 qua
2008 3666 2190 3713 mors
2224 3644 2394 3713 solet
2427 3645 2722 3733 ingredi.
2762 3642 2964 3714 Malle
2994 3644 3180 3711 enim

652 3754 722 3802 se
775 3731 1149 3800 testabatur
1187 3734 1501 3801 orbatum
1571 3733 1956 3802 luminibus
2004 3733 2258 3802 intrare
2321 3733 2389 3802 in
2460 3756 2530 3801 re
2586 3756 2748 3802 num
2794 3735 2932 3814 Dei,
2972 3753 3181 3819 quam

649 3821 788 3889 illis
831 3819 1113 3910 integris
1155 3821 1330 3888 mitti
1367 3821 1432 3889 in
1486 3821 1896 3910 gebennam.
1954 3822 2114 3912 Ejus
2154 3844 2309 3891 vero
2357 3824 2543 3912 preci
2600 3845 2679 3892 us
2727 3843 3044 3891 annuens
3092 3822 3177 3901 is,

646 3911 761 3998 qui
802 3931 1041 3978 omnes
1077 3910 1142 3977 in
1182 3931 1306 3978 suo
1349 3911 1650 3990 nomine,
1694 3910 1817 3980 boc
1857 3924 2001 3994 est,
2045 3932 2270 3980 veram
2312 3912 2599 3980 salutem
2645 3933 2839 3981 suam
2881 3923 3184 3999 petentes

646 3999 947 4079 exaudit,
980 3999 1345 4068 exteriores
1378 3999 1624 4087 capitis
1665 4000 1816 4082 eius
1855 4000 2206 4079 fenestras,
2243 3999 2420 4069 lucis
2457 3999 2831 4078 ministraS,
2876 4021 3015 4086 qua
3047 3998 3186 4086 pie-

647 4100 780 4155 tate
831 4100 1111 4176 rogatus
1155 4101 1278 4166 est,
1317 4087 1609 4168 clausit3
1663 4088 1776 4157 sed
1820 4088 2244 4157 cumulatius
2277 4089 2505 4157 cordis
2550 4086 2786 4157 oculos
2838 4086 3180 4177 aperiens,

654 4175 1018 4262 multiplici
1058 4176 1332 4246 foenore
1373 4176 1546 4245 lucis
1594 4189 1909 4246 externae
1942 4177 2298 4246 orbitatem
2333 4177 2824 4266 compensavit.
2863 4181 2961 4245 Ita
2995 4177 3183 4245 enim

653 4265 800 4332 sine
833 4265 1190 4333 oculorum
1242 4266 1665 4335 adminiculo
1714 4266 1796 4335 ad
1835 4266 2192 4335 ecclesiam
2229 4266 2558 4345 veniebat,
2601 4287 2680 4334 ac
2710 4266 2765 4335 si
2800 4264 2938 4333 illis
2976 4264 3185 4354 plane

654 4352 939 4440 integris
990 4354 1164 4421 viam
1216 4369 1565 4435 cerneret,
1606 4376 1813 4441 quam
1865 4354 2194 4424 calcabat.
2263 4360 2481 4423 lmmo
2535 4355 2736 4423 etiam
2808 4353 2933 4421 hoc
2994 4352 3179 4454 ipso,

652 4442 835 4529 quod
888 4441 1120 4510 lumen
1174 4444 1528 4513 nocturnis
1596 4444 1782 4513 horis
1852 4466 1981 4513 non
2027 4443 2452 4532 requirebat,
2531 4443 2712 4513 sicut
2757 4441 3060 4525 faceret,
3104 4463 3209 4536 'sk

3216 4541 3327 4616 *¹-
