3347 4999
713 358 830 422 122
1482 375 1555 419 οε
1606 376 1659 422 s.
1721 371 2064 421 FRANclsCO
2114 372 2296 422 conr.
2655 333 2656 336 ¹
2896 354 3084 420 OCT.
3149 355 3191 417 4-

616 460 823 530 Solvit
861 457 1158 548 'proinde
1205 457 1667 527 calceamenta
1740 458 1823 527 de
1886 457 2200 547 pedibus,
2274 457 2557 546 deponit
2613 457 2989 534 baculum,
3058 478 3193 546 pe-

619 572 759 618 ram
803 561 866 617 et
901 547 1260 638 pecuniam
1313 560 1691 626 execratur,
1757 551 2031 635 unaque
2086 559 2450 616 contentus
2518 545 2851 624 tunicula,
2915 546 3190 634 rejecta

616 637 934 727 corrigia,
987 658 1104 727 pro
1155 635 1435 725 cingulo
1485 635 1719 704 funem
1772 637 2006 715 sumit,
2048 657 2319 705 omnem
2359 633 2895 705 sollicitudinem
2934 634 3191 703 cordis

618 747 1022 816 apponenS‚
1076 724 1370 812 qualiter
1418 724 1655 793 audita
1723 724 2074 814 perficiat,
2128 737 2193 793 et
2242 721 2661 813 Apostolicae
2727 722 3190 793 rectitudinis

617 815 894 905 regulae
955 836 1072 904 per
1118 814 1353 883 omnia
1394 834 1463 883 se
1512 825 1801 902 coaptet.
1858 814 2087 903 Coepit
2134 835 2212 882 ex
2264 813 2389 882 hoc
2449 812 2548 881 vir
2604 813 2715 881 Dei
2771 812 3013 881 divino
3071 811 3194 879 in-

617 905 871 973 stinctu
922 901 1364 992 Evangelicae
1405 900 1842 1002 perfectionis
1891 902 2273 971 aemulator
2319 902 2628 980 existere,
2674 914 2737 970 et
2791 900 2877 969 ad
2934 901 3194 990 poeni-

617 994 896 1062 tentiam
943 1005 1245 1061 caeteros
1280 991 1593 1060 invitare.
1638 995 1846 1059 Erant
1879 1005 2106 1060 autem
2146 991 2367 1082 ipsius
2401 990 2674 1078 eloquia
2710 1011 2842 1059 non
2900 989 3185 1067 inania,

619 1104 742 1150 nec
779 1082 923 1152 risu
955 1080 1189 1171 digna,
1236 1079 1349 1149 sed
1398 1081 1644 1149 virtute
1681 1079 1977 1169 Spiritus
2021 1080 2244 1149 Sancti
2291 1080 2516 1169 plena,
2568 1077 2906 1149 medullas
2939 1077 3192 1148 cordis

620 1171 1068 1258 penetrantia,
1123 1182 1198 1237 ut
1249 1169 1314 1236 in
1356 1168 1821 1238 vehementem
1876 1182 2224 1258 stuporem
2277 1168 2635 1242 audientes
2669 1179 3184 1237 converterent.

619 1264 695 1328 In
746 1260 936 1328 omni
989 1257 1492 1348 praedicatione
1524 1279 1649 1326 sua
1688 1278 1921 1347 pacem
1955 1258 2416 1336 annuncians,
2462 1256 2799 1326 dicendos
2834 1257 3191 1326 Dominus

617 1349 731 1417 det
779 1348 969 1417 vobis
1015 1367 1276 1436 pacem,
1336 1344 1667 1436 populum
1724 1347 1791 1415 in
1843 1348 2178 1415 sermonis
2225 1345 2501 1415 exordio
2551 1346 2917 1416 salutabat.
2977 1350 3186 1414 Hanc

617 1438 876 1526 quippe
914 1435 1420 1515 salutationem,
1470 1435 1755 1504 Domino
1788 1434 2146 1515 revelante,
2186 1434 2542 1515 didicerat,
2581 1435 2759 1504 sicut
2798 1436 2949 1525 ipse
2996 1448 3193 1524 post-

622 1526 903 1594 modum
971 1525 1368 1595 testabatur.
1429 1523 1617 1592 Unde
1665 1523 1919 1593 sactum
1994 1537 2117 1604 est,
2172 1538 2244 1593 ut
2304 1524 2498 1613 juxta
2559 1544 2944 1593 sermonem
3021 1545 3190 1613 pro-

623 1615 997 1704 pheticum,
1051 1625 1114 1681 et
1163 1613 1309 1703 ipse
1361 1613 2155 1702 prophetarumnspiritu
2203 1612 2495 1694 afflatuS‚
2551 1614 3020 1682 annunciaret
3064 1634 3194 1702 pa-

618 1726 821 1784 cem,
903 1702 1325 1792 praedicaret
1390 1701 1738 1781 salutem,
1808 1723 1886 1770 ac
1957 1702 2380 1771 salutaribus
2456 1703 2732 1771 monitis
2793 1701 3194 1771 foederaret

624 1792 960 1882 plurimos
1013 1812 1205 1860 verae
1238 1790 1417 1891 paci,
1464 1790 1580 1877 qui
1632 1789 1984 1860 discordes
2024 1813 2061 1859 a
2121 1791 2383 1860 Christo
2427 1790 2668 1880 prius»,
2723 1791 3104 1860 extiterant
3157 1815 3196 1859 a

622 1881 842 1951 salute
892 1880 1279 1970 longinqui.

710 1975 744 2060 ξ
780 1975 943 2042 lo.
998 1974 1473 2038 Innotescen'te
1506 1969 1736 2055 itaque
1774 1968 1957 2058 apud
2007 1969 2258 2038 multos
2301 1969 2426 2036 viri
2469 1969 2605 2049 Dei,
2647 1981 2781 2037 tam
2817 1967 3198 2038 doctrinae

623 2061 750 2128 sim
812 2058 961 2128 licis
1030 2059 1355 2136 veritate,
1422 2079 1628 2143 quam
1694 2058 1920 2136 vitae,
1982 2072 2357 2146 coeperunt
2407 2058 2626 2147 ipsius
2673 2054 2995 2145 exemplo
3059 2059 3198 2126 viri

621 2148 739 2236 qui
796 2169 905 2216 arn
958 2146 1041 2215 ad
1099 2147 1582 2237 poenitentiam
1634 2148 1981 2225 animari,
2045 2159 2109 2215 et
2159 2146 2442 2226 eidem,
2501 2147 2764 2235 rejectis
2812 2146 3193 2228 omn'rbuS,

623 2236 863 2306 habitu
919 2237 1193 2323 vitaque
1258 2235 1612 2323 conjungi.
1668 2241 1971 2316 Quorum
2026 2235 2297 2324 primus
2342 2235 2557 2304 extitit
2606 2235 2709 2303 vir
2759 2236 3199 2305 venerabilis

623 2324 1038 2404 BernarduS‚
1093 2325 1211 2412 qui
1264 2323 1635 2393 vocationis
1685 2323 1959 2392 divinae
2013 2325 2353 2415 particeps
2409 2322 2669 2402 sactuS,
2727 2323 2942 2413 patris
2999 2324 3199 2393 beati

624 2414 1127 2505 primogenitus
1175 2434 1323 2483 esse
1367 2413 1765 2504 promeruit,
1810 2426 1944 2481 tam
2002 2413 2348 2503 prioritate
2392 2412 2741 2515 temporis,
2782 2434 3000 2499 quam
3045 2414 3199 2503 pri-

624 2503 872 2593 vilegio
921 2503 1323 2573 sanctitatis.
1381 2502 1503 2572 Hic
1552 2502 1737 2571 enim
1790 2502 1961 2571 servi
2015 2503 2256 2572 Christi
2325 2514 2722 2593 paupertate
2769 2515 3146 2591 comperta
3179 2559 3194 2577 .

625 2593 845 2682 ipsius
871 2593 1181 2683 exemplo
1212 2592 1590 2681 disponens
1627 2589 1916 2679 perfecte
1941 2603 2381 2660 contemnere
2410 2591 2774 2672 mundum,
2810 2591 2898 2661 ab
2927 2591 3193 2661 eodem

623 2681 918 2767 qualiter
962 2681 1027 2749 id
1083 2680 1455 2771 perficeret,
1509 2679 1879 2749 consilium
1943 2680 2317 2767 requisivit.
2374 2685 2519 2763 Quo
2567 2680 2847 2761 audito,
2908 2681 3033 2749 Dei
3087 2680 3196 2749 fa-

627 2770 858 2839 mulus
912 2792 1031 2859 pro
1085 2769 1398 2860 propriae
1451 2768 1661 2858 prolis
1710 2782 2042 2859 conceptu
2094 2769 2321 2838 Sancti
2375 2770 2670 2859 Spiritus
2702 2768 3196 2839 consolatione

626 2859 968 2949 repletus:
1024 2864 1069 2928 A
1122 2865 1250 2927 Deo
1299 2871 1422 2929 est.
1479 2858 1730 2947 inquit,
1784 2857 1911 2927 hoc
1960 2857 2330 2926 consilium
2389 2856 2905 2944 requirendum.
2945 2862 3192 2927 Intra-

628 2961 868 3016 verunt
920 2948 1205 3038 p‘roinde
1253 2946 1615 3015 ecclesiam
1670 2947 1886 3014 sancti
1922 2946 2202 3027 Nicolai,
2243 2967 2444 3016 mane
2472 2947 2617 3036 Jam
2655 2945 2875 3014 facto:
2916 2960 2986 3015 et
3026 2968 3193 3014 ora·

628 3037 807 3104 tione
860 3037 1286 3126 praemissa,
1350 3034 1575 3104 cultor
1631 3034 1980 3103 Trinitatis
2046 3035 2450 3105 Franciscus
2499 3047 2599 3103 ter
2648 3035 3192 3125 Evangeliorum

629 3124 881 3193 librum
934 3126 1245 3215 aperuit,
1299 3125 1477 3193 trino
1526 3122 1903 3215 exposcens
1950 3146 1988 3192 a
2042 3128 2171 3193 Deo
2221 3124 2609 3194 testimonio
2650 3137 2966 3192 sanctum
3025 3129 3191 3192 Ber-

627 3213 824 3283 nardi
880 3214 1304 3304 propositum
1357 3212 1782 3282 confirmari.
1840 3217 1929 3281 In·
1962 3213 2181 3302 prima
2232 3211 2388 3282 libri
2442 3213 2791 3304 apertione
2842 3211 3015 3281 illud
3071 3234 3190 3281 oc-

625 3302 883 3371 currit:
938 3306 1016 3372 Sz'
1056 3305 1158 3370 vis
1203 3304 1535 3394 perfectus
1584 3325 1743 3382 esse,
1802 3302 1970 3371 vade
2018 3312 2080 3370 et
2111 3303 2317 3371 vende
2354 3304 2579 3371 omnia
2617 3325 2793 3393 quae
2842 3302 3070 3375 habes,
3121 3314 3188 3369 et

627 3391 716 3459 da.
758 3393 1195 3482 pauperibus.
1250 3395 1326 3459 In
1370 3390 1720 3460 secunda:
1777 3393 1964 3459 Nihil
1997 3393 2292 3460 tuleritis
2341 3393 2409 3458 in
2469 3393 2607 3470 via,
2672 3401 2794 3459 etc.
2849 3395 2924 3460 In
2980 3391 3188 3459 tertia

626 3500 783 3548 vero
812 3502 825 3545 :
850 3482 991 3563 'Qui
1012 3483 1159 3548 vult
1195 3482 1421 3549 venire
1443 3491 1590 3570 post
1618 3504 1746 3560 me,
1788 3481 2063 3570 abneqet
2088 3482 2538 3570 semetipsum,
2573 3490 2633 3549 ec
2675 3482 2873 3549 collat
2912 3502 3186 3547 crucem

624 3591 842 3647 suam,
896 3580 956 3636 et
1009 3580 1337 3659 sequatur
1394 3591 1519 3637 me.
1576 3573 1757 3638 Haec
1806 3582 1928 3640 est.
1982 3568 2077 3637 ait
2126 3569 2227 3637 vir
2275 3581 2578 3647 sanctus,
2633 3569 2770 3636 vita
2817 3582 2880 3637 et
2937 3568 3192 3658 regula

628 3670 910 3737 nostra,
965 3659 1465 3742 omniumque,
1521 3658 1637 3743 qui
1695 3670 1962 3727 nostrae
2034 3656 2375 3727 voluerint
2444 3657 2748 3727 societati
2810 3657 3182 3745 conjungi.

628 3745 807 3815 Vade
871 3747 1125 3837 igitur.
1180 3746 1238 3813 si
1289 3746 1389 3813 vis
1441 3744 1780 3833 perfectus
1829 3767 2013 3822 esse,
2067 3761 2132 3815 et
2185 3746 2432 3836 perfice
2470 3767 2647 3834 quae
2695 3745 2976 3816 audisti.
3035 3751 3185 3816 Non

630 3834 847 3904 multo
901 3846 1048 3923 post
1099 3835 1349 3903 vocatis
1396 3833 1631 3903 eodem
1687 3835 1936 3925 spiritu
1983 3837 2293 3923 quinque
2343 3836 2545 3911 viris,
2606 3834 2911 3904 filiorum
2965 3838 3195 3902 Fran·

626 3924 793 3993 cisci
837 3923 1151 3992 senarius
1186 3944 1516 3992 numerus
1556 3923 1941 4013 completus
1976 3938 2076 3993 est
2110 3948 2124 3990 z
2171 3925 2347 3993 inter
2379 3944 2552 4010 quos
2581 3923 2853 3993 tertium
2898 3923 3196 3991 sortitus

626 4027 725 4081 est
776 4011 1001 4081 locum
1056 4025 1337 4081 sanctus
1389 4026 1576 4101 pater
1623 4012 1968 4104 aegidius,
2025 4012 2127 4081 vir
2174 4013 2412 4100 utique
2464 4016 2593 4081 Deo
2645 4011 2916 4103 plenuS,
2972 4022 3040 4079 et
3077 4034 3197 4079 ce·

630 4100 799 4169 lebri
826 4102 1150 4170 memoria
1183 4100 1462 4190 dignus.
1495 4102 1619 4171 Hic
1646 4102 1897 4171 etenim
1940 4101 2374 4191 postmodum
2398 4101 2724 4171 virtutum
2763 4098 3193 4170 sublimium

585 4196 589 4201 ’
626 4191 1105 4258 exercitatione
1138 4189 1556 4278 praeclarus,
1591 4192 1768 4262 sicut
1801 4190 2106 4261 famulus
2140 4191 2404 4260 Domini
2440 4190 2524 4259 de
2552 4190 2775 4279 seipso
2811 4187 3192 4279 praedixit.

626 4299 1049 4366 quamquam
1094 4292 1273 4348 esset
1322 4279 1529 4349 idiota
1577 4294 1640 4349 et
1697 4277 2034 4368 simplex,
2090 4278 2172 4348 ad
2225 4281 2527 4349 excelsae
2576 4276 3201 4368 contemplationis

627 4366 1041 4436 sublimatus
1091 4380 1192 4436 est
1258 4368 1600 4437 verticem.
1675 4372 1841 4437 Nam
1904 4389 2024 4457 per
2087 4367 2302 4437 multa
2370 4366 2720 4437 curricula
2782 4379 3196 4457 temporum

627 4477 903 4525 sursum
970 4456 1354 4526 actionibus
1412 4457 1833 4526 incessanter
1888 4457 2231 4536 intentus,
2291 4455 2459 4525 adeo
2514 4455 2773 4525 crebris
2830 4455 2904 4541 in
2967 4461 3202 4528 Deum
