3347 4999
780 334 907 398 736
1556 350 1632 395 oa
1681 350 1735 394 s.
1793 349 2103 396 nummo
2152 350 2340 397 nur.
2898 330 3047 398 OCT.
3088 333 3152 399 28

689 435 850 505 facit
880 457 1122 505 omnes
1170 447 1404 525 gentes
1437 432 1505 502 in
1543 434 2023 523 prostitutione
2065 457 2188 503 sua
2233 434 2289 503 ⁸.
2345 433 2737 504 Studiorum
2786 456 2935 524 ergo
2978 436 3153 503 varie-

693 536 844 605 tate,
883 524 1048 593 dum
1085 544 1212 593 suo
1244 544 1556 611 quaeque
1587 539 1921 593 cresceret
1958 523 2333 598 molimine.
2373 524 2692 613 princeps
2728 524 2927 612 hujus
2957 523 3151 592 mundi

695 615 1229 700 persequebatur
1277 614 1342 680 in
1382 612 1712 682 membris
1752 612 1898 681 suis
1931 612 2268 679 civitatem
2310 613 2445 681 Dei.
2500 612 2967 681 Aemulationis
3006 612 3150 679 enim

688 700 1047 771 diversitas
1094 701 1461 770 virtutibus
1510 713 1854 789 perpetem
1903 722 2063 769 cum
2115 700 2297 768 vitiis
2378 702 2510 769 arit
2555 700 2977 769 conflictum:
3020 720 3153 785 quo-

693 790 874 858 niam
915 791 980 858 in
1018 789 1389 860 universali
1431 788 1659 858 furore
1694 789 2038 866 vitiorum,
2077 810 2322 879 genera
2360 790 2416 858 is
2449 810 2583 859 non
2625 789 2808 877 capit
2835 788 3154 857 constantia

691 879 1046 948 virtutum.
1098 883 1278 948 Haec
1325 878 1538 967 igitur
1582 876 1976 956 aemulatio,
2034 878 2199 946 haec
2241 878 2670 947 innocentiae
2716 877 2999 946 conditio
3037 897 3154 943 san—

688 979 875 1037 ctum
928 968 1333 1055 sanguinem
1385 988 1424 1035 a
1477 987 1702 1035 rerum
1743 979 1972 1036 manet
2003 966 2219 1035 initio.
2280 967 2576 1052 Denique
2626 978 3051 1065 protomartyr
3069 965 3155 1053 ju-

691 1069 837 1125 stus
866 1055 1021 1125 Abel
1062 1078 1179 1145 per
1203 1057 1361 1124 Cain
1393 1055 1554 1124 mali
1613 1076 1779 1123 num
1816 1068 2131 1124 necatur:
2179 1055 2463 1124 Hebraei
2497 1054 2798 1123 Deicolae
2829 1055 2892 1122 in
2927 1053 3155 1121 tribula·

691 1145 895 1213 tionis
923 1145 1199 1213 camino
1228 1166 1350 1236 per
1379 1144 1538 1213 Chal
1595 1165 1754 1212 aeos
1778 1143 2281 1224 examinantur,
2322 1143 2446 1212 filii
2481 1143 2685 1212 lsrael
2710 1164 2838 1232 per
2861 1140 3157 1231 Aegyptios

688 1232 1131 1323 affliguntur:
1187 1254 1308 1322 per
1354 1245 1848 1322 apostatantem
1889 1231 2220 1321 populum
2276 1233 2540 1301 Domini
2594 1233 2953 1322 prophetae
2989 1229 3155 1298 sancti

694 1322 1241 1391 mortificantur:
1297 1321 1782 1391 cruentissimo
1847 1342 2092 1411 genere
2153 1322 2392 1390 mortis
2441 1343 2560 1410 per
2621 1320 3012 1389 Antiochum
3064 1322 3157 1386 Ma-

689 1409 974 1478 chabaei
1025 1409 1483 1480 trucidantur.
1539 1414 1615 1478 Et
1663 1410 1732 1478 hi
1781 1410 2057 1495 quidem
2110 1409 2441 1480 vocabulo
2481 1409 2596 1478 tali
2637 1412 2875 1478 merito
2907 1408 3157 1475 videntur

693 1499 1052 1587 insigniti,
1117 1500 1234 1586 qui
1284 1499 1657 1568 certamine
1710 1497 1862 1567 forti
1910 1520 2067 1568 cum
2118 1500 2402 1586 antiquo
2449 1512 2763 1588 serpente
2820 1493 3155 1587 congressi,

691 1587 1168 1676 gloriosissimi
1212 1599 1730 1677 reportaverunt
1761 1587 1889 1656 insi
1949 1588 2059 1655 nia
2112 1588 2467 1676 triumphi.
2522 1592 2597 1657 In
2634 1587 2768 1667 his,
2809 1600 2882 1654 ut
2915 1587 2996 1654 ita
3025 1583 3158 1652 dixe·

693 1677 848 1757 rim,
889 1676 1192 1764 primum
1226 1676 1505 1745 animus
1537 1677 1785 1745 enituit
1821 1678 1911 1745 mi
1948 1676 2102 1746 itiae
2134 1675 2577 1765 triumphalis
2608 1700 2623 1740 ε
2675 1676 2842 1762 quia
2877 1674 3019 1743 licet
3050 1683 3159 1741 ante

687 1787 804 1835 eos
850 1765 1176 1833 omnibus
1244 1786 1414 1854 pene
1470 1765 1731 1853 justis,
1808 1787 1931 1854 pro
1997 1764 2427 1834 rectitudinis
2486 1764 2626 1834 zelo
2679 1763 3157 1854 persecutionem

695 1855 938 1940 passis,
981 1859 1188 1923 Deum
1227 1864 1453 1922 tamen
1510 1875 1779 1943 negare,
1832 1868 1896 1923 et
1941 1853 2146 1922 idolis
2197 1853 2606 1922 manufactis
2655 1853 2979 1921 inservire
3019 1867 3160 1938 coge

693 1943 893 2012 batur
924 1942 1183 2020 nullus,
1220 1943 1521 2032 exceptis
1553 1943 1786 2031 pueris
1815 1944 2055 2021 tribus,
2092 1942 2389 2012 fornacis
2439 1964 2559 2032 per
2597 1941 3163 2034 Nabuchodonosor

693 2032 997 2121 probatis
1046 2032 1349 2119 ignibus.
1405 2032 1524 2102 His
1570 2052 1732 2121 ergo
1781 2044 1944 2100 tunc
1993 2053 2269 2112 novum,
2324 2044 2389 2099 et
2438 2045 2615 2100 retro
2653 2029 2910 2100 seculis
2952 2024 3162 2097 inaudi-

694 2135 863 2198 tum,
917 2119 1126 2209 digne
1154 2142 1558 2190 concessum
1598 2133 1700 2188 est
1736 2120 1863 2188 hoc
1897 2119 2213 2190 victoriae
2261 2142 2503 2210 genuS,
2539 2120 2739 2206 quasi
2767 2120 2911 2209 jam
2946 2120 3163 2210 instaret

694 2224 990 2296 tempuS,
1042 2230 1178 2294 quo
1227 2209 1499 2278 testium
1538 2209 1783 2278 Christi
1837 2208 2434 2278 victoriosissimus
2471 2209 2714 2277 horum
2759 2209 2912 2277 trita
2945 2204 3164 2291 vestigia

693 2312 1090 2382 sequeretur
1126 2298 1486 2367 exercitus.
1540 2298 1715 2366 Hinc
1764 2298 1939 2366 inter
1984 2311 2267 2366 cunctos
2322 2298 2564 2366 veteris
2599 2296 3001 2366 Testamenti
3033 2311 3164 2359 mar-

697 2400 900 2475 tyreS,
946 2385 1192 2453 horum
1228 2398 1490 2454 tantum
1527 2408 1685 2455 cum
1724 2385 2164 2476 Evangelicae
2204 2384 2359 2453 fidei
2397 2384 3011 2474 triumphatoribus
3037 2377 3160 2447 infra

695 2487 1167 2544 sacrosanctae
1214 2474 1502 2545 actionis
1569 2475 1889 2577 mysteria
1958 2486 2317 2544 veneratur
2370 2474 2747 2544 memoria:
2805 2487 2880 2544 ut
2927 2486 3163 2560 quorum

697 2585 819 2654 par
864 2563 1080 2633 extitit
1125 2564 1368 2653 agonis
1417 2575 1723 2644 materia,
1779 2585 2037 2653 parque
2086 2563 2387 2645 victoria,
2447 2564 2594 2654 pari
2642 2562 2978 2653 triumphi
3019 2559 3164 2627 deco·

695 2664 932 2722 rentur
961 2665 1027 2721 et
1059 2652 1300 2741 gloria.

781 2744 928 2828 §¹⁸-
985 2746 1165 2810 Inter
1202 2742 1393 2820 haec,
1446 2740 1901 2820 dilectissimi,
1964 2740 2351 2810 dominator
2413 2740 2528 2809 ille
2584 2738 3163 2832 truculentissimus

694 2833 761 2898 in
811 2851 1017 2899 omne
1053 2829 1441 2900 mortalium
1481 2850 1701 2921 genus
1748 2829 1975 2897 adhuc
2040 2830 2389 2918 potestatis
2439 2851 2601 2898 suae
2649 2830 2833 2899 vires
2895 2834 3162 2899 exercuti,

696 2939 818 2987 nec
853 2918 994 2988 ullo
1029 2919 1501 3008 modojugum
1553 2918 1967 3006 captivitatis
2004 2920 2316 2986 excutere
2365 2917 2599 2996 valuit,
2652 2919 2775 3003 qui
2831 2918 3029 2987 libero
3060 2908 3167 3009 ppl·
3260 2944 3261 2955 ¹

696 3007 842 3076 lens
889 3007 1193 3087 arbitrio,
1234 3008 1409 3078 hosti
1462 3029 1532 3076 se
1580 3019 1823 3097 sponte
1862 3027 1982 3096 per
2026 3027 2439 3075 consensum
2490 3005 2828 3075 subdidit.
2884 3010 3049 3083 Hoc,
3092 3018 3167 3066 tn·

691 3117 928 3183 quam,
976 3097 1055 3184 ju
1165 3119 1226 3165 m
1280 3096 1539 3166 ratione
1573 3094 1762 3165 nulla
1824 3106 2081 3184 poterat
2119 3093 2312 3175 solvi,
2365 3094 2582 3164 donec
2632 3117 2673 3164 a
2720 3094 2897 3164 facie
2941 3107 3166 3177 compu·
3256 3152 3257 3157 ,

696 3198 1012 3253 tresceret
1043 3206 1083 3252 o
1113 3186 1171 3252 ei
1215 3185 1378 3273 (Isa.
1432 3184 1522 3273 x).
1571 3183 1947 3254 Ineffabilis
1999 3183 2210 3273 igitur
2254 3184 2770 3274 dispensatione
2822 3180 3087 3274 pietatiS,
3124 3183 3167 3273 et

697 3272 1179 3341 inenarrabilis
1217 3273 1434 3361 gratia
1464 3272 1875 3353 dilectionis,
1915 3272 1996 3341 ad
2043 3272 2328 3341 humani
2377 3271 2918 3362 redemptionem
2954 3283 3167 3367 genens

701 3365 872 3429 Deus
929 3365 1122 3429 Pater
1176 3381 1256 3428 ex
1296 3360 1605 3430 coelestis
1659 3362 1941 3430 militiae
2001 3361 2369 3430 virtutibus
2434 3360 2732 3442 nullum,
2804 3360 2921 3431 sed
2974 3356 3165 3427 Filium

695 3469 898 3517 suum
955 3448 1139 3517 misit
1176 3449 1638 3540 Unigenitum,
1695 3462 1769 3518 ut
1814 3472 1893 3519 ex
1941 3471 2145 3519 carne
2201 3449 2503 3539 virginea
2552 3471 2834 3518 carnem
2889 3447 3165 3517 indueret,

693 3549 759 3604 et
795 3536 1029 3605 eadem
1081 3536 1300 3605 forma
1336 3537 1713 3624 eademque
1764 3540 2067 3619 materia,
2117 3559 2326 3625 quam
2372 3538 2642 3620 vicerat,
2689 3537 2952 3608 hostem
2991 3526 3168 3627 debel-

697 3625 885 3706 laret,
948 3625 1434 3713 hominemque
1486 3626 1780 3695 libertati
1894 3628 2172 3696 ristinae
2229 3626 2634 3696 restitueret.
2688 3629 2817 3696 Hic
2866 3624 3169 3716 aequitatis

696 3736 948 3805 magno
979 3715 1139 3801 jure
1169 3727 1235 3783 et
1279 3649 2003 3805 incomprehensissilis
2034 3737 2209 3805 opus
2239 3727 2386 3785 erat
2417 3728 2560 3784 arte
2594 3716 3007 3804 sapientiae:
3048 3724 3167 3796 quta

694 3802 875 3892 quod
930 3803 1279 3892 malignus
1311 3804 1426 3872 ille
1466 3804 1803 3892 subJuris
1852 3805 1960 3875 sui
1995 3803 2268 3893 jamdiu
2325 3803 2720 3894 possederat
2767 3803 3036 3880 ditione,
3069 3814 3166 3865 non

696 3892 918 3984 potuit
954 3891 1253 3993 perdere,
1301 3892 1430 3961 nisi
1481 3892 1748 3965 eadem.
1783 3914 1989 3979 quam
2039 3893 2311 3972 vicerat,
2361 3898 2605 3962 natura
2647 3893 3044 3961 revincente.
3072 3887 3168 3953 110-

700 3981 908 4050 minis
957 3993 1044 4049 ita
1099 4002 1182 4049 ue
1215 3980 1429 4050 factor
1474 3981 1682 4051 homo
1729 3981 1971 4060 factus,
2027 3980 2096 4048 in
2156 3981 2350 4050 terris
2404 3982 2708 4069 virginea
2756 3980 2938 4050 suxit
2981 3976 3168 4068 aberit,

701 4089 946 4158 regens
984 4068 1042 4137 si
1096 4090 1234 4152 era,
1291 4070 1490 4160 panis
1522 4070 1719 4139 vivus
1763 4070 2028 4151 esuriit,
2082 4068 2233 4139 fons
2283 4070 2454 4139 vitae
2500 4069 2734 4150 sitivit,
2807 4068 2921 4139 lux
2966 4065 3173 4134 dormi·

699 4157 791 4225 vit
822 4179 836 4224 ε
874 4156 961 4226 ab
1010 4158 1249 4229 itinere
1289 4159 1396 4229 via
1432 4159 1735 4250 fatigata,
1777 4158 1949 4228 falso
1981 4159 2226 4228 veritas
2255 4171 2357 4228 est
2389 4172 2703 4229 accusata
2738 4181 2752 4226 :
2778 4156 2987 4248 judex
3030 4151 3173 4219 vivo·

697 4266 852 4316 rum
887 4258 954 4315 et
995 4260 1416 4322 mortuorum
1452 4270 1491 4317 a
1543 4247 1808 4317 mortali
1851 4246 2227 4336 judicatur,
2272 4248 2357 4316 ab
2405 4247 2682 4336 injustis
2714 4245 2982 4335 justitia
3023 4239 3175 4340 dnm·

699 4347 926 4415 natur,
969 4336 1187 4425 spinis
1234 4337 1472 4409 botrus
1510 4349 1900 4417 coronatur,
1935 4335 2456 4406 fundamentum
2500 4335 2969 4425 suspenditur,
3004 4336 3175 4398 vni-tus

745 4458 774 4487 *
799 4459 857 4500 In
875 4460 1015 4510 Apoo.
1041 4469 1137 4501 xvu
1157 4462 1206 4504 et
1226 4470 1325 4503 xix.
