3347 4999
784 299 866 362 70
1544 314 1621 359 na
1669 313 1724 359 s.
1778 311 2067 359 EnUAnno
2116 312 2274 359 asos
2870 294 3050 361 OCT.
3121 297 3214 361 ⁴3

650 398 987 468 Dominici
1032 420 1149 467 cor
1200 398 1338 467 oris
1370 409 1434 467 et
1466 397 1830 486 sanguinis
1858 411 2290 466 sacrosancta
2323 396 2672 484 mysteria:
2703 396 3209 486 populumque

650 509 963 558 sermone
1009 508 1129 555 eru
1188 487 1355 566 iens,
1399 485 1699 555 notificet
1746 485 2072 555 omnibus
2119 485 2306 553 hunc
2357 484 2582 553 locum
2637 507 2744 554 me
2792 485 3029 555 crebro
3093 488 3210 555 vi-

650 577 1040 656 sitaturum,
1096 575 1205 643 hic
1255 597 1363 643 me
1424 573 1731 643 fidelium
1785 574 1954 642 votis
2002 585 2067 642 et
2118 573 2435 661 precibus
2482 573 2902 643 affuturum:
2955 574 3210 645 sobrie

649 686 827 741 vero,
884 664 991 754 pie
1039 677 1102 732 et
1143 664 1328 753 juste
1376 663 1443 730 in
1496 662 1624 732 hoc
1665 661 1897 732 seculo
1937 661 2321 731 viventibus
2362 661 2531 730 coeli
2579 662 2866 750 januam
2920 685 3206 734 resem-

650 766 907 822 turum.
940 775 975 817 »
1010 752 1130 820 His
1177 751 1403 831 dictiS,
1443 751 1799 819 confestim
1851 751 1936 818 ab
1976 750 2193 819 oculis
2241 751 2390 839 ejus
2437 750 2801 838 disparuit.
2836 756 3028 820 Mane
3061 774 3204 822 au-

648 853 781 910 tem
832 840 1032 920 facto,
1085 841 1407 929 episcopo
1458 839 1705 908 Mellito
1754 838 1839 906 ad
1874 836 2330 908 dedicandam
2360 838 2717 908 ecclesiam
2761 840 3197 928 procedenti,

648 952 805 999 cum
862 930 1045 1018 pisce
1097 929 1392 1018 piscator
1429 928 1750 1007 occurrit,
1783 939 1847 995 et
1886 927 2112 995 omnia
2140 948 2316 1013 quae
2365 927 2495 995 sibi
2525 927 2842 996 mandata
2880 927 3196 1009 fuerant,

653 1017 913 1108 pandit.
972 1022 1206 1104 Stupet
1244 1017 1547 1095 antistes,
1611 1016 2064 1101 reseratisque
2109 1015 2435 1083 ecclesiae
2485 1017 2725 1097 valvis,
2781 1016 2959 1085 videt
2997 1020 3210 1106 pavi-

651 1119 959 1174 mentum
998 1106 1357 1190 utriusque
1407 1103 1753 1193 alphabeti
1787 1104 2229 1259 inscriptione
2265 1104 2635 1193 signatum,
2693 1105 3012 1193 parietem
3085 1108 3208 1176 bis

653 1194 837 1263 senis
886 1194 951 1261 in
1007 1193 1172 1262 locis
1207 1192 1772 1262 sanctificationis
1803 1191 1950 1260 oleo
2030 1194 2300 1272 initum,
2357 1191 2633 1262 totidem
2684 1214 3033 1263 cereorum
3091 1218 3201 1265 re-

652 1281 902 1367 liquias
948 1281 1289 1351 duodenis
1336 1280 1660 1350 crucibus
1708 1279 2085 1360 inhaerere,
2118 1294 2182 1349 et
2217 1281 2415 1367 quasi
2453 1282 2705 1350 recenti
2756 1284 3202 1372 respersione

649 1371 877 1440 adhuc
911 1383 1155 1439 cuncta
1208 1369 1615 1439 madescere.
1669 1368 1861 1450 Quod
1917 1369 2150 1438 videns
2198 1370 2609 1458 EpiscopuS,
2665 1392 2806 1438 una
2853 1393 3013 1439 cum
3067 1394 3198 1460 po—

652 1459 814 1548 pulo
853 1464 1058 1527 Deum
1116 1459 1582 1537 benedicebat,
1637 1471 1702 1525 et
1755 1457 1854 1525 illi
1897 1457 2159 1546 gratias
2209 1457 2562 1528 referebat.
2621 1462 2740 1530 Dat
2788 1458 2996 1528 fidem
3057 1462 3201 1529 mi-

648 1547 880 1616 raculo
929 1548 1288 1648 piscatoris
1319 1546 1507 1615 illius
1557 1559 1693 1615 tota
1740 1546 2106 1627 successi0‚
2160 1567 2334 1632 quae
2367 1548 2543 1615 sicut
2577 1570 2614 1614 a
2663 1560 2851 1635 patre
2898 1569 3198 1637 accepe-

646 1649 770 1715 rat,
828 1649 1031 1705 tottus
1064 1635 1532 1714 emolumenti,
1586 1634 1766 1721 quod
1806 1657 1915 1704 ars
1952 1634 2067 1703 illa
2117 1634 2442 1724 deinceps
2488 1635 2546 1703 ei
2588 1635 2951 1715 conterret,
2989 1635 3197 1705 beato

644 1728 836 1793 Petro
891 1725 1088 1811 eique
1135 1723 1589 1794 servientibus
1652 1722 1954 1791 decimas
2015 1723 2361 1792 offerebat.
2423 1728 2609 1793 Unus
2682 1738 2905 1793 tamen
2972 1727 3192 1795 semel

643 1812 954 1882 fraudem
1007 1835 1218 1881 ausus
1254 1811 1524 1892 inferre,
1570 1832 1722 1879 mox
1763 1812 2024 1880 tamdiu
2073 1811 2238 1881 artis
2285 1812 2506 1881 caruit
2557 1812 2922 1891 beneficio,
2964 1813 3192 1883 donec

643 1902 999 2001 confessus
1038 1913 1327 1980 reatum,
1382 1913 1447 1969 et
1493 1899 1801 1969 ablatum
1870 1900 2297 1981 restitueret,
2351 1912 2414 1969 et
2487 1902 2906 1990 promitteret
2956 1924 3192 1972 corre·

643 2003 963 2059 ctionem.

732 2081 766 2164 §
813 2083 955 2151 14.
1011 2081 1189 2145 Haec
1237 2099 1394 2145 cum
1434 2088 1714 2145 sanctus
1765 2076 2127 2146 Eduardus
2170 2076 2495 2146 relatione
2543 2098 2621 2145 ac
2677 2077 2956 2167 scriptis
3008 2092 3192 2148 vete-

644 2188 801 2234 rum
852 2164 1226 2245 didicisset,
1281 2165 1364 2233 ad
1419 2166 1910 2234 monasterium
1962 2164 2133 2235 illud
2187 2165 2564 2247 aedificiiS‚
2624 2165 3190 2255 possessionibus

646 2267 711 2323 et
758 2253 1210 2343 dignitatibus
1259 2253 1464 2322 altius
1525 2253 1984 2323 extollendum
2052 2254 2304 2324 exarsit
2363 2253 2643 2323 animus
2691 2255 2865 2344 ejuS‚
2910 2268 2979 2324 et
3064 2279 3192 2345 pro

649 2342 1027 2431 privilegiis
1077 2342 1264 2411 illius
1302 2342 1426 2410 loci
1478 2344 1898 2429 caeterisque
1944 2344 2213 2423 causis,
2272 2343 2563 2412 nuncios
2622 2347 2911 2411 Romam
2963 2355 3194 2413 trans-

649 2430 857 2510 misit,
929 2430 1127 2499 talem
1189 2430 1544 2521 epistolam
1598 2435 1816 2521 Papae
1864 2430 2273 2501 deferentes:
2352 2453 2387 2497 «
2423 2435 2706 2501 Summo
2769 2432 3193 2504 universalis

645 2517 971 2588 ecclesiae
1030 2520 1202 2609 patri
1270 2520 1542 2590 Nicolao
1590 2520 1643 2599 ²⁶,
1716 2520 2077 2589 Eduardus
2125 2520 2346 2621 gratia
2407 2521 2517 2588 Dei
2589 2519 2965 2610 Anglorum
3019 2544 3182 2602 rex,

645 2608 943 2677 debitam
994 2622 1058 2677 et
1131 2608 1619 2698 subjectionem
1676 2621 1739 2676 et
1808 2608 2290 2678 obedientiam.
2340 2607 2841 2704 ‚Glorificamus
2911 2613 3183 2691 Deum,

643 2698 802 2782 quia
852 2718 1090 2765 curam
1135 2697 1337 2765 habet
1377 2719 1539 2766 suae
1588 2696 1839 2766 electae
1889 2698 2249 2779 Ecclesiae,
2301 2698 2643 2783 'quoniam
2696 2698 2763 2765 in
2820 2696 2971 2766 loco
3018 2698 3188 2768 boni

644 2784 1186 2884 praedecessoris
1238 2807 1351 2856 vos
1400 2785 1739 2874 optimum
1804 2808 2265 2856 successorem
2317 2786 2694 2855 constituit.
2749 2789 3192 2877 Quapropter

633 2885 901 2963 Justum
943 2874 1369 2964 JudicamuS,
1417 2874 1598 2962 apud
1636 2895 1751 2942 vos
1802 2873 1982 2943 velut
2029 2875 2111 2942 ad
2164 2873 2453 2943 solidam
2502 2888 2756 2963 petram
2819 2896 3078 2943 acuere
3127 2889 3196 2945 et

644 2965 932 3052 probare
978 2984 1216 3032 omnes
1259 2965 1472 3032 bonas
1521 2962 1822 3032 actiones
1858 2975 2146 3043 nostras,
2182 2975 2246 3031 et
2287 2975 2574 3032 vestram
2621 2963 2933 3031 notitiam
2979 2976 3195 3050 atque

642 3052 1025 3120 societatem
1080 3052 1147 3120 in
1202 3052 1379 3121 bono
1413 3051 1686 3129 habere;
1731 3064 2069 3134 quatenus
2097 3073 2212 3118 eas
2259 3050 2661 3119 donationes
2696 3062 2759 3118 et
2789 3047 3186 3141 privilegia,

641 3161 817 3226 quae
864 3140 1292 3209 obtinuimus
1324 3139 1507 3229 apud
1564 3139 2151 3229 praedecessorem
2189 3152 2513 3218 vestrum,
2557 3139 2892 3209 renovetis
2939 3152 3006 3207 et
3056 3163 3194 3210 au-

545 3254 548 3257 *
646 3228 861 3318 geatis
912 3229 1132 3309 nobiS,
1182 3229 1491 3297 videlicet
1528 3242 1603 3296 ut
1650 3227 1833 3314 quod
1886 3227 1999 3296 ille
2051 3228 2440 3315 injunxerat
2481 3228 2677 3298 nobis
2728 3228 2856 3296 sub
2895 3231 3194 3299 nomine

642 3315 1068 3416 obedientiae
1106 3329 1170 3384 et
1213 3317 1661 3416 poenitentiae
1715 3328 1988 3406 propter
2032 3329 2283 3396 votum,
2322 3316 2504 3402 quod
2559 3338 2870 3386 voveram
2921 3316 3023 3385 ire
3045 3321 3191 3386 Ro-

641 3425 827 3472 mam
861 3458 875 3483 ,
929 3415 992 3471 et
1040 3425 1106 3471 in
1160 3406 1632 3474 remissionem
1682 3405 1994 3473 omnium
2072 3417 2501 3493 peccatorum
2581 3426 2889 3473 meorum
2924 3459 2938 3485 ‚
3011 3426 3192 3474 con-

640 3504 901 3561 struere
949 3493 1355 3561 coenobium
1410 3493 1901 3563 monachorum
1939 3493 2006 3561 in
2061 3494 2316 3562 honore
2355 3493 2643 3582 apostoli
2696 3494 2895 3574 Petri,
2946 3507 3190 3564 ratum

637 3581 925 3660 faciatis,
980 3594 1043 3649 et
1096 3581 1447 3670 privilegia
1504 3582 2013 3671 possessionum
2068 3595 2131 3650 et
2180 3581 2595 3671 dignitatum
2654 3581 2966 3671 ejusdem
3041 3583 3187 3654 loci

639 3669 1082 3748 confirmetis,
1122 3671 1454 3738 renovetis
1488 3684 1550 3738 et
1585 3669 1992 3739 decernatis..
2029 3676 2167 3760 Ego
2200 3692 2470 3758 quoque
2510 3692 2629 3758 pro
2694 3669 2979 3739 modulo
3029 3692 3194 3742 meo

638 3782 725 3828 au
777 3781 854 3828 eo
902 3773 963 3828 et
998 3758 1332 3827 confirmo
1359 3758 1760 3827 donationes
1793 3771 1856 3828 et
1891 3760 2424 3829 consuetudines
2479 3758 2958 3848 pecuniarum,
3002 3781 3192 3845 quas

637 3783 840 3917 haget
890 3860 1169 3917 sanctus
1210 3852 1444 3916 Petrus
1495 3848 1565 3916 in
1612 3847 1890 3936 Anglia;
1934 3860 1995 3915 et
2037 3848 2223 3936 ipsas
2275 3847 2602 3937 pecunias
2651 3846 2969 3916 collectas
3014 3870 3191 3918 cum

638 3937 984 4027 regalibus
1033 3937 1232 4006 donis
1285 3936 1474 4005 mitto
1515 3936 1729 4015 vobis,
1783 3950 1857 4005 ut
1903 3937 2108 4005 oretis
2159 3958 2280 4024 pro
2315 3958 2444 4016 me,
2484 3948 2547 4005 et
2599 3958 2718 4025 pro
2765 3956 2928 4024 pace
2983 3939 3194 4025 regni

637 4027 793 4105 mei,
847 4039 910 4094 et
942 4026 1341 4095 continuam
1384 4047 1461 4094 ac
1490 4025 1865 4095 solemnem
1903 4026 2304 4094 memoriam
2339 4025 2712 4094 instituatis
2763 4024 2973 4093 totius
3003 4047 3192 4114 gen-

637 4113 722 4182 tis
759 4115 1037 4204 Angliae
1069 4137 1296 4184 coram
1348 4114 1754 4204 corporibus
1789 4127 2185 4182 sanctorum
2236 4114 2733 4201 Apostolorum.
2767 4135 2802 4179 »
3311 4165 3312 4206 ἡ

723 4204 758 4289 ξ
790 4210 932 4276 15.
974 4204 1347 4292 Rescripsit
1378 4216 1603 4273 autem
1641 4203 1716 4271 ei·
1738 4208 1920 4292 Papa
1951 4203 2019 4270 in
2051 4203 2234 4271 hunc
2263 4202 2584 4271 modumz
2619 4224 2654 4268 «
2681 4200 3005 4271 Nicolaus
3037 4205 3200 4292 epi-

635 4314 886 4381 scopus
928 4314 1164 4362 servus
1214 4315 1561 4364 servorum
1615 4293 1754 4373 Dei,
1810 4291 2307 4382 gloriosissimo
2356 4313 2434 4361 ac
2472 4290 2804 4382 piissimO,
2841 4290 3196 4378 omnique

686 4419 708 4440 ¹·
734 4418 958 4461 Nicolaus
986 4419 1047 4457 11.
