<?xml version="1.0" encoding="UTF-8"?>
<!DOCTYPE html PUBLIC "-//W3C//DTD XHTML 1.0 Transitional//EN"
    "http://www.w3.org/TR/xhtml1/DTD/xhtml1-transitional.dtd">
<html xmlns="http://www.w3.org/1999/xhtml" xml:lang="en" lang="en">
 <head>
  <title>
</title>
<meta http-equiv="Content-Type" content="text/html;charset=utf-8" />
  <meta name='ocr-system' content='tesseract 3.04.00' />
  <meta name='ocr-capabilities' content='ocr_page ocr_carea ocr_par ocr_line ocrx_word'/>
</head>
<body>
  <div class='ocr_page' id='page_1' title='image "./historiaeseuvit03lippgoog_0486.png"; bbox 0 0 3347 4999; ppageno 0'>
   <div class='ocr_carea' id='block_1_1' title="bbox 671 329 3113 399">
    <p class='ocr_par' dir='ltr' id='par_1_1' title="bbox 671 329 3113 399">
     <span class='ocr_line' id='line_1_1' title="bbox 671 329 3113 399; baseline 0.003 -7"><span class='ocrx_word' id='word_1_1' title='bbox 671 329 798 392; x_wconf 69' lang='lat'>4⁴4</span> <span class='ocrx_word' id='word_1_2' title='bbox 1244 346 1323 392; x_wconf 73' lang='lat' dir='ltr'>nn</span> <span class='ocrx_word' id='word_1_3' title='bbox 1369 346 1424 393; x_wconf 93' lang='lat' dir='ltr'>s.</span> <span class='ocrx_word' id='word_1_4' title='bbox 1477 343 1779 394; x_wconf 78' lang='lat' dir='ltr'>nommco</span> <span class='ocrx_word' id='word_1_5' title='bbox 1825 345 2126 394; x_wconf 63' lang='lat' dir='ltr'>Loiucaro</span> <span class='ocrx_word' id='word_1_6' title='bbox 2172 347 2442 395; x_wconf 69' lang='lat' dir='ltr'>naemu</span> <span class='ocrx_word' id='word_1_7' title='bbox 2804 331 2976 397; x_wconf 90' lang='lat' dir='ltr'>OCT.</span> <span class='ocrx_word' id='word_1_8' title='bbox 3033 334 3113 399; x_wconf 75' lang='grc'>14-</span> 
     </span>
    </p>
   </div>
   <div class='ocr_carea' id='block_1_2' title="bbox 571 428 3119 4329">
    <p class='ocr_par' dir='ltr' id='par_1_2' title="bbox 582 428 3119 1937">
     <span class='ocr_line' id='line_1_2' title="bbox 586 428 3118 521; baseline 0.002 -22"><span class='ocrx_word' id='word_1_9' title='bbox 586 430 1011 521; x_wconf 79' lang='lat' dir='ltr'>dignaretur,</span> <span class='ocrx_word' id='word_1_10' title='bbox 1066 428 1375 518; x_wconf 86' lang='lat' dir='ltr'>indigno,</span> <span class='ocrx_word' id='word_1_11' title='bbox 1432 429 1604 498; x_wconf 88' lang='lat' dir='ltr'>mira</span> <span class='ocrx_word' id='word_1_12' title='bbox 1653 450 1726 500; x_wconf 91' lang='lat' dir='ltr'>se</span> <span class='ocrx_word' id='word_1_13' title='bbox 1774 451 2058 519; x_wconf 88' lang='lat' dir='ltr'>prorsus</span> <span class='ocrx_word' id='word_1_14' title='bbox 2108 430 2494 502; x_wconf 89' lang='lat' dir='ltr'>humilitate</span> <span class='ocrx_word' id='word_1_15' title='bbox 2552 433 2999 515; x_wconf 80' lang='lat' dir='ltr'>committere,</span> <span class='ocrx_word' id='word_1_16' title='bbox 3050 446 3118 505; x_wconf 92' lang='lat' dir='ltr'>et</span> 
     </span>
     <span class='ocr_line' id='line_1_3' title="bbox 591 516 3117 611; baseline 0.001 -23"><span class='ocrx_word' id='word_1_17' title='bbox 591 520 768 589; x_wconf 85' lang='lat' dir='ltr'>sicut</span> <span class='ocrx_word' id='word_1_18' title='bbox 804 516 1044 588; x_wconf 83' lang='lat' dir='ltr'><strong>Abbati</strong></span> <span class='ocrx_word' id='word_1_19' title='bbox 1087 517 1499 587; x_wconf 88' lang='lat' dir='ltr'>monachum</span> <span class='ocrx_word' id='word_1_20' title='bbox 1543 518 1939 608; x_wconf 86' lang='lat' dir='ltr'>subjugare.</span> <span class='ocrx_word' id='word_1_21' title='bbox 1989 519 2109 588; x_wconf 90' lang='lat' dir='ltr'>Cui</span> <span class='ocrx_word' id='word_1_22' title='bbox 2166 519 2499 590; x_wconf 87' lang='lat' dir='ltr'>nimirum</span> <span class='ocrx_word' id='word_1_23' title='bbox 2551 522 2906 611; x_wconf 86' lang='lat' dir='ltr'>praestitit,</span> <span class='ocrx_word' id='word_1_24' title='bbox 2978 543 3117 591; x_wconf 90' lang='lat' dir='ltr'>non</span> 
     </span>
     <span class='ocr_line' id='line_1_4' title="bbox 589 606 3119 702; baseline 0.002 -25"><span class='ocrx_word' id='word_1_25' title='bbox 589 608 873 698; x_wconf 88' lang='lat' dir='ltr'>accepit.</span> <span class='ocrx_word' id='word_1_26' title='bbox 914 611 992 675; x_wconf 91' lang='lat' dir='ltr'>Et</span> <span class='ocrx_word' id='word_1_27' title='bbox 1035 627 1239 693; x_wconf 89' lang='lat' dir='ltr'>quem</span> <span class='ocrx_word' id='word_1_28' title='bbox 1277 627 1713 694; x_wconf 82' lang='lat' dir='ltr'>susceperam</span> <span class='ocrx_word' id='word_1_29' title='bbox 1769 606 1950 676; x_wconf 88' lang='lat' dir='ltr'>velut</span> <span class='ocrx_word' id='word_1_30' title='bbox 1982 607 2051 675; x_wconf 92' lang='lat' dir='ltr'>in</span> <span class='ocrx_word' id='word_1_31' title='bbox 2087 607 2511 695; x_wconf 87' lang='lat' dir='ltr'>subjectione</span> <span class='ocrx_word' id='word_1_32' title='bbox 2549 610 2891 690; x_wconf 86' lang='lat' dir='ltr'>clientem,</span> <span class='ocrx_word' id='word_1_33' title='bbox 2944 633 3119 702; x_wconf 84' lang='lat' dir='ltr'>gau-</span> 
     </span>
     <span class='ocr_line' id='line_1_5' title="bbox 585 694 3111 787; baseline 0.002 -22"><span class='ocrx_word' id='word_1_34' title='bbox 585 697 712 765; x_wconf 88' lang='lat' dir='ltr'>deo</span> <span class='ocrx_word' id='word_1_35' title='bbox 759 717 869 764; x_wconf 90' lang='lat' dir='ltr'>me</span> <span class='ocrx_word' id='word_1_36' title='bbox 917 695 986 763; x_wconf 91' lang='lat' dir='ltr'>in</span> <span class='ocrx_word' id='word_1_37' title='bbox 1022 694 1256 764; x_wconf 87' lang='lat' dir='ltr'>schola</span> <span class='ocrx_word' id='word_1_38' title='bbox 1288 694 1530 764; x_wconf 81' lang='lat' dir='ltr'>Christi</span> <span class='ocrx_word' id='word_1_39' title='bbox 1551 717 1747 764; x_wconf 85' lang='lat' dir='ltr'>verae</span> <span class='ocrx_word' id='word_1_40' title='bbox 1780 695 2255 785; x_wconf 81' lang='lat' dir='ltr'>philosophiae</span> <span class='ocrx_word' id='word_1_41' title='bbox 2287 698 2672 787; x_wconf 85' lang='lat' dir='ltr'>percepisse</span> <span class='ocrx_word' id='word_1_42' title='bbox 2697 699 2731 734; x_wconf 69' lang='lat'>⁴*</span> <span class='ocrx_word' id='word_1_43' title='bbox 2776 699 3111 769; x_wconf 88' lang='lat' dir='ltr'>datorem.</span> 
     </span>
     <span class='ocr_line' id='line_1_6' title="bbox 589 783 3116 873; baseline 0.001 -19"><span class='ocrx_word' id='word_1_44' title='bbox 589 790 688 854; x_wconf 87' lang='lat' dir='ltr'>Ita</span> <span class='ocrx_word' id='word_1_45' title='bbox 733 784 991 873; x_wconf 89' lang='lat' dir='ltr'>quippe</span> <span class='ocrx_word' id='word_1_46' title='bbox 1037 783 1174 852; x_wconf 89' lang='lat' dir='ltr'>vita</span> <span class='ocrx_word' id='word_1_47' title='bbox 1206 784 1379 873; x_wconf 83' lang='lat' dir='ltr'>ejuS,</span> <span class='ocrx_word' id='word_1_48' title='bbox 1432 783 1849 872; x_wconf 86' lang='lat' dir='ltr'>praedicatio</span> <span class='ocrx_word' id='word_1_49' title='bbox 1895 796 1960 854; x_wconf 90' lang='lat' dir='ltr'>et</span> <span class='ocrx_word' id='word_1_50' title='bbox 1998 784 2403 868; x_wconf 88' lang='lat' dir='ltr'>aedificati0‚</span> <span class='ocrx_word' id='word_1_51' title='bbox 2455 787 2765 856; x_wconf 87' lang='lat' dir='ltr'>doctrina</span> <span class='ocrx_word' id='word_1_52' title='bbox 2812 801 2998 869; x_wconf 84' lang='lat' dir='ltr'>erat,</span> <span class='ocrx_word' id='word_1_53' title='bbox 3052 800 3116 858; x_wconf 81' lang='lat' dir='ltr'>et</span> 
     </span>
     <span class='ocr_line' id='line_1_7' title="bbox 584 871 3114 962; baseline 0.002 -20"><span class='ocrx_word' id='word_1_54' title='bbox 584 872 978 962; x_wconf 83' lang='lat' dir='ltr'>disciplina.</span> <span class='ocrx_word' id='word_1_55' title='bbox 1034 871 1158 941; x_wconf 89' lang='lat' dir='ltr'>Sed</span> <span class='ocrx_word' id='word_1_56' title='bbox 1215 872 1377 959; x_wconf 89' lang='lat' dir='ltr'>quia</span> <span class='ocrx_word' id='word_1_57' title='bbox 1427 893 1551 942; x_wconf 91' lang='lat' dir='ltr'>nos</span> <span class='ocrx_word' id='word_1_58' title='bbox 1612 871 1945 942; x_wconf 90' lang='lat' dir='ltr'>nonnulla</span> <span class='ocrx_word' id='word_1_59' title='bbox 2006 872 2218 962; x_wconf 83' lang='lat' dir='ltr'>hujus</span> <span class='ocrx_word' id='word_1_60' title='bbox 2277 876 2494 944; x_wconf 88' lang='lat' dir='ltr'>sancti</span> <span class='ocrx_word' id='word_1_61' title='bbox 2555 876 2694 945; x_wconf 89' lang='lat' dir='ltr'>Viri</span> <span class='ocrx_word' id='word_1_62' title='bbox 2739 875 2963 957; x_wconf 88' lang='lat' dir='ltr'>dicta,</span> <span class='ocrx_word' id='word_1_63' title='bbox 3012 877 3114 947; x_wconf 87' lang='lat' dir='ltr'>vel</span> 
     </span>
     <span class='ocr_line' id='line_1_8' title="bbox 582 960 3111 1052; baseline 0.001 -21"><span class='ocrx_word' id='word_1_64' title='bbox 582 961 758 1031; x_wconf 85' lang='lat' dir='ltr'>faeta</span> <span class='ocrx_word' id='word_1_65' title='bbox 807 983 928 1051; x_wconf 89' lang='lat' dir='ltr'>per</span> <span class='ocrx_word' id='word_1_66' title='bbox 973 960 1240 1029; x_wconf 89' lang='lat' dir='ltr'>diversa</span> <span class='ocrx_word' id='word_1_67' title='bbox 1288 960 1584 1030; x_wconf 87' lang='lat' dir='ltr'>dictatus</span> <span class='ocrx_word' id='word_1_68' title='bbox 1632 961 1846 1030; x_wconf 89' lang='lat' dir='ltr'>nostri</span> <span class='ocrx_word' id='word_1_69' title='bbox 1898 962 2043 1051; x_wconf 79' lang='lat' dir='ltr'>Jam</span> <span class='ocrx_word' id='word_1_70' title='bbox 2093 962 2425 1052; x_wconf 82' lang='lat' dir='ltr'>opuscula</span> <span class='ocrx_word' id='word_1_71' title='bbox 2481 964 2903 1052; x_wconf 80' lang='lat' dir='ltr'>sparsimuS,</span> <span class='ocrx_word' id='word_1_72' title='bbox 2973 987 3111 1034; x_wconf 90' lang='lat' dir='ltr'>non</span> 
     </span>
     <span class='ocr_line' id='line_1_9' title="bbox 584 1047 3114 1143; baseline 0.001 -24"><span class='ocrx_word' id='word_1_73' title='bbox 584 1051 855 1119; x_wconf 82' lang='lat' dir='ltr'>videtur</span> <span class='ocrx_word' id='word_1_74' title='bbox 886 1048 1293 1129; x_wconf 90' lang='lat' dir='ltr'>absurdum,</span> <span class='ocrx_word' id='word_1_75' title='bbox 1331 1048 1390 1117; x_wconf 91' lang='lat' dir='ltr'>si</span> <span class='ocrx_word' id='word_1_76' title='bbox 1437 1047 1670 1117; x_wconf 91' lang='lat' dir='ltr'>eadem</span> <span class='ocrx_word' id='word_1_77' title='bbox 1733 1048 1868 1131; x_wconf 88' lang='lat' dir='ltr'>hic,</span> <span class='ocrx_word' id='word_1_78' title='bbox 1919 1071 2094 1137; x_wconf 89' lang='lat' dir='ltr'>quae</span> <span class='ocrx_word' id='word_1_79' title='bbox 2142 1063 2368 1120; x_wconf 85' lang='lat' dir='ltr'>tamen</span> <span class='ocrx_word' id='word_1_80' title='bbox 2420 1074 2581 1143; x_wconf 87' lang='lat' dir='ltr'>prae</span> <span class='ocrx_word' id='word_1_81' title='bbox 2631 1053 2952 1122; x_wconf 87' lang='lat' dir='ltr'>manibus</span> <span class='ocrx_word' id='word_1_82' title='bbox 2992 1054 3114 1122; x_wconf 91' lang='lat' dir='ltr'>ha-</span> 
     </span>
     <span class='ocr_line' id='line_1_10' title="bbox 586 1137 3116 1228; baseline 0.002 -20"><span class='ocrx_word' id='word_1_83' title='bbox 586 1140 861 1217; x_wconf 87' lang='lat' dir='ltr'>bentur,</span> <span class='ocrx_word' id='word_1_84' title='bbox 909 1137 1143 1226; x_wconf 90' lang='lat' dir='ltr'>eoipso</span> <span class='ocrx_word' id='word_1_85' title='bbox 1175 1137 1373 1225; x_wconf 81' lang='lat' dir='ltr'>style,</span> <span class='ocrx_word' id='word_1_86' title='bbox 1410 1158 1547 1224; x_wconf 89' lang='lat' dir='ltr'>quo</span> <span class='ocrx_word' id='word_1_87' title='bbox 1587 1137 1841 1227; x_wconf 88' lang='lat' dir='ltr'>scripta</span> <span class='ocrx_word' id='word_1_88' title='bbox 1876 1151 2058 1219; x_wconf 88' lang='lat' dir='ltr'>sunt,</span> <span class='ocrx_word' id='word_1_89' title='bbox 2097 1160 2550 1228; x_wconf 86' lang='lat' dir='ltr'>apponamus.</span> <span class='ocrx_word' id='word_1_90' title='bbox 2583 1144 2757 1210; x_wconf 90' lang='lat' dir='ltr'>Sane</span> <span class='ocrx_word' id='word_1_91' title='bbox 2785 1140 3116 1213; x_wconf 81' lang='lat' dir='ltr'>facilioris</span> 
     </span>
     <span class='ocr_line' id='line_1_11' title="bbox 585 1225 3112 1316; baseline 0.001 -19"><span class='ocrx_word' id='word_1_92' title='bbox 585 1240 689 1298; x_wconf 92' lang='lat' dir='ltr'>est</span> <span class='ocrx_word' id='word_1_93' title='bbox 744 1227 996 1307; x_wconf 84' lang='lat' dir='ltr'>exitus,</span> <span class='ocrx_word' id='word_1_94' title='bbox 1057 1248 1137 1295; x_wconf 88' lang='lat' dir='ltr'>ex</span> <span class='ocrx_word' id='word_1_95' title='bbox 1184 1225 1430 1295; x_wconf 89' lang='lat' dir='ltr'>dolatis</span> <span class='ocrx_word' id='word_1_96' title='bbox 1478 1226 1525 1294; x_wconf 94' lang='lat' dir='ltr'>li</span> <span class='ocrx_word' id='word_1_97' title='bbox 1580 1226 1690 1294; x_wconf 91' lang='lat' dir='ltr'>nis</span> <span class='ocrx_word' id='word_1_98' title='bbox 1735 1226 2018 1295; x_wconf 90' lang='lat' dir='ltr'>domum</span> <span class='ocrx_word' id='word_1_99' title='bbox 2079 1240 2497 1310; x_wconf 88' lang='lat' dir='ltr'>construere,</span> <span class='ocrx_word' id='word_1_100' title='bbox 2541 1251 2748 1316; x_wconf 88' lang='lat' dir='ltr'>quam</span> <span class='ocrx_word' id='word_1_101' title='bbox 2807 1229 3112 1299; x_wconf 88' lang='lat' dir='ltr'>dolando</span> 
     </span>
     <span class='ocr_line' id='line_1_12' title="bbox 588 1313 3109 1406; baseline 0 -19"><span class='ocrx_word' id='word_1_102' title='bbox 588 1314 795 1387; x_wconf 91' lang='lat' dir='ltr'>simul</span> <span class='ocrx_word' id='word_1_103' title='bbox 845 1327 910 1385; x_wconf 92' lang='lat' dir='ltr'>et</span> <span class='ocrx_word' id='word_1_104' title='bbox 956 1313 1415 1384; x_wconf 87' lang='lat' dir='ltr'>construendo</span> <span class='ocrx_word' id='word_1_105' title='bbox 1482 1314 1542 1383; x_wconf 89' lang='lat' dir='ltr'>la</span> <span class='ocrx_word' id='word_1_106' title='bbox 1597 1314 1736 1384; x_wconf 93' lang='lat' dir='ltr'>oris</span> <span class='ocrx_word' id='word_1_107' title='bbox 1793 1314 2189 1385; x_wconf 84' lang='lat' dir='ltr'>exercitium</span> <span class='ocrx_word' id='word_1_108' title='bbox 2242 1318 2613 1406; x_wconf 84' lang='lat' dir='ltr'>geminare.</span> <span class='ocrx_word' id='word_1_109' title='bbox 2685 1323 2852 1388; x_wconf 89' lang='lat' dir='ltr'>Nam</span> <span class='ocrx_word' id='word_1_110' title='bbox 2911 1332 2977 1387; x_wconf 91' lang='lat' dir='ltr'>et</span> <span class='ocrx_word' id='word_1_111' title='bbox 3022 1318 3109 1387; x_wconf 89' lang='lat' dir='ltr'>de</span> 
     </span>
     <span class='ocr_line' id='line_1_13' title="bbox 587 1402 3106 1496; baseline 0.001 -22"><span class='ocrx_word' id='word_1_112' title='bbox 587 1403 842 1493; x_wconf 88' lang='lat' dir='ltr'>templo</span> <span class='ocrx_word' id='word_1_113' title='bbox 892 1402 1273 1473; x_wconf 89' lang='lat' dir='ltr'>Salomonis</span> <span class='ocrx_word' id='word_1_114' title='bbox 1313 1403 1645 1492; x_wconf 89' lang='lat' dir='ltr'>scriptum</span> <span class='ocrx_word' id='word_1_115' title='bbox 1675 1416 1810 1472; x_wconf 91' lang='lat' dir='ltr'>est:</span> <span class='ocrx_word' id='word_1_116' title='bbox 1855 1408 2099 1473; x_wconf 78' lang='lat' dir='ltr'>Domus</span> <span class='ocrx_word' id='word_1_117' title='bbox 2136 1416 2361 1474; x_wconf 81' lang='lat' dir='ltr'>autem</span> <span class='ocrx_word' id='word_1_118' title='bbox 2399 1429 2548 1476; x_wconf 80' lang='lat' dir='ltr'>cum</span> <span class='ocrx_word' id='word_1_119' title='bbox 2586 1407 3062 1496; x_wconf 76' lang='lat' dir='ltr'>aedificaretur</span> <span class='ocrx_word' id='word_1_120' title='bbox 3091 1461 3106 1483; x_wconf 86' lang='lat'>.</span> 
     </span>
     <span class='ocr_line' id='line_1_14' title="bbox 589 1492 3114 1582; baseline 0 -19"><span class='ocrx_word' id='word_1_121' title='bbox 589 1495 668 1564; x_wconf 82' lang='lat' dir='ltr'>de</span> <span class='ocrx_word' id='word_1_122' title='bbox 703 1493 1039 1582; x_wconf 79' lang='lat' dir='ltr'>lapidibus</span> <span class='ocrx_word' id='word_1_123' title='bbox 1072 1492 1316 1561; x_wconf 77' lang='lat' dir='ltr'>dolatis</span> <span class='ocrx_word' id='word_1_124' title='bbox 1350 1502 1550 1582; x_wconf 79' lang='lat' dir='ltr'>atque</span> <span class='ocrx_word' id='word_1_125' title='bbox 1593 1494 1904 1581; x_wconf 77' lang='lat' dir='ltr'>perfectis</span> <span class='ocrx_word' id='word_1_126' title='bbox 1955 1494 2313 1582; x_wconf 74' lang='lat' dir='ltr'>aedificata</span> <span class='ocrx_word' id='word_1_127' title='bbox 2351 1506 2445 1564; x_wconf 77' lang='lat' dir='ltr'>est</span> <span class='ocrx_word' id='word_1_128' title='bbox 2473 1520 2493 1559; x_wconf 81' lang='lat'>.-</span> <span class='ocrx_word' id='word_1_129' title='bbox 2556 1507 2619 1564; x_wconf 77' lang='grc' dir='ltr'>ει</span> <span class='ocrx_word' id='word_1_130' title='bbox 2671 1498 2987 1575; x_wconf 84' lang='lat' dir='ltr'>malleus,</span> <span class='ocrx_word' id='word_1_131' title='bbox 3051 1507 3114 1564; x_wconf 79' lang='lat' dir='ltr'>et</span> 
     </span>
     <span class='ocr_line' id='line_1_15' title="bbox 586 1583 3113 1669; baseline 0.001 -18"><span class='ocrx_word' id='word_1_132' title='bbox 586 1583 859 1660; x_wconf 56' lang='lat' dir='ltr'>securta,</span> <span class='ocrx_word' id='word_1_133' title='bbox 908 1591 970 1650; x_wconf 81' lang='lat' dir='ltr'>et</span> <span class='ocrx_word' id='word_1_134' title='bbox 1019 1602 1205 1649; x_wconf 72' lang='lat' dir='ltr'>omne</span> <span class='ocrx_word' id='word_1_135' title='bbox 1255 1583 1739 1669; x_wconf 76' lang='lat' dir='ltr'>ferramentum</span> <span class='ocrx_word' id='word_1_136' title='bbox 1767 1604 1896 1650; x_wconf 84' lang='lat' dir='ltr'>non</span> <span class='ocrx_word' id='word_1_137' title='bbox 1917 1591 2072 1650; x_wconf 81' lang='lat' dir='ltr'>sunt</span> <span class='ocrx_word' id='word_1_138' title='bbox 2102 1583 2340 1651; x_wconf 78' lang='lat' dir='ltr'>audita</span> <span class='ocrx_word' id='word_1_139' title='bbox 2378 1585 2449 1651; x_wconf 79' lang='lat' dir='ltr'>in</span> <span class='ocrx_word' id='word_1_140' title='bbox 2495 1584 2705 1665; x_wconf 83' lang='lat' dir='ltr'>domo,</span> <span class='ocrx_word' id='word_1_141' title='bbox 2742 1607 2893 1653; x_wconf 79' lang='lat' dir='ltr'>cum</span> <span class='ocrx_word' id='word_1_142' title='bbox 2924 1585 3113 1653; x_wconf 80' lang='lat' dir='ltr'>aedi-</span> 
     </span>
     <span class='ocr_line' id='line_1_16' title="bbox 585 1668 3116 1760; baseline 0.001 -22"><span class='ocrx_word' id='word_1_143' title='bbox 585 1674 904 1760; x_wconf 80' lang='lat' dir='ltr'>ficaretur</span> <span class='ocrx_word' id='word_1_144' title='bbox 946 1670 1041 1760; x_wconf 90' lang='lat'>(3.</span> <span class='ocrx_word' id='word_1_145' title='bbox 1070 1674 1228 1759; x_wconf 73' lang='lat' dir='ltr'>Req.</span> <span class='ocrx_word' id='word_1_146' title='bbox 1282 1668 1397 1757; x_wconf 87' lang='lat' dir='ltr'>v1).</span> <span class='ocrx_word' id='word_1_147' title='bbox 1436 1668 1784 1738; x_wconf 87' lang='lat' dir='ltr'>Habemus</span> <span class='ocrx_word' id='word_1_148' title='bbox 1829 1681 1894 1739; x_wconf 90' lang='lat' dir='ltr'>et</span> <span class='ocrx_word' id='word_1_149' title='bbox 1927 1691 2074 1750; x_wconf 77' lang='lat' dir='ltr'>noS‚</span> <span class='ocrx_word' id='word_1_150' title='bbox 2125 1670 2322 1759; x_wconf 86' lang='lat' dir='ltr'>juxta</span> <span class='ocrx_word' id='word_1_151' title='bbox 2359 1685 2629 1741; x_wconf 89' lang='lat' dir='ltr'>nostrae</span> <span class='ocrx_word' id='word_1_152' title='bbox 2677 1693 2927 1741; x_wconf 90' lang='lat' dir='ltr'>manus</span> <span class='ocrx_word' id='word_1_153' title='bbox 2987 1672 3116 1740; x_wconf 91' lang='lat' dir='ltr'>im—</span> 
     </span>
     <span class='ocr_line' id='line_1_17' title="bbox 588 1756 3113 1848; baseline 0.001 -21"><span class='ocrx_word' id='word_1_154' title='bbox 588 1758 891 1848; x_wconf 89' lang='lat' dir='ltr'>politiem</span> <span class='ocrx_word' id='word_1_155' title='bbox 945 1756 1191 1847; x_wconf 90' lang='lat' dir='ltr'>politos</span> <span class='ocrx_word' id='word_1_156' title='bbox 1232 1756 1517 1845; x_wconf 88' lang='lat' dir='ltr'>lapides,</span> <span class='ocrx_word' id='word_1_157' title='bbox 1590 1778 1764 1843; x_wconf 91' lang='lat' dir='ltr'>quos</span> <span class='ocrx_word' id='word_1_158' title='bbox 1812 1757 2052 1845; x_wconf 88' lang='lat' dir='ltr'>utique</span> <span class='ocrx_word' id='word_1_159' title='bbox 2106 1758 2360 1828; x_wconf 87' lang='lat' dir='ltr'>sufficit</span> <span class='ocrx_word' id='word_1_160' title='bbox 2412 1760 2633 1839; x_wconf 90' lang='lat' dir='ltr'>nobis,</span> <span class='ocrx_word' id='word_1_161' title='bbox 2688 1772 2762 1830; x_wconf 92' lang='lat' dir='ltr'>ut</span> <span class='ocrx_word' id='word_1_162' title='bbox 2807 1761 2879 1829; x_wconf 89' lang='lat' dir='ltr'>in</span> <span class='ocrx_word' id='word_1_163' title='bbox 2929 1773 3113 1830; x_wconf 89' lang='lat' dir='ltr'>stru—</span> 
     </span>
     <span class='ocr_line' id='line_1_18' title="bbox 585 1846 2898 1937; baseline 0 -20"><span class='ocrx_word' id='word_1_164' title='bbox 585 1859 781 1917; x_wconf 89' lang='lat' dir='ltr'>ctura</span> <span class='ocrx_word' id='word_1_165' title='bbox 827 1846 1202 1926; x_wconf 89' lang='lat' dir='ltr'>dumtaxat,</span> <span class='ocrx_word' id='word_1_166' title='bbox 1247 1846 1334 1914; x_wconf 91' lang='lat' dir='ltr'>ita</span> <span class='ocrx_word' id='word_1_167' title='bbox 1372 1858 1447 1914; x_wconf 89' lang='lat' dir='ltr'>ut</span> <span class='ocrx_word' id='word_1_168' title='bbox 1495 1846 1749 1914; x_wconf 90' lang='lat' dir='ltr'>inventi</span> <span class='ocrx_word' id='word_1_169' title='bbox 1790 1859 1974 1926; x_wconf 91' lang='lat' dir='ltr'>sunt,</span> <span class='ocrx_word' id='word_1_170' title='bbox 2027 1846 2431 1937; x_wconf 88' lang='lat' dir='ltr'>simpliciter</span> <span class='ocrx_word' id='word_1_171' title='bbox 2477 1849 2898 1918; x_wconf 79' lang='lat' dir='ltr'>ordinemus,</span> 
     </span>
    </p>

    <p class='ocr_par' dir='ltr' id='par_1_3' title="bbox 581 1933 3115 2557">
     <span class='ocr_line' id='line_1_19' title="bbox 673 1933 3109 2023; baseline 0.003 -24"><span class='ocrx_word' id='word_1_172' title='bbox 673 1938 709 2022; x_wconf 67' lang='grc' dir='ltr'>ξ</span> <span class='ocrx_word' id='word_1_173' title='bbox 755 1940 840 2008; x_wconf 77' lang='lat'>5.</span> <span class='ocrx_word' id='word_1_174' title='bbox 916 1934 1351 2023; x_wconf 87' lang='lat' dir='ltr'>In-Epistola</span> <span class='ocrx_word' id='word_1_175' title='bbox 1417 1934 1647 2020; x_wconf 90' lang='lat' dir='ltr'>itaque</span> <span class='ocrx_word' id='word_1_176' title='bbox 1702 1933 1787 2003; x_wconf 89' lang='lat' dir='ltr'>ad</span> <span class='ocrx_word' id='word_1_177' title='bbox 1830 1934 2191 2005; x_wconf 90' lang='lat' dir='ltr'>dominum</span> <span class='ocrx_word' id='word_1_178' title='bbox 2241 1941 2601 2006; x_wconf 89' lang='lat' dir='ltr'>Teozenem</span> <span class='ocrx_word' id='word_1_179' title='bbox 2639 1938 2707 1971; x_wconf 56' lang='grc' dir='ltr'>’μ’</span> <span class='ocrx_word' id='word_1_180' title='bbox 2755 1936 3109 2007; x_wconf 89' lang='lat' dir='ltr'>inclusum</span> 
     </span>
     <span class='ocr_line' id='line_1_20' title="bbox 584 2021 3115 2116; baseline 0 -23"><span class='ocrx_word' id='word_1_181' title='bbox 584 2025 820 2105; x_wconf 83' lang='lat' dir='ltr'>missa,</span> <span class='ocrx_word' id='word_1_182' title='bbox 875 2022 1003 2091; x_wconf 89' lang='lat' dir='ltr'>hoc</span> <span class='ocrx_word' id='word_1_183' title='bbox 1039 2044 1147 2091; x_wconf 89' lang='lat' dir='ltr'>me</span> <span class='ocrx_word' id='word_1_184' title='bbox 1185 2021 1544 2111; x_wconf 89' lang='lat' dir='ltr'>scripsisse</span> <span class='ocrx_word' id='word_1_185' title='bbox 1590 2022 1892 2112; x_wconf 86' lang='lat' dir='ltr'>reperio:</span> <span class='ocrx_word' id='word_1_186' title='bbox 1932 2047 1967 2089; x_wconf 86' lang='lat'>«</span> <span class='ocrx_word' id='word_1_187' title='bbox 2003 2024 2127 2093; x_wconf 88' lang='lat' dir='ltr'>Sed</span> <span class='ocrx_word' id='word_1_188' title='bbox 2163 2047 2289 2094; x_wconf 90' lang='lat' dir='ltr'>cur</span> <span class='ocrx_word' id='word_1_189' title='bbox 2326 2046 2451 2116; x_wconf 86' lang='lat' dir='ltr'>ego</span> <span class='ocrx_word' id='word_1_190' title='bbox 2490 2037 2762 2096; x_wconf 88' lang='lat' dir='ltr'>sanctos</span> <span class='ocrx_word' id='word_1_191' title='bbox 2806 2047 3115 2095; x_wconf 89' lang='lat' dir='ltr'>comme-</span> 
     </span>
     <span class='ocr_line' id='line_1_21' title="bbox 586 2110 3113 2201; baseline 0 -19"><span class='ocrx_word' id='word_1_192' title='bbox 586 2111 916 2182; x_wconf 89' lang='lat' dir='ltr'>morando</span> <span class='ocrx_word' id='word_1_193' title='bbox 943 2112 1120 2179; x_wconf 87' lang='lat' dir='ltr'>viros</span> <span class='ocrx_word' id='word_1_194' title='bbox 1145 2110 1411 2179; x_wconf 89' lang='lat' dir='ltr'>diversa</span> <span class='ocrx_word' id='word_1_195' title='bbox 1452 2112 1709 2199; x_wconf 89' lang='lat' dir='ltr'>passim</span> <span class='ocrx_word' id='word_1_196' title='bbox 1747 2111 1893 2181; x_wconf 88' lang='lat' dir='ltr'>loca</span> <span class='ocrx_word' id='word_1_197' title='bbox 1930 2112 2289 2201; x_wconf 88' lang='lat' dir='ltr'>perlustro,</span> <span class='ocrx_word' id='word_1_198' title='bbox 2331 2113 2891 2201; x_wconf 89' lang='lat' dir='ltr'>quandoquidem</span> <span class='ocrx_word' id='word_1_199' title='bbox 2929 2115 3113 2183; x_wconf 91' lang='lat' dir='ltr'>intra</span> 
     </span>
     <span class='ocr_line' id='line_1_22' title="bbox 581 2198 3111 2292; baseline 0.001 -24"><span class='ocrx_word' id='word_1_200' title='bbox 581 2200 818 2281; x_wconf 90' lang='lat' dir='ltr'>limen,</span> <span class='ocrx_word' id='word_1_201' title='bbox 870 2212 935 2269; x_wconf 91' lang='lat' dir='ltr'>et</span> <span class='ocrx_word' id='word_1_202' title='bbox 989 2220 1150 2288; x_wconf 90' lang='lat' dir='ltr'>prae</span> <span class='ocrx_word' id='word_1_203' title='bbox 1201 2198 1519 2269; x_wconf 86' lang='lat' dir='ltr'>manibus</span> <span class='ocrx_word' id='word_1_204' title='bbox 1568 2212 1784 2281; x_wconf 89' lang='lat' dir='ltr'>teneo,</span> <span class='ocrx_word' id='word_1_205' title='bbox 1840 2199 1924 2269; x_wconf 91' lang='lat' dir='ltr'>ad</span> <span class='ocrx_word' id='word_1_206' title='bbox 1991 2202 2191 2291; x_wconf 86' lang='lat' dir='ltr'>eujus</span> <span class='ocrx_word' id='word_1_207' title='bbox 2252 2201 2459 2291; x_wconf 83' lang='lat' dir='ltr'>digne</span> <span class='ocrx_word' id='word_1_208' title='bbox 2518 2202 2858 2273; x_wconf 81' lang='lat' dir='ltr'>efferenda</span> <span class='ocrx_word' id='word_1_209' title='bbox 2908 2223 3111 2292; x_wconf 87' lang='lat' dir='ltr'>prae-</span> 
     </span>
     <span class='ocr_line' id='line_1_23' title="bbox 584 2288 3114 2388; baseline 0.001 -30"><span class='ocrx_word' id='word_1_210' title='bbox 584 2289 782 2358; x_wconf 84' lang='lat' dir='ltr'>conia</span> <span class='ocrx_word' id='word_1_211' title='bbox 832 2288 1057 2376; x_wconf 89' lang='lat' dir='ltr'>impar</span> <span class='ocrx_word' id='word_1_212' title='bbox 1094 2288 1358 2357; x_wconf 86' lang='lat' dir='ltr'>viribus</span> <span class='ocrx_word' id='word_1_213' title='bbox 1406 2309 1538 2357; x_wconf 91' lang='lat' dir='ltr'>non</span> <span class='ocrx_word' id='word_1_214' title='bbox 1590 2292 1928 2388; x_wconf 78' lang='lat' dir='ltr'>assurgo?</span> <span class='ocrx_word' id='word_1_215' title='bbox 1962 2293 2146 2359; x_wconf 87' lang='lat' dir='ltr'>Certe</span> <span class='ocrx_word' id='word_1_216' title='bbox 2190 2289 2459 2360; x_wconf 89' lang='lat' dir='ltr'>cellulis</span> <span class='ocrx_word' id='word_1_217' title='bbox 2497 2290 2905 2360; x_wconf 88' lang='lat' dir='ltr'>altrinsecus</span> <span class='ocrx_word' id='word_1_218' title='bbox 2945 2312 3114 2360; x_wconf 89' lang='lat' dir='ltr'>con-</span> 
     </span>
     <span class='ocr_line' id='line_1_24' title="bbox 586 2375 3115 2470; baseline 0.001 -25"><span class='ocrx_word' id='word_1_219' title='bbox 586 2377 863 2456; x_wconf 89' lang='lat' dir='ltr'>stitutis,</span> <span class='ocrx_word' id='word_1_220' title='bbox 916 2375 1060 2445; x_wconf 90' lang='lat' dir='ltr'>solo</span> <span class='ocrx_word' id='word_1_221' title='bbox 1108 2375 1431 2445; x_wconf 87' lang='lat' dir='ltr'>basilicae</span> <span class='ocrx_word' id='word_1_222' title='bbox 1502 2376 1865 2446; x_wconf 79' lang='lat' dir='ltr'>mediantis</span> <span class='ocrx_word' id='word_1_223' title='bbox 1926 2378 2285 2447; x_wconf 90' lang='lat' dir='ltr'>interstitio</span> <span class='ocrx_word' id='word_1_224' title='bbox 2316 2434 2331 2459; x_wconf 92' lang='lat'><strong>‚</strong></span> <span class='ocrx_word' id='word_1_225' title='bbox 2383 2401 2508 2470; x_wconf 86' lang='lat' dir='ltr'>ego</span> <span class='ocrx_word' id='word_1_226' title='bbox 2563 2378 2814 2467; x_wconf 84' lang='lat' dir='ltr'>illeque</span> <span class='ocrx_word' id='word_1_227' title='bbox 2860 2379 3115 2447; x_wconf 87' lang='lat' dir='ltr'>dividi-</span> 
     </span>
     <span class='ocr_line' id='line_1_25' title="bbox 585 2463 3105 2557; baseline 0.001 -23"><span class='ocrx_word' id='word_1_228' title='bbox 585 2487 765 2536; x_wconf 90' lang='lat' dir='ltr'>mur.</span> <span class='ocrx_word' id='word_1_229' title='bbox 821 2463 1030 2552; x_wconf 90' lang='lat' dir='ltr'>Cujus</span> <span class='ocrx_word' id='word_1_230' title='bbox 1061 2464 1116 2533; x_wconf 89' lang='lat' dir='ltr'>si</span> <span class='ocrx_word' id='word_1_231' title='bbox 1150 2465 1516 2538; x_wconf 85' lang='lat' dir='ltr'>virtutibus</span> <span class='ocrx_word' id='word_1_232' title='bbox 1545 2465 2034 2536; x_wconf 90' lang='lat' dir='ltr'>enumerandis</span> <span class='ocrx_word' id='word_1_233' title='bbox 2072 2466 2372 2557; x_wconf 85' lang='lat' dir='ltr'>invigilo,</span> <span class='ocrx_word' id='word_1_234' title='bbox 2417 2478 2573 2538; x_wconf 90' lang='lat' dir='ltr'>ante</span> <span class='ocrx_word' id='word_1_235' title='bbox 2604 2468 2751 2538; x_wconf 91' lang='lat' dir='ltr'>dies</span> <span class='ocrx_word' id='word_1_236' title='bbox 2783 2468 3105 2551; x_wconf 89' lang='lat' dir='ltr'>elabitur,</span> 
     </span>
    </p>

    <p class='ocr_par' dir='ltr' id='par_1_4' title="bbox 571 2554 3112 4329">
     <span class='ocr_line' id='line_1_26' title="bbox 630 2554 3103 2644; baseline 0 -18"><span class='ocrx_word' id='word_1_237' title='bbox 630 2576 788 2626; x_wconf 87' lang='lat' dir='ltr'>uam</span> <span class='ocrx_word' id='word_1_238' title='bbox 840 2554 1184 2623; x_wconf 88' lang='lat' dir='ltr'>scribendi</span> <span class='ocrx_word' id='word_1_239' title='bbox 1221 2554 1502 2623; x_wconf 89' lang='lat' dir='ltr'>materia</span> <span class='ocrx_word' id='word_1_240' title='bbox 1534 2554 1826 2623; x_wconf 90' lang='lat' dir='ltr'>deficere</span> <span class='ocrx_word' id='word_1_241' title='bbox 1856 2576 2053 2644; x_wconf 90' lang='lat' dir='ltr'>posse</span> <span class='ocrx_word' id='word_1_242' title='bbox 2078 2556 2409 2626; x_wconf 87' lang='lat' dir='ltr'>videatur.</span> <span class='ocrx_word' id='word_1_243' title='bbox 2449 2557 2881 2626; x_wconf 89' lang='lat' dir='ltr'>Dominicum</span> <span class='ocrx_word' id='word_1_244' title='bbox 2920 2557 3103 2639; x_wconf 88' lang='lat' dir='ltr'>dico,</span> 
     </span>
     <span class='ocr_line' id='line_1_27' title="bbox 581 2576 3112 2736; baseline 0.002 -25"><span class='ocrx_word' id='word_1_245' title='bbox 581 2576 924 2712; x_wconf 68' lang='lat' dir='ltr'>doctorem</span> <span class='ocrx_word' id='word_1_246' title='bbox 991 2641 1347 2722; x_wconf 84' lang='lat' dir='ltr'>videlicet,</span> <span class='ocrx_word' id='word_1_247' title='bbox 1398 2655 1462 2711; x_wconf 90' lang='lat' dir='ltr'>et</span> <span class='ocrx_word' id='word_1_248' title='bbox 1511 2641 1870 2711; x_wconf 88' lang='lat' dir='ltr'>dominum</span> <span class='ocrx_word' id='word_1_249' title='bbox 1943 2665 2216 2713; x_wconf 90' lang='lat' dir='ltr'>meum:</span> <span class='ocrx_word' id='word_1_250' title='bbox 2280 2647 2482 2734; x_wconf 87' lang='lat' dir='ltr'>cujus</span> <span class='ocrx_word' id='word_1_251' title='bbox 2536 2647 2816 2732; x_wconf 87' lang='lat' dir='ltr'>quidem</span> <span class='ocrx_word' id='word_1_252' title='bbox 2868 2645 3112 2736; x_wconf 86' lang='lat' dir='ltr'>lingua</span> 
     </span>
     <span class='ocr_line' id='line_1_28' title="bbox 580 2730 3109 2823; baseline 0.001 -22"><span class='ocrx_word' id='word_1_253' title='bbox 580 2731 839 2801; x_wconf 88' lang='lat' dir='ltr'>rustica</span> <span class='ocrx_word' id='word_1_254' title='bbox 884 2742 1007 2812; x_wconf 88' lang='lat' dir='ltr'>est,</span> <span class='ocrx_word' id='word_1_255' title='bbox 1047 2730 1162 2800; x_wconf 90' lang='lat' dir='ltr'>sed</span> <span class='ocrx_word' id='word_1_256' title='bbox 1215 2731 1347 2800; x_wconf 88' lang='lat' dir='ltr'>vita</span> <span class='ocrx_word' id='word_1_257' title='bbox 1408 2730 1778 2800; x_wconf 89' lang='lat' dir='ltr'>artificiosa</span> <span class='ocrx_word' id='word_1_258' title='bbox 1840 2731 2006 2800; x_wconf 90' lang='lat' dir='ltr'>satis</span> <span class='ocrx_word' id='word_1_259' title='bbox 2036 2787 2051 2813; x_wconf 99' lang='lat'>,</span> <span class='ocrx_word' id='word_1_260' title='bbox 2105 2745 2170 2801; x_wconf 91' lang='lat' dir='ltr'>et</span> <span class='ocrx_word' id='word_1_261' title='bbox 2218 2732 2470 2823; x_wconf 89' lang='lat' dir='ltr'>lepida.</span> <span class='ocrx_word' id='word_1_262' title='bbox 2522 2739 2708 2817; x_wconf 89' lang='lat' dir='ltr'>Quae</span> <span class='ocrx_word' id='word_1_263' title='bbox 2754 2755 2920 2804; x_wconf 88' lang='lat' dir='ltr'>sane</span> <span class='ocrx_word' id='word_1_264' title='bbox 2966 2736 3109 2804; x_wconf 89' lang='lat' dir='ltr'>vita</span> 
     </span>
     <span class='ocr_line' id='line_1_29' title="bbox 585 2818 3111 2912; baseline 0.001 -22"><span class='ocrx_word' id='word_1_265' title='bbox 585 2821 750 2890; x_wconf 89' lang='lat' dir='ltr'>satis</span> <span class='ocrx_word' id='word_1_266' title='bbox 796 2819 1038 2890; x_wconf 90' lang='lat' dir='ltr'>utilius</span> <span class='ocrx_word' id='word_1_267' title='bbox 1103 2818 1185 2887; x_wconf 88' lang='lat' dir='ltr'>ad</span> <span class='ocrx_word' id='word_1_268' title='bbox 1249 2818 1791 2888; x_wconf 86' lang='lat' dir='ltr'>aedificationem</span> <span class='ocrx_word' id='word_1_269' title='bbox 1842 2820 2011 2889; x_wconf 84' lang='lat' dir='ltr'>vivis</span> <span class='ocrx_word' id='word_1_270' title='bbox 2057 2822 2382 2910; x_wconf 90' lang='lat' dir='ltr'>operibus</span> <span class='ocrx_word' id='word_1_271' title='bbox 2431 2824 2821 2912; x_wconf 89' lang='lat' dir='ltr'>praedicat,</span> <span class='ocrx_word' id='word_1_272' title='bbox 2894 2844 3111 2910; x_wconf 88' lang='lat' dir='ltr'>quam</span> 
     </span>
     <span class='ocr_line' id='line_1_30' title="bbox 587 2907 3107 3000; baseline 0.002 -22"><span class='ocrx_word' id='word_1_273' title='bbox 587 2909 839 2979; x_wconf 89' lang='lat' dir='ltr'>sterilis</span> <span class='ocrx_word' id='word_1_274' title='bbox 885 2907 1321 2995; x_wconf 90' lang='lat' dir='ltr'>quorundam</span> <span class='ocrx_word' id='word_1_275' title='bbox 1373 2907 1634 2997; x_wconf 86' lang='lat' dir='ltr'>lingua,</span> <span class='ocrx_word' id='word_1_276' title='bbox 1679 2929 1853 2994; x_wconf 89' lang='lat' dir='ltr'>quae</span> <span class='ocrx_word' id='word_1_277' title='bbox 1885 2922 2200 2978; x_wconf 88' lang='lat' dir='ltr'>accurata</span> <span class='ocrx_word' id='word_1_278' title='bbox 2258 2909 2644 3000; x_wconf 90' lang='lat' dir='ltr'>phaleratae</span> <span class='ocrx_word' id='word_1_279' title='bbox 2691 2912 3107 2982; x_wconf 88' lang='lat' dir='ltr'>urbanitatis</span> 
     </span>
     <span class='ocr_line' id='line_1_31' title="bbox 583 2996 3102 3086; baseline 0.002 -21"><span class='ocrx_word' id='word_1_280' title='bbox 583 2997 787 3067; x_wconf 85' lang='lat' dir='ltr'>verba</span> <span class='ocrx_word' id='word_1_281' title='bbox 821 2996 1117 3066; x_wconf 86' lang='lat' dir='ltr'>inaniter</span> <span class='ocrx_word' id='word_1_282' title='bbox 1164 2996 1470 3066; x_wconf 83' lang='lat' dir='ltr'>trutinat.</span> <span class='ocrx_word' id='word_1_283' title='bbox 1516 3001 1745 3086; x_wconf 88' lang='lat' dir='ltr'>Longo</span> <span class='ocrx_word' id='word_1_284' title='bbox 1786 2996 1929 3084; x_wconf 85' lang='lat' dir='ltr'>jam</span> <span class='ocrx_word' id='word_1_285' title='bbox 1981 3019 2320 3067; x_wconf 89' lang='lat' dir='ltr'>annorum</span> <span class='ocrx_word' id='word_1_286' title='bbox 2371 2998 2679 3068; x_wconf 88' lang='lat' dir='ltr'>elabente</span> <span class='ocrx_word' id='word_1_287' title='bbox 2723 2999 3102 3081; x_wconf 79' lang='lat' dir='ltr'>curricnln,</span> 
     </span>
     <span class='ocr_line' id='line_1_32' title="bbox 582 3084 3109 3244; baseline 0.001 -90"><span class='ocrx_word' id='word_1_288' title='bbox 582 3085 797 3155; x_wconf 76' lang='lat' dir='ltr'>ferrea</span> <span class='ocrx_word' id='word_1_289' title='bbox 829 3085 915 3154; x_wconf 89' lang='lat' dir='ltr'>ad</span> <span class='ocrx_word' id='word_1_290' title='bbox 950 3107 1224 3154; x_wconf 86' lang='lat' dir='ltr'>carnem</span> <span class='ocrx_word' id='word_1_291' title='bbox 1276 3084 1486 3153; x_wconf 77' lang='lat' dir='ltr'>lorica</span> <span class='ocrx_word' id='word_1_292' title='bbox 1523 3085 1976 3174; x_wconf 79' lang='lat' dir='ltr'>praecinctuS,</span> <span class='ocrx_word' id='word_1_293' title='bbox 2014 3086 2568 3158; x_wconf 86' lang='lat' dir='ltr'>infoederabilem</span> <span class='ocrx_word' id='word_1_294' title='bbox 2608 3109 2910 3244; x_wconf 43' lang='lat' dir='ltr'>pufnam</span> <span class='ocrx_word' id='word_1_295' title='bbox 2940 3110 3109 3157; x_wconf 89' lang='lat' dir='ltr'>cum</span> 
     </span>
     <span class='ocr_line' id='line_1_33' title="bbox 581 3173 3107 3266; baseline 0.001 -24"><span class='ocrx_word' id='word_1_296' title='bbox 581 3174 841 3260; x_wconf 87' lang='lat' dir='ltr'>iniquis</span> <span class='ocrx_word' id='word_1_297' title='bbox 888 3174 1250 3262; x_wconf 90' lang='lat' dir='ltr'>spiritibus</span> <span class='ocrx_word' id='word_1_298' title='bbox 1289 3173 1608 3254; x_wconf 89' lang='lat' dir='ltr'>conserit,</span> <span class='ocrx_word' id='word_1_299' title='bbox 1649 3195 2055 3262; x_wconf 88' lang='lat' dir='ltr'>semperque</span> <span class='ocrx_word' id='word_1_300' title='bbox 2083 3188 2360 3262; x_wconf 87' lang='lat' dir='ltr'>paratus</span> <span class='ocrx_word' id='word_1_301' title='bbox 2408 3176 2493 3244; x_wconf 92' lang='lat' dir='ltr'>ad</span> <span class='ocrx_word' id='word_1_302' title='bbox 2547 3177 2909 3266; x_wconf 89' lang='lat' dir='ltr'>proeium,</span> <span class='ocrx_word' id='word_1_303' title='bbox 2964 3198 3107 3245; x_wconf 90' lang='lat' dir='ltr'>non</span> 
     </span>
     <span class='ocr_line' id='line_1_34' title="bbox 581 3260 3109 3351; baseline 0 -19"><span class='ocrx_word' id='word_1_304' title='bbox 581 3262 807 3332; x_wconf 91' lang='lat' dir='ltr'>solum</span> <span class='ocrx_word' id='word_1_305' title='bbox 854 3262 1079 3342; x_wconf 89' lang='lat' dir='ltr'>corde,</span> <span class='ocrx_word' id='word_1_306' title='bbox 1133 3260 1248 3329; x_wconf 90' lang='lat' dir='ltr'>sed</span> <span class='ocrx_word' id='word_1_307' title='bbox 1285 3273 1349 3331; x_wconf 91' lang='lat' dir='ltr'>et</span> <span class='ocrx_word' id='word_1_308' title='bbox 1395 3282 1678 3351; x_wconf 89' lang='lat' dir='ltr'>corpore</span> <span class='ocrx_word' id='word_1_309' title='bbox 1727 3264 2160 3351; x_wconf 88' lang='lat' dir='ltr'>praemunito</span> <span class='ocrx_word' id='word_1_310' title='bbox 2208 3263 2534 3335; x_wconf 91' lang='lat' dir='ltr'>adversus</span> <span class='ocrx_word' id='word_1_311' title='bbox 2593 3264 2873 3336; x_wconf 90' lang='lat' dir='ltr'>hostiles</span> <span class='ocrx_word' id='word_1_312' title='bbox 2919 3265 3109 3333; x_wconf 88' lang='lat' dir='ltr'>acies</span> 
     </span>
     <span class='ocr_line' id='line_1_35' title="bbox 579 3348 3109 3434; baseline 0.001 -16"><span class='ocrx_word' id='word_1_313' title='bbox 579 3349 883 3420; x_wconf 85' lang='lat' dir='ltr'>fervidus</span> <span class='ocrx_word' id='word_1_314' title='bbox 929 3348 1215 3418; x_wconf 89' lang='lat' dir='ltr'>bellator</span> <span class='ocrx_word' id='word_1_315' title='bbox 1262 3349 1539 3434; x_wconf 65' lang='lat' dir='ltr'>incedit.</span> <span class='ocrx_word' id='word_1_316' title='bbox 1592 3354 1783 3419; x_wconf 89' lang='lat' dir='ltr'>Hanc</span> <span class='ocrx_word' id='word_1_317' title='bbox 1831 3362 2056 3420; x_wconf 90' lang='lat' dir='ltr'>autem</span> <span class='ocrx_word' id='word_1_318' title='bbox 2092 3354 2457 3423; x_wconf 87' lang='lat' dir='ltr'>continuae</span> <span class='ocrx_word' id='word_1_319' title='bbox 2505 3354 2678 3423; x_wconf 85' lang='lat' dir='ltr'>vitae</span> <span class='ocrx_word' id='word_1_320' title='bbox 2733 3365 3109 3423; x_wconf 90' lang='lat' dir='ltr'>consuetu—-</span> 
     </span>
     <span class='ocr_line' id='line_1_36' title="bbox 578 3436 3110 3529; baseline 0.003 -23"><span class='ocrx_word' id='word_1_321' title='bbox 578 3439 811 3507; x_wconf 91' lang='lat' dir='ltr'>dinem</span> <span class='ocrx_word' id='word_1_322' title='bbox 863 3436 1325 3505; x_wconf 86' lang='lat' dir='ltr'>indifferenter</span> <span class='ocrx_word' id='word_1_323' title='bbox 1372 3437 1595 3519; x_wconf 91' lang='lat' dir='ltr'>habet,</span> <span class='ocrx_word' id='word_1_324' title='bbox 1634 3452 1711 3508; x_wconf 91' lang='lat' dir='ltr'>ut</span> <span class='ocrx_word' id='word_1_325' title='bbox 1757 3438 1865 3508; x_wconf 83' lang='lat' dir='ltr'>vix</span> <span class='ocrx_word' id='word_1_326' title='bbox 1914 3438 2060 3508; x_wconf 89' lang='lat' dir='ltr'>dies</span> <span class='ocrx_word' id='word_1_327' title='bbox 2110 3440 2249 3509; x_wconf 92' lang='lat' dir='ltr'>ulla</span> <span class='ocrx_word' id='word_1_328' title='bbox 2299 3455 2692 3529; x_wconf 90' lang='lat' dir='ltr'>praetereat,</span> <span class='ocrx_word' id='word_1_329' title='bbox 2746 3443 2913 3529; x_wconf 90' lang='lat' dir='ltr'>quin</span> <span class='ocrx_word' id='word_1_330' title='bbox 2964 3442 3110 3513; x_wconf 91' lang='lat' dir='ltr'>duo</span> 
     </span>
     <span class='ocr_line' id='line_1_37' title="bbox 577 3524 3110 3619; baseline 0.002 -24"><span class='ocrx_word' id='word_1_331' title='bbox 577 3525 903 3617; x_wconf 90' lang='lat' dir='ltr'>psalteria</span> <span class='ocrx_word' id='word_1_332' title='bbox 953 3524 1393 3605; x_wconf 88' lang='lat' dir='ltr'>modulando,</span> <span class='ocrx_word' id='word_1_333' title='bbox 1433 3530 1722 3613; x_wconf 72' lang='lat' dir='ltr'>utraque</span> <span class='ocrx_word' id='word_1_334' title='bbox 1751 3548 1965 3596; x_wconf 87' lang='lat' dir='ltr'>manu</span> <span class='ocrx_word' id='word_1_335' title='bbox 1991 3529 2216 3617; x_wconf 87' lang='lat' dir='ltr'>scopis</span> <span class='ocrx_word' id='word_1_336' title='bbox 2240 3535 2502 3600; x_wconf 69' lang='lat' dir='ltr'>armata</span> <span class='ocrx_word' id='word_1_337' title='bbox 2536 3530 2800 3599; x_wconf 89' lang='lat' dir='ltr'>nudum</span> <span class='ocrx_word' id='word_1_338' title='bbox 2840 3541 3110 3619; x_wconf 61' lang='lat' dir='ltr'>‘corpus</span> 
     </span>
     <span class='ocr_line' id='line_1_38' title="bbox 576 3614 3101 3708; baseline 0.002 -24"><span class='ocrx_word' id='word_1_339' title='bbox 576 3615 837 3684; x_wconf 81' lang='lat' dir='ltr'>allidat.</span> <span class='ocrx_word' id='word_1_340' title='bbox 891 3619 968 3682; x_wconf 90' lang='lat' dir='ltr'>Et</span> <span class='ocrx_word' id='word_1_341' title='bbox 1009 3614 1134 3683; x_wconf 90' lang='lat' dir='ltr'>hoc</span> <span class='ocrx_word' id='word_1_342' title='bbox 1175 3615 1548 3684; x_wconf 84' lang='lat' dir='ltr'>remissiori</span> <span class='ocrx_word' id='word_1_343' title='bbox 1577 3615 1854 3701; x_wconf 90' lang='lat' dir='ltr'>quidem</span> <span class='ocrx_word' id='word_1_344' title='bbox 1910 3628 2230 3705; x_wconf 88' lang='lat' dir='ltr'>tempore.</span> <span class='ocrx_word' id='word_1_345' title='bbox 2298 3623 2463 3688; x_wconf 90' lang='lat' dir='ltr'>Nam</span> <span class='ocrx_word' id='word_1_346' title='bbox 2522 3620 3101 3708; x_wconf 86' lang='lat' dir='ltr'>Quadragesima-</span> 
     </span>
     <span class='ocr_line' id='line_1_39' title="bbox 578 3701 3101 3798; baseline 0.002 -26"><span class='ocrx_word' id='word_1_347' title='bbox 578 3703 761 3773; x_wconf 91' lang='lat' dir='ltr'>libus</span> <span class='ocrx_word' id='word_1_348' title='bbox 808 3701 1114 3782; x_wconf 86' lang='lat' dir='ltr'>circulis,</span> <span class='ocrx_word' id='word_1_349' title='bbox 1168 3702 1305 3771; x_wconf 89' lang='lat' dir='ltr'>sive</span> <span class='ocrx_word' id='word_1_350' title='bbox 1343 3724 1498 3771; x_wconf 85' lang='lat' dir='ltr'>eum</span> <span class='ocrx_word' id='word_1_351' title='bbox 1557 3703 2042 3791; x_wconf 89' lang='lat' dir='ltr'>poenitentiam</span> <span class='ocrx_word' id='word_1_352' title='bbox 2086 3705 2541 3795; x_wconf 83' lang='lat' dir='ltr'>peragendam</span> <span class='ocrx_word' id='word_1_353' title='bbox 2579 3707 2779 3777; x_wconf 91' lang='lat' dir='ltr'>habet</span> <span class='ocrx_word' id='word_1_354' title='bbox 2825 3708 3101 3798; x_wconf 88' lang='lat' dir='ltr'>(crebro</span> 
     </span>
     <span class='ocr_line' id='line_1_40' title="bbox 575 3792 3109 3899; baseline 0.001 -38"><span class='ocrx_word' id='word_1_355' title='bbox 575 3793 759 3861; x_wconf 91' lang='lat' dir='ltr'>enim</span> <span class='ocrx_word' id='word_1_356' title='bbox 810 3805 1086 3861; x_wconf 88' lang='lat' dir='ltr'>centum</span> <span class='ocrx_word' id='word_1_357' title='bbox 1157 3813 1496 3860; x_wconf 89' lang='lat' dir='ltr'>annorum</span> <span class='ocrx_word' id='word_1_358' title='bbox 1576 3792 2056 3880; x_wconf 87' lang='lat' dir='ltr'>poenitentiam</span> <span class='ocrx_word' id='word_1_359' title='bbox 2125 3794 2490 3899; x_wconf 78' lang='lat' dir='ltr'>suscipit),</span> <span class='ocrx_word' id='word_1_360' title='bbox 2558 3809 2718 3865; x_wconf 89' lang='lat' dir='ltr'>tunc</span> <span class='ocrx_word' id='word_1_361' title='bbox 2791 3818 2910 3885; x_wconf 91' lang='lat' dir='ltr'>per</span> <span class='ocrx_word' id='word_1_362' title='bbox 2956 3796 3109 3864; x_wconf 85' lang='lat' dir='ltr'>dies</span> 
     </span>
     <span class='ocr_line' id='line_1_41' title="bbox 576 3878 3109 3969; baseline 0.001 -19"><span class='ocrx_word' id='word_1_363' title='bbox 576 3882 679 3950; x_wconf 88' lang='lat' dir='ltr'>sin</span> <span class='ocrx_word' id='word_1_364' title='bbox 737 3881 908 3961; x_wconf 90' lang='lat' dir='ltr'>ulos,</span> <span class='ocrx_word' id='word_1_365' title='bbox 961 3878 1129 3948; x_wconf 90' lang='lat' dir='ltr'>dum</span> <span class='ocrx_word' id='word_1_366' title='bbox 1202 3900 1273 3948; x_wconf 91' lang='lat' dir='ltr'>se</span> <span class='ocrx_word' id='word_1_367' title='bbox 1322 3901 1687 3969; x_wconf 88' lang='lat' dir='ltr'>scoparum</span> <span class='ocrx_word' id='word_1_368' title='bbox 1739 3881 2177 3951; x_wconf 87' lang='lat' dir='ltr'>tunsionibus</span> <span class='ocrx_word' id='word_1_369' title='bbox 2234 3883 2465 3964; x_wconf 74' lang='lat' dir='ltr'>aflicit,</span> <span class='ocrx_word' id='word_1_370' title='bbox 2528 3898 2603 3954; x_wconf 88' lang='lat' dir='ltr'>ut</span> <span class='ocrx_word' id='word_1_371' title='bbox 2653 3884 2908 3964; x_wconf 83' lang='lat' dir='ltr'>minuS‚</span> <span class='ocrx_word' id='word_1_372' title='bbox 2973 3885 3109 3953; x_wconf 87' lang='lat' dir='ltr'>tria</span> 
     </span>
     <span class='ocr_line' id='line_1_42' title="bbox 573 3967 3108 4061; baseline 0 -21"><span class='ocrx_word' id='word_1_373' title='bbox 573 3992 698 4060; x_wconf 86' lang='lat' dir='ltr'>psa</span> <span class='ocrx_word' id='word_1_374' title='bbox 729 3971 893 4039; x_wconf 89' lang='lat' dir='ltr'>teria</span> <span class='ocrx_word' id='word_1_375' title='bbox 923 3967 1313 4037; x_wconf 88' lang='lat' dir='ltr'>meditando</span> <span class='ocrx_word' id='word_1_376' title='bbox 1363 3968 1708 4058; x_wconf 87' lang='lat' dir='ltr'>persolvit.</span> <span class='ocrx_word' id='word_1_377' title='bbox 1754 3973 2032 4039; x_wconf 88' lang='lat' dir='ltr'>Centum</span> <span class='ocrx_word' id='word_1_378' title='bbox 2085 3983 2315 4041; x_wconf 91' lang='lat' dir='ltr'>autem</span> <span class='ocrx_word' id='word_1_379' title='bbox 2362 3994 2701 4042; x_wconf 88' lang='lat' dir='ltr'>annorum</span> <span class='ocrx_word' id='word_1_380' title='bbox 2748 3972 3108 4061; x_wconf 92' lang='lat' dir='ltr'>poeniten—-</span> 
     </span>
     <span class='ocr_line' id='line_1_43' title="bbox 575 4056 3104 4150; baseline 0 -22"><span class='ocrx_word' id='word_1_381' title='bbox 575 4059 689 4140; x_wconf 90' lang='lat' dir='ltr'>tia,</span> <span class='ocrx_word' id='word_1_382' title='bbox 728 4060 906 4130; x_wconf 87' lang='lat' dir='ltr'>sicut</span> <span class='ocrx_word' id='word_1_383' title='bbox 951 4059 1102 4147; x_wconf 90' lang='lat' dir='ltr'>ipso</span> <span class='ocrx_word' id='word_1_384' title='bbox 1150 4071 1424 4127; x_wconf 88' lang='lat' dir='ltr'>auctore</span> <span class='ocrx_word' id='word_1_385' title='bbox 1455 4056 1855 4139; x_wconf 85' lang='lat' dir='ltr'>didicimus,</span> <span class='ocrx_word' id='word_1_386' title='bbox 1910 4060 2008 4127; x_wconf 88' lang='lat' dir='ltr'>sic</span> <span class='ocrx_word' id='word_1_387' title='bbox 2058 4060 2405 4150; x_wconf 83' lang='lat' dir='ltr'>expletur:</span> <span class='ocrx_word' id='word_1_388' title='bbox 2472 4083 2627 4131; x_wconf 87' lang='lat' dir='ltr'>cum</span> <span class='ocrx_word' id='word_1_389' title='bbox 2683 4062 2809 4130; x_wconf 90' lang='lat' dir='ltr'>tria</span> <span class='ocrx_word' id='word_1_390' title='bbox 2861 4083 3104 4149; x_wconf 89' lang='lat' dir='ltr'>scopa-</span> 
     </span>
     <span class='ocr_line' id='line_1_44' title="bbox 571 4146 3103 4240; baseline 0.001 -25"><span class='ocrx_word' id='word_1_391' title='bbox 571 4169 726 4215; x_wconf 90' lang='lat' dir='ltr'>rum</span> <span class='ocrx_word' id='word_1_392' title='bbox 779 4146 996 4216; x_wconf 91' lang='lat' dir='ltr'>millia</span> <span class='ocrx_word' id='word_1_393' title='bbox 1043 4168 1267 4216; x_wconf 91' lang='lat' dir='ltr'>unum</span> <span class='ocrx_word' id='word_1_394' title='bbox 1320 4146 1774 4235; x_wconf 89' lang='lat' dir='ltr'>poenitentiae</span> <span class='ocrx_word' id='word_1_395' title='bbox 1813 4168 2072 4218; x_wconf 89' lang='lat' dir='ltr'>annum</span> <span class='ocrx_word' id='word_1_396' title='bbox 2124 4150 2307 4239; x_wconf 90' lang='lat' dir='ltr'>apud</span> <span class='ocrx_word' id='word_1_397' title='bbox 2347 4172 2467 4220; x_wconf 92' lang='lat' dir='ltr'>nos</span> <span class='ocrx_word' id='word_1_398' title='bbox 2524 4149 2928 4240; x_wconf 85' lang='lat' dir='ltr'>regulariter</span> <span class='ocrx_word' id='word_1_399' title='bbox 2984 4171 3103 4218; x_wconf 85' lang='lat' dir='ltr'>ex-</span> 
     </span>
     <span class='ocr_line' id='line_1_45' title="bbox 575 4234 3103 4329; baseline 0.001 -25"><span class='ocrx_word' id='word_1_400' title='bbox 575 4235 826 4326; x_wconf 89' lang='lat' dir='ltr'>pleant,</span> <span class='ocrx_word' id='word_1_401' title='bbox 879 4235 1112 4304; x_wconf 89' lang='lat' dir='ltr'>decem</span> <span class='ocrx_word' id='word_1_402' title='bbox 1163 4247 1388 4305; x_wconf 89' lang='lat' dir='ltr'>autem</span> <span class='ocrx_word' id='word_1_403' title='bbox 1444 4234 1868 4326; x_wconf 89' lang='lat' dir='ltr'>psalmorum</span> <span class='ocrx_word' id='word_1_404' title='bbox 1922 4237 2317 4319; x_wconf 90' lang='lat' dir='ltr'>modulatio,</span> <span class='ocrx_word' id='word_1_405' title='bbox 2370 4252 2444 4307; x_wconf 93' lang='lat' dir='ltr'>ut</span> <span class='ocrx_word' id='word_1_406' title='bbox 2492 4261 2693 4329; x_wconf 87' lang='lat' dir='ltr'>saepe</span> <span class='ocrx_word' id='word_1_407' title='bbox 2734 4238 3103 4329; x_wconf 88' lang='lat' dir='ltr'>probatum</span> 
     </span>
    </p>
   </div>
   <div class='ocr_carea' id='block_1_3' title="bbox 618 4398 2061 4502">
    <p class='ocr_par' dir='ltr' id='par_1_5' title="bbox 618 4398 2061 4502">
     <span class='ocr_line' id='line_1_46' title="bbox 622 4398 1067 4438; baseline -0.004 0"><span class='ocrx_word' id='word_1_408' title='bbox 622 4398 649 4425; x_wconf 77' lang='lat'>¹⁸</span> <span class='ocrx_word' id='word_1_409' title='bbox 682 4399 822 4438; x_wconf 77' lang='lat' dir='ltr'>Forte</span> <span class='ocrx_word' id='word_1_410' title='bbox 841 4398 1067 4437; x_wconf 73' lang='lat' dir='ltr'>doctorem.</span> 
     </span>
     <span class='ocr_line' id='line_1_47' title="bbox 618 4448 2061 4502; baseline 0 -10"><span class='ocrx_word' id='word_1_411' title='bbox 618 4453 673 4480; x_wconf 70' lang='lat'>⁸*</span> <span class='ocrx_word' id='word_1_412' title='bbox 701 4451 957 4493; x_wconf 75' lang='lat' dir='ltr'>Monachus</span> <span class='ocrx_word' id='word_1_413' title='bbox 975 4451 1026 4492; x_wconf 76' lang='lat' dir='ltr'>in</span> <span class='ocrx_word' id='word_1_414' title='bbox 1041 4450 1328 4494; x_wconf 70' lang='lat' dir='ltr'>Monasteflo</span> <span class='ocrx_word' id='word_1_415' title='bbox 1353 4452 1396 4492; x_wconf 78' lang='lat'>8.</span> <span class='ocrx_word' id='word_1_416' title='bbox 1419 4448 1594 4493; x_wconf 65' lang='lat' dir='ltr'>Mariae</span> <span class='ocrx_word' id='word_1_417' title='bbox 1614 4452 1741 4502; x_wconf 78' lang='lat' dir='ltr'>apud</span> <span class='ocrx_word' id='word_1_418' title='bbox 1760 4449 2061 4493; x_wconf 74' lang='lat' dir='ltr'>Florentiam.</span> 
     </span>
    </p>
   </div>
   <div class='ocr_carea' id='block_1_4' title="bbox 3312 3725 3317 4471">
    <p class='ocr_par' dir='ltr' id='par_1_6' title="bbox 3312 3725 3317 4471">
     <span class='ocr_line' id='line_1_48' title="bbox 3312 3725 3317 4471; baseline 0 0"><span class='ocrx_word' id='word_1_419' title='bbox 3312 3725 3317 4471; x_wconf 95' lang='lat' dir='ltr'> </span> 
     </span>
    </p>
   </div>
  </div>
 </body>
</html>
