3347 4999
208 331 383 398 OCT.
440 331 510 394 3⁴
883 350 961 394 ne
1009 348 1063 393 s.
1107 346 1496 392 woi.rcANeo
1537 348 1635 393 ar.
1678 347 2089 394 anismam.
2542 328 2657 394 76¹

211 446 366 525 post
427 433 693 502 obitum
755 432 1013 520 Joseph
1075 431 1248 500 dura
1322 433 1644 500 servitute
1705 433 2014 520 Aegyptii
2081 445 2599 522 oppresserunt.
2657 435 2760 500 Ita

212 523 395 592 enim
445 534 512 591 et
559 521 684 590 hos
734 521 1108 590 monachos
1160 519 1359 589 multi
1411 520 1574 589 mali
1612 520 1981 610 praepositi
2022 542 2182 590 cum
2218 521 2619 591 omnimoda
2652 542 2761 589 re-

215 611 496 701 ligiosae
543 611 719 680 vitae
770 609 1245 700 profligatione
1283 609 1777 679 contriverunt.
1823 609 1947 679 Sed
2003 609 2111 678 h‘is
2157 609 2458 692 omissis,
2497 610 2579 679 ad
2615 630 2756 679 rem

217 699 600 769 redeamus.

302 797 340 870 5
391 793 560 860 20.
616 791 781 857 Cum
832 808 910 856 eo
945 841 961 868 ,
1013 809 1151 874 quo
1211 786 1563 868 diximus,
1623 787 1826 856 modo
1874 799 2155 858 sanctus
2207 786 2652 878 wolfgangus
2683 787 2756 855 in

218 878 590 947 monastica
631 877 763 945 vita
802 876 1222 946 instituenda
1260 875 1690 956 desudasset,
1749 898 1882 946 non
1939 876 2188 947 minori
2237 877 2468 945 studio
2524 897 2596 944 se
2641 897 2758 944 ac-

213 965 425 1035 cinxit
462 965 546 1035 ad
603 966 984 1054 Canonicae
1035 967 1207 1035 vitae
1234 965 1395 1053 jura
1444 979 1508 1034 et
1557 966 1870 1035 instituta
1920 965 2376 1036 reformanda.
2430 969 2518 1033 Ea
2569 976 2759 1034 ante-

210 1055 502 1125 cessoris
549 1055 658 1124 sui
693 1054 1044 1123 Michaelis
1085 1054 1262 1124 mala
1315 1053 1705 1124 valetudine
1752 1053 2073 1125 destituta
2121 1068 2186 1123 et
2234 1053 2632 1125 labefactata
2683 1064 2760 1121 ut

215 1144 403 1223 vidit,
450 1143 667 1212 multa
716 1143 1085 1234 sagacitate
1116 1159 1181 1212 et
1229 1143 1569 1212 industria
1611 1145 2061 1213 instauravit:
2119 1142 2420 1232 primum
2471 1141 2752 1230 quidem

214 1234 279 1301 in
334 1232 397 1301 id
445 1232 773 1311 intentus»,
813 1244 886 1300 ut
932 1231 1265 1302 haberent
1297 1232 1617 1302 Canonici
1651 1253 1831 1319 quae
1877 1233 1960 1302 ad
2001 1233 2252 1302 victum
2297 1232 2758 1318 vestitumque

211 1321 652 1400 sufficerent;
706 1319 978 1402 deinde,
1035 1335 1108 1389 ut
1160 1334 1308 1411 post
1348 1341 1418 1389 se
1458 1322 1779 1391 custodes
1829 1322 2108 1392 idoneos
2168 1320 2269 1389 illi
2325 1321 2751 1411 provideret;

212 1423 355 1479 tum
406 1431 704 1496 quoque,
749 1423 824 1479 ut
871 1408 1079 1479 simul
1142 1410 1209 1478 in
1275 1408 1625 1480 refectorio
1672 1411 1988 1492 ederent,
2032 1423 2096 1479 et
2141 1424 2325 1479 extra
2374 1409 2752 1480 claustrum

211 1498 401 1569 horis
456 1499 859 1587 incongruis
903 1519 985 1568 ne
1036 1498 1321 1580 exirent,
1374 1520 1596 1586 neque
1645 1499 1902 1570 silentii
1952 1498 2394 1589 disciplinam
2455 1497 2754 1588 neglige·

213 1600 382 1656 rent.
435 1587 760 1656 Juniores
821 1587 1034 1657 voluit
1071 1588 1346 1657 scholae
1392 1588 1644 1658 studiis
1693 1589 2045 1669 interesse,
2100 1588 2404 1657 seniores
2453 1586 2756 1676 psalmo-

210 1675 387 1756 diae,
445 1676 740 1755 lectioni,
794 1675 1085 1746 orationi
1144 1698 1404 1746 vacare.
1465 1682 1678 1764 Atque
1726 1690 1801 1747 ut
1839 1677 2304 1747 adolescentes
2353 1676 2574 1766 magis
2622 1673 2755 1744 fer-

217 1777 445 1835 verent
491 1765 576 1834 ad
645 1765 1069 1854 capessenda
1130 1766 1357 1835 studia
1425 1765 1815 1835 liberalium
1884 1766 2411 1855 disciplinarum
2448 1819 2463 1846 ,
2514 1765 2757 1833 crebro

214 1852 489 1923 illorum
524 1853 790 1924 tabulas
820 1853 920 1923 vel
947 1876 1139 1924 ceras
1167 1855 1481 1945 inspexit.
1519 1854 1888 1942 Plerosque
1916 1877 1995 1925 ex
2030 1855 2190 1934 illis,
2222 1853 2305 1922 ad
2342 1852 2753 1923 discendum

214 1942 541 2012 incitabat
590 1942 965 2023 beneficii3‚
1019 1943 1291 2013 desides
1338 1957 1403 2013 et
1451 1942 1878 2044 negligentes
1915 1943 2352 2033 objurgabat.

297 2034 334 2118 ξ
385 2034 529 2102 21.
585 2036 681 2100 Ita
718 2045 946 2101 autem
1001 2032 1398 2102 monasticis
1430 2046 1496 2101 et
1544 2033 1989 2102 interioribus
2035 2034 2175 2101 sive
2208 2032 2499 2106 urbanis
2546 2029 2757 2099 rebus

211 2132 388 2189 recte
426 2133 630 2207 atque
654 2120 897 2189 ordine
925 2121 1339 2201 constitutiS,
1381 2120 1686 2210 prudens
1716 2135 1780 2190 et
1806 2122 2357 2211 circumspectus
2390 2120 2502 2188 Dei
2532 2119 2758 2190 cultor

214 2230 649 2296 nequaquam
701 2209 1112 2278 exteriorum
1173 2230 1411 2279 curam
1466 2208 1807 2298 neglexit,
1860 2210 1974 2280 sed
2030 2212 2211 2279 sicut
2262 2209 2632 2299 oppidanis
2691 2220 2759 2276 et

211 2297 590 2367 coenobitis
636 2299 935 2387 optimas
985 2299 1342 2389 proposuit
1389 2298 1854 2370 institutiones
1885 2354 1900 2381 ,
1952 2300 2045 2369 ita
2091 2299 2295 2369 etiam
2349 2311 2551 2369 totam
2653 2318 2756 2365 er·

208 2385 514 2455 lustrans
537 2386 903 2456 dioecesim
938 2408 1162 2469 suam,
1197 2408 1438 2457 omnes
1473 2386 1844 2458 salutiferis
1881 2387 2336 2457 concionibus
2368 2387 2606 2456 erudie
2658 2397 2749 2455 at.

209 2473 525 2562 Adeoque
572 2497 729 2546 cum
783 2476 1148 2546 Missarum
1198 2488 1343 2546 erat
1389 2475 1727 2547 solemnia
1775 2475 2271 2559 celebraturus,
2329 2475 2591 2568 plebem
2643 2496 2757 2545 as-

210 2562 495 2634 suefecit
524 2565 874 2635 confluere
912 2564 995 2634 ad
1038 2564 1424 2647 ecclesiam,
1478 2579 1555 2635 ut
1583 2567 2013 2638 solemnibus
2050 2567 2299 2637 diebus
2337 2567 2444 2635 vix
2476 2565 2754 2634 aedium

208 2652 531 2723 custodes
577 2653 766 2723 domi
816 2654 1033 2723 relicti
1085 2654 1503 2725 viderentur.
1560 2655 1651 2725 Ad
1704 2655 1998 2725 mellitas
2044 2656 2229 2725 enim
2279 2655 2644 2723 conciones
2691 2664 2759 2721 et

210 2742 716 2812 exhortationes
763 2744 916 2833 ejus
961 2765 1166 2813 sexus
1223 2757 1511 2831 uterque
1556 2746 1863 2814 certatim
1917 2743 2302 2824 advolabat,
2354 2741 2754 2811 coelestium

206 2844 591 2901 aromatum
636 2834 970 2902 suavitate
1009 2832 1643 2923 illectus,.perinde
1691 2845 1769 2902 ut
1806 2854 1969 2921 apes
2019 2832 2243 2901 mellis
2290 2831 2506 2900 allicit
2556 2829 2750 2900 odor.

206 2920 476 3002 Quibus
512 2921 670 3009 pius
707 2920 824 2990 ille
861 2935 1050 3011 pater
1079 2935 1145 2990 et
1195 2936 1424 3011 pastor
1466 2921 1688 2991 modis
1719 2921 2047 2990 omnibus
2090 2920 2436 3010 prodesse,
2473 2939 2757 3006 seseque

205 3008 289 3077 ad
324 3031 561 3078 eorum
611 3024 889 3099 captum
927 3024 992 3079 et
1030 3010 1391 3080 utilitatem
1443 3009 1967 3079 accommodare
2014 3008 2441 3088 desiderans,
2483 3008 2552 3077 in
2600 3028 2754 3098 pro-

209 3097 548 3187 ponendis
577 3099 805 3188 regnis
837 3099 1150 3169 coelestis
1178 3099 1617 3169 sermonibus
1653 3098 2189 3186 haudquaquam
2226 3098 2325 3168 uti
2355 3096 2570 3166 voluit
2606 3118 2756 3186 per-

210 3184 426 3285 plexis
484 3198 550 3255 et
597 3187 995 3276 sophisticis
1053 3188 1454 3258 sententiis:
1500 3186 1615 3256 sed
1683 3188 1776 3257 ita
1837 3187 2074 3256 melliti
2126 3188 2267 3257 oris
2313 3186 2752 3256 dulcedinem

208 3274 546 3345 meffabili
594 3277 894 3362 quadam
947 3276 1302 3346 severitate
1346 3288 1411 3345 et
1458 3276 1787 3365 gravitate
1835 3276 2283 3365 temperabat,
2325 3288 2399 3344 ut
2446 3273 2754 3364 simplici

204 3374 272 3433 et
318 3364 580 3451 optimo
627 3363 905 3434 dicendi
953 3386 1200 3454 genere
1231 3363 1578 3452 cujusque
1629 3366 1909 3435 intimas
1941 3365 2388 3455 cogitationes
2419 3364 2756 3454 attingere

205 3449 575 3531 videretur,
629 3467 833 3539 atque
879 3475 955 3522 ea
1010 3454 1271 3523 ratione
1307 3476 1385 3522 ex
1419 3453 1815 3523 auditorum
1852 3454 2074 3523 oculis
2110 3454 2569 3542 lacrymarum
2624 3453 2756 3522 im-

204 3539 363 3610 bres
394 3539 687 3608 eliceret.
726 3546 887 3610 Eam
924 3542 1110 3611 enim
1149 3542 1446 3631 Spiritus
1487 3547 1778 3612 Sanctus
1810 3544 1868 3612 ei
1911 3542 2294 3613 contulerat
2324 3544 2641 3633 gratiam,
2681 3552 2757 3611 ut

201 3628 325 3717 qui
359 3629 882 3699 concionantem
924 3652 1081 3700 eum
1119 3644 1372 3701 attente
1422 3630 1766 3712 audirent,
1820 3644 1941 3702 aut
1982 3653 2159 3712 raro,
2216 3643 2336 3701 aut
2393 3650 2754 3717 nunquam

203 3717 412 3788 siccis
458 3716 681 3787 oculis
713 3740 793 3788 ex
825 3718 980 3806 ejus
1018 3720 1346 3788 concione
1378 3719 1845 3789 abscederent.

293 3809 332 3894 ξ
383 3811 542 3878 22.
597 3810 745 3889 Quo
783 3808 1043 3898 insigni
1094 3808 1205 3877 Dei
1257 3808 1589 3878 beneficio
1638 3831 1759 3899 pro
1808 3831 1933 3877 sua
1985 3808 2244 3878 malitia
2283 3807 2577 3877 afflictus
2624 3806 2754 3874 hu-

204 3917 452 3965 manae
487 3895 732 3967 salutis
771 3896 1122 3978 inimicus,
1171 3897 1665 3988 malignitatem
1703 3911 1769 3968 et
1802 3896 2247 3966 invidentiam
2300 3917 2526 3974 suam,
2577 3916 2756 3982 quae

200 4006 360 4055 eum
424 3997 751 4086 perpetuo
807 3986 1093 4066 cruciat,
1144 3986 1402 4074 quibus
1451 4000 1715 4076 poterat
1772 3986 2035 4055 viribus
2094 3987 2158 4054 in
2221 3985 2417 4054 illum
2472 3984 2750 4053 beatum

199 4074 582 4143 Antistttem
626 4073 1043 4144 declarabat.
1098 4080 1262 4144 Cum
1314 4075 1500 4143 enim
1550 4075 1928 4162 aliquando
1963 4075 2031 4144 in
2069 4076 2239 4144 urbe
2270 4072 2755 4163 Ratisponensi

202 4182 331 4231 suo
368 4185 552 4233 more
580 4162 663 4231 ad
721 4162 1052 4253 populum
1089 4164 1637 4244 concionaretur,
1679 4164 2030 4255 malignus
2061 4163 2351 4231 daemon
2386 4161 2755 4251 derepente

201 4250 566 4321 concitavit
592 4254 774 4331 aera,
813 4252 1128 4321 excitavit
1164 4253 1506 4322 turbinem
1540 4267 1600 4322 et
1640 4254 1885 4322 miram
1928 4251 2535 4343 perturbationem,
2571 4249 2757 4321 unde

202 4339 620 4425 sequebatur
666 4340 999 4411 confusus
1053 4341 1289 4431 populi
1340 4340 1603 4410 clamor
1641 4354 1708 4411 et
1765 4363 2123 4412 murmur:
2177 4342 2246 4409 in
2296 4341 2444 4430 ipso
2482 4360 2759 4427 quoque

201 4426 532 4499 ecclesiae
563 4443 734 4501 tecto
760 4431 1107 4519 ingentem
1141 4430 1363 4500 effecit
1398 4429 1767 4522 fragorem,
1808 4444 2012 4519 atque
2049 4430 2223 4499 intra
2261 4430 2483 4521 ipsius
2517 4426 2754 4519 templi
