3347 4999
685 394 814 457 322
1373 409 1449 454 nn
1498 409 1550 452 s.
1601 407 1870 454 munao
1918 406 2114 454 nerse.
2168 403 2354 453 enon.
2826 387 3000 453 OCT.
3064 390 3167 453 to

594 515 1019 573 mensuram,
1050 493 1249 582 juxta
1283 492 1826 561 aestimationem
1855 491 2258 580 Anglorum;
2302 490 2632 571 secunda,
2678 503 3156 561 trecentorum

592 596 657 654 et
705 582 910 662 ultra,
964 582 1261 670 spatium
1301 593 1501 650 tenet.

683 673 720 759 ξ
771 677 859 743 2.
913 670 1087 739 Huic
1136 681 1363 739 autem
1414 669 1599 757 genti
1647 668 1917 738 occasio
1986 667 2116 737 fuit
2178 667 2663 757 percipiendae
2711 665 2898 747 fidei,
2952 668 3155 755 quod

595 758 945 850 praefatus
992 763 1129 828 Rex
1176 759 1353 848 ejuS,
1406 758 1814 847 cognatione
1868 759 2157 847 Junctus
2211 769 2311 825 est
2374 757 2541 845 Regi
2582 757 3151 837 Cautum-iorum,

594 861 874 939 accepta
923 848 991 917 in
1044 849 1408 938 conjugem
1463 846 1848 935 Edelburga
1880 900 1896 926 ,
1951 845 2094 915 filia
2164 845 2505 915 Edelberti
2565 845 2600 879 ²*
2659 846 2911 936 Regis,
2964 869 3161 932 quae

595 937 729 1008 alio
772 937 1051 1007 nomine
1089 942 1247 1006 Tate
1296 936 1690 1005 vocabatur.
1745 935 1970 1023 Hujus
2021 935 2440 1003 consortium
2501 955 2660 1003 cum
2723 934 2945 1022 primo
2994 936 3157 1022 ipse

595 1025 831 1097 missis
872 1024 1099 1118 procis
1138 1049 1176 1095 a
1226 1024 1431 1095 fratre
1475 1025 1628 1113 ejus
1676 1023 2049 1101 Eadbaldo,
2107 1024 2223 1110 qui
2286 1037 2452 1093 tunc
2493 1044 2704 1114 regno
2744 1024 3161 1092 cantuario-

596 1137 749 1185 rum
796 1126 1124 1204 praeerat,
1182 1126 1454 1204 peteret;
1511 1134 1917 1202 responsum
1959 1125 2085 1191 est,
2130 1134 2260 1180 non
2302 1133 2450 1182 esse
2486 1111 2776 1191 licitum,
2818 1113 3160 1180 Christia-

597 1225 759 1272 nam
804 1203 1139 1294 virginem
1175 1224 1445 1293 pagano
1483 1201 1553 1271 in
1589 1199 1993 1291 conjugium
2046 1200 2221 1281 dari,
2276 1223 2360 1270 ne
2396 1199 2567 1272 fides
2606 1215 2671 1270 et
2709 1215 3155 1272 sacramenta

595 1291 908 1363 coelestis
939 1292 1168 1382 Regis,
1206 1292 1551 1361 consortio
1588 1289 2115 1379 profanarentur
2147 1290 2372 1379 Regis,
2416 1291 2538 1377 qui
2571 1290 2707 1358 veri
2750 1291 2868 1358 Dei
2910 1290 3155 1362 cultus

595 1393 772 1451 esset
820 1382 1154 1472 prorsusi
1213 1403 1446 1450 narus.
1484 1385 1670 1463 Quae
1703 1379 1870 1448 dum
1921 1378 2191 1448 Eduino
2242 1378 2445 1447 verba
2494 1379 2720 1447 nuntii
2775 1378 3139 1461 referrent,

599 1471 917 1560 promisit
963 1491 1035 1538 se
1083 1470 1154 1538 ni
1212 1469 1256 1538 il
1306 1469 1727 1539 omnimodis
1775 1467 2198 1537 contrarium
2228 1467 2654 1536 Christianae
2703 1466 2889 1546 fidei,
2926 1490 3142 1553 quam

593 1561 786 1648 virgo
825 1559 1113 1640 colebat,
1166 1580 1315 1629 esse
1362 1557 1745 1628 facturum:
1784 1555 1950 1643 quin
1996 1556 2225 1647 potius
2264 1557 2793 1645 permissurum,
2830 1570 2905 1625 ut
2930 1556 3143 1624 fidem

597 1648 1003 1734 cultumque
1042 1669 1208 1717 suae
1256 1646 1610 1738 religionis
1670 1667 1827 1714 cum
1879 1645 2207 1714 omnibus
2256 1645 2375 1732 qui
2440 1666 2673 1714 secum
2742 1645 3138 1724 venissent,

597 1736 784 1816 viris,
856 1736 995 1807 sive
1036 1735 1359 1816 feminiS,
1406 1734 1877 1804 sacerdotibus
1928 1755 2051 1803 seu
2102 1733 2461 1813 ministriS,
2516 1754 2701 1802 more
2751 1734 3151 1804 Christiano

600 1836 922 1895 servaret.
993 1830 1222 1911 Neque
1283 1824 1687 1914 abnegavit,
1755 1844 1826 1892 se
1888 1824 2089 1891 etiam
2154 1822 2465 1891 eamdem
2530 1822 2926 1892 subiturum
2991 1845 3151 1892 esse

597 1914 1024 2004 religionem,
1079 1914 1138 1981 si
1190 1927 1411 1982 tamen
1462 1914 1849 1982 examinata
1900 1935 1937 1980 a
1991 1910 2472 2001 prudentibuS,
2528 1912 2829 1981 sanctior
2877 1933 2957 1980 ac
3009 1917 3153 1981 Deo

596 2003 873 2092 dignior
922 2014 1148 2092 posset
1196 2001 1511 2071 inveniri.
1583 2006 1819 2087 Itaque
1872 2000 2294 2089 promittitur
2363 2001 2553 2090 virgo
2621 2014 2827 2086 atque
2868 1999 3147 2070 Eduino

597 2092 914 2171 mittitur,
970 2104 1034 2159 et
1073 2092 1270 2179 Juxta
1318 2090 1501 2178 quod
1553 2090 1964 2181 dispositum
2018 2089 2274 2169 fuerat,
2321 2089 2682 2158 ordinatur
2720 2089 3137 2177 Episcopus,

594 2180 700 2248 vir
751 2183 880 2248 Deo
930 2179 1245 2260 dilectus,
1304 2179 1659 2258 Paulinus,
1714 2178 1832 2266 qui
1882 2200 2038 2247 cum
2094 2177 2212 2246 illa
2262 2178 2540 2255 veniret,
2593 2199 2885 2265 eamque
2928 2191 2993 2246 et
3029 2200 3147 2247 co·

597 2269 798 2336 mites
844 2268 994 2357 ejus
1026 2322 1040 2348 ,
1089 2289 1171 2336 ne
1227 2291 1649 2359 paganorum
1700 2278 1976 2357 possent
2030 2266 2345 2335 societate
2412 2265 2627 2355 pollui
2660 2321 2675 2344 ,
2733 2267 3148 2354 quotidiana

594 2356 1083 2437 exhortatione,
1137 2370 1201 2426 et
1261 2369 1848 2427 sacramentorum
1914 2354 2311 2425 coelestium
2370 2354 2825 2424 celebratione
2884 2357 3146 2426 confir-

595 2456 835 2513 maret.
2690 2468 2696 2475 ·

685 2535 720 2621 ξ
768 2537 859 2605 8.
914 2534 1286 2604 Ordinatus
1333 2547 1434 2604 est
1481 2547 1710 2604 autem
1772 2533 2103 2602 Paulinus
2150 2534 2517 2622 episcopus
2574 2556 2611 2602 a
2667 2540 2864 2603 Justo
2913 2534 2983 2568 *¹*
3033 2556 3147 2602 ar-

595 2621 1036 2713 chiepiscopo
1088 2623 1218 2692 sub
1267 2623 1378 2693 die
1410 2623 1820 2693 duodecimo
1855 2622 2308 2693 Calendarum
2346 2623 2656 2712 Augusti,
2693 2645 2875 2692 anno
2906 2623 2994 2692 ab
3033 2624 3145 2691 in-

593 2712 990 2781 carnatione
1017 2713 1289 2782 Domini
1322 2713 1811 2782 sexcentesimo
1850 2712 2176 2802 vigesimo
2206 2712 2469 2798 quinto.
2507 2718 2581 2781 Et
2620 2712 2716 2781 sic
2743 2733 2900 2781 cum
2940 2735 3144 2801 prae-

593 2798 728 2868 fata
795 2801 1060 2891 virgine
1120 2800 1205 2869 ad
1266 2822 1489 2891 regem
1550 2800 1924 2881 Eduinum,
1964 2800 2162 2887 quasi
2211 2823 2441 2870 comes
2496 2801 2782 2890 copulae
2832 2801 3142 2870 carnalis

592 2888 887 2959 advenit.
945 2889 1070 2959 Sed
1123 2890 1270 2978 ipse
1321 2890 1545 2978 potius
1596 2901 1730 2957 toto
1780 2888 2011 2957 animo
2047 2889 2434 2966 intendens,
2471 2905 2543 2958 ut
2592 2905 2889 2978 gentem,
2925 2911 3138 2975 quam

592 2976 850 3058 adibat,
907 2978 989 3046 ad
1042 2978 1460 3065 agnitionem
1516 2978 1817 3046 veritatis
1857 2978 2199 3046 advocans
2252 2979 2447 3068 juxta
2507 2999 2731 3047 vocem
2803 2978 3139 3067 Apostoli,

589 3067 714 3135 uni
750 3066 892 3136 viro
941 3067 1273 3157 virginem
1313 3079 1572 3136 castam
1621 3065 1968 3136 exhiberet
2016 3067 2327 3135 Christo:
2380 3087 2540 3134 cum
2586 3067 2649 3133 in
2708 3067 3135 3157 provinciam

588 3155 905 3234 venisset,
963 3154 1292 3225 laboravit
1345 3154 1664 3232 multum,
1711 3167 1788 3224 ut
1834 3168 1897 3224 et
1944 3177 2059 3224 eos
2107 3157 2227 3241 qui
2269 3176 2500 3223 secum
2556 3169 2913 3234 venerant,
2970 3176 3054 3222 ne
3097 3177 3140 3223 a

590 3242 727 3311 fide
762 3243 1154 3320 deficerent,
1213 3243 1500 3312 Domino
1550 3243 1939 3333 adjuvante,
1995 3244 2394 3322 contineret,
2448 3256 2511 3312 et
2559 3243 2852 3330 aliquos,
2880 3243 2931 3311 si
2960 3242 3141 3312 forte

591 3345 841 3420 posset,
901 3330 985 3400 de
1036 3330 1326 3487 paganis
1367 3331 1450 3399 ad
1505 3331 1661 3400 fidei
1700 3333 1989 3422 gratiam
2029 3330 2489 3422 praedicando
2523 3345 2963 3402 converteret.
2993 3333 3131 3401 Sed

590 3419 771 3489 sicut
791 3425 1037 3509 Aposto
1068 3442 1151 3489 us
1177 3420 1296 3501 ait,
1323 3421 1643 3506 quamvis
1664 3421 1882 3492 multo
1912 3434 2235 3511 tempore,
2263 3420 2379 3489 illo
2409 3420 2760 3491 laborante
2791 3422 2858 3490 in
2888 3420 3131 3500 Verbo,

591 3512 771 3577 Deus
827 3509 1040 3578 seculi
1083 3508 1297 3596 hujus
1341 3511 1742 3586 {excaecavit
1792 3522 2053 3580 mentes
2093 3508 2506 3590 infidelium,
2562 3532 2647 3581 ne
2694 3510 2795 3580 eis
2843 3509 3143 3600 fulgeret

587 3595 1007 3666 illuminatio
1055 3598 1403 3688 Evangelii
1457 3598 1713 3688 gloriae
1764 3599 2033 3668 Christi.

678 3688 714 3772 ξ
762 3690 847 3760 4.
899 3691 1090 3756 Anno
1122 3700 1348 3757 autem
1388 3688 1700 3774 sequenti
1728 3688 1907 3757 venit
1940 3687 2010 3755 in
2097 3687 2469 3756 rovinciam
2498 3687 2779 3775 quidam
2812 3688 3129 3766 sicarius,

592 3774 920 3845 vocabulo
947 3780 1218 3857 Eumer,
1268 3776 1524 3847 missus
1566 3798 1600 3844 a
1639 3781 1817 3866 Rege
1858 3775 2011 3845 Occi
2069 3773 2401 3844 entalium
2440 3779 2809 3858 Saxonum,
2854 3776 3139 3847 nomine

590 3864 1008 3944 CuichelmO,
1055 3886 1342 3954 sperans
1393 3887 1464 3935 se
1515 3886 1738 3952 regem
1791 3864 2133 3934 Eduinum
2190 3885 2398 3951 regno
2448 3865 2655 3934 simul
2706 3878 2772 3933 et
2822 3868 2953 3934 vita
2993 3867 3138 3954 pri-

587 3964 934 4034 vaturum,
980 3954 1100 4040 qui
1150 3953 1446 4023 habebat
1493 3953 1705 4022 sicam
1760 3953 2107 4041 bicipitem
2163 3953 2550 4034 toxicatam,
2593 3966 2664 4023 ut
2699 3954 2758 4022 si
2790 3952 2952 4023 ferri
2987 3954 3137 4022 vul-

588 4063 722 4110 nus
766 4041 999 4112 minus
1046 4042 1130 4112 ad
1185 4055 1467 4112 mortem
1523 4041 1728 4130 Regis
1775 4042 2159 4121 sufficeret,
2262 4055 2403 4112 este
2434 4044 2795 4133 juvaretur
2856 4042 3123 4111 veneni.

586 4131 897 4200 Pervenit
935 4145 1163 4201 autem
1213 4130 1297 4200 ad
1352 4135 1604 4221 Regem
1643 4130 1864 4218 primo
1897 4129 2006 4198 die
2041 4065 2342 4201 Paschae
2380 4133 2578 4221 juxta
2613 4153 2887 4200 amnem
2926 4135 3139 4200 Doro·

586 4220 998 4302 ventionem,
1032 4220 1355 4304 ubitu‘nc
1404 4230 1547 4289 erat
1583 4218 1743 4288 villa
1792 4218 2063 4307 regaliS.
2105 4220 2525 4307 Intravitque
2558 4220 2760 4308 quasi
2805 4219 3131 4290 nuntium

635 4420 657 4438 *
689 4418 732 4457 S.
761 4417 1054 4462 Edelbertus,
1081 4418 1158 4458 vel
1186 4418 1505 4463 Ethotbertus,
1534 4417 1867 4458 cantianorum
1899 4419 1944 4455 ct
1974 4417 2377 4466 Anglo-saxonum
2407 4419 2518 4463 Rex,
2553 4415 2627 4457 die
2656 4420 2706 4458 24
2727 4414 2949 4458 februarii
2970 4416 3029 4456 ab
3048 4417 3141 4456 Ec-

582 4471 986 4567 olffiiasggbitttibret
1010 4525 1126 4574 ipse.
1144 4525 1253 4565 Erat
1276 4524 1431 4566 autem
1452 4520 1841 4572 archiepiscopus
1866 4521 2162 4571 cantuariae,
2180 4524 2359 4574 anglice
2380 4525 2662 4576 Canem-bury.
