3347 4999
723 352 850 417 642
2857 352 3028 420 OCT.
3082 355 3179 420 22

897 554 1125 653 VlTA
1194 554 1550 655 SANCTI
1622 555 1993 657 PATRlS
2061 554 2423 657 NOSTRl
2493 556 2902 657 ABERCll

1380 793 1746 860 EPISCOPI
1795 795 2427 862 HIERAPOLITANI

790 1024 1070 1073 AUCTORE
1118 1024 1388 1075 sumone
1435 1026 1906 1086 xETAPnaASTE,
1950 1025 2030 1074 UT
2078 1026 2367 1074 HABETUR
2414 1026 2479 1075 m
2527 1026 2712 1075 'roms
2759 1026 3026 1075 ALOYSII.

1213 1220 1373 1278 Vita
1412 1222 1697 1279 functus
1738 1225 1844 1279 est
1881 1236 2116 1279 versus
2158 1237 2413 1280 annum
2450 1225 2586 1282 167.

724 1434 762 1519 ξ
809 1437 884 1503 1.
915 1436 1137 1500 Marco
1158 1430 1496 1499 Antonino
1526 1441 1590 1499 et
1621 1430 1830 1499 Lucio
1864 1434 2030 1499 Vero
2054 1429 2090 1465 ¹*
2124 1435 2509 1500 Romanum
2537 1428 3004 1500 obtinentibus
3034 1431 3175 1499 im-

637 1520 933 1611 perium,
967 1519 1260 1608 pervasit
1296 1516 1645 1588 decretum
1684 1518 1752 1587 in
1790 1519 2182 1588 universam
2220 1531 2466 1588 terram
2509 1539 2686 1605 quae
2730 1518 3006 1608 parebat
3032 1524 3177 1589 Ro-

637 1609 884 1688 manis,
915 1607 1172 1696 jubens
1202 1607 1432 1677 offerri
1465 1607 1742 1696 publica
1771 1607 2112 1677 sacrificia
2139 1618 2206 1677 et
2238 1606 2572 1678 libamina
2604 1606 2739 1677 diis
2770 1607 2892 1694 qui
2922 1607 3174 1675 dicun-

636 1709 767 1767 tur.
802 1700 965 1766 Cum
1001 1697 1127 1765 hoc
1157 1718 1231 1764 er
1281 1718 1319 1765 o
1352 1696 1699 1766 decretum
1737 1708 1897 1765 tunc
1930 1697 2219 1765 missum
2245 1708 2422 1765 esset
2450 1695 2531 1764 ad
2567 1695 2885 1764 Publium
2963 1716 3171 1765 arvae

634 1785 968 1874 Phrygiae
1005 1785 1231 1855 Praesi
1287 1806 1420 1865 em,
1478 1785 1725 1854 licebat
1764 1784 1990 1854 videre
2038 1806 2301 1865 omneS,
2347 1784 2695 1873 quierant
2732 1783 2863 1853 sub
2908 1718 3173 1855 Ξίιίοηε

637 1879 1130 1954 Romanorum,
1174 1872 1518 1944 celebrare
1565 1874 1735 1943 festa
1767 1886 1832 1942 et
1865 1871 2200 1943 sacrificia
2232 1927 2247 1953 ,
2308 1884 2374 1943 et
2419 1871 2541 1942 dili
2640 1886 2785 1942 nter
2838 1873 3173 1942 inservire

629 1961 862 2052 jussui
898 1968 1408 2047 Romanorum3
1461 1968 1886 2048 senatusque
1915 1960 2471 2052 Hierapolitanus
2502 1962 2534 1996 ⁴*
2602 1975 2666 2030 et
2708 1960 3006 2052 populus
3054 1984 3177 2032 ne-

633 2072 981 2139 quaquam
1018 2050 1300 2120 aberant
1345 2074 1382 2120 a
1433 2073 1625 2121 sacro
1675 2051 1793 2120 illo
1844 2050 2142 2141 publico.
2183 2050 2309 2120 Hic
2347 2062 2575 2120 autem
2613 2051 2779 2140 ipse,
2817 2051 3019 2140 cujus
3067 2062 3174 2121 est

634 2161 961 2229 praesens
994 2152 1504 2228 argumentum,
1539 2140 1889 2221 Abercius,
1934 2140 2048 2209 cui
2087 2153 2231 2209 erat
2259 2140 2673 2209 commissus
2721 2140 3172 2228 Episcopatus

637 2227 1331 2317 Hierapolitanorum,
1384 2250 1541 2298 cum
1587 2228 1865 2298 vidisset
1910 2228 2092 2300 cives
2138 2227 2540 2299 candidatos
2573 2226 2816 2297 infesta
2846 2227 2965 2296 illa
2998 2226 3174 2298 festa

638 2337 962 2407 peragere
1000 2316 1083 2384 ad
1120 2337 1284 2385 suae
1316 2316 1584 2385 animae
1620 2317 1967 2388 interitum
1998 2340 2013 2398 ;
2064 2331 2130 2389 et
2176 2339 2411 2387 verum
2446 2316 2723 2403 quidem
2763 2321 2971 2385 Deum
3007 2338 3174 2386 con-

642 2404 932 2495 temptui
973 2403 1232 2483 haberi,
1274 2404 1483 2474 surda
1537 2417 1764 2475 autem
1807 2405 2078 2476 adorari
2113 2405 2528 2484 simulacra3
2581 2403 2824 2474 salsam
2877 2404 3175 2495 phanta-

640 2494 811 2563 siam
848 2496 953 2577 (ut
991 2491 1214 2563 dicam
1250 2515 1408 2563 cum
1459 2494 1694 2564 divino
1727 2495 2077 2583 Habacuc)
2124 2508 2188 2564 et
2238 2493 2491 2564 erroris
2538 2493 2903 2584 caliginem
2956 2517 3173 2583 super

641 2581 894 2652 multos
926 2581 1224 2663 infundi,
1266 2605 1405 2652 rem
1441 2584 1813 2653 arbitratus
1842 2605 2113 2683 gravem
2149 2598 2213 2653 et
2246 2583 2441 2653 valde
2468 2583 2867 2663 absurdam,
2907 2594 2973 2652 et
2999 2595 3176 2653 tam·

636 2692 842 2758 quam
880 2671 1112 2740 animo
1145 2672 1494 2742 sauciatus
1525 2694 1646 2761 pro
1679 2672 2030 2750 fratribus,
2061 2694 2221 2742 cum
2257 2672 2583 2762 lacrymis
2611 2677 2823 2742 Deum
2852 2692 3172 2742 seorsum

642 2758 1071 2850 precabatur,
1110 2759 1387 2829 dicens:
1441 2783 1478 2826 «
1512 2766 1686 2830 Deus
1735 2760 2150 2843 seculorum,
2193 2773 2259 2831 et
2299 2761 2580 2830 Domine
2630 2760 3168 2842 misericordiae,

636 2849 757 2936 qui
789 2848 918 2916 hoc
949 2849 1343 2918 universum
1378 2849 1775 2931 fabricatuS,
1817 2848 1883 2918 id
1932 2850 2288 2928 contines;
2340 2849 2460 2936 qui
2496 2848 2769 2919 voluisti
2810 2860 2886 2918 ut
2932 2850 3175 2950 unige-

642 2937 828 3007 nitus
865 2950 1023 3006 tuus
1056 2936 1269 3007 Filius
1310 2950 1585 3027 propter
1633 2960 1756 3007 nos
1805 2938 2008 3007 homo
2056 2937 2268 3019 fieret,
2330 2958 2514 3007 nunc
2570 2959 2842 3024 quoque
2889 2937 3175 3028 adspice

641 3025 1006 3106 mundum,
1045 3047 1245 3114 quem
1284 3038 1356 3096 tu
1386 3026 1755 3097 condidisti
1790 3050 1805 3106 ;
1845 3048 2062 3115 neque
2093 3026 2271 3095 hanc
2304 3037 2490 3095 tuam
2522 3026 2889 3107 civitatem,
2922 3026 2995 3095 in
3035 3048 3175 3114 qua

640 3136 748 3184 me
782 3113 1072 3216 posuisti
1107 3127 1443 3204 pastorem
1481 3127 1758 3186 tuarum
1808 3115 2063 3196 ovium,
2107 3128 2173 3184 et
2203 3114 2409 3202 cujus
2445 3114 2615 3184 mihi
2666 3114 2952 3203 indigno
2985 3137 3175 3185 com-

640 3203 885 3275 misisti
914 3203 1420 3293 Episcopatum,
1443 3204 1785 3295 despicias
1818 3205 1915 3274 sic
1942 3203 2354 3273 manufactis
2379 3203 2679 3274 deditam
2716 3203 3175 3273 abominatio·

642 3292 892 3363 nibus:
949 3292 1065 3361 sed
1106 3314 1220 3362 eos
1259 3291 1580 3364 liberatos
1627 3317 1667 3362 a
1711 3294 1893 3363 nube
1948 3293 2245 3373 erroriS,
2301 3313 2477 3380 quae
2509 3292 2608 3362 eis
2656 3290 2952 3362 offundit
2989 3305 3178 3361 tene-

638 3379 824 3461 braS,
864 3378 1165 3471 adjunge
1205 3392 1319 3451 tuo
1357 3381 1629 3451 lumini.
1666 3405 1702 3449 »

726 3470 763 3556 ξ
813 3474 901 3539 2.
958 3473 1136 3538 Haec
1181 3492 1341 3539 cum
1394 3492 1643 3561 magna
1694 3470 1829 3540 diei
1878 3479 2067 3560 parte
2103 3481 2279 3539 esset
2329 3480 2667 3558 precatus,
2706 3481 2770 3539 et
2809 3492 2883 3540 se
2927 3486 3166 3537 somno

641 3556 962 3638 dedisset,
1003 3557 1183 3628 videt
1228 3557 1727 3629 adolescentem
1784 3558 2162 3649 elegantem
2211 3580 2290 3628 ac
2339 3558 2754 3647 speciosum,
2794 3558 3049 3647 virgam
3094 3554 3165 3655 ei

638 3647 710 3716 in
770 3668 1050 3716 manum
1101 3647 1476 3716 tradentem
1512 3702 1527 3728 ,
1579 3661 1644 3717 et
1692 3647 2079 3718 dicentem:
2139 3671 2166 3711 ι
2202 3652 2281 3716 In
2332 3647 2609 3716 nomine
2664 3668 2839 3728 meo,
2890 3648 3167 3725 Aberci,

641 3757 828 3806 nunc
877 3735 1180 3817 ambula,
1233 3750 1298 3807 et
1344 3736 1471 3806 hoc
1521 3736 1768 3807 baculo
1800 3749 2070 3807 contere
2103 3747 2415 3807 auctores
2461 3736 2736 3805 erroris.
2779 3762 2804 3798 ι
2847 3740 2896 3804 Ε
2927 3754 3179 3804 somno

635 3846 797 3916 ergo
830 3823 1185 3906 excitatus,
1221 3848 1382 3896 cum
1433 3838 1610 3896 recte
1651 3825 2113 3907 intellexisset,
2158 3825 2520 3894 Dominum
2560 3824 2693 3895 sibi
2732 3823 3170 3914 apparuisse,

636 3914 864 3985 statim
905 3913 1148 4004 surgit,
1205 3927 1267 3983 et
1317 3914 1641 4005 impletur
1672 3914 1952 3997 fiducia,
1991 3926 2057 3984 et
2090 3915 2386 3985 maximo
2434 3912 2477 3981 li
2537 3935 2622 3982 no
2661 3924 2955 4002 arrepto,
3001 3910 3176 3981 abiit

637 4002 777 4085 ille,
833 4001 1057 4072 zelum
1111 4004 1383 4094 spirans
1435 4016 1499 4074 et
1553 4004 1752 4085 iram,
1808 4002 1895 4073 ad
1948 4003 2281 4093 templum
2332 4002 2493 4093 Apol
2528 4002 2685 4085 inis,
2732 4001 2851 4072 ubi
2892 4020 3176 4092 perage-

636 4090 890 4161 bantur
918 4090 1117 4180 plura
1146 4092 1486 4163 sacrificia
1510 4106 1574 4162 et
1608 4092 1964 4164 libamina.
2000 4098 2154 4162 Erat
2179 4104 2407 4162 autem
2435 4091 2617 4161 circa
2639 4112 2888 4160 nonam
2926 4091 3175 4160 horam

639 4179 879 4250 noctis.
937 4184 1174 4267 Itaque
1225 4180 1460 4251 divina
1510 4180 1726 4252 fretus
1777 4181 2249 4272 apparitione,
2314 4179 2613 4271 primum
2671 4177 2950 4268 quidem
3003 4178 3181 4269 ipsis

688 4373 712 4396 ⁴
745 4375 805 4414 m
824 4375 917 4416 duo
935 4377 1246 4426 Imperatores
1267 4374 1412 4418 simul
1430 4386 1684 4427 regnavere
1706 4386 1828 4417 anno
1849 4378 1939 4417 161.

688 4428 740 4455 ⁵*
770 4428 888 4468 Sunt
915 4430 1078 4478 plures
1110 4432 1320 4480 ejusdem
1350 4431 1550 4470 nominis
1579 4431 1723 4470 urbes
1751 4429 1800 4470 in
1825 4428 2026 4471 diversis
2045 4429 2330 4481 regionibus.
2350 4426 2435 4471 Hic
2456 4431 2612 4482 agitur
2631 4429 2689 4471 de
2708 4428 2938 4479 mer-epoti
2955 4427 3185 4481 Πιναρίου

636 4488 723 4524 neu
739 4482 892 4524 Asiae.
909 4484 1056 4524 Hodie
1076 4483 1191 4525 haec
1207 4482 1470 4535 Hierapolis
1488 4484 1729 4526 destructa.
1748 4486 1821 4526 est
1839 4484 2068 4526 funditus.
