3347 4999
149 345 345 411 OCT.
413 344 501 407 115
1098 363 1175 407 DE
1224 362 1278 408 s.
1332 361 1591 407 mansu
1641 361 1806 409 vino.
2501 347 2628 412 425

146 445 465 536 Mitigati
502 466 572 514 se
620 444 929 526 contulit,
967 457 1067 521 ut,
1108 445 1408 533 plantata
1444 446 1510 512 in
1549 445 1752 514 domo
1786 447 2080 529 Domini,
2138 447 2204 514 in
2242 447 2433 516 atriis
2467 447 2718 519 domus

148 537 273 606 Dei
331 535 556 604 nostri
605 535 896 602 floreret.
951 533 1373 602 Prosessione
1422 533 1651 620 itaque
1709 534 1777 603 in
1829 558 1906 604 eo
1957 536 2369 605 monasterio
2418 538 2712 618 emissit,

148 647 320 695 cum
391 645 519 713 per
568 622 1037 712 duodeviginti
1090 644 1307 692 annos
1343 622 1770 712 gravissimis
1812 624 2112 706 morbis,
2168 646 2247 693 ac
2280 624 2485 692 variis
2523 647 2718 715 prae-

149 727 347 784 terea
380 712 878 781 tentationibus
907 723 1136 779 vexata
1167 724 1363 792 esset,
1402 710 1751 798 nullisque
1782 714 2102 804 supernis
2132 711 2721 784 consolationibus

150 802 597 880 reficeretur,
652 799 1122 870 adeo,invicte
1153 854 1167 880 ,
1222 798 1590 889 adjuvante
1635 800 1942 883 Domino,
1998 803 2229 871 omnia
2266 801 2591 890 pertulit,
2643 816 2720 872 ut

206 890 490 961 robatio
539 888 699 958 fidei
751 888 960 969 itlius,
1015 889 1204 956 omni
1305 888 1614 958 retiosior
1660 912 1830 958 auro
1884 891 2062 977 quod
2110 913 2231 981 per
2278 891 2505 979 ignem
2560 912 2717 980 pro-

150 914 397 1060 batur,
452 979 723 1046 inventa
773 977 976 1047 suerit
1012 977 1077 1045 in
1124 978 1236 1047 lau
1292 999 1397 1046 em
1441 992 1504 1047 et
1536 978 1826 1069 gloriam
1863 992 1926 1049 et
1960 980 2313 1059 honorem,
2358 978 2426 1046 in
2470 979 2720 1048 revela-

156 1072 429 1140 tionem
467 1067 626 1137 lesu
677 1066 943 1135 Christi.

249 1161 286 1246 ξ
338 1164 434 1230 5.
493 1161 571 1224 Et
615 1156 992 1241 quoniam,
1048 1154 1129 1222 ad
1183 1154 1583 1245 erigendum
1639 1155 1937 1225 sublime
1996 1156 2529 1227 christianarum
2583 1156 2717 1224 vir-

155 1260 396 1316 tutum
439 1244 858 1323 aedificium,
914 1242 1072 1311 fidei
1123 1242 1648 1312 fundamentum
1706 1245 2096 1335 ponendum
2150 1244 2298 1321 fuit,
2343 1244 2512 1313 illud
2550 1244 2719 1313 adeo

158 1334 419 1405 stabile
471 1356 550 1402 ac
584 1333 1071 1401 inconcussum
1120 1333 1384 1401 Teresia
1418 1332 1796 1415 collocavit,
1850 1347 1965 1413 ut,
2019 1334 2205 1421 juxta
2262 1334 2542 1402 verbum
2600 1338 2721 1402 Do-

156 1424 371 1504 mini,
433 1420 905 1511 comparanda
952 1420 1039 1489 sit
1089 1422 1229 1489 viro
1271 1421 1560 1510 sapienti
1601 1423 1720 1509 qui
1769 1422 2151 1492 aedificavit
2198 1422 2478 1491 domum
2518 1443 2741 1490 suam,

157 1535 384 1603 supra
441 1523 700 1600 petram
742 1533 754 1577 :
808 1513 887 1579 ea
935 1510 1184 1577 etenim
1236 1509 1557 1578 firmitate
1605 1525 2038 1583 sacrosancta
2091 1511 2432 1580 Ecclesiae
2486 1532 2715 1579 sacra-

156 1614 430 1680 menta,
472 1611 872 1685 caeteraque
901 1597 1274 1667 catholicae
1310 1598 1660 1687 religionis
1710 1600 2028 1691 dogmata
2079 1599 2396 1668 credebat
2430 1611 2492 1667 et
2519 1619 2720 1666 vene-

157 1691 486 1767 rabatur,
545 1700 617 1755 ut
667 1687 1025 1774 majorem,
1081 1700 1154 1755 ut
1206 1688 1350 1776 ipsa
1398 1688 1672 1777 saepius
1717 1689 2232 1769 testificabatur,
2284 1688 2367 1756 de
2415 1686 2721 1774 qualibet

157 1800 231 1848 re
275 1775 772 1847 certitudinem
817 1776 1065 1844 habere
1117 1797 1249 1843 non
1295 1791 1566 1865 posset:
1607 1777 1735 1847 hac
1770 1777 1928 1846 fidei
1979 1778 2259 1847 lucerna
2295 1775 2709 1854 illuminata,

157 1866 452 1936 Domini
518 1865 734 1955 nostri,
786 1864 947 1934 Jesu
1004 1863 1248 1933 Christi
1311 1869 1570 1954 Corpus
1637 1866 1705 1934 in
1761 1866 2233 1937 sacratissima
2287 1864 2719 1934 Eucharistia
2793 1867 2798 1871 ’

159 1956 427 2025 mentis
478 1952 697 2023 oculis
746 1952 914 2022 adeo
964 1953 1144 2022 clare
1195 1953 1611 2034 intuebatur,
1651 1968 1726 2024 ut
1757 1967 2107 2036 assereret,
2150 1953 2323 2023 nihil
2356 1975 2502 2023 esse
2536 1952 2715 2040 quod

158 2044 517 2113 invideret
563 2064 796 2110 eorum
837 2041 1266 2121 beatitudini,
1324 2044 1441 2128 qui
1492 2044 1836 2131 corporeis
1885 2042 2106 2113 oculis
2147 2042 2508 2112 Dominum
2559 2063 2721 2110 con·

163 2134 610 2223 spexissent3
666 2143 929 2199 tantum
983 2144 1207 2199 autem
1262 2131 1448 2199 vivae
1497 2132 1640 2220 spei
1679 2132 1744 2199 in
1784 2132 2071 2221 Domino
2112 2132 2592 2209 collocaverat,
2648 2141 2723 2199 ut

154 2222 429 2311 jugiter
482 2218 887 2308 deploraret,
943 2219 1122 2306 quod
1179 2218 1442 2287 tamdiu
1490 2220 1557 2286 in
1613 2221 1949 2309 praesenti
1988 2220 2253 2290 mortali
2293 2220 2425 2289 vita
2458 2218 2719 2288 detine-

161 2324 381 2390 retur,
439 2330 619 2395 quae
668 2308 799 2376 sibi
849 2307 1420 2397 impedimentum
1473 2309 1763 2390 afferret,
1810 2331 1946 2397 quo
1983 2310 2213 2379 minus
2248 2330 2519 2397 semper
2558 2330 2716 2377 cum

162 2400 467 2468 Domino
518 2409 714 2475 esset,
757 2418 877 2464 nec
916 2417 1087 2476 raro,
1126 2396 1291 2464 dum
1333 2396 1399 2464 in
1435 2396 1637 2465 corde
1673 2419 1799 2467 suo
1833 2398 2143 2467 coelestis
2181 2397 2437 2487 patriae
2468 2396 2719 2486 gaudia

164 2485 638 2578 recogitabat,
698 2497 923 2554 mente
967 2484 1353 2566 excedebat,
1408 2497 1472 2555 et
1519 2485 1602 2555 ad
1653 2510 1890 2556 eorum
1949 2485 2343 2557 fruitionem
2395 2485 2465 2554 in
2516 2506 2722 2555 carne

163 2577 598 2667 rapiebatur.

257 2669 294 2753 ξ
330 2672 427 2737 6.
466 2662 591 2732 Sed
631 2661 807 2731 inter
839 2675 1137 2731 caeteras
1180 2662 1483 2732 Teresiae
1519 2663 1798 2734 virtutes
1841 2663 2206 2752 praecipue
2238 2661 2520 2730 emicuit
2553 2659 2723 2729 dile-

166 2755 302 2824 ctio
363 2752 532 2832 Dei;
586 2773 761 2838 quae
809 2750 976 2819 adeo
1026 2752 1092 2819 in
1146 2750 1348 2819 corde
1403 2752 1552 2840 ejus
1604 2752 1875 2830 exarsit,
1929 2764 2005 2820 ut
2051 2750 2444 2820 confessarii
2499 2749 2721 2837 ipsius

167 2843 488 2913 Teresiae
544 2840 969 2920 charitatem,
1028 2851 1374 2925 tamquam
1431 2862 1561 2909 non
1614 2839 1938 2920 hominiS,
1994 2840 2110 2908 sed
2177 2838 2515 2908 Cherubin
2568 2857 2725 2925 pro-

168 2933 429 3021 priam,
483 2928 993 2997 admirarentur
1039 2942 1103 2997 et
1151 2927 1593 3009 celebrarent,
1648 2950 1854 3015 quam
1891 2928 2093 2997 etiam
2134 2927 2462 2996 Dominus
2499 2938 2726 2995 noster

169 3026 202 3088 J
214 3042 378 3089 esus
407 3017 720 3087 Christus
740 3016 881 3086 mul
897 3017 978 3085 tis
1010 3017 1411 3098 visionibus,
1439 3040 1518 3086 ac
1537 3016 2064 3090 revelationibus
2085 3014 2490 3084 mirabiliter
2510 3012 2721 3096 auxit;

168 3108 597 3195 quandoque
622 3107 831 3186 enim,
860 3105 1017 3174 data
1048 3105 1341 3185 dextera,
1375 3105 1701 3191 clavoque
1734 3119 2028 3185 ostenSO,
2070 3103 2255 3173 illam
2295 3104 2361 3172 in
2398 3122 2720 3191 sponsam

172 3219 373 3267 suam
429 3194 802 3283 adoptavit,
856 3207 1059 3280 atque
1109 3194 1215 3262 his
1267 3193 1488 3263 verbis
1538 3193 1791 3281 alloqui
1830 3193 2156 3282 dignatus
2187 3204 2333 3262 est:
2388 3192 2714 3282 deinceps,

170 3296 246 3354 ut
295 3308 467 3354 vera
513 3306 755 3373 sponsa
799 3306 1020 3352 meum
1067 3284 1321 3351 zelabz's
1370 3285 1723 3363 honorem,·
1761 3285 1913 3373 jam
1945 3284 2085 3381 ipse
2130 3305 2277 3351 sum
2313 3292 2485 3350 totus
2526 3290 2723 3360 tuum

174 3385 235 3442 et
288 3386 362 3442 ιιι
414 3382 556 3440 tota
605 3394 774 3440 mea.
821 3371 1202 3457 Aliquando
1235 3372 1439 3441 etiam
1477 3370 1800 3460 angelum
1838 3370 2027 3451 vidit,
2075 3371 2289 3461 ignito
2324 3367 2556 3457 jaculo
2591 3368 2723 3438 sibi

175 3460 586 3550 praecordia
638 3461 1321 3540 transverberantem,
1375 3482 1452 3528 ex
1501 3459 1757 3546 quibus
1814 3459 2223 3530 coelestibus
2263 3458 2464 3529 donis
2510 3457 2725 3527 divini

177 3552 442 3621 amoris
493 3549 774 3617 flamma
823 3549 890 3617 in
943 3550 1093 3639 ejus
1142 3548 1344 3618 corde
1392 3548 1560 3617 adeo
1608 3549 2085 3629 exaestuabat,
2147 3562 2220 3618 ut
2280 3547 2575 3617 maxime
2621 3569 2728 3615 ar-

175 3637 394 3707 duum
468 3649 722 3717 votum,
763 3659 803 3705 a
852 3642 982 3707 Deo
1030 3638 1290 3716 edocta,
1346 3637 1649 3706 emiserit
1688 3635 2027 3706 efficiendi
2077 3658 2347 3727 semper
2392 3633 2726 3723 quicquid

178 3726 556 3813 perfectius
604 3747 751 3795 esse
798 3740 860 3795 et
909 3727 992 3795 ad
1032 3725 1354 3812 majorem
1411 3726 1520 3794 Dei
1557 3725 1846 3815 gloriam
1889 3725 2223 3815 pertinere
2272 3723 2722 3814 intelligeret:

176 3815 347 3899 quin
387 3814 618 3895 etiam,
660 3827 808 3904 post
842 3829 1127 3884 mortem
1164 3813 1438 3882 cuidam
1495 3815 1776 3883 moniali
1832 3837 1949 3904 per
1978 3815 2199 3884 visum
2240 3812 2721 3892 manifestavit,

180 3923 252 3969 se
295 3925 436 4004 non
471 3904 532 3971 vi
571 3903 837 3984 morbi,
885 3902 999 3972 sed
1058 3924 1138 3972 ex
1188 3902 1602 3972 intolerabili
1653 3903 1870 3972 divini
1921 3903 2177 3973 amoris
2231 3900 2551 3972 incendio
2592 3901 2731 3969 vita

181 4009 577 4062 excessisse.

274 4085 311 4157 ἓ
362 4084 440 4151 2.
499 4081 623 4151 Sed
675 4102 880 4167 quam
936 4082 1264 4169 perpetua
1312 4078 1641 4149 charitate
1693 4081 2080 4170 proximum
2123 4077 2457 4159 dilexerit,
2499 4075 2739 4147 multis

187 4170 616 4251 argumentis
666 4167 1107 4238 manifestum
1156 4168 1308 4250 suit,
1349 4168 1464 4237 sed
1504 4169 1899 4257 praesertim
1944 4189 2024 4237 ex
2064 4167 2326 4237 ardenti
2362 4165 2731 4247 desiderio,

188 4271 326 4335 quo
374 4257 763 4327 animarum
805 4258 1092 4326 salutem
1145 4256 1600 4327 desiderabat.
1657 4255 2052 4326 Infidelium
2095 4257 2276 4326 enim
2328 4270 2393 4326 et
2441 4255 2736 4325 haereti·

189 4359 426 4436 corum
473 4348 786 4417 tenebras
822 4345 1169 4436 perpetuis
1218 4344 1543 4435 lacrymis
1592 4344 1928 4425 deflebat,
1984 4367 2062 4414 ac
2115 4366 2236 4435 pro
2281 4366 2517 4414 eorum
2578 4342 2729 4412 illu-

189 4431 563 4503 minatione
628 4456 760 4505 non
819 4435 1040 4506 solum
1078 4434 1283 4525 juges
1329 4434 1413 4503 ad
1478 4439 1690 4504 Deum
1754 4455 1989 4524 preces
2056 4434 2425 4515 fundebat,
2480 4432 2595 4504 sed
2668 4445 2732 4500 et
