3347 4999
631 322 761 385 238
1270 339 1348 384 nn
1397 338 1487 385 ss.
1541 335 1764 385 sanem
1812 339 1886 384 Er
1934 337 2173 385 nAccuo
2220 339 2335 384 uu.
2810 320 2979 385 OCT.
3040 322 3080 385 7

543 445 741 493 amor
793 424 860 492 in
916 443 1056 502 θος,
1109 433 1174 491 et
1220 422 1400 509 quod
1456 421 1739 512 plurimi
1788 420 2039 490 faceret
2086 420 2258 490 tales
2305 422 2485 492 viros
2534 443 2667 490 non
2718 422 3077 491 amittere:

542 514 672 582 hoc
712 534 869 582 cum
921 533 1000 580 ex
1049 511 1289 580 multis
1338 509 1494 581 aliis
1541 511 1959 599 conjectans,
2019 524 2162 579 tum
2206 532 2286 579 ex
2331 511 2480 589 hoc,
2521 510 2702 597 quod
2736 532 2850 580 eos
2886 510 3080 581 nullo

540 601 834 670 voluerit
882 612 1215 669 tormento
1263 600 1628 687 subjicere,
1683 599 1801 669 sed
1858 621 1977 688 per
2045 599 2221 668 hanc
2269 599 2483 668 solam
2542 599 3079 689 ignominiosam

538 690 625 759 ad
687 689 880 758 illum
935 688 1333 758 missionem
1397 687 1702 758 studeret
1757 710 1872 757 eos
1920 687 1991 756 in
2041 688 2455 757 contrariam
2510 688 2866 759 traducere
2915 710 3076 757 sen-

539 779 847 858 tentiam,
901 789 1136 867 utpote
1182 777 1363 864 quod
1415 776 1500 846 ad
1553 777 1719 846 haec
1765 776 2215 867 excogitanda
2259 775 2713 848 Maximianus
2758 787 2932 847 esset
2963 799 3080 846 va-

538 866 864 937 ferrimus
902 878 969 936 et
1016 866 1642 967 ingeniosissimus
1681 865 1808 934 Sed
1858 865 1967 934 his
2001 865 2278 953 quidem
2317 864 2592 934 blandis
2622 878 2686 934 et
2718 865 3074 955 pellicien-

540 956 723 1027 tibus
755 955 982 1025 verbis
1012 977 1208 1045 prius
1233 955 1612 1024 conabatur
1644 976 1760 1023 eos
1786 953 2043 1023 illicere
2081 954 2477 1023 Antiochus.
2513 953 2763 1023 Deinde
2787 969 3075 1024 conatus

536 1059 638 1116 est
690 1046 892 1115 etiam
955 1057 1210 1114 terrore
1255 1065 1370 1112 eos
1417 1066 1456 1112 a
1510 1063 1718 1131 scopo
1767 1043 2120 1111 traducere
2159 1056 2224 1112 et
2253 1044 2661 1112 constantia.
2713 1065 2747 1109 «
2776 1044 2841 1113 Si
2885 1044 3069 1113 enim

537 1135 733 1215 meis,
790 1133 1069 1214 dicens,
1115 1154 1248 1201 non
1303 1131 1671 1222 parueritis
1719 1130 2340 1212 adhortationibus,
2393 1133 2522 1201 erit
2571 1131 2742 1201 mihi
2789 1133 3072 1201 omnino

538 1244 813 1293 necesse
861 1222 1102 1302 facere,
1147 1243 1324 1308 quae
1356 1234 1520 1290 sunt
1569 1219 1902 1309 imperata
1939 1243 1954 1287 :
2006 1234 2070 1289 et
2106 1242 2236 1300 me,
2291 1233 2637 1307 tamquam
2678 1221 3063 1301 inimicum,

535 1333 769 1401 gerere
817 1311 886 1380 in
937 1323 1226 1379 vestram
1268 1309 1938 1399 magnificentiam.»
1989 1314 2064 1378 Et
2103 1321 2254 1400 post
2304 1309 2469 1378 haec
2517 1308 2778 1378 multus
2826 1308 2954 1378 suit
2999 1309 3072 1378 in

534 1399 1033 1470 enumerandis
1082 1399 1480 1468 nominibus
1517 1410 2037 1479 tormentorum,
2090 1411 2155 1467 et
2186 1398 2396 1468 minis
2445 1397 2888 1468 intentandis.
2944 1398 3071 1467 Sed

534 1489 756 1558 sancti
806 1494 1155 1577 Martyres,
1213 1509 1432 1573 neque
1479 1485 1834 1556 blanditiis
1880 1487 2201 1568 emolliti,
2260 1507 2480 1572 neque
2520 1487 2730 1555 minis
2769 1485 3010 1573 dejecti
3049 1510 3065 1552 ε

536 1601 572 1643 «
611 1579 727 1658 Iis,
773 1578 1113 1658 dixerunt,
1198 1577 1270 1646 ui
1302 1575 1644 1646 Christum
1680 1575 1930 1654 solum,
1969 1597 2008 1644 o
2037 1576 2277 1657 Judex‚
2315 1590 2380 1645 et
2405 1596 2582 1662 quae
2615 1575 2799 1665 apud
2839 1576 3069 1665 ipsum

532 1665 867 1735 absconsa
915 1678 1038 1746 est,
1095 1665 1158 1733 vi
1192 1687 1300 1733 am
1354 1664 1609 1733 lucrari
1645 1664 2032 1745 statuerint,
2073 1665 2246 1734 nihil
2285 1678 2389 1734 est
2414 1685 2621 1734 curae
2653 1687 2733 1733 ex
2761 1663 2845 1734 iis
2893 1685 3072 1751 quae

532 1754 761 1824 fluunt
806 1767 871 1825 et
918 1756 1286 1835 intereunt,
1344 1774 1476 1822 non
1532 1754 1770 1832 honor,
1822 1775 1952 1821 non
2007 1754 2267 1842 gloria,
2330 1776 2464 1823 non
2516 1754 2863 1844 potentia,
2930 1774 3067 1821 non

531 1841 791 1929 aliquid
845 1843 1031 1913 aliud
1082 1864 1322 1911 eorum
1380 1863 1557 1928 quae
1603 1855 1723 1911 aut
1770 1841 2162 1912 demulcere
2258 1856 2524 1921 ossunt,
2581 1854 2700 1910 aut
2751 1841 3070 1914 molestia

530 1931 820 2001 afficere.
876 1938 1007 2000 Nos
1045 1931 1230 2000 euim
1281 1942 1347 2000 et
1394 1944 1547 2000 tuas
1611 1932 1859 2010 minaS,
1913 1944 1977 1999 et
2024 1931 2181 2000 blan
2242 1932 2396 2002 itias
2446 1953 2526 2000 ex
2573 1952 2792 2018 aequo
2841 1943 3072 2000 conte·

532 2021 866 2091 mnimus.
905 2024 1103 2089 Cessa
1152 2040 1314 2109 ergo
1364 2032 1436 2089 tu
1482 2041 1781 2106 quoque,
1835 2019 2016 2089 sicut
2063 2042 2370 2110 serpens,
2427 2019 2625 2088 nobis
2676 2019 2854 2087 mala
2905 2041 3071 2087 con-

532 2109 779 2178 sulere.
839 2108 1163 2178 Videmus
1217 2108 1397 2177 enim
1466 2109 1657 2177 virus
1707 2108 1837 2178 sub
1886 2107 2022 2177 tuis
2074 2108 2323 2179 labris:
2377 2120 2442 2177 et
2490 2108 2642 2177 ideo
2689 2107 3069 2178 consilium

530 2211 724 2267 tuum
780 2212 1128 2284 tamquam
1180 2218 1422 2302 graves
1469 2219 1872 2267 aversamur
1913 2198 2226 2266 insidias.
2264 2203 2354 2267 Ne
2379 2219 2540 2287 ergo
2569 2195 2858 2277 fallaris,
2892 2210 3072 2265 tem-

529 2308 663 2375 pus
711 2287 965 2355 trustra
1011 2307 1454 2366 consumens,
1507 2298 1571 2354 et
1604 2309 1642 2355 a
1693 2308 1866 2354 vana
1915 2307 2034 2374 spe
2121 2286 2423 2366 endens;
2471 2308 2689 2372 neque
2718 2285 2898 2354 enim
2951 2307 3070 2372 pu·

528 2374 729 2443 niens
756 2374 1209 2464 expugnabiS,
1244 2396 1466 2462 neque
1498 2374 1776 2443 minans
1801 2395 2049 2464 persua
2101 2375 2272 2455 ebiS,
2309 2388 2384 2444 ut
2415 2374 2745 2443 viventem
2779 2372 3064 2460 quidem

536 2467 750 2532 Deum
821 2461 1340 2551 relinquamus,
1394 2461 1853 2533 daemonibus
1909 2476 2137 2533 autem
2204 2463 2435 2534 surdis
2493 2475 2558 2533 et
2615 2461 2807 2532 nullo
2856 2483 3071 2532 sensu

526 2551 857 2642 praeditis
902 2553 1273 2624 offeramus
1320 2553 1767 2623 sacrificium.
1822 2552 2028 2622 Nobis
2077 2553 2261 2621 enim
2310 2566 2373 2621 et
2410 2564 2683 2642 propter
2715 2551 3066 2620 Christum

525 2640 771 2723 vivere,
811 2653 912 2711 est
959 2642 1216 2712 bonum
1253 2664 1269 2722 ;
1313 2654 1377 2711 et
1427 2654 1705 2732 propter
1764 2641 1992 2731 ipsum
2046 2664 2289 2711 rursus
2340 2642 2554 2721 mori,
2600 2640 2900 2711 lucrum.
2965 2645 3070 2709 Tu

524 2741 751 2800 autem
805 2730 977 2799 nihil
1031 2730 1162 2799 tale
1210 2731 1513 2820 potueris
1569 2730 1798 2799 dicere
1851 2729 1936 2798 de
1992 2732 2131 2801 tuis
2189 2728 2603 2801 simulacris.
2665 2734 2828 2798 Vere
2874 2728 3066 2797 enim

524 2831 686 2889 sunt
724 2831 1083 2911 arqentum
1129 2830 1193 2889 et
1240 2842 1519 2899 aurum,
1574 2842 1780 2910 opera
1823 2842 2151 2889 manuum
2198 2820 2585 2899 hominum,
2639 2839 2814 2905 quae
2886 2816 3064 2886 nihil

523 2922 812 2997 possunt
861 2909 1184 2999 prodesse
1244 2908 1331 2977 iis
1393 2909 1513 2995 qui
1580 2908 1649 2976 in
1720 2908 1892 2998 ipsis
1952 2930 2152 2978 suam
2222 2907 2643 2976 collocarunt
2701 2906 3059 2975 fiduciam.

526 2996 799 3098 ‘Similes
846 3020 1010 3089 ergo
1046 2998 1146 3068 eis
1179 2997 1349 3069 fiant
1383 2998 1428 3066 ii
1464 2998 1584 3086 qui
1619 2998 1771 3088 ipsa
1824 2995 2083 3078 colunt,
2131 3008 2196 3065 et
2243 3017 2480 3066 omnes
2526 2996 2647 3083 qui
2703 2995 3062 3065 confidunt
3109 3084 3112 3087 Ι

525 3106 593 3154 1n
644 3107 767 3156 eis.
802 3110 839 3153 »

609 3176 647 3261 ξ
692 3178 825 3246 ss.
885 3179 1048 3243 Cum
1100 3196 1262 3266 ergo
1313 3179 1458 3244 Dux
1505 3175 1790 3245 vidisset
1842 3196 1958 3244 eos
2007 3187 2143 3244 tam
2196 3186 2425 3263 aperte
2473 3171 2780 3252 locutos,
2843 3183 3057 3241 tanta·

521 3283 657 3349 que
704 3283 852 3330 esse
894 3262 1237 3351 praeditos
1277 3263 1583 3333 libertate
1629 3278 1695 3334 et
1723 3264 1938 3335 animi
1982 3262 2495 3353 magnitudine3
2525 3275 2595 3331 'et
2624 3260 3054 3331 intellexisset

524 3350 690 3419 fieri.
727 3371 862 3417 non
918 3371 1154 3439 posse,
1207 3365 1285 3423 ut
1330 3352 1555 3421 verbis
1600 3353 1700 3440 eis
1757 3353 2221 3444 persuaderet,
2277 3350 2608 3439 processit
2653 3350 2737 3418 ad
2790 3349 3053 3439 pericu-

521 3438 666 3507 lum
712 3459 833 3527 per
873 3451 1213 3508 tormenta
1261 3440 1687 3511 faciendum:
1743 3455 1808 3511 et
1846 3443 2118 3511 beatum
2170 3439 2447 3528 quidem
2501 3439 2810 3528 Sergium
2848 3438 2914 3506 in
2949 3449 3054 3505 tu-

521 3527 859 3597 tissimam
913 3527 1196 3597 tradidit
1240 3528 1621 3598 custodiam
1658 3585 1673 3611 ,
1717 3552 1842 3621 pro
1891 3542 2170 3620 accepto
2221 3527 2549 3598 beneficio
2595 3548 2752 3596 eum
2805 3527 2902 3595 sic
2949 3546 3058 3594 re-

519 3637 936 3686 munerans:
984 3616 1326 3685 Bacchum
1383 3630 1609 3686 autem
1661 3641 1701 3687 a
1757 3633 2054 3705 quatuor
2099 3617 2359 3687 fortiter
2405 3629 2783 3694 extensum,
2845 3615 3056 3684 boum

519 3706 747 3774 nervis
796 3705 1010 3794 jussit
1057 3703 1249 3774 caedi
1296 3705 1688 3775 crudeliter.
1745 3707 1869 3777 Sed
1922 3706 2169 3777 licebat
2238 3706 2464 3775 videre
2512 3718 2807 3775 mentem
2859 3702 2967 3772 lon
3023 3724 3060 3770 e

519 3795 769 3863 natura
817 3794 1212 3874 fortiorem,
1266 3805 1331 3863 et
1379 3795 1596 3863 animi
1646 3795 2033 3866 institutum
2089 3797 2153 3864 vi
2198 3796 2441 3882 quavis
2486 3793 2794 3883 corporis
2841 3813 2999 3861 exce
3033 3830 3064 3841 -

517 3882 686 3951 sius.
740 3888 905 3951 Nam
951 3881 1374 3953 sanctissimi
1421 3882 1699 3970 quidem
1752 3884 1945 3954 illius
1993 3884 2302 3974 corporis
2353 3895 2578 3973 partes
2626 3880 2905 3955 avulsae
2937 3879 3064 3948 fla-

514 3969 759 4128 {enis’
821 3971 1349 4073 disjiciebantur
1393 3971 1465 4040 in
1518 3972 1745 4063 ipsum
1797 3976 2070 4053 aerem,
2143 3995 2264 4064 per
2313 3984 2561 4041 terram
2611 3983 2838 4041 autem
2891 3968 3066 4037 fere-

565 4072 768 4141 antur
814 4060 941 4129 rivi
990 4062 1394 4151 sanguinis:
1447 4073 1513 4130 et
1560 4061 1819 4132 viscera
1867 4062 2145 4149 quidem
2201 4060 2646 4130 nudabantur
2701 4058 3055 4137 carnibus,

515 4148 739 4238 ipsius
809 4162 1096 4219 naturae
1154 4150 1628 4221 formationem
1696 4150 2072 4238 aperientia
2134 4150 2218 4219 iis
2276 4151 2397 4237 qui
2446 4149 2770 4219 aderant:
2824 4146 3061 4241 anima

515 4250 767 4317 autem,
820 4259 996 4324 quae
1057 4239 1211 4328 ipsa
1255 4260 1528 4326 quoque
1575 4238 1897 4308 athletam
1950 4238 2316 4310 festinabat
2372 4239 2780 4325 relinquere,
2844 4247 3061 4304 susti-

514 4326 718 4396 nebat
767 4339 1018 4408 tamen,
1073 4329 1275 4397 etiam
1329 4328 1532 4419 plura
1576 4328 1937 4415 requirens
1983 4351 2061 4398 su
2124 4328 2353 4418 plicia,
2409 4340 2487 4398 ut
2555 4328 2838 4396 omnino
2904 4345 3058 4392 mu·

516 4415 944 4487 nificentiora
1013 4431 1495 4503 assequeretur
1553 4417 1812 4488 bravIa.
1881 4423 2079 4488 Laeta
2131 4430 2337 4488 antur
2392 4416 2675 4507 Angeli,
2746 4413 3056 4484 videntes
