3347 4999
1805 118 1872 206 ’ἦ

740 307 870 371 228
1052 359 1058 368 Δ
1154 323 1230 368 DE
1279 323 1334 367 S.
1389 321 1680 367 sannone
1727 319 2232 367 canrucstason.
2289 318 2679 367 annianum
2917 303 3086 369 OCT.
3138 302 3177 370 6

650 408 857 478 etiam
916 405 1184 497 perdita
1223 418 1410 474 sunt.
1466 405 1787 495 Sepultus
1835 417 1936 474 est
1975 405 2088 472 Vir
2144 405 2780 494 praestantissimus
2826 405 2896 472 in
2949 428 3181 475 mona-

654 497 859 567 sterio
910 517 1041 566 suo
1084 500 1149 564 S.
1206 493 1527 583 Stephani
1585 506 1734 583 post
1766 514 2118 562 summum
2171 493 2407 562 altare.
2447 492 2537 562 Ad
2589 493 2738 581 ejus
2788 494 3180 583 sepulcrum

652 585 806 655 fons
865 585 1063 653 vivus
1123 582 1536 673 prorumpit,
1588 583 1709 668 qui
1750 582 1995 651 Christi
2046 582 2292 651 virtute
2340 595 2404 651 et
2451 583 2602 670 ejus
2644 583 2906 651 meritis
2937 585 3183 672 *multi-

652 674 841 743 varia
890 672 1111 742 adfert
1148 671 1508 762 permultis
1548 670 1851 739 remedia
1885 671 2220 739 sanitatis.
2258 670 2753 739 Illuminantur
2789 671 2931 740 illic
2965 673 3171 752 caeci,

651 762 848 832 surdi
896 761 1214 840 audiunt,
1267 760 1493 828 manci
1532 771 1596 828 et
1645 741 1873 828 mutili
1916 759 2491 850 redintegrantur,
2551 758 2804 848 leprosi
2841 761 3184 829 mundan-

650 864 786 932 tur,
833 848 1265 919 daemoniaci
1314 870 1529 938 ocyus
1571 861 2055 937 repurgantur.
2132 848 2257 917 Sed
2310 848 2417 917 his
2457 847 2781 919 omnibus
2833 850 3184 919 miraculis

650 940 821 1009 illud
868 937 1354 1008 admirabilius
1401 951 1544 1018 est,
1599 936 1781 1022 quod
1824 936 2003 1006 sicut
2044 937 2238 1005 toties
2288 949 2603 1025 repetunt
2635 937 2780 1023 jam
2834 937 3042 1007 allata
3089 952 3184 1008 te-

650 1029 1002 1107 stimonia,
1061 1026 1348 1117 gloriam
1400 1038 1463 1094 et
1516 1026 1840 1093 honorem
1892 1045 2164 1094 omnem
2205 1047 2547 1113 respuere,
2594 1027 2760 1095 etin
2796 1038 2982 1096 tanta
3015 1027 3182 1097 vitae

650 1118 1069 1192 austeritate,
1126 1115 1510 1203 integritate
1548 1126 1614 1182 et
1650 1112 2065 1202 perfectione
2115 1135 2545 1202 perseverare
2596 1114 2838 1204 potuit.

739 1209 775 1293 ξ
827 1212 969 1279 ²2.
1024 1211 1165 1274 Non
1214 1204 1413 1273 debet
1460 1215 1687 1271 autem
1731 1202 2056 1288 cuiquam
2099 1225 2430 1291 scrupum
2467 1224 2757 1284 movere,
2799 1204 2857 1272 si
2890 1203 3038 1273 fons
3072 1204 3186 1274 ille

655 1296 788 1364 'am
838 1317 974 1364 non
1025 1307 1347 1364 cernatur
1393 1290 1475 1360 ad
1519 1291 1699 1360 beati
1741 1291 1876 1359 Viri
1931 1290 2352 1380 sepulcrum.
2395 1296 2636 1361 Fontes
2670 1292 2853 1361 enim
2891 1294 3188 1363 miracu·

639 1318 792 1454 ⁴lose
831 1383 1260 1462 ebullientes,
1316 1402 1451 1450 non
1494 1401 1766 1468 semper
1810 1379 2123 1469 perpetui
2173 1392 2366 1448 sunt:
2420 1393 2483 1449 et
2533 1381 2874 1449 interdum
2915 1395 3191 1482 propter

650 1473 1015 1542 hominum
1065 1471 1422 1549 demerita,
1475 1466 1817 1558 ejusmodi
1871 1469 1982 1536 Dei
2034 1468 2367 1537 beneficia
2402 1468 2931 1539 subtrahuntur.
2984 1475 3193 1540 Fiunt

649 1562 836 1630 enim
891 1561 1227 1630 miracula
1274 1558 1630 1636 divinituS,
1686 1569 1762 1625 ut
1808 1556 2383 1626 commendentur
2447 1570 2511 1627 et
2558 1558 2994 1628 declarentur
3046 1581 3190 1627 me—

650 1651 781 1719 rita
823 1663 1259 1727 sanctorum;
1360 1669 1487 1716 uae
1514 1645 1651 1714 'ubi
1705 1645 1870 1714 satis
1913 1646 2293 1715 innotuisse
2337 1646 2672 1729 videntur,
2709 1659 2981 1716 cessant
3022 1670 3189 1717 non-

651 1761 1014 1826 nunquam
1067 1739 1336 1826 miracu
1369 1758 1431 1803 a.
1476 1740 1607 1805 Nec
1646 1733 1843 1802 valde
1880 1734 2275 1803 mirandum
2313 1749 2435 1814 est,
2475 1735 2532 1804 si
2582 1735 2733 1807 fons
2769 1736 2883 1804 ille
2917 1736 3189 1808 ablatus

650 1841 775 1908 est,
815 1826 1172 1897 exsulante
1199 1825 1472 1914 ab'ejus
1508 1822 1921 1893 monasterio
1962 1823 2399 1904 sanctissima
2436 1824 2550 1893 illa
2587 1825 2855 1893 vivendi
2894 1827 3181 1905 ratione,

651 1938 859 2003 quam
898 1914 1042 1984 illic
1090 1915 1205 1983 Vir
1252 1912 1734 1983 sanctissimus
1784 1912 2193 1981 instituerat.
2250 1917 2412 1982 Cum
2464 1913 2645 1981 enim
2699 1913 3184 1984 obdormiisset

650 2007 723 2073 in
778 2005 1089 2084 Domino,
1130 2004 1198 2071 in
1252 2001 1747 2076 carthusianae
1780 2002 1955 2069 vitae
1991 2001 2310 2070 Instituto
2349 2003 2797 2089 perseveravit
2834 2003 3003 2071 illud
3045 2026 3186 2072 mo-

653 2093 1031 2162 nasterium
1077 2092 1207 2161 sub
1238 2092 1548 2178 quinque
1597 2089 1974 2169 PrioribuS‚
2029 2090 2150 2175 qui
2191 2090 2253 2158 ei
2289 2104 2791 2171 successerunt,
2833 2115 3054 2179 usque
3104 2093 3188 2161 ad

652 2199 960 2271 tempora
1010 2179 1422 2249 venerabilis
1472 2179 1806 2267 Guigonis
1856 2179 2107 2247 Prioris
2158 2179 2573 2249 Carthusiae.
2629 2181 2797 2248 Inde
2847 2182 2914 2249 in
2971 2181 3193 2251 Gallia

650 2282 997 2340 crescente
1044 2270 1297 2339 Ordine
1346 2267 1856 2345 Carthusiensi,
1920 2267 2143 2337 solum
2213 2267 2384 2336 illud
2449 2268 2796 2337 Calabriae
2847 2285 3193 2338 monaste-

652 2359 833 2427 rium
876 2380 915 2426 a
945 2358 1125 2430 beati
1175 2358 1387 2448 patris
1434 2356 1777 2426 Brunonis
1825 2355 2084 2425 fervore
2131 2371 2194 2426 et
2242 2357 2598 2446 sanctitate
2634 2358 3042 2446 tepescendo
3075 2358 3196 2428 de-

652 2447 1027 2537 generavit.
1094 2452 1171 2517 Et
1227 2447 1547 2536 petebant
1594 2444 1873 2533 quidem
1926 2444 2080 2532 ejus
2149 2445 2563 2516 habitatores
2612 2469 2648 2516 a
2686 2446 3046 2518 Caribusia
3098 2449 3195 2516 vi-

650 2538 960 2606 sitatores
1008 2549 1073 2605 et
1132 2536 1648 2615 reformatoreS,
1705 2533 1820 2602 sed
1897 2534 2110 2602 nimia
2177 2534 2482 2605 locorum
2551 2536 2992 2627 intercapedo
3058 2560 3192 2606 non

648 2624 848 2695 facile
896 2625 966 2693 id
996 2626 1368 2695 obtinebat.
1405 2628 1642 2710 Itaque
1676 2623 1759 2691 ad
1797 2622 2250 2699 cisterciense¹
2281 2624 2675 2693 [nstitutum
2721 2625 2821 2693 illi
2860 2647 2930 2696 se
2968 2638 3200 2696 trans·

649 2714 865 2784 tulere
900 2769 915 2796 ,
968 2714 1153 2802 quod
1224 2728 1368 2783 tum
1443 2735 1683 2782 recens
1752 2725 1980 2783 ortum
2014 2765 2029 2791 ,
2083 2725 2147 2781 et
2208 2713 2776 2802 incomparabilis
2827 2714 2964 2783 Viri
3019 2714 3203 2785 beati

649 2802 979 2873 Bernardi
1029 2804 1304 2874 Abbatis
1354 2800 1877 2871 claravallensis
1925 2801 2185 2891 insigni
2235 2802 2635 2883 sanctitate,
2691 2802 3054 2889 multoque
3107 2804 3205 2873 la-

649 2894 813 2963 bore
849 2892 1141 2962 mirifice
1191 2903 1670 2983 propagatum,
1739 2889 1810 2957 in
1865 2911 2117 2978 magno
2165 2889 2422 2960 fervore
2470 2890 2788 2959 durabat.
2871 2892 2968 2960 Ad
3019 2891 3208 2962 illud

650 2995 879 3051 autem
932 2994 1203 3070 tempus
1254 2981 1319 3049 in
1366 2978 1862 3048 carthusianae
1925 2977 2280 3068 religionis
2329 2979 2749 3068 professione
2801 3001 3213 3068 permanse-

650 3083 756 3139 rat
789 3069 960 3138 illud
1018 3069 1511 3138 monasterium
1564 3088 1786 3135 annos
1836 3068 2210 3155 sexaginta.
2252 3068 2375 3136 Sed
2428 3068 2859 3139 Cisterciensi
2917 3091 3210 3156 quoque

650 3158 983 3247 religione
1031 3180 1356 3227 successu
1398 3156 1727 3246 temporis
1770 3155 1865 3224 ibi
1915 3169 2322 3245 tepescente,
2363 3157 2635 3226 tandem
2693 3159 3212 3229 monasterium

651 3248 872 3316 sancti
907 3247 1247 3315 Brunonis
1279 3245 1533 3315 factum
1586 3257 1689 3313 est
1735 3245 2376 3315 commendatitium
2415 3269 2635 3333 usque
2683 3246 2765 3315 ad
2821 3247 2985 3315 haec
3027 3269 3213 3316 san-

650 3334 945 3403 ctissimi
997 3334 1339 3423 pontificis
1394 3334 1634 3403 Leonis
1688 3338 1741 3402 X
1792 3347 2095 3423 tempora
2145 3334 2201 3402 ’ἦ

744 3429 780 3503 ἓ
834 3425 983 3493 ²8.
1040 3426 1105 3489 Is
1154 3422 1493 3504 Pontifex,
1548 3444 1709 3491 cum
1774 3422 2146 3491 multorum
2210 3422 2533 3491 relatione
2582 3423 2666 3493 de
2714 3423 2954 3492 eximia
3003 3422 3218 3495 beati

651 3511 996 3583 Brunonis
1047 3513 1396 3581 sanctitate
1444 3511 1686 3580 crebro
1721 3510 2049 3591 audisset,
2103 3512 2357 3580 omissa
2408 3511 2899 3581 miraculorum
2955 3511 3220 3599 inqui-

654 3600 921 3679 sitione,
980 3599 1347 3690 indignum
1387 3599 1931 3680 arbitratusest,
1986 3621 2169 3678 eum,
2209 3621 2412 3687 quem
2455 3612 2858 3691 praepotens
2908 3604 3093 3669 Deus
3129 3603 3220 3672 in

653 3688 780 3757 hac
829 3689 963 3758 vita
1013 3701 1107 3758 tot
1170 3691 1471 3758 auxisset
1530 3688 1732 3757 donis
1793 3702 1858 3758 et
1918 3688 2453 3758 charismatibus
2485 3743 2504 3770 ,
2570 3702 2635 3758 et
2685 3712 2869 3759 nunc
2916 3689 3226 3762 coelesti

655 3776 952 3847 afficeret
998 3777 1444 3859 beatitudine,
1500 3777 1568 3844 in
1621 3777 1820 3853 terris
1871 3798 2002 3845 non
2053 3777 2304 3846 eximia
2354 3777 2557 3846 laude
2586 3790 2651 3848 et
2686 3778 3229 3868 praedicatione

651 3866 902 3948 efferri,
958 3888 1081 3936 nec
1131 3867 1357 3936 debita
1406 3867 1559 3956 piae
1608 3865 1989 3935 devotionis
2036 3864 2259 3935 officia
2312 3866 2602 3955 persolvi
2648 3867 2832 3956 apud
2867 3868 3228 3938 thronum

652 3954 927 4024 divinae
974 3955 1232 4046 gloriae
1280 3955 1686 4043 quiescenti,
1743 3954 1857 4023 cui
1907 3953 2206 4024 dedisset
2255 3956 2586 4026 Dominus
2619 3977 2738 4026 cor
2785 3955 2870 4024 ad
2919 3979 3234 4045 praece-

655 4057 847 4133 ptum
899 4056 965 4112 et
1012 4045 1075 4113 le
1123 4066 1227 4113 em
1287 4045 1456 4115 vitae
1505 4056 1569 4112 et
1629 4042 2066 4131 disciplinae.
2143 4049 2382 4132 Itaque
2444 4066 2582 4133 nou
2649 4044 2850 4114 modo
2899 4048 3235 4116 auctori-

655 4144 789 4201 tate
836 4137 1082 4221 Aposto
1119 4135 1219 4202 ica
1260 4133 1632 4202 clementer
1665 4131 1934 4213 annuit,
1988 4131 2102 4201 sed
2140 4135 2342 4202 etiam
2377 4132 2613 4213 voluit,
2658 4146 2735 4202 ut
2785 4134 2851 4201 in
2894 4134 3235 4224 singulis

656 4222 1091 4291 monasteriis
1142 4222 1350 4293 totius
1399 4221 1676 4292 Ordinis
1718 4221 2244 4304 Carthusiensis,
2296 4235 2361 4291 et
2406 4244 2644 4291 earum
2694 4221 3007 4292 ecclesiis
3070 4225 3235 4293 sive

707 4384 733 4411 ¹*
762 4384 858 4424 Leo
884 4384 921 4423 X
953 4382 1117 4425 ordint
1148 4385 1585 4429 carthusianorum.
1620 4385 1926 4424 'rm-ritannm
1960 4381 2297 4424 monasterium
2331 4385 2523 4425 restitut
2556 4383 2733 4435 jussit,
2776 4393 2898 4424 anno
2933 4386 3079 4430 15132
3126 4388 3239 4429 cul·

651 4439 847 4488 tumque
868 4439 1242 4481 ecclesiasticum
1262 4440 1305 4480 ei
1328 4437 1501 4482 deferri
1521 4449 1659 4489 posse
1680 4440 1909 4488 permisit,
1930 4448 2050 4479 anno
2070 4439 2302 4487 sequenti.
2323 4440 2431 4481 vivo
2453 4440 2580 4480 vocis
2598 4439 2805 4484 oraculo.
2825 4441 2877 4478 ut
2898 4439 3131 4483 videtur.
