3347 4999
192 315 380 381 OCT.
435 315 517 379 49
878 332 956 379 ns
1005 331 1060 379 s.
1113 330 1310 379 rssrno
1357 332 1435 378 na
1482 330 1852 379 Amanum
1900 330 2085 379 conr.
2539 316 2667 381 549

191 417 457 506 frigora
510 414 948 505 suscipiens;
1014 416 1108 484 ita
1157 426 1257 494 ut,
1311 437 1472 484 cum
1523 415 1792 485 nudum
1846 428 2056 505 caput
2104 415 2450 486 imbribus
2498 429 2563 487 et
2612 420 2749 487 nivi

194 517 590 596 exponeret,
646 505 992 575 interdum
1046 504 1281 593 capilli
1326 504 1484 595 gelu
1533 504 1835 573 concreti
1886 505 2326 585 deciderent,
2395 519 2459 575 et
2506 522 2761 578 aestate

195 594 632 687 praefervida
679 593 1127 663 exurentibus
1187 593 1354 661 solis
1408 593 1623 661 radiis
1670 594 1897 682 capite
1945 593 2548 665 vehementissime
2585 597 2757 667 ‘cru-

196 686 550 764 ciaretur;
590 683 1005 771 respondere
1039 681 1283 751 solitus
1346 683 1934 772 interrogantibus
1992 706 2139 764 cur,
2179 682 2445 752 detecto
2504 687 2751 772 capite,

201 795 481 863 semper
542 772 920 841 incederet:
986 774 1179 860 nefas
1229 793 1366 840 esse
1415 792 1637 840 coram
1692 776 1824 840 Deo
1874 782 2039 840 tecto
2106 774 2326 862 capite
2378 774 2753 842 ambulare.

199 867 374 932 Cum
427 872 765 930 vetustum
804 883 882 929 ac
913 860 1131 928 vilem.
1158 882 1434 929 saccum
1472 860 1820 942 abluebat,
1861 860 2219 929 madidum
2256 862 2527 949 corpori
2562 874 2760 952 apta-

196 951 343 1028 bat,
406 950 573 1037 quin
623 951 830 1018 etiam
882 949 950 1017 in
1003 948 1299 1036 gelidam
1352 970 1601 1035 aquam
1658 950 1921 1039 rigente
1969 949 2196 1018 hieme
2244 972 2391 1019 sese
2443 950 2749 1040 plerum-

202 1062 341 1127 que
391 1040 766 1125 injiciebat.
826 1044 1092 1107 Praeter
1141 1039 1332 1118 haec,
1372 1038 1715 1107 familiare
1764 1037 1867 1106 illi
1914 1052 2106 1122 erat,
2159 1038 2383 1108 hieme
2451 1042 2753 1120 summa,

199 1143 498 1219 urgente
547 1128 725 1196 nivis
764 1126 1040 1227 frigore,
1087 1126 1397 1216 deposito
1451 1127 1684 1216 pallio,
1723 1126 2090 1196 fenestram
2120 1141 2188 1196 et
2213 1129 2503 1214 Januam
2537 1128 2753 1198 cellae

203 1239 538 1296 reserare,
583 1230 682 1295 ut,
728 1215 1181 1304 frigidissimo
1212 1228 1492 1304 excepto
1532 1220 1687 1285 aere
1719 1230 1782 1285 et
1814 1215 1999 1305 gelu,
2044 1217 2276 1287 acrius
2330 1230 2761 1303 torqueretur

206 1328 394 1385 caro,
441 1327 595 1373 mox
629 1305 987 1374 eximenda
1039 1304 1210 1373 diris
1258 1305 1708 1384 cruciatibuS,
1762 1328 1920 1373 cum
1974 1305 2336 1376 fenestram
2388 1307 2751 1376 clausisset

208 1408 276 1464 et
313 1396 633 1483 januam.
686 1400 777 1462 Eo
826 1393 1098 1462 devenit
1146 1394 1275 1461 hac
1341 1398 1542 1463 saeva
1592 1394 2049 1463 maceratione
2100 1395 2596 1476 membrorum,
2650 1408 2753 1477 ut,

208 1506 289 1553 ex
343 1483 734 1551 narratione
781 1496 1059 1552 sanctae
1107 1482 1415 1551 Teresiae
1452 1537 1467 1562 ,
1522 1482 1718 1552 arido
1766 1496 1828 1550 et
1877 1484 2173 1572 exangui
2224 1505 2508 1573 corpore
2574 1483 2760 1553 radi-

208 1595 369 1642 cum
402 1572 669 1640 arboris
703 1572 998 1661 speciem
1037 1571 1463 1649 exhibuerit;
1496 1573 1719 1641 oculis
1752 1584 1976 1640 autem
2017 1572 2085 1639 in
2123 1593 2395 1641 caveam
2442 1572 2762 1641 receden-

209 1663 444 1740 tibus,
500 1676 564 1728 et
614 1660 899 1729 sulcatis
962 1675 1290 1749 perpetuo
1340 1660 1806 1749 lacrymarum
1860 1660 2080 1731 imbre
2130 1661 2327 1750 genis
2361 1715 2381 1741 ,
2441 1660 2757 1731 mirabile

212 1751 676 1840 poenitentiae
712 1748 1160 1818 simulacrum
1200 1748 1567 1818 videretur.
2373 1794 2384 1801 ›
2653 1796 2657 1803 -

306 1842 340 1925 ἓ
372 1843 463 1908 (Β.
497 1844 589 1906 Ex
631 1838 760 1906 hac
794 1838 1042 1907 eximia
1074 1838 1246 1906 vitae
1273 1840 1629 1907 sanctitate
1656 1838 1834 1906 vires
1865 1838 2094 1907 bausit
2121 1838 2206 1907 ad
2241 1838 2517 1929 egregia
2550 1861 2763 1926 quae-

211 1928 317 1995 vis
365 1927 769 2014 praestanda
821 1928 886 1994 in
935 1927 1256 1995 bonorem
1327 1926 1751 1997 divinitatis.
1798 1949 2013 2014 eaque
2056 1927 2448 2027 prodigioso
2483 1948 2754 1997 morum

214 2037 502 2084 suorum
555 2014 867 2104 exemplo
916 2016 1189 2100 assequi
1244 2017 1481 2114 potuit.
1527 2017 1758 2084 Latere
1798 2015 1912 2083 ille
1951 2016 2228 2101 quidem
2268 2030 2756 2106 praeoptasset,

212 2117 302 2177 et,
346 2118 697 2191 paternam
753 2104 969 2174 sancti
1023 2105 1368 2173 Franctsci
1421 2103 1880 2173 humilitatem
1936 2120 2242 2185 secutuS,
2288 2106 2512 2195 regale
2543 2128 2759 2175 sacer·

215 2193 483 2261 dotium
535 2192 969 2261 formidasset
1017 2194 1348 2281 accipere,
1414 2193 1548 2262 nisi
1613 2193 1697 2261 ad
1756 2192 1925 2261 illud
1987 2194 2422 2283 superiorum
2469 2195 2760 2284 imperio

211 2294 493 2349 coactus
534 2281 799 2350 fnisset.
847 2287 1106 2368 ltaque,
1148 2303 1281 2351 non
1335 2304 1619 2351 sumens
1658 2282 1789 2352 sibi
1841 2281 2198 2363 bonorem,
2238 2283 2351 2352 sed
2397 2301 2676 2352 vocatus
2716 2306 2758 2352 a

210 2373 349 2437 Deo
398 2383 746 2455 tamquam
792 2377 1033 2449 Aaron,
1090 2392 1361 2440 sacrum
1406 2370 1716 2457 quotidie
1782 2372 2144 2460 peragebat
2188 2385 2324 2440 tam
2393 2374 2640 2442 uberes
2682 2373 2752 2440 in

210 2457 414 2526 fletus
463 2459 773 2539 effusus,
827 2471 903 2529 ut
950 2460 1172 2528 exitus
1220 2480 1558 2546 aquarum
1630 2459 2049 2530 deducentes
2119 2461 2302 2532 oculi
2369 2459 2521 2548 ejus
2571 2462 2757 2531 vide·

210 2560 453 2616 rentur
504 2548 654 2617 fons
705 2548 1059 2618 hortorum
1110 2562 1175 2618 et
1227 2563 1472 2638 puteus
1501 2570 1839 2635 aquarum
1885 2551 2283 2628 viventium,
2318 2572 2495 2636 quae
2528 2552 2761 2619 fluunt

210 2635 478 2724 impetu
527 2636 611 2704 de
664 2638 942 2707 Libano.
1017 2643 1268 2707 Jussus
1315 2638 1517 2706 etiam
1582 2652 1685 2707 est
1744 2652 2150 2727 suggestum
2201 2638 2573 2708 ascendere
2608 2692 2622 2718 ,
2676 2660 2761 2708 ac

211 2724 400 2793 verbi
456 2726 672 2793 divini
719 2748 964 2816 panem
1032 2748 1106 2794 ex
1161 2739 1465 2815 tempore
1527 2727 1805 2817 populis
1865 2727 2331 2796 esurientibus
2385 2727 2750 2816 frangere:

212 2835 515 2899 cumque
565 2814 649 2883 de
698 2837 823 2892 ore,
862 2818 1011 2905 ejus
1060 2829 1503 2906 erumperent
1549 2816 1747 2901 quasi
1799 2815 2087 2904 sagittae
2137 2816 2430 2905 potentis
2492 2827 2757 2896 acutae,

212 2902 620 2971 innumeros
659 2903 1055 2973 felicissirne
1105 2906 1448 2974 sauciatos
1506 2905 1687 2973 eruit
1748 2904 1831 2973 de
1861 2917 2212 2994 potestate
2261 2904 2696 2973 tenebrarum
2738 2958 2755 2985 ,

215 3003 279 3059 et
327 2991 674 3061 transtulit
711 2994 776 3061 in
835 3016 1121 3080 regnum
1176 2993 1327 3062 Filii
1367 2994 1500 3062 Dei.
1545 2998 1893 3062 Praeterea
1941 2992 2383 3061 confluebant
2421 2992 2505 3060 ad
2557 2992 2758 3062 illum

215 3079 531 3167 privatim
584 3082 946 3150 erudiendi
999 3104 1132 3151 non
1186 3083 1389 3151 modo
1437 3081 1662 3150 infimi
1713 3095 1777 3149 et
1825 3081 2221 3169 populares,
2258 3080 2375 3151 sed
2408 3081 2610 3149 etiam
2648 3102 2761 3149 nor

212 3167 503 3237 hitesac
543 3171 890 3258 principes
927 3171 1096 3251 viri;
1131 3192 1304 3256 quos
1349 3171 1521 3238 mira
1557 3170 1889 3239 suavitate
1928 3183 1992 3237 et
2047 3167 2350 3239 efficacia
2393 3169 2759 3238 verborum

213 3256 293 3325 ad
350 3257 716 3326 salutarem
790 3260 1274 3347 poenitentiam
1327 3258 1684 3327 invitabat.
1754 3257 2164 3327 confessarii
2216 3269 2441 3327 tamen
2497 3279 2760 3327 munus

214 3345 394 3428 apud
449 3345 764 3414 Carolum
817 3352 863 3414 V
914 3349 1264 3418 Caesarem
1316 3347 1710 3426 declinavit,
1776 3360 2023 3435 captus
2072 3369 2305 3418 amore
2354 3346 2756 3418 solitudinis

214 3448 279 3503 et
326 3433 795 3516 demissionis,
841 3458 920 3504 ac
969 3451 1156 3504 metu
1190 3435 1677 3504 discriminum
1733 3434 1934 3504 aulae
1980 3435 2255 3524 regalis.
2637 3485 2642 3488 ,

303 3530 340 3603 ἓ
388 3527 464 3592 θ.
523 3523 723 3591 Plura
771 3524 1100 3594 coenobia
1165 3525 1276 3593 sui
1310 3523 1588 3594 Ordinis
1637 3524 2075 3593 sanctissime
2111 3525 2530 3614 temperavit,
2574 3523 2760 3593 vide-

212 3610 367 3680 licet
417 3610 588 3679 illud
640 3615 707 3680 S.
778 3612 1167 3702 Honuphrii
1231 3613 1297 3679 in
1370 3613 1723 3702 provincia
1789 3617 1854 3681 S.
1902 3612 2258 3693 Gabrielis‚
2297 3619 2361 3679 ὃ.
2409 3612 2761 3682 Michaelis

210 3699 620 3780 Placentiae,
675 3700 970 3788 aliaque.
1040 3700 1349 3770 Subinde
1401 3702 1791 3790 provinciae
1856 3700 2177 3771 definitor
2223 3715 2289 3772 et
2334 3715 2564 3770 custos
2596 3754 2610 3781 ,
2651 3724 2756 3771 *ac

212 3789 463 3857 deinde
494 3790 808 3858 omnium
862 3789 1215 3880 suffragiis
1247 3791 1314 3858 in
1367 3789 1860 3879 provincialem
1912 3791 2170 3861 electus
2215 3802 2317 3859 est
2364 3789 2761 3879 provinciae

214 3877 678 3968 SsGabrielis3
715 3876 918 3965 cujus
960 3879 1281 3978 regimini
1318 3878 1561 3948 sedulo
1595 3879 2010 3948 incumbens
2040 3878 2373 3967 exemplis
2400 3892 2468 3948 et
2492 3877 2755 3958 verbis,

214 3967 549 4052 quasdam
601 3968 819 4035 edidit
851 3968 1395 4048 constitutioneS,
1447 3968 1710 4055 quibus
1741 3968 2103 4037 strictioris
2137 3966 2616 4038 observantiae
2649 3966 2760 4034 ni-

219 4066 319 4138 tor
367 4057 732 4126 refloreret.
775 4061 847 4125 In
895 4056 1316 4126 Lusitaniam
1367 4078 1639 4143 quoque
1679 4057 1997 4145 perrexit,
2053 4070 2134 4127 ut
2165 4069 2566 4126 nascentem
2601 4060 2756 4125 Ara·

219 4141 532 4213 bidorum
582 4145 1003 4234 provinciam
1030 4145 1302 4233 juvaret
1334 4146 1881 4234 etfpromoveret.
1931 4149 2095 4214 Cum
2133 4159 2361 4213 autem
2394 4144 2756 4222 arctiorem

221 4231 326 4299 sui
377 4233 651 4303 Ordinis
708 4234 1153 4323 disciplinam
1229 4235 1454 4324 vigere
1507 4233 1928 4303 desideraret
1971 4247 2041 4303 et
2099 4233 2379 4322 longius
2436 4233 2749 4315 extendi,

221 4322 559 4409 superatis
598 4324 1034 4423 gravissimis
1082 4322 1647 4403 difficultatibuS,
1702 4322 1939 4392 divino
1985 4322 2299 4392 munitus
2362 4322 2754 4412 praesidioae,

216 4421 280 4477 et
347 4410 717 4498 apostolica
782 4413 996 4483 fretus
1064 4414 1466 4483 auctoritate
1498 4465 1513 4492 ,
1603 4412 1906 4501 primum
1983 4431 2196 4481 novae
2255 4411 2761 4482 reformationis
