3347 4999
161 329 342 396 OCT.
398 328 437 393 4
1035 344 1115 390 DE
1154 343 1211 390 s.
1265 342 1609 391 Faanclsco
1657 341 1841 391 conr.
2505 326 2633 392 467

162 429 514 522 protraxit.
555 432 721 497 Cum
763 439 992 497 autem
1029 426 1385 513 aliquanto
1420 449 1451 496 s
1505 427 1639 496 atio
1671 427 1742 496 in
1778 426 1990 496 maris
2023 426 2459 497 altitudinem
2496 448 2719 498 seces-

162 521 391 598 sisset,
429 518 609 587 stetit
656 517 834 585 inter
883 517 1136 585 fluctus
1172 515 1456 584 immobi
1494 516 1572 595 is,
1627 515 1968 602 quamdiu
2015 516 2129 584 Vir
2176 529 2456 586 sanctus
2500 517 2721 587 turbis

172 606 732 698 exspectantibus
782 605 875 674 in‘
904 604 1099 673 litore
1137 604 1573 693 praedicavit.
1616 609 1947 691 Cumque,
1987 603 2223 673 audito
2271 626 2608 686 sermone,
2660 616 2727 675 et

162 698 311 770 viso
364 695 720 775 miraculo,
788 716 869 763 ac
921 692 1396 762 benedictione
1442 707 1745 782 accepta,
1803 692 2172 762 multitudo
2213 693 2577 773 recederet,
2638 715 2724 764 ne

163 788 396 877 ipsum
450 783 755 873 amplius
829 782 1266 862 molestaret,
1326 781 1643 851 navicula
1709 781 1986 872 proprio
2034 781 2250 851 ductu
2314 780 2401 851 ad
2468 795 2721 851 terram

168 896 435 945 reversa
486 885 610 942 est.
668 873 834 954 Quis
885 872 1096 961 igitur
1146 882 1283 940 tam
1332 871 1738 940 obstinatae·
1771 870 2023 940 mentis
2080 881 2258 940 esset
2304 883 2368 939 et
2419 870 2717 959 impiae,

168 978 249 1034 ut
299 962 877 1054 praedicationem
944 960 1291 1029 Francisci
1338 971 1849 1038 contemneret,
1905 959 2107 1046 cujus
2153 958 2468 1027 miranda
2517 958 2726 1029 fiebat

164 1054 439 1132 virtute,
496 1064 573 1120 ut
620 1072 754 1119 non
806 1048 1034 1118 solum
1085 1049 1385 1118 carentia
1436 1049 1719 1129 ratione,
1776 1048 2219 1137 disciplinam
2263 1048 2719 1136 susciperent,

162 1140 614 1212 verumetiam
668 1138 1047 1208 inanimata
1100 1159 1388 1227 corpora
1452 1150 1806 1225 tamquam
1869 1136 2226 1216 animata,
2295 1135 2724 1226 praedicanti

166 1229 554 1302 servirent?

256 1322 491 1406 §aa
546 1315 786 1387 Aderat
853 1314 1173 1402 equidem
1238 1336 1431 1384 servo
1497 1337 1623 1384 suo
1687 1314 2049 1384 Francisco
2098 1313 2179 1392 ad
2244 1334 2725 1401 quaecumque

167 1420 505 1498 pergeret,
561 1406 619 1476 is
666 1406 786 1492 qui
818 1427 974 1473 eum
1020 1417 1308 1472 unxerat
1345 1417 1408 1471 et
1446 1404 1727 1473 miserat
1775 1403 2072 1491 Spiritus
2113 1403 2409 1482 Domini,
2462 1415 2527 1471 et
2575 1402 2723 1492 ipse

167 1498 286 1566 Dei
339 1497 554 1565 virtus
600 1507 665 1563 et
706 1493 1043 1583 sapientia
1079 1492 1410 1574 ChristuS,
1465 1505 1540 1561 ut
1588 1515 1795 1562 sanae
1825 1492 2177 1562 doctrinae
2227 1492 2450 1561 verbis
2483 1491 2724 1560 afflue-

168 1600 293 1667 ret,
331 1598 396 1655 et
439 1605 729 1674 magnae
780 1582 1118 1671 potentiae
1154 1581 1510 1653 miraculis
1557 1595 1974 1652 coruscaret.
2028 1586 2185 1650 Erat
2212 1581 2397 1649 enim
2439 1582 2721 1649 verbum

167 1676 365 1765 ejus,
429 1673 613 1742 velut
663 1674 846 1762 ignis
885 1671 1181 1749 ardeaS,
1238 1672 1604 1760 penetrans
1661 1671 1907 1739 intima
1962 1668 2214 1760 cordiS‚
2269 1669 2728 1755 omniumque

171 1777 438 1833 mentes
485 1760 941 1830 admiratione
990 1759 1318 1847 replebat,
1372 1781 1529 1828 cum
1575 1782 1712 1829 non
1759 1760 2106 1828 humanae
2155 1758 2567 1831 inventionis
2615 1779 2728 1826 or-

169 1867 412 1922 natum
461 1849 979 1938 praetenderet,
1035 1847 1151 1917 sed
1202 1847 1474 1917 divinae
1526 1848 1960 1918 revelationis
2010 1847 2311 1916 afflatum
2367 1845 2722 1916 redoleret.

171 1947 340 2010 Nam
391 1959 550 2008 cum
591 1938 797 2007 semel
850 1937 1370 2026 praedicaturus
1418 1960 1647 2006 coram
1713 1942 1894 2027 Papa
1945 1949 2009 2005 et
2057 1935 2537 2005 Cardinalibus
2568 1988 2584 2014 ‚
2638 1934 2725 2004 ad

176 2027 690 2119 suggestionem
757 2026 1027 2095 Domini
1090 2026 1472 2106 OstiensiS,
1540 2047 1926 2095 sermonem
1997 2024 2368 2111 quemdam
2420 2024 2727 2104 studiose

173 2116 634 2204 compositum
686 2114 1237 2184 commendasset
1285 2115 1679 2195 memoriae,
1736 2114 2165 2200 stetissetque
2214 2114 2284 2182 in
2325 2111 2548 2182 medio
2579 2166 2594 2194 ,
2651 2125 2728 2181 ut

172 2205 674 2276 aedificationis
723 2205 927 2273 verba
977 2217 1406 2294 proponeret,
1462 2204 1560 2272 sic
1608 2202 1937 2273 oblivioni
1989 2202 2271 2272 tradidit
2319 2202 2547 2272 omnia
2580 2255 2597 2282 ,
2650 2214 2729 2271 ut

174 2296 371 2366 effari
421 2292 679 2379 aliquid
715 2294 1000 2363 omnino
1034 2293 1350 2363 nesciret.
1403 2298 1650 2361 Verum
1702 2314 1860 2362 cum
1916 2292 2042 2361 hoc
2091 2291 2389 2361 veridica
2438 2290 2728 2360 humili-

178 2397 313 2454 tate
355 2395 736 2463 narrasset,
796 2381 1156 2451 conferens
1209 2403 1280 2450 se
1318 2381 1403 2451 ad
1442 2382 1738 2470 Spiritus
1789 2385 2015 2450 Sancti
2057 2381 2347 2470 gratiam
2401 2380 2727 2448 invocan-

176 2473 365 2551 dam,
411 2485 542 2541 tam
593 2470 989 2541 efficacibus
1025 2470 1253 2541 subito
1291 2471 1513 2561 coepit
1545 2471 1770 2540 verbis
1811 2469 2114 2552 affluere,
2155 2482 2433 2557 tamque
2471 2469 2726 2559 potenti

176 2563 427 2630 virtute
476 2560 751 2630 illorum
811 2574 1070 2629 mentes
1128 2560 1431 2630 virorum
1499 2560 1908 2631 sublimium
1976 2558 2057 2628 ad
2121 2558 2726 2645 compunctionem

173 2652 548 2729 inflectere,
589 2662 663 2719 ut
693 2662 924 2740 aperte
957 2650 1265 2729 clareret,
1309 2648 1491 2736 quod
1546 2672 1681 2719 non
1719 2650 1890 2739 ipse,
1931 2648 2044 2718 sed
2086 2648 2382 2738 Spiritus
2433 2646 2725 2728 Domini,

175 2739 609 2826 loquebatur.
642 2743 719 2808 Et
761 2738 1088 2825 quoniam
1134 2739 1359 2827 primo
1393 2737 1524 2808 sibi
1560 2751 1870 2807 suaserat
1903 2759 2129 2827 opere,
2168 2736 2348 2824 quod
2384 2734 2539 2804 aliis
2575 2756 2732 2804 sua·

172 2829 380 2898 debat
415 2849 729 2897 sermone
771 2827 1331 2916 reprehensorem
1376 2849 1511 2897 non
1556 2828 1830 2908 timens,
1886 2826 2232 2895 veritatem
2279 2823 2731 2893 fidentissime

178 2917 647 3008 praedicabat.
699 2917 1056 2987 Nesciebat
1106 2916 1498 3002 aliquorum
1552 2915 1796 3006 culpas
1855 2914 2158 3004 palpare,
2205 2911 2322 2981 sed
2375 2933 2726 3002 pungere,

180 3029 304 3076 nec
338 3005 541 3074 vitam
577 3005 800 3075 fovere
827 3006 1283 3093 peccantium,
1322 3005 1438 3073 sed
1469 3027 1713 3096 aspera
1736 3002 2202 3092 increpatione
2223 2999 2447 3069 ferire.
2479 2999 2730 3070 Eadem

178 3095 431 3164 mentis
464 3096 848 3178 constantia
888 3094 1159 3184 magnis
1202 3093 1609 3179 loquebatur
1640 3108 1706 3162 et
1739 3092 1992 3183 parvis,
2033 3089 2412 3176 eademque
2446 3089 2733 3178 spiritus

168 3183 607 3275 jucunditate
645 3184 883 3273 paucis
919 3183 1329 3273 loquebatur
1362 3195 1427 3252 et
1468 3181 1730 3252 multis.
1785 3179 2026 3250 Omnis
2078 3191 2262 3247 aetas
2295 3232 2310 3259 ,
2368 3177 2734 3264 omnisque

177 3295 383 3342 sexus
437 3272 864 3360 properabat,
920 3272 1154 3341 Virum
1208 3293 1489 3351 novum,
1531 3269 1791 3340 mundo
1827 3267 2115 3337 caelitus
2155 3267 2420 3347 datum,
2475 3279 2539 3335 et
2586 3289 2734 3336 cer-

178 3383 367 3439 nere,
408 3373 470 3429 et
503 3360 768 3430 audire.
801 3365 956 3449 Ipse
993 3382 1146 3429 vero
1179 3382 1300 3449 per
1333 3359 1640 3429 diversas
1677 3357 1989 3449 regiones
2030 3356 2497 3447 progredienS,
2529 3377 2733 3424 evan·

179 3448 521 3540 gelizabat
554 3448 895 3529 ardenter,
942 3449 1227 3519 Domino
1261 3460 1694 3538 cooperante,
1741 3460 1807 3516 et
1837 3467 2226 3515 sermonem
2280 3445 2736 3515 confirmante

177 3537 637 3626 sequentibus
697 3538 941 3628 signis,
1004 3543 1082 3606 In
1144 3538 1391 3606 virtute.
1450 3557 1750 3622 namque
1812 3535 2116 3605 nominis
2177 3535 2374 3623 ejus,
2436 3534 2737 3604 veritatis

185 3648 437 3720 praeco
487 3626 896 3697 Franciscus
943 3626 1260 3715 ejiciebat
1303 3624 1690 3704 daemonia,
1739 3623 2028 3694 sanabat
2079 3623 2417 3704 infirmos,
2454 3635 2520 3691 et
2551 3621 2736 3710 quod

184 3717 414 3805 majus
455 3728 580 3795 est,
638 3715 745 3785 sui
789 3715 1130 3785 sermonis
1159 3713 1466 3784 efficacia
1513 3713 2012 3785 obstinatorum
2067 3726 2329 3782 mentes
2380 3710 2466 3780 ad
2504 3712 2740 3800 poeni-

186 3805 469 3876 tentiam
535 3803 931 3884 molliebat,
998 3802 1349 3890 simulque
1410 3802 1771 3871 sanitatem
1821 3801 2227 3892 corporibus
2277 3799 2624 3881 reddebat,
2677 3812 2743 3869 et

180 3894 513 3964 cordibus
543 3946 559 3973 ,
616 3892 794 3962 sicut
840 3892 1076 3979 aliqua
1126 3892 1581 3981 comprobant
1629 3913 1670 3961 o
1724 3913 1918 3960 erum
1970 3891 2145 3976 eius,
2194 3889 2490 3979 exempli
2523 3889 2745 3981 gratia

183 3982 478 4053 inferius
512 3980 931 4051 adnotanda.
963 3986 1039 4049 In
1072 3980 1343 4050 civitate
1367 3986 1675 4050 Tuscane
1708 3980 1769 4049 la
1802 4002 1842 4049 a
1869 3979 2087 4048 milite
2119 3978 2417 4065 quodam
2448 3977 2744 4069 hospitio

184 4073 422 4141 devote
454 4082 847 4159 susceptuS,
891 4069 1113 4139 filium
1150 4069 1300 4157 ejus
1339 4069 1655 4149 unicum,
1701 4092 1740 4138 a
1784 4068 2132 4137 nativitate
2166 4079 2622 4148 contractum,
2657 4066 2744 4136 ad

193 4159 479 4229 multam
518 4159 740 4249 ipsius
778 4158 1204 4237 instantiam,
1248 4179 1459 4227 manu
1499 4158 1846 4236 allevans,
1895 4157 1993 4228 sic
2045 4155 2273 4226 subito
2325 4155 2744 4226 incolumem

195 4248 514 4330 reddidit,
575 4261 652 4319 ut
703 4246 1097 4318 videntibus
1137 4247 1408 4316 cunctis
1439 4301 1455 4328 ,
1505 4246 1824 4336 protinus
1864 4243 2465 4315 consolidarentur
2512 4243 2748 4313 omnia

196 4338 499 4425 corporis
549 4337 904 4415 membra,
958 4349 1025 4405 et
1077 4356 1248 4424 puer
1301 4357 1560 4415 sanus,
1626 4347 1692 4404 et
1739 4333 1933 4403 fortis
1990 4334 2273 4404 effectus
2304 4388 2319 4415 ,
2381 4332 2746 4403 confestim

198 4439 608 4516 exsurgeret,
665 4425 1060 4506 ambulans,
1109 4436 1177 4493 et
1226 4423 1571 4504 exsiliens,
1608 4435 1675 4493 et
1722 4421 2016 4495 laudans
2052 4427 2291 4493 Deum.
2345 4428 2425 4492 In
2475 4422 2746 4491 civitate
