3347 4999
734 323 860 387 404
1376 339 1452 384 ΒΕ
1499 339 1555 383 s.
1608 335 1979 383 ausemano
2029 329 2276 380 usnam.
2331 335 2430 379 m».
2856 313 3033 379 OCT.
3087 314 3172 379 tt

644 423 1097 500 crucifixerat,
1138 421 1440 510 tangitur
1478 420 1834 500 molestiiS,
1862 440 1986 488 nec
2018 417 2235 487 multo
2263 428 2416 507 post
2447 416 2531 485 ad
2565 416 2921 486 coelestem
2956 415 3178 486 thala-

649 534 840 581 mum
868 532 942 580 se
965 510 1265 579 vocantis
1299 531 1524 579 vocem
1548 509 1783 580 Dilecti
1813 509 1944 589 sui,
1979 507 2183 595 cujus
2217 527 2447 576 amore
2480 505 2857 595 languerat,
2883 505 3179 574 auribus

649 599 911 670 audivit
942 599 1283 669 interioris
1340 599 1689 669 hominis:
1751 599 1913 666 Veni
1955 597 2033 665 de
2090 596 2355 675 Libano,
2407 597 2721 684 promima
2764 618 2938 674 mea,
2991 595 3172 671 veni,

649 690 1063 760 coronaberis
1128 688 1373 777 (Cant.
1440 710 1505 755 ιν
1524 688 1571 775 ).
1649 685 1767 756 Cui
1836 707 1994 755 cum
2060 684 2432 755 laetissimo
2501 682 2963 772 respondisset
3019 682 3183 751 affe-

651 792 808 858 ctu,
884 779 1071 847 Sicut
1119 799 1348 845 cervus
1410 776 1743 844 desiderat
1805 776 1897 844 ad
1963 776 2173 862 fontes
2216 794 2574 864 ⁴aquarum
2604 825 2624 851 ,
2680 773 2779 840 ita
2841 772 3181 840 desiderat

649 869 884 936 anima
927 889 1079 934 mea
1127 866 1216 933 ad
1263 876 1347 944 te,
1400 865 1583 933 Deus
1628 865 1843 953 (Psal.
1885 863 2045 949 Μ);
2099 876 2374 951 sumpto
2428 859 2681 929 vivifici
2731 860 3178 939 Sacramenti,

651 955 933 1035 ViaticO,
986 953 1208 1022 socias
1256 954 1336 1022 ad
1391 953 1568 1023 bella
1609 950 1995 1042 spiritualia
2027 1004 2041 1031 ‚
2102 963 2436 1037 quantum
2489 949 2722 1030 valuit,
2775 948 3187 1017 viriliter-ut

648 1044 804 1132 ipsa
847 1055 1132 1112 eatenus
1178 1042 1412 1131 virago
1469 1040 1661 1112 fortis
1708 1038 2083 1118 animavit,
2135 1038 2390 1126 quibus
2437 1051 2503 1107 et
2547 1039 2725 1107 inter
2776 1035 3186 1125 hujusmodi

651 1132 953 1218 alloquia
1004 1129 1149 1199 vale
1194 1129 1520 1200 ultimum
1569 1129 1770 1208 secit3
1826 1148 2113 1214 moxque
2160 1126 2582 1196 sarcinulam
2623 1125 3040 1196 laetabunda
3073 1126 3187 1195 de-

649 1221 901 1309 posuit,
951 1232 1018 1288 et
1048 1219 1315 1289 civibus
1338 1220 1581 1307 juncta
1627 1217 1971 1306 supernis,
2016 1216 2101 1284 ad
2144 1216 2310 1307 Agni
2344 1216 2455 1284 Dei
2486 1215 2913 1294 comitatum,
2955 1213 3188 1305 palma

650 1308 1065 1400 virginitatis
1112 1323 1176 1377 et
1222 1307 1645 1378 voluntariae
1694 1305 2114 1395 paupertatis
2176 1305 2503 1393 martyrio
2551 1303 2788 1395 pulcre
2835 1302 3179 1384 decorata,

657 1398 1002 1489 migravit.
1067 1397 1274 1486 Cujus
1328 1394 1784 1464 venerandam
1844 1394 2149 1483 corporis
2204 1393 2474 1482 glebam
2533 1394 2634 1461 vir
2681 1392 2950 1461 Domini
3020 1396 3189 1459 Bur-

652 1486 955 1557 chardus
994 1486 1064 1554 in
1113 1485 1349 1554 eodem
1394 1485 1508 1553 Dei
1549 1482 1910 1553 Genitricis
1956 1481 2233 1573 temple,
2288 1480 2639 1569 quondam
2687 1504 2728 1549 a
2781 1481 2973 1550 beata
3021 1484 3188 1549 Ger—

657 1576 860 1645 trude
905 1585 1318 1650 constructo,
1385 1572 1684 1641 officiose
1735 1582 2069 1650 curatam,
2126 1572 2321 1658 juxta
2370 1570 2580 1639 altare
2629 1591 2863 1639 versus
2916 1568 3192 1655 Aquilo-

657 1686 841 1746 nem,
894 1662 1257 1753 condignis
1287 1684 1447 1731 cum
1482 1660 1805 1747 exequiis,
1861 1660 2159 1729 animam
2203 1659 2464 1729 Christo
2503 1657 3021 1739 commendam,
3064 1658 3191 1727 rite

657 1751 1063 1823 recondidit.
1118 1756 1210 1819 Ex
1277 1762 1439 1819 tunc
1504 1771 1723 1836 usque
1779 1750 1849 1816 in
1900 1747 2308 1817 hodiernum
2379 1747 2560 1816 diem
2593 1802 2609 1829 ,
2678 1758 3053 1833 utrumque
3107 1745 3193 1815 de

657 1840 1198 1932 praenominatis
1230 1838 1529 1907 castellis
1555 1860 1635 1906 ex
1667 1838 1932 1927 integro
1959 1836 2178 1904 sancti
2213 1835 2460 1905 Kiliani
2491 1835 2908 1926 proprietati,
2952 1846 3190 1904 sancto

657 1929 985 2020 pontifice
1018 1926 1414 1998 Burohardo
1451 1925 1867 2016 providente,
1904 1925 2131 2006 cessit,
2172 1924 2437 2011 hocque
2478 1938 2611 1993 tam
2648 1924 3003 2014 auspicato
3039 1944 3193 2012 pro—

659 2018 1036 2088 curationis
1070 2015 1259 2085 illius
1304 2028 1368 2084 et
1406 2037 1531 2084 con
1588 2014 1934 2084 uisitionis
1983 2013 2198 2093 initio,
2247 2013 2512 2082 novella
2567 2012 2894 2101 plantatio
2935 2011 3188 2081 Wirce-

659 2106 1028 2262 guirgensis
1067 2104 1384 2204 Episcopi
1424 2034 1647 2174 modis
1676 2103 2023 2182 omnibuS,
2076 2114 2154 2171 ut
2193 2113 2292 2172 est
2337 2101 2483 2171 dies
2517 2101 2706 2184 haec,
2742 2100 2950 2170 ditari
2990 2113 3195 2188 atque

714 2217 732 2262 1
765 2208 937 2263 atari
973 2204 1215 2283 coepit.

750 2286 967 2369 §12
1017 2287 1495 2350 Verumtamen
1549 2293 1626 2349 ut
1690 2280 1775 2349 ad
1850 2279 2204 2367 superiora
2262 2300 2636 2370 parumper
2700 2278 3188 2357 reflectamur,
3299 2314 3300 2321 κ

667 2371 893 2440 statim
946 2383 1098 2459 post
1142 2370 1446 2456 ejusdem
1498 2369 1923 2448 concambii,
1975 2367 2158 2454 quod
2217 2366 2490 2457 praesul
2539 2366 2980 2437 Burchardus
3026 2388 3192 2435 cum

667 2479 995 2550 generosa
1060 2458 1303 2528 Christi
1354 2479 1607 2548 sponsa
1669 2457 1968 2527 Immina
2021 2455 2315 2537 fecerat,
2385 2468 2700 2526 eventum
2741 2511 2756 2538 ,
2807 2453 3199 2526 convocatis

666 2560 848 2617 certo
908 2547 1195 2616 dietam
1246 2547 1435 2617 Clero
1481 2568 1687 2633 quarn
1742 2545 2018 2636 popule,
2073 2551 2441 2634 Martyrum
2493 2566 2780 2634 corpora
2843 2566 3070 2634 nuper
3114 2543 3201 2612 de

665 2650 884 2706 terrae
940 2636 1217 2724 pulvere
1277 2635 1535 2716 levata,
1578 2657 1737 2703 cum
1798 2635 2227 2704 veneratione
2278 2635 2577 2702 maxima
2633 2656 2840 2723 super
2890 2645 3196 2703 montem

666 2746 868 2815 saepe
897 2725 1185 2806 dictum,
1224 2725 1713 2794 comitantibus
1761 2723 2174 2813 populorum
2212 2723 2455 2803 turbis,
2512 2721 2961 2812 transportari
3010 2720 3197 2800 fecit;

666 2814 902 2901 sicque
935 2826 1012 2884 ut
1058 2834 1293 2881 verum
1328 2813 1500 2882 coeli
1547 2812 1830 2892 animal,
1884 2826 2039 2880 ante
2075 2822 2140 2880 et
2169 2825 2344 2880 retro
2374 2811 2748 2894 oculatum,
2794 2824 2927 2880 tam
2969 2810 3204 2880 sutura

666 2903 1121 2994 prospiciens,
1173 2923 1382 2988 quam
1416 2900 1779 2993 praeterita
1819 2899 2236 2981 custodiens,
2276 2922 2398 2970 seu
2449 2901 2831 2990 praesentia
2879 2920 3200 2968 commu-

666 2994 910 3073 niens,
969 2992 1440 3061 investituram
1501 2988 1812 3059 e'usdem
1876 2989 2328 3078 possessionis
2393 3002 2676 3078 patrono
2735 3010 2861 3058 suo
2919 2987 3205 3077 Mat-tyri
3299 3043 3300 3056 ,

668 3081 958 3161 Kiliano,
998 3092 1323 3170 perpetuo
1358 3012 1706 3148 stabiiivit.
1761 3083 1926 3149 Nam
1979 3099 2099 3167 per
2144 3078 2548 3147 continuum
2587 3077 2960 3148 triennium
2997 3077 3096 3145 ibi
3132 3076 3202 3144 in

664 3168 950 3238 basilica
982 3180 1256 3238 sanctae
1282 3168 1394 3236 Dei
1427 3166 1787 3237 Genitricis
1819 3166 2092 3236 easdem
2120 3167 2620 3237 sacratissimas
2653 3166 2980 3253 reliquias
3011 3164 3206 3233 inde-
3299 3225 3300 3260 ἒ

668 3256 928 3326 ficienti
963 3257 1167 3325 totius
1203 3256 1554 3346 religionis
1584 3254 1834 3336 officio,
1871 3268 2006 3325 tarn
2041 3277 2163 3346 per
2188 3256 2518 3345 seipsum,
2553 3278 2758 3343 quam
2795 3255 3205 3324 universum

671 3344 802 3415 sibi
844 3344 1322 3413 adhaerentem
1358 3344 1653 3426 Clerum,
1694 3357 2075 3413 reverenter
2119 3346 2466 3414 excubans
2505 3344 2891 3414 custodivit.
2928 3347 3007 3412 Et
3038 3342 3208 3430 quia

671 3432 865 3503 locus
914 3431 1093 3501 idem
1144 3433 1274 3502 sub
1321 3433 1624 3521 antiquis
1670 3433 1836 3501 olim
1876 3433 2176 3502 Ducibus
2210 3455 2328 3501 arx
2375 3445 2440 3502 et
2486 3444 2694 3518 caput
2725 3431 2946 3502 fuerat
2995 3432 3207 3501 totius

671 3520 1034 3590 Orientalis
1070 3522 1409 3601 Franciae,
1451 3544 1672 3611 nuper
1719 3533 1945 3591 autem
1990 3521 2243 3591 ibidem
2287 3521 2510 3612 prima
2558 3520 3005 3590 fundamenta
3040 3531 3208 3589 sunt

666 3610 851 3698 jacta
901 3610 1246 3678 nascentis
1279 3610 1636 3690 Ecclesiae,
1690 3610 1959 3680 cunctis
2005 3632 2163 3680 eum
2215 3609 2464 3680 studiis
2511 3609 2957 3699 amplificare,
3000 3620 3210 3697 prout

672 3698 960 3781 valebat,
984 3699 1283 3788 ‹sategiu
1323 3700 1814 3788 proposuitque
1847 3698 2226 3788 principale
2260 3698 2400 3768 illic
2436 3720 2600 3770 suae
2631 3698 2814 3767 sedis
2846 3697 3211 3767 instituere

672 3787 1191 3867 monasterium,
1245 3788 1364 3856 ubi
1413 3787 1634 3878 gentis
1683 3786 1874 3856 illius
1903 3799 1967 3856 et
2001 3788 2389 3879 provinciae
2437 3788 2757 3878 primitus
2804 3785 3212 3856 initiabatur

671 3877 915 3948 salutis
948 3876 1328 3946 exordium.
1368 3880 1532 3945 Cum
1561 3876 1673 3945 die
1707 3887 2048 3963 noctuque
2081 3876 2240 3946 talia
2268 3875 2682 3958 meditando,
2717 3874 3211 3946 sollicitudinis

670 3965 917 4034 anxiae
948 3986 1189 4035 saxum
1242 3965 1485 4055 ingens
1533 3964 1849 4046 volveret,
1904 3965 2302 4054 praesertim
2339 3987 2501 4035 cum
2549 3966 2880 4055 asperitas
2917 3964 3202 4042 montis,

672 4064 739 4122 et
784 4053 1048 4124 arduus
1094 4075 1444 4135 ascensuS,
1499 4065 1700 4141 atque
1812 4055 2057 4124 enuria
2104 4074 2322 4141 aquae
2367 4055 2453 4125 iis
2490 4076 2664 4142 quos
2712 4053 2852 4122 illic
2895 4057 3027 4122 Deo
3079 4054 3214 4123 mi-

674 4141 988 4214 litaturos
1020 4165 1435 4233 congregare
1468 4076 1900 4233 disponebat,
1953 4143 2538 4234 importunitatem
2587 4141 3059 4212 omnimodam
3096 4163 3215 4244 ge-

674 4243 1015 4311 nerarent,
1068 4232 1344 4301 tandem
1396 4231 1478 4301 ad
1531 4232 1729 4301 solita
1779 4253 2060 4322 precum
2110 4231 2372 4313 solatia,
2427 4244 2629 4318 atque
2675 4230 2891 4299 divini
2933 4230 3214 4299 consllii
3299 4297 3300 4312 ,

675 4319 1047 4411 refugium,
1088 4332 1292 4390 totam
1345 4321 1454 4390 sui
1492 4320 1720 4390 cordis
1759 4321 2204 4390 intentionem
2237 4321 2621 4390 transtulit:
2657 4332 2997 4408 quatenus
3033 4320 3209 4410 ipse,

672 4409 797 4497 qui
856 4408 1061 4479 David
1129 4409 1198 4477 in
1255 4431 1415 4480 area
1479 4413 1748 4481 Areuna
1795 4409 2020 4482 locum
2071 4431 2196 4481 suo
2245 4409 2683 4480 tabernaculo
2733 4408 3216 4499 designaverat
