3347 4999
100 358 268 423 OCT.
327 358 411 421 ⁴9
771 375 848 422 mi
897 374 948 420 s.
1006 374 1202 421 paruo
1250 376 1328 420 nn
1376 373 1745 421 Amanum
1795 371 1977 419 conr.
2437 357 2566 422 547

100 460 330 529 deesse
383 458 479 527 illi
521 479 655 527 non
707 458 952 527 debeat
992 459 1213 526 sancti
1264 458 1569 526 nominis
1618 457 1861 546 gloria,
1899 468 1962 525 et
1998 458 2251 546 populo
2280 458 2660 531 christiano

103 550 375 637 insigne
425 548 511 616 ab
563 547 690 615 hoc
740 570 912 616 novo
954 548 1127 617 Petri
1180 545 1370 615 cultu
1421 547 1504 615 ad
1544 548 1862 614 virtutem
1911 546 2463 616 incitamentum.
2497 553 2660 619 Gra-

110 638 235 708 tias
286 637 497 727 igitur
545 637 790 725 agebat
836 636 1290 725 omnipotenti
1349 640 1476 704 Deo
1529 634 1707 703 idem
1756 635 2066 703 Clemens
2117 635 2602 724 praedecessor
2636 693 2655 719 ,

105 728 221 814 qui
286 726 419 795 sibi
493 725 670 793 banc
746 739 1038 793 mentem
1129 725 1532 813 inspirasset
1611 723 2026 792 decernendi
2096 746 2457 813 supremos
2533 727 2657 795 ho-

107 838 303 885 nores
358 814 517 883 huic
570 815 724 882 Viro
772 813 1191 893 admirabili,
1247 835 1451 900 quem
1505 813 1875 903 praecipuo
1928 812 2121 882 cultu
2175 814 2656 897 venerabatur,

106 919 167 974 et
214 929 251 974 a
300 925 443 991 quo
494 902 865 971 salutarem
920 924 1117 992 opem
1157 904 1224 970 in
1265 903 1583 972 maximis
1621 902 1806 970 hisce
1843 900 2222 970 infelicium
2269 916 2654 987 temporum

108 992 636 1064 discriminibus
672 1046 686 1067 ,
738 993 1136 1078 praesertim
1189 1005 1428 1059 contra
1477 991 1875 1079 superbiam
1928 1003 1994 1059 et
2041 989 2360 1060 ferociam
2407 997 2658 1061 Turca-

106 1106 283 1159 rum,
346 1080 784 1169 implorabat.
844 1086 921 1149 Ut
970 1094 1197 1149 autem
1250 1079 1697 1149 celeberrima
1748 1079 1923 1147 Petri
1976 1082 2302 1151 sanctitas
2352 1082 2659 1150 testimo-

107 1173 219 1240 nio
267 1172 476 1241 etiam
531 1191 659 1238 suo
699 1170 1287 1258 comprobaretur,
1342 1182 1405 1237 et
1446 1169 1596 1255 ejus
1645 1168 1933 1237 eximias
1984 1169 2267 1238 virtutes
2314 1170 2659 1241 universis

106 1258 687 1331 christifidelibus
743 1258 1112 1326 imitandas
1157 1259 1544 1335 exhiberet,
1618 1280 1697 1325 ac
1749 1256 1939 1326 illius
1988 1257 2054 1326 in
2111 1259 2307 1327 terris
2356 1259 2660 1328 admira-

110 1352 289 1419 tione
339 1349 622 1435 dignam
676 1361 740 1416 et
792 1348 1233 1416 laudabiliter
1264 1359 1670 1415 transactam
1711 1347 1914 1414 vitam
1950 1346 2343 1436 explicaret,
2379 1349 2475 1417 sic
2507 1370 2659 1439 pro-

112 1461 366 1528 ponere
414 1436 837 1505 decreverat:

199 1531 360 1613 ξθέ.
416 1530 705 1594 Exortus
756 1525 820 1593 in
878 1525 1097 1593 lucem
1152 1537 1294 1593 erat
1345 1524 1827 1594 sanctissimus
1879 1523 1991 1593 hic
2044 1524 2145 1591 vir
2191 1525 2451 1594 Norbae
2501 1531 2658 1595 Cae-

111 1639 370 1694 sareae,
430 1614 633 1703 vulgo
674 1613 1093 1693 Alcantarae,
1136 1614 1201 1681 in
1256 1613 1565 1682 Baeturia
1615 1613 2105 1700 Hispaniarum
2146 1614 2443 1703 regione,
2475 1637 2662 1685 anno

113 1720 465 1793 reparatae
515 1703 757 1771 salutis
803 1724 1094 1781 moment,
1149 1724 1226 1770 ex
1286 1702 1686 1789 parentibus
1735 1723 1981 1790 genere
2029 1724 2108 1770 ac
2164 1703 2406 1791 pietate
2459 1704 2653 1773 nobi·

111 1793 298 1863 libus
335 1848 349 1870 ‚
409 1798 597 1861 Petro
647 1793 966 1861 Garabito
1036 1806 1099 1859 et
1150 1791 1356 1859 Maria
1420 1790 1703 1869 Villela‚
1761 1790 2080 1877 idemque
2132 1793 2299 1860 Petri
2357 1813 2602 1861 nomen
2637 1848 2655 1875 ,

104 1884 288 1969 quod
349 1883 413 1949 in
468 1884 660 1950 sacra
711 1880 976 1949 familia
1027 1892 1434 1968 perpetuum
1487 1880 1586 1948 illi
1639 1878 1813 1959 fuit,
1869 1901 2064 1949 sacro
2113 1901 2148 1949 e
2197 1880 2377 1949 fonte
2427 1904 2655 1951 susce·
2749 1932 2756 1939 -

106 1985 323 2061 perat.
380 1972 476 2039 Ab
528 1971 805 2038 ineunte
846 1982 1059 2037 aetate
1108 1968 1476 2037 ambulans
1527 1970 1592 2036 in
1647 1968 2064 2048 innocentia,
2121 1969 2340 2038 vitans
2390 1970 2658 2040 lubrica

103 2075 167 2129 et
214 2059 684 2146 voluptatibus
734 2058 1050 2136 obnoxia,
1106 2071 1169 2126 et
1220 2059 1579 2126 hominum
1632 2059 2126 2126 commercium
2161 2057 2456 2149 fugienS,
2498 2082 2660 2128 con-

105 2148 533 2236 templandis
604 2147 807 2216 rebus
874 2147 1128 2215 divinis
1189 2147 1272 2215 ita
1328 2147 1644 2225 vacabat,
1694 2159 1766 2213 ut
1815 2169 2046 2216 amore
2094 2148 2487 2217 coelestium
2544 2150 2651 2216 in-

100 2260 382 2313 census,
433 2236 807 2322 aliquando
855 2250 1040 2305 extra
1078 2257 1146 2304 se
1183 2249 1576 2325 raperetur:
1620 2235 1926 2320 ideoque,
1968 2235 2302 2325 sapientia
2343 2259 2662 2307 crescens

99 2339 165 2395 et
218 2324 446 2413 gratia
484 2350 518 2401 ,·
562 2347 953 2393 mensuram
1009 2326 1247 2393 aetatis
1307 2325 1615 2393 moribus
1664 2324 2002 2395 senilibus
2050 2326 2436 2395 excedebat.
2503 2331 2656 2396 Stu-

100 2415 297 2482 dium
356 2413 740 2482 litterarum
798 2415 1151 2505 ingressus
1200 2414 1340 2482 acri
1391 2414 1667 2502 ingenio
1719 2414 2063 2503 ingentem
2109 2437 2298 2505 spem
2352 2417 2497 2485 suis
2537 2439 2656 2506 pa-

98 2502 419 2573 rentibus
470 2518 533 2572 et
577 2505 902 2594 magistro
951 2502 1224 2571 indidit.
1281 2503 1451 2585 Quia
1506 2525 1661 2572 vero
1716 2519 1989 2573 noverat
2036 2506 2413 2593 sapientem
2468 2504 2655 2576 futu-

95 2617 279 2670 rum,
336 2593 456 2678 qui
508 2614 665 2662 cuin
724 2593 1152 2681 sapientibus
1194 2591 1530 2680 graditur,
1589 2592 2068 2682 religiosorum
2139 2595 2440 2663 virorum
2488 2616 2653 2662 con-

97 2683 310 2751 sortio
361 2681 876 2760 delectabatur,
932 2704 1050 2760 ac,
1106 2681 1380 2749 divinae
1433 2684 1830 2771 praesertim
1886 2681 2163 2750 inhians
2215 2684 2595 2771 sapientiae
2632 2736 2646 2759 ,

99 2794 338 2841 sacros
388 2770 787 2839 avidissimo
834 2769 1203 2856 quaerebat
1241 2770 1473 2848 libros,
1524 2792 1563 2838 a
1604 2771 1911 2858 profanis
1946 2769 2346 2841 abhorrens.
2385 2776 2654 2857 thuo-

98 2862 286 2930 niam
343 2861 431 2928 ab
473 2859 763 2928 infantia
813 2881 1046 2928 secum
1098 2871 1399 2928 creverat
1452 2859 1944 2940 misericordia,
1992 2859 2318 2928 omnibus
2367 2882 2438 2928 se
2487 2861 2654 2928 cha-

98 2951 322 3019 ritatis
364 2949 691 3038 operibus
742 2949 1017 3017 assidue
1067 2948 1315 3028 dabat;
1367 2948 1679 3016 infirmos
1734 2947 2040 3037 proinde,
2089 2947 2157 3014 in
2208 2970 2478 3016 carcere
2529 2970 2647 3035 po-

98 3040 288 3115 sitos,
346 3051 411 3107 et
460 3059 711 3127 egenos
759 3050 1097 3123 quantum
1140 3049 1397 3125 poterat
1430 3037 1851 3105 sublevabat.
1903 3041 2066 3104 Cum
2106 3049 2331 3104 autem
2370 3037 2436 3104 in
2475 3036 2647 3106 alios

98 3130 257 3217 pius
306 3141 487 3198 esset
534 3139 599 3194 et
650 3127 1059 3204 misericor-S,
1119 3127 1247 3195 sibi
1293 3142 1514 3193 tamen
1567 3148 1644 3193 ex
1692 3138 1851 3194 tunc
1905 3125 2276 3214 incipiebat
2324 3148 2471 3194 esse
2521 3149 2646 3194 au-

96 3230 362 3296 sterus;
424 3238 581 3284 nam
637 3237 767 3283 non
808 3216 1033 3284 solum
1087 3214 1421 3303 singulari
1457 3214 1874 3282 abstinentia
1912 3213 2264 3282 sensuales
2299 3216 2646 3304 appetitus

96 3306 396 3385 frenare,
458 3304 571 3373 sed
625 3316 689 3371 et
741 3304 1122 3403 levissimos
1172 3324 1649 3389 quoscumque
1684 3300 1988 3371 defectus
2038 3302 2329 3392 flagellis
2390 3304 2656 3395 asperis

95 3405 554 3465 consueverat
602 3413 898 3481 expiare.
2489 3449 2490 3456 ,

186 3494 223 3565 g
274 3490 368 3555 3.
430 3482 608 3549 Licet
658 3493 909 3560 autem,
949 3480 1150 3548 etiam
1204 3479 1367 3548 dum
1419 3480 1486 3546 in
1522 3479 1753 3549 seculo
1792 3493 2196 3560 versaretur,
2235 3481 2469 3551 animo
2497 3505 2649 3553 coe-

94 3574 237 3644 lum
289 3570 640 3649 recoleret,
702 3570 921 3658 magis
973 3583 1195 3636 tamen
1248 3590 1326 3636 ac
1380 3570 1598 3658 magis
1649 3568 2016 3637 abundans
2055 3572 2120 3639 in
2160 3571 2443 3640 scientia
2477 3585 2541 3641 et
2579 3573 2652 3640 in

91 3664 283 3732 omni
339 3682 554 3732 sensu
609 3657 916 3746 probavit
968 3657 1264 3745 potiora;
1319 3672 1404 3736 et,
1443 3679 1702 3726 annum
1744 3658 1984 3728 aetatis
2023 3660 2654 3730 sextumdecimum

91 3753 485 3842 ingressus,
541 3748 607 3814 in
652 3746 966 3815 custodia
1018 3752 1081 3812 S.
1122 3747 1463 3836 Evangelii
1501 3769 1620 3814 seu
1656 3748 2184 3818 Extremadurae
2215 3749 2423 3836 (quae
2456 3771 2648 3818 nunc

93 3846 157 3909 S.
215 3837 563 3910 Gabrielis
616 3836 962 3925 provincia
1011 3835 1295 3920 dicitur)
1342 3835 1629 3905 fratrum
1688 3838 2020 3905 Minorum
2073 3837 2654 3906 Discalceatorurn

89 3929 410 3999 habit-um
466 3939 532 3994 et
588 3924 1048 4012 evangelicam
1121 3924 1387 3992 vivendi
1441 3925 1727 3993 formam
1794 3927 2117 4013 suscepit.
2174 3926 2362 4008 Quod
2417 3925 2646 3995 consi-

89 4019 265 4087 lium
320 4015 581 4104 insigni
640 4013 951 4104 prodigio
991 4014 1394 4103 approbavit
1449 4019 1643 4082 Deus,
1702 4018 1866 4082 Cum
1920 4014 2101 4082 enim
2158 4014 2503 4083 festinanti
2558 4013 2646 4082 ad

89 4106 401 4196 religiosi
454 4103 732 4173 Ordinis
785 4116 1051 4191 portum
1109 4123 1366 4171 moram
1399 4103 1726 4190 objiceret
1760 4103 2013 4171 fluvius
2049 4106 2291 4181 Tietar,
2329 4105 2444 4190 qui
2481 4117 2647 4172 tunc

90 4195 261 4263 forte
316 4194 664 4263 imbribus
716 4192 1161 4270 intumuerat,
1221 4213 1439 4276 neque
1486 4191 1626 4259 ulla
1685 4193 1938 4279 navigii
1991 4191 2279 4262 facultas
2311 4207 2510 4272 esset,
2552 4191 2648 4260 ef-

91 4283 293 4353 fusus
346 4284 412 4350 in
465 4304 720 4370 preces,
779 4282 842 4348 in
897 4280 1110 4350 altera
1161 4302 1230 4349 se
1266 4281 1411 4369 ripa
1446 4281 1780 4350 divinitus
1822 4282 2268 4360 constitutum
2306 4282 2646 4370 extemplo

90 4372 351 4462 reperit
416 4376 679 4440 Petrus.
753 4376 824 4440 ln
887 4370 1216 4439 coenobio
1267 4381 1399 4437 tam
1457 4391 1743 4460 magnos
1793 4370 1858 4437 in
1915 4371 2160 4440 virtute
2209 4373 2435 4440 statim
2495 4392 2648 4457 pro-

88 4483 378 4554 gressus
414 4459 595 4538 fecit,
642 4473 717 4530 ut
759 4459 953 4529 initio
984 4458 1282 4529 tirocinii
1314 4460 1616 4530 emeritis
1646 4459 1892 4530 Christi
1923 4461 2258 4531 militibus
2284 4461 2650 4538 emineret,
