3347 4999
152 351 348 416 OCT.
412 351 505 414 43
1107 371 1184 415 nn
1232 372 1286 415 s.
1341 370 1629 418 Enuxnno
1679 371 1836 418 REGE
2522 317 2648 419 375

156 453 564 533 illaesum,
634 453 810 521 sicut
882 475 1004 522 nec
1075 466 1231 523 tuae
1297 454 1700 543 proditionis
1768 477 1963 534 reus,
2021 476 2143 523 nec
2191 456 2276 524 de
2337 455 2567 527 fratris
2631 458 2738 528 tui

156 563 337 611 nece
380 542 572 610 mihi
601 541 921 611 conscius
959 541 1194 610 existo.
1232 565 1267 609 »
1317 543 1621 629 Cumque
1654 543 1756 610 vir
1803 544 2041 612 beatus
2103 544 2478 613 buccellam
2522 567 2738 618 manu

155 630 614 700 benedicens
662 631 1020 719 signasset,
1076 630 1285 699 miser
1331 630 1446 699 ille
1492 653 1641 699 eam
1690 632 1794 700 ori
1840 631 2162 710 inferens,
2215 654 2435 719 usque
2485 633 2551 701 in
2589 657 2735 704 me-

150 719 371 788 dium
434 720 749 809 gutturis
786 719 1126 807 pertraxit.
1165 724 1398 788 Tentat
1432 719 1721 789 interius
1768 720 2056 800 trahere,
2104 742 2227 788 nec
2269 721 2484 803 valet;
2527 734 2738 793 tentat

157 808 526 885 emittere,
583 808 697 876 sed
752 807 1024 876 firmius
1062 807 1305 876 haesit.
1354 813 1498 876 Mox
1536 820 1822 888 meatuS,
1877 809 2131 896 quibus
2179 808 2557 878 ducebatur
2589 812 2730 897 spi-

160 897 378 975 rituS,
439 895 872 978 obcluditur,
930 908 1289 965 vertuntur
1321 895 1525 975 oculi,
1584 897 1862 966 brachia
1929 898 2275 987 rigescunt
2319 898 2376 963 ⁴⁸.
2415 903 2731 969 Intuetur

162 984 565 1053 infeliciter
629 985 1027 1053 morientem
1081 990 1241 1066 Rex,
1295 997 1359 1054 et
1407 985 1735 1054 ultionem
1793 987 1856 1053 in
1908 1008 2074 1055 eum
2117 986 2418 1054 sentiens
2461 1008 2730 1075 proces-

161 1073 349 1144 sisse
403 1073 751 1154 divinam,
814 1072 1161 1142 adstantes
1205 1072 1617 1160 alloquitur,
1675 1074 1950 1143 dicens:
2008 1097 2042 1140 «
2096 1075 2435 1143 Extrahite
2491 1096 2730 1144 canem

163 1163 417 1231 istum.
460 1184 500 1227 »
540 1166 616 1229 Et
662 1161 915 1230 factum
952 1175 1053 1232 est
1084 1163 1198 1231 ita.
1253 1164 1377 1230 Hic
1428 1162 1800 1232 Godvvinus
1848 1163 2287 1251 simplicitate
2322 1163 2522 1253 Regis
2557 1163 2730 1233 abu-

164 1264 349 1331 tens,
416 1248 639 1318 multa
694 1250 761 1318 in
816 1272 1025 1339 regno
1072 1264 1304 1320 contra
1346 1249 1684 1337 justitiam
1727 1263 1791 1318 et
1841 1255 2050 1320 Deum
2086 1250 2395 1321 faciebat.
2433 1257 2727 1321 Cunctos

160 1339 311 1408 fere
366 1338 589 1427 Regis
636 1352 962 1427 cognatos
1009 1351 1074 1407 et
1131 1338 1430 1416 amicos,
1487 1361 1659 1425 quos
1709 1338 1792 1407 de
1838 1339 2280 1408 Nortmannia
2312 1339 2720 1420 adduxerat,

160 1426 426 1496 fraude
483 1448 636 1505 sua,
688 1426 847 1496 dolo
885 1439 948 1495 et
980 1427 1558 1496 circumventione
1592 1427 1676 1496 de
1718 1428 1934 1513 patria
1972 1428 2393 1508 exturbabat,
2442 1429 2728 1498 credens

162 1517 307 1586 sibi
361 1528 632 1585 cuncta
745 1536 1099 1584 rocessura
1164 1537 1287 1604 pro
1358 1528 1531 1596 voto,
1586 1516 1640 1585 si
1694 1521 1852 1591 Rex,
1897 1516 2138 1585 amicis
2189 1517 2525 1595 nudatus,
2579 1518 2727 1587 suis

162 1616 455 1674 tantum
488 1602 681 1672 consi
719 1604 802 1671 iis
832 1616 1156 1672 uteretur.
1198 1609 1272 1673 At
1313 1610 1471 1683 Rex,
1508 1617 1757 1672 cuncta
1805 1604 2281 1683 dissimulans,
2321 1605 2573 1673 divinis
2615 1628 2727 1674 va-

162 1693 381 1761 cabat
434 1692 817 1778 obsequiis,
866 1692 1334 1778 ultionemque
1384 1694 1494 1760 Dei
1545 1693 1676 1761 sibi
1726 1692 2023 1762 futuram
2077 1693 2312 1761 multis
2363 1693 2718 1782 praedixit.

162 1780 581 1868 Aliquando
632 1781 833 1849 etiam
890 1781 1018 1869 ipsi
1070 1779 1390 1850 Godwino
1438 1780 1741 1868 idipsum
1795 1803 1927 1850 non
1982 1783 2213 1849 tacuit.

260 1873 298 1956 ξ
355 1874 531 1940 22.
584 1874 661 1937 -In
715 1869 825 1936 die
873 1870 1264 1937 Dominicae
1314 1869 1856 1949 resurrectionis,
1896 1891 2054 1938 cum
2106 1875 2242 1938 Rex
2290 1869 2371 1936 ad
2418 1891 2724 1940 mensam

166 1960 497 2036 sederet,
554 1958 808 2025 arctius
857 1957 1055 2027 solito
1103 1979 1174 2027 se
1220 1957 1492 2046 collegit
1540 1958 1621 2025 ad
1678 1979 1788 2038 se;
1841 1971 1905 2026 et
1955 1979 2215 2046 ponens
2278 1978 2439 2045 prae
2504 1958 2724 2029 oculis

169 2050 442 2122 Deum,
503 2046 733 2113 omnia
796 2047 926 2115 ista
987 2045 1336 2114 mundana
1395 2046 1857 2115 arbitrabatur
1916 2059 1992 2114 ut
2056 2060 2371 2114 stercora.
2442 2050 2517 2114 Et
2572 2068 2727 2115 ecce

171 2135 421 2204 subito
499 2133 732 2203 vultus
791 2135 941 2222 ejus
992 2134 1149 2222 plus
1199 2134 1393 2203 solito
1459 2134 1940 2213 serenabatur,
2010 2134 2423 2221 interiorque
2471 2134 2727 2204 laetitia

170 2222 367 2291 labia
423 2222 729 2293 sol-vebat
777 2223 847 2290 in
898 2223 1159 2299 risum;
1232 2244 1647 2308 rursumque
1696 2222 1894 2291 solita
1951 2223 2276 2312 gravitate
2343 2227 2719 2312 resumpta,

169 2311 665 2381 obscuriorem
704 2309 940 2379 faciem
984 2309 1423 2400 praeferebat.
1457 2312 1879 2380 Mirabantur
1907 2311 2025 2397 qui
2069 2310 2466 2391 adstabant;
2524 2333 2724 2381 nemo

173 2413 418 2468 tamen
479 2398 778 2467 audebat
824 2421 980 2468 eum
1021 2400 1440 2489 interrogare
1486 2399 1647 2485 quid
1702 2399 2083 2468 accidisset.
2153 2400 2400 2469 Mensis
2447 2399 2719 2469 tandem

174 2487 521 2567 sublatis,
599 2501 873 2557 secutus
920 2501 1021 2557 est
1068 2487 1150 2557 ad
1204 2487 1580 2557 thalamum
1646 2493 1895 2576 Regem
1948 2487 2086 2558 dux
2134 2487 2500 2586 Haraldus,
2564 2511 2725 2558 cum

177 2599 325 2647 uno
359 2577 802 2670 Episcopo-et
828 2575 1078 2646 Abbate
1111 2599 1293 2655 uno;
1347 2576 1690 2663 simulque
1721 2582 1967 2677 Regem
2007 2599 2215 2665 super
2254 2578 2381 2645 hoc
2414 2599 2728 2647 sermone

176 2666 637 2735 conveniunt.
669 2670 858 2733 Tunc
893 2664 1005 2733 ille
1040 2666 1155 2733 ait:
1190 2688 1223 2730 «
1259 2669 1599 2746 Quantum
1636 2687 1705 2734 sc
1731 2687 2023 2752 quisque
2063 2665 2472 2735 subtraxerit
2503 2667 2718 2744 vaniS,

179 2767 462 2823 tantum
517 2754 693 2823 veris
740 2754 995 2822 arctius
1044 2753 1462 2822 adhaerebit.
1515 2758 1681 2821 Ecce
1729 2754 1910 2822 enim
1962 2774 2086 2841 ego
2145 2753 2320 2821 inter
2392 2751 2722 2821 fecundos

176 2842 465 2922 calices,
523 2853 589 2910 et
638 2841 918 2931 pinguia
987 2840 1267 2922 fercula,
1322 2864 1400 2910 ac
1451 2840 1783 2911 radiantis
1820 2841 2074 2910 metalli
2126 2839 2557 2929 splendorem
2621 2863 2726 2909 re-

174 2930 518 2999 cordatus
567 2952 720 2999 sum
778 2931 1044 2999 Domini
1094 2930 1206 2998 Dei
1259 2931 1415 3011 mei,
1469 2941 1534 2998 et
1578 2929 1784 2998 effudi
1840 2931 1904 2998 in
1960 2951 2067 2997 me
2105 2928 2405 2996 animam
2461 2949 2718 3006 meam;

176 3017 614 3104 dilatatoque
663 3019 912 3088 mentis
961 3019 1143 3098 sinu,
1221 3018 1461 3087 oculus
1524 3018 1804 3086 interior
1850 3016 2193 3104 spirituali
2244 3014 2562 3106 perfusus
2612 3014 2721 3084 lu-

182 3107 403 3186 mine,
460 3107 691 3174 radios
741 3105 1038 3196 profecto
1073 3129 1293 3193 usque
1324 3108 1407 3175 ad
1448 3105 1632 3174 illam
1671 3106 2120 3192 Ephesiorum
2171 3104 2508 3172 civitatem
2547 3104 2723 3172 mira

184 3194 544 3263 celeritate
593 3195 911 3284 porrexit,
963 3210 1027 3264 et
1073 3217 1292 3281 usque
1339 3195 1408 3263 in
1463 3206 1760 3262 montem
1812 3193 2035 3261 Celion
2090 3213 2514 3281 progressuS,
2561 3214 2722 3260 san-

179 3295 462 3352 ctorum
511 3283 789 3368 quidem
843 3288 1106 3373 Septem
1164 3281 1683 3359 Dormientium,
1722 3282 2218 3366 quiescentium
2259 3282 2324 3348 in
2361 3279 2716 3369 spelunca,

184 3372 678 3524 proprietatem
736 3369 1077 3450 vultuum,
1118 3392 1379 3441 necnon
1420 3369 1879 3437 membrorum
1925 3370 2398 3455 quantitatem,
2439 3390 2519 3437 ac
2555 3390 2723 3455 qua-

216 3458 449 3528 itatem
523 3460 810 3530 vestium
883 3462 1313 3549 expressione
1384 3455 1943 3526 manifestissima
2016 3456 2518 3546 contemplatus
2592 3470 2714 3526 est.

186 3550 374 3616 Haec
427 3547 621 3628 dum,
676 3547 1065 3616 interiorem
1097 3547 1239 3617 risu
1266 3545 1697 3637 significante
1746 3546 2096 3627 laetitiam,
2133 3546 2335 3615 corde
2376 3543 2721 3614 luminoso

186 3637 702 3725 conspicerem3
758 3637 1006 3714 subito,
1066 3657 1171 3703 me
1219 3647 1558 3712 cernente,
1611 3656 1651 3702 a
1704 3633 1906 3703 latere
1962 3635 2216 3712 dextro,
2272 3656 2479 3723 super
2538 3632 2723 3719 quod

189 3723 433 3794 multis
506 3724 906 3811 quieverant
969 3724 1209 3798 annis,
1265 3724 1333 3791 in
1385 3722 1743 3794 sinistrum
1807 3745 1878 3792 se
1939 3722 2116 3791 latus
2184 3722 2428 3791 virtute
2489 3720 2727 3791 divina

189 3824 547 3893 vertentes,
602 3812 829 3881 dirum
910 3812 1315 3882 mortalibus
1362 3831 1561 3879 omen
1629 3811 1753 3878 hac
1826 3810 2116 3880 laterum
2167 3831 2446 3880 suorum
2501 3821 2726 3878 muta-

191 3898 377 3969 tione
410 3901 796 3992 signarunt.
830 3901 1086 3969 Exhinc
1110 3901 1292 3976 enim
1324 3911 1555 3987 surget
1575 3921 1743 3988 gens
1761 3911 1997 3968 contra
2028 3911 2322 3989 gentem,
2348 3910 2412 3965 et
2433 3917 2726 3986 regnum

192 3987 524 4058 adversus
571 4011 641 4059 re
697 4011 887 4067 num,
941 4001 1005 4058 et
1050 4000 1251 4057 erunt
1302 3987 1722 4078 pestilentiae
1769 4000 1834 4056 et
1881 3986 2119 4066 fames„
2163 3999 2229 4055 et
2276 3997 2726 4054 terraemotus

194 4079 429 4166 magni
480 4100 599 4167 per
670 4099 816 4147 oca.
869 4078 990 4146 His
1037 4077 1222 4145 enim
1273 4088 1512 4164 septua
1564 4075 1708 4143 inta
1754 4075 1957 4144 annis
1988 4075 2285 4163 (tantum
2334 4073 2517 4142 enim
2559 4084 2727 4140 tem-

197 4166 428 4249 pusio
470 4167 750 4237 sinistro
800 4166 1004 4235 latere
1052 4099 1560 4253 repausabunt&
1584 4162 1884 4232 visitabit
1914 4162 2243 4232 Dominus
2290 4161 2728 4248 iniquitatem

196 4249 419 4338 plebis
452 4261 639 4334 suae,
697 4255 972 4324 tradens
1018 4274 1132 4322 eos
1182 4253 1252 4320 in
1305 4273 1551 4320 manus
1599 4250 1944 4341 gentium,
1997 4262 2074 4320 ut
2120 4249 2567 4319 dominentur
2622 4248 2725 4316 eis

246 4408 272 4434 ⁸
304 4408 467 4449 Comes
502 4409 767 4460 Gothi-inus,
786 4422 891 4452 cum
912 4411 961 4451 in
982 4420 1142 4451 mensa
1164 4409 1209 4449 S.
1232 4408 1462 4450 Edmundi
1483 4405 1608 4457 regis
1630 4403 1874 4452 assideret.
1893 4408 2138 4457 repentino
2159 4407 2325 4448 morbo
2346 4406 2610 4456 perculsus,
2635 4403 2732 4444 ant·

192 4468 319 4501 mam
338 4463 514 4504 efflavit
532 4474 654 4504 anno
675 4467 793 4506 1054.
