3347 4999
706 346 834 410 570
1294 361 1372 406 mv:
1420 361 1474 407 s.
1519 358 1819 415 mutiano
1866 359 2063 407 muse.
2118 357 2480 406 Enaotcssuffl
2835 340 3004 406 OCT.
3065 344 3149 406 »19

619 449 746 518 hac
791 446 940 515 luce
972 444 1053 514 ad
1093 458 1435 513 aeternam
1474 442 1828 523 translato,
1862 458 1934 512 ut
1987 465 2055 512 re
2106 444 2253 530 ipsa
2300 456 2498 521 esset,
2531 442 2712 528 quod
2754 444 2955 512 verbo
2984 443 3151 514 hac-

618 550 820 608 teuus
893 535 1282 603 dicebatur:
1341 534 1546 602 totius
1609 533 1779 602 Cleri
1829 546 1893 601 et
1934 532 2165 622 populi
2219 532 2435 601 animi
2484 531 2816 600 divinitus
2878 532 3153 602 inflam-

620 638 920 704 mantur,
963 637 1037 692 ut
1070 623 1429 709 Aquilinus
1471 621 1584 690 ille
1631 621 1940 691 occultus
1980 623 2088 690 Dei
2130 643 2386 700 servus,
2426 622 2541 707 qui
2580 642 2651 689 se
2690 621 3146 704 abscondenS,
3238 642 3241 651 ·

619 713 950 804 proximis
1002 712 1292 802 negabat
1337 709 1685 799 exemplar
1722 711 2012 796 pietatiS,
2050 710 2110 778 ei
2159 710 2636 778 substituatur.
2697 715 2834 778 Non
2876 710 2966 778 ibi
3010 733 3155 781 una

618 825 766 884 vox,
799 815 917 870 aut
946 803 1154 871 unius
1190 801 1399 889 partis
1439 801 1792 888 personuit
1825 799 2249 878 acclamatio,
2290 800 2403 869 sed
2442 799 2867 867 diversarum
2910 821 3155 868 vocum

619 891 960 982 generalis
1008 889 1245 959 electio
1295 890 1462 958 adeo
1514 890 1691 957 inter
1739 910 1811 958 se
1860 888 2096 977 pulcre
2125 889 2474 958 consensit
2503 901 2567 955 et
2599 888 3038 977 conspiravit,
3077 901 3157 957 ut

620 980 796 1050 nulli
845 993 1021 1048 esset
1085 978 1490 1067 ambiguum
1532 1033 1547 1057 ‚
1607 977 1789 1063 quod
1844 977 2092 1068 vulgus
2144 990 2415 1066 peteret,
2479 976 2544 1045 id
2607 989 2671 1045 et
2721 977 3041 1065 inspirari
3088 989 3156 1047 et

619 1068 945 1158 imperari
995 1068 1349 1136 divinitus.
1399 1071 1529 1136 Nec
1577 1066 1966 1153 quaesitum
2018 1079 2120 1135 est
2167 1067 2254 1135 ab
2291 1065 2525 1144 electo,
2578 1065 2740 1150 quid
2782 1066 2915 1154 ipsi
2973 1066 3156 1135 vide·

620 1173 843 1227 retur:
896 1155 1456 1243 quandoquidem
1495 1157 1617 1242 qui
1670 1156 1874 1223 latere
1923 1154 2280 1234 didicerat,
2340 1154 2740 1240 Christoque
2787 1168 3154 1224 contentus

620 1268 768 1315 esse
821 1246 1231 1325 decreverat,
1285 1266 1614 1333 apparere
1659 1244 1897 1331 utique
1950 1242 2177 1323 nollet,
2224 1244 2281 1312 si
2335 1244 2493 1329 quis
2548 1244 2698 1332 ejus
2730 1265 3152 1312 consensum

622 1335 1015 1421 requireret.
1087 1334 1211 1403 Sed
1269 1333 1532 1422 rapitur
1571 1333 1658 1402 ab
1716 1333 2043 1402 omnibus
2081 1346 2145 1403 et
2194 1332 2510 1412 trahitur,
2549 1332 2749 1418 quasi
2804 1354 2936 1401 non
2981 1354 3155 1401 suus

620 1424 942 1512 deinceps
970 1423 1268 1501 futuruS,
1297 1422 1410 1490 sed
1455 1422 2281 1491 communiter-omnium.
2318 1422 2681 1507 Primoque
2712 1420 2784 1489 tit
2819 1420 3151 1490 clericus:

621 1512 781 1581 inde
821 1512 1157 1603 gradatim
1217 1524 1588 1600 promotus,
1654 1510 1736 1578 ad
1807 1511 2205 1599 Episcopale
2259 1531 2589 1579 cacumen
2651 1509 3012 1585 evehitur,
3079 1522 3159 1579 ut

622 1602 827 1671 totius
877 1601 1305 1670 Ebroicensis
1339 1600 1678 1668 Ecclesiae
1724 1598 2005 1668 domum
2060 1600 2414 1689 gubernet,
2466 1612 2532 1667 et
2570 1620 2807 1668 curam
2852 1612 3159 1686 pastora-

622 1689 752 1759 lem
790 1690 850 1758 ei
901 1690 1278 1780 impendat,
1316 1690 1434 1775 qui
1485 1711 1650 1757 suae
1690 1688 1925 1756 domui
1969 1700 2103 1757 tam
2162 1688 2504 1776 praeclare
2578 1686 3012 1778 praefuerat,
3082 1698 3161 1757 ut

622 1801 911 1848 manens
946 1780 1012 1847 in
1052 1777 1305 1854 seculo,
1345 1779 1544 1846 etiam
1606 1777 1671 1845 in
1732 1777 1882 1867 ipso
1917 1776 2352 1846 matrimonio
2395 1778 2541 1866 jam
2610 1790 2922 1847 mortuus
2979 1788 3162 1845 esset

622 1868 909 1949 mundo,
971 1880 1035 1936 et
1084 1867 1328 1936 viveret
1379 1866 1675 1935 Christo:
1739 1866 1857 1951 qui
1907 1866 2100 1934 uxori
2154 1867 2567 1951 conjunctus
2616 1865 2904 1954 spiritu,
2949 1886 3160 1933 carne

623 1956 1051 2045 disjunctus,
1108 1955 1517 2024 assuevisset
1578 1954 1920 2044 spiritales
1985 1976 2338 2044 procreare
2389 1955 2564 2024 filios
2603 2008 2618 2034 ,
2677 1967 2742 2022 et
2788 1977 2823 2021 e
2871 1954 3159 2022 vetustis

622 2046 895 2114 utribus
934 2066 1180 2113 novum
1228 2045 1461 2112 vinum
1515 2043 1953 2131 depromere:
1993 2042 2059 2112 id
2098 2058 2220 2123 est,
2260 2045 2391 2113 sub
2428 2043 2777 2113 vetustatis
2818 2041 3159 2111 velamine

624 2156 876 2203 novum
933 2133 1200 2222 pietatis
1232 2133 1550 2202 exhibere
1584 2148 1891 2222 gustum.

715 2230 751 2302 ἓ
800 2226 879 2292 8.
948 2226 1251 2308 Cumque
1299 2222 1698 2303 ordinatuS,
1754 2234 1819 2290 et
1870 2221 2036 2289 tanti
2102 2218 2460 2289 sacerdotii
2519 2219 2901 2310 Apostoliea
2956 2219 3158 2289 bene-

624 2310 921 2378 dictione
970 2323 1410 2379 consecratus
1462 2324 1683 2389 esset,
1748 2308 1927 2396 quod
1982 2309 2043 2378 ei
2097 2307 2376 2377 difficile
2427 2330 2556 2377 non
2621 2322 2813 2388 erat,
2874 2330 3157 2378 uxorem

625 2399 934 2478 mutavit,
991 2420 1281 2483 eamque
1324 2420 1530 2484 quam
1576 2399 1821 2487 jussus
1869 2411 2034 2477 erat,
2082 2398 2212 2467 sibi
2253 2396 2639 2485 despondit,
2679 2398 2800 2484 qui
2843 2419 3003 2466 cum
3045 2396 3161 2465 illa

625 2487 774 2556 sine
808 2487 924 2556 illa
966 2487 1186 2555 vivere
1234 2486 1591 2569 didicerat,
1654 2510 1863 2574 quarn
1915 2488 2119 2557 etiam
2174 2485 2527 2556 retinendo
2579 2486 2969 2573 reliquerat.
3033 2490 3159 2555 Ex-

627 2577 757 2646 titit
821 2581 974 2646 vero
1026 2577 1091 2644 in
1146 2576 1341 2664 plebe
1382 2577 1553 2644 mira
1602 2576 1951 2658 exultati0,
2008 2590 2283 2662 tamque
2323 2575 2638 2663 jucunda
2698 2576 2846 2663 ejus
2902 2575 3160 2644 adven-

626 2666 832 2736 tantis
879 2666 1206 2753 excepti0,
1246 2666 1516 2734 cunctis
1563 2665 1621 2733 ei
1673 2665 1941 2733 obviam
1998 2664 2548 2753 procedentibuS,
2602 2678 2669 2734 et
2712 2665 2865 2750 ejus
2917 2663 3158 2734 laudes

624 2754 948 2823 consonis
1004 2755 1281 2824 vocibus
1349 2753 1898 2824 celebrantibus:
1965 2767 2039 2823 ut
2108 2753 2276 2821 nulli
2341 2753 2632 2822 dubium
2695 2753 2863 2822 soret
2923 2754 3155 2842 ignem

625 2843 823 2913 illurn
873 2865 910 2912 e
958 2843 1145 2912 coelo
1198 2843 1483 2911 missum
1517 2897 1532 2924 ,
1591 2843 1710 2928 qui
1763 2842 1829 2910 in
1886 2854 1976 2911 tot
2022 2842 2346 2910 cordibus
2408 2843 2627 2911 isthoc
2674 2842 3002 2911 excitarat
3051 2843 3155 2909 in-

626 2932 975 3010 cendium,
1011 2945 1087 3001 ut
1125 2944 1262 3001 tam
1299 2930 1638 3022 generalis
1663 2943 1728 2999 et
1775 2951 2082 3008 concors,
2127 2931 2316 2999 nullo
2343 2931 2799 3020 discrepante,
2835 2930 3155 3001 omnium

624 3032 998 3090 concentus
1046 3021 1274 3101 fieret,
1315 3020 1435 3090 ubi
1486 3019 1849 3106 Aquilinus
1900 3019 1966 3087 in
2020 3041 2145 3088 sua
2180 3020 2338 3088 sede
2385 3019 2832 3089 collocandus
2876 3020 3160 3089 adveni-

628 3124 743 3179 ret.
802 3115 1128 3199 Suscepto
1176 3125 1430 3190 autem,
1482 3131 1613 3177 non
1664 3110 1943 3177 corvino
1986 3108 2199 3186 hiatu,
2263 3108 2378 3177 sed
2430 3108 2831 3177 columbina
2883 3107 3169 3197 simpli-·

626 3200 826 3267 citate
874 3199 1275 3279 sacerdotia,
1312 3199 1452 3284 jam
1508 3213 1738 3287 aperte
1786 3218 1957 3266 uxor
2007 3198 2288 3266 vertitur
2324 3198 2392 3266 in
2427 3219 2772 3267 sororem:
2829 3198 2900 3264 in
2947 3217 3160 3283 quam

626 3287 828 3355 etiam
881 3302 1038 3356 ante
1088 3289 1469 3366 transierat,
1540 3286 1654 3356 sed
1716 3287 2001 3356 occulte.
2068 3292 2198 3355 Nec
2243 3286 2495 3355 amoris
2555 3286 2723 3354 casti
2780 3286 2985 3356 ardor
3047 3307 3161 3354 ex-

630 3375 991 3464 tinguitur,
1047 3376 1261 3445 immo
1302 3398 1456 3445 vero
1497 3376 1925 3465 geminatur:
1989 3388 2131 3444 turn
2180 3376 2339 3462 quia
2394 3374 2727 3476 pudicitia
2783 3373 3161 3443 immobilis

628 3463 697 3531 in
735 3476 1038 3552 promoto
1076 3466 1448 3552 permanet,
1498 3479 1640 3534 tum
1695 3465 1856 3551 quia
1895 3464 2275 3534 fecunditas
2309 3461 2639 3553 spiritalis
2675 3462 3154 3551 multiplicata,

628 3551 713 3620 ad
766 3552 1124 3639 utriusque
1170 3575 1489 3622 coronam
1546 3551 1901 3622 reserenda
1947 3566 2069 3635 est,
2126 3554 2304 3624 sicut
2348 3566 2411 3622 et
2460 3551 2669 3638 liujus
2717 3550 3161 3622 fecunditatis

628 3662 860 3720 causa,
908 3642 1240 3730 promissa
1282 3642 1718 3712 castimonia.
1757 3642 2158 3711 Communis
2197 3641 2454 3730 quippe
2504 3641 2868 3727 utriusque
2896 3653 2999 3710 est
3029 3640 3165 3708 uti·

629 3729 808 3810 litas,
861 3731 961 3798 uti
1007 3730 1210 3799 etiam
1264 3732 1440 3800 sacri
1488 3730 1846 3819 conceptio
1913 3731 2241 3820 propositi
2303 3730 2696 3799 communis
2759 3730 2927 3799 suit:
2988 3749 3168 3816 quae

626 3840 783 3889 cum
836 3819 1293 3908 centuplicem
1342 3818 1700 3908 protulerit
1750 3818 2078 3899 fructum,
2136 3821 2224 3888 ab
2281 3840 2419 3888 uno
2470 3833 2661 3909 patre
2712 3833 2804 3888 tot
2843 3818 3009 3888 filiis
3049 3817 3165 3888 ad·

628 3908 901 3998 optatis,
939 3908 1164 3999 diligit
1198 3930 1392 3988 soror
1424 3921 1648 3976 tantae
1685 3907 2183 3978 benedictionis
2212 3906 2515 3988 fratrem,
2556 3931 2675 3998 per
2702 3928 2905 3994 quern
2945 3922 3169 3977 tantae

628 3998 1212 4086 augmentationis
1260 4018 1544 4067 consors
1590 3996 1910 4078 efficitur,
1967 3996 2307 4084 cujusque
2340 3998 2662 4067 manibus
2702 3998 2923 4087 gratia
2953 4017 3169 4065 sacer·

629 4084 836 4154 dotali
883 4087 1256 4172 perunctis,
1298 4100 1431 4155 tam
1472 4087 1642 4175 ipsa,
1682 4107 1889 4172 quam
1957 4097 2114 4164 tota,
2167 4087 2371 4175 cujus
2430 4100 2530 4155 est
2581 4088 2998 4165 membrum,
3044 4089 3171 4154 Ec-

631 4174 836 4243 clesia
874 4174 1302 4245 Ebroicensis
1337 4175 1766 4245 benedicitur
1796 4189 1862 4243 et
1894 4175 2228 4264 expiatur.
2267 4174 2458 4244 videt
2490 4175 2672 4243 enim
2716 4174 2971 4244 factum
3004 4194 3170 4242 eum

631 4278 1055 4347 sequestrum
1097 4277 1162 4332 et
1209 4264 1614 4333 advocatum
1655 4263 1890 4353 populi
1929 4264 2157 4344 tutius,
2195 4278 2398 4352 atque
2444 4264 2528 4333 ad
2573 4269 2774 4333 Deum
2813 4263 3168 4351 quendam

630 4350 1175 4431 internuncium,
1220 4354 1338 4439 qui
1395 4352 1611 4421 fuerat
1650 4346 1999 4439 quondam
2061 4353 2286 4442 ipsius
2336 4354 2546 4423 unius
2600 4353 2913 4420 maritus.
2972 4351 3171 4420 Videt

630 4439 702 4508 in
758 4453 890 4509 tam
943 4441 1198 4511 multos
1247 4463 1474 4512 ramos
1522 4441 1844 4512 diffusam
1878 4444 2220 4523 arborem,
2257 4463 2433 4530 quae
2471 4441 2740 4511 succisa
2776 4439 3163 4522 videbatur,
