<?xml version="1.0" encoding="UTF-8"?>
<!DOCTYPE html PUBLIC "-//W3C//DTD XHTML 1.0 Transitional//EN"
    "http://www.w3.org/TR/xhtml1/DTD/xhtml1-transitional.dtd">
<html xmlns="http://www.w3.org/1999/xhtml" xml:lang="en" lang="en">
 <head>
  <title>
</title>
<meta http-equiv="Content-Type" content="text/html;charset=utf-8" />
  <meta name='ocr-system' content='tesseract 3.04.00' />
  <meta name='ocr-capabilities' content='ocr_page ocr_carea ocr_par ocr_line ocrx_word'/>
</head>
<body>
  <div class='ocr_page' id='page_1' title='image "./historiaeseuvit03lippgoog_0431.png"; bbox 0 0 3347 4999; ppageno 0'>
   <div class='ocr_carea' id='block_1_1' title="bbox 228 373 2660 440">
    <p class='ocr_par' dir='ltr' id='par_1_1' title="bbox 228 373 2660 440">
     <span class='ocr_line' id='line_1_1' title="bbox 228 373 2660 440; baseline -0 0"><span class='ocrx_word' id='word_1_1' title='bbox 228 373 399 440; x_wconf 89' lang='lat' dir='ltr'>OCT.</span> <span class='ocrx_word' id='word_1_2' title='bbox 458 373 537 437; x_wconf 64' lang='lat'>⁴3</span> <span class='ocrx_word' id='word_1_3' title='bbox 1124 393 1202 437; x_wconf 80' lang='lat' dir='ltr'>DE</span> <span class='ocrx_word' id='word_1_4' title='bbox 1250 376 1304 439; x_wconf 86' lang='lat' dir='ltr'>s.</span> <span class='ocrx_word' id='word_1_5' title='bbox 1360 393 1648 439; x_wconf 68' lang='lat' dir='ltr'>numano</span> <span class='ocrx_word' id='word_1_6' title='bbox 1698 394 1855 439; x_wconf 72' lang='lat' dir='ltr'>anea</span> <span class='ocrx_word' id='word_1_7' title='bbox 2535 377 2660 439; x_wconf 72' lang='lat'>373</span> 
     </span>
    </p>
   </div>
   <div class='ocr_carea' id='block_1_2' title="bbox 109 474 2750 566">
    <p class='ocr_par' dir='ltr' id='par_1_2' title="bbox 109 474 2750 566">
     <span class='ocr_line' id='line_1_2' title="bbox 109 474 2750 566; baseline 0.002 -23"><span class='ocrx_word' id='word_1_8' title='bbox 109 480 125 493; x_wconf 88' lang='lat'><strong><em>&#39;</em></strong></span> <span class='ocrx_word' id='word_1_9' title='bbox 224 476 477 566; x_wconf 82' lang='lat' dir='ltr'>potiuS‚</span> <span class='ocrx_word' id='word_1_10' title='bbox 516 497 725 562; x_wconf 89' lang='lat' dir='ltr'>quam</span> <span class='ocrx_word' id='word_1_11' title='bbox 776 474 1108 545; x_wconf 85' lang='lat' dir='ltr'>foedatur.</span> <span class='ocrx_word' id='word_1_12' title='bbox 1160 477 1317 545; x_wconf 86' lang='lat' dir='ltr'>Jam</span> <span class='ocrx_word' id='word_1_13' title='bbox 1371 489 1532 545; x_wconf 90' lang='lat' dir='ltr'>tunc</span> <span class='ocrx_word' id='word_1_14' title='bbox 1582 477 1747 546; x_wconf 90' lang='lat' dir='ltr'>satis</span> <span class='ocrx_word' id='word_1_15' title='bbox 1795 498 1944 547; x_wconf 88' lang='lat' dir='ltr'>esse</span> <span class='ocrx_word' id='word_1_16' title='bbox 1992 476 2294 546; x_wconf 87' lang='lat' dir='ltr'>clamant</span> <span class='ocrx_word' id='word_1_17' title='bbox 2340 499 2603 558; x_wconf 88' lang='lat' dir='ltr'>omnes,</span> <span class='ocrx_word' id='word_1_18' title='bbox 2646 500 2750 547; x_wconf 88' lang='lat' dir='ltr'>sa-</span> 
     </span>
    </p>
   </div>
   <div class='ocr_carea' id='block_1_3' title="bbox 218 563 2757 4545">
    <p class='ocr_par' dir='ltr' id='par_1_3' title="bbox 218 563 2750 1097">
     <span class='ocr_line' id='line_1_3' title="bbox 222 563 2748 654; baseline 0.001 -22"><span class='ocrx_word' id='word_1_19' title='bbox 222 577 465 633; x_wconf 88' lang='lat' dir='ltr'>natum</span> <span class='ocrx_word' id='word_1_20' title='bbox 515 563 970 653; x_wconf 84' lang='lat' dir='ltr'>languidum,</span> <span class='ocrx_word' id='word_1_21' title='bbox 1027 587 1202 633; x_wconf 91' lang='lat' dir='ltr'>onus</span> <span class='ocrx_word' id='word_1_22' title='bbox 1264 565 1351 635; x_wconf 93' lang='lat' dir='ltr'>ob</span> <span class='ocrx_word' id='word_1_23' title='bbox 1399 564 1632 633; x_wconf 88' lang='lat' dir='ltr'>sordes</span> <span class='ocrx_word' id='word_1_24' title='bbox 1695 564 2007 634; x_wconf 89' lang='lat' dir='ltr'>ulcerum</span> <span class='ocrx_word' id='word_1_25' title='bbox 2060 564 2569 654; x_wconf 91' lang='lat' dir='ltr'>deponendum.</span> <span class='ocrx_word' id='word_1_26' title='bbox 2624 565 2748 634; x_wconf 91' lang='lat' dir='ltr'>Ille</span> 
     </span>
     <span class='ocr_line' id='line_1_4' title="bbox 221 653 2750 743; baseline 0 -22"><span class='ocrx_word' id='word_1_27' title='bbox 221 674 381 721; x_wconf 89' lang='lat' dir='ltr'>vero</span> <span class='ocrx_word' id='word_1_28' title='bbox 431 675 693 721; x_wconf 87' lang='lat' dir='ltr'>memor</span> <span class='ocrx_word' id='word_1_29' title='bbox 740 653 1078 743; x_wconf 76' lang='lat' dir='ltr'>praecepti</span> <span class='ocrx_word' id='word_1_30' title='bbox 1129 653 1309 740; x_wconf 92' lang='lat' dir='ltr'>quod</span> <span class='ocrx_word' id='word_1_31' title='bbox 1354 666 1770 742; x_wconf 80' lang='lat' dir='ltr'>susceperat,</span> <span class='ocrx_word' id='word_1_32' title='bbox 1826 658 2242 741; x_wconf 78' lang='lat' dir='ltr'>syrenarum</span> <span class='ocrx_word' id='word_1_33' title='bbox 2292 666 2575 735; x_wconf 88' lang='lat' dir='ltr'>cantus,</span> <span class='ocrx_word' id='word_1_34' title='bbox 2631 654 2750 723; x_wconf 93' lang='lat' dir='ltr'>ob-</span> 
     </span>
     <span class='ocr_line' id='line_1_5' title="bbox 221 742 2747 831; baseline -0.001 -20"><span class='ocrx_word' id='word_1_35' title='bbox 221 743 448 811; x_wconf 73' lang='lat' dir='ltr'>turata</span> <span class='ocrx_word' id='word_1_36' title='bbox 496 763 684 820; x_wconf 89' lang='lat' dir='ltr'>aure,</span> <span class='ocrx_word' id='word_1_37' title='bbox 745 742 1172 831; x_wconf 82' lang='lat' dir='ltr'>pertransiit3</span> <span class='ocrx_word' id='word_1_38' title='bbox 1229 743 1718 830; x_wconf 83' lang='lat' dir='ltr'>ingressusque</span> <span class='ocrx_word' id='word_1_39' title='bbox 1766 742 2125 809; x_wconf 90' lang='lat' dir='ltr'>ecclesiam</span> <span class='ocrx_word' id='word_1_40' title='bbox 2159 797 2173 822; x_wconf 93' lang='lat'>,</span> <span class='ocrx_word' id='word_1_41' title='bbox 2226 756 2384 812; x_wconf 92' lang='lat' dir='ltr'>ante</span> <span class='ocrx_word' id='word_1_42' title='bbox 2433 755 2747 811; x_wconf 89' lang='lat' dir='ltr'>sanctum</span> 
     </span>
     <span class='ocr_line' id='line_1_6' title="bbox 221 829 2745 918; baseline -0.001 -18"><span class='ocrx_word' id='word_1_43' title='bbox 221 830 437 900; x_wconf 86' lang='lat' dir='ltr'>altare</span> <span class='ocrx_word' id='word_1_44' title='bbox 486 830 986 912; x_wconf 84' lang='lat' dir='ltr'>holocaustum,</span> <span class='ocrx_word' id='word_1_45' title='bbox 1024 829 1207 917; x_wconf 93' lang='lat' dir='ltr'>quod</span> <span class='ocrx_word' id='word_1_46' title='bbox 1256 830 1611 910; x_wconf 86' lang='lat' dir='ltr'>detulerat,</span> <span class='ocrx_word' id='word_1_47' title='bbox 1650 835 1781 899; x_wconf 92' lang='lat' dir='ltr'>Deo</span> <span class='ocrx_word' id='word_1_48' title='bbox 1830 853 1906 899; x_wconf 90' lang='lat' dir='ltr'>ac</span> <span class='ocrx_word' id='word_1_49' title='bbox 1957 832 2150 898; x_wconf 89' lang='lat' dir='ltr'>beato</span> <span class='ocrx_word' id='word_1_50' title='bbox 2192 835 2381 899; x_wconf 89' lang='lat' dir='ltr'>Petro</span> <span class='ocrx_word' id='word_1_51' title='bbox 2423 830 2745 918; x_wconf 81' lang='lat' dir='ltr'>resignat,</span> 
     </span>
     <span class='ocr_line' id='line_1_7' title="bbox 218 916 2746 1008; baseline -0 -21"><span class='ocrx_word' id='word_1_52' title='bbox 218 916 785 1005; x_wconf 86' lang='lat' dir='ltr'>incolumemque</span> <span class='ocrx_word' id='word_1_53' title='bbox 852 918 1134 989; x_wconf 82' lang='lat' dir='ltr'>dimisit.</span> <span class='ocrx_word' id='word_1_54' title='bbox 1193 922 1518 1008; x_wconf 87' lang='lat' dir='ltr'>Suscepto</span> <span class='ocrx_word' id='word_1_55' title='bbox 1567 931 1792 988; x_wconf 89' lang='lat' dir='ltr'>autem</span> <span class='ocrx_word' id='word_1_56' title='bbox 1846 941 1885 987; x_wconf 88' lang='lat' dir='ltr'>a</span> <span class='ocrx_word' id='word_1_57' title='bbox 1933 923 2111 1007; x_wconf 86' lang='lat' dir='ltr'>Rege</span> <span class='ocrx_word' id='word_1_58' title='bbox 2168 918 2433 987; x_wconf 87' lang='lat' dir='ltr'>itineris</span> <span class='ocrx_word' id='word_1_59' title='bbox 2479 918 2746 999; x_wconf 71' lang='lat' dir='ltr'>viatim,</span> 
     </span>
     <span class='ocr_line' id='line_1_8' title="bbox 227 1006 2538 1097; baseline -0.002 -21"><span class='ocrx_word' id='word_1_60' title='bbox 227 1019 513 1076; x_wconf 86' lang='lat' dir='ltr'>acturus</span> <span class='ocrx_word' id='word_1_61' title='bbox 561 1008 815 1097; x_wconf 88' lang='lat' dir='ltr'>gratias</span> <span class='ocrx_word' id='word_1_62' title='bbox 859 1011 987 1076; x_wconf 89' lang='lat' dir='ltr'>Deo</span> <span class='ocrx_word' id='word_1_63' title='bbox 1025 1021 1089 1077; x_wconf 86' lang='lat' dir='ltr'>et</span> <span class='ocrx_word' id='word_1_64' title='bbox 1137 1020 1370 1077; x_wconf 90' lang='lat' dir='ltr'>sancto</span> <span class='ocrx_word' id='word_1_65' title='bbox 1418 1013 1633 1087; x_wconf 88' lang='lat' dir='ltr'>Petr0,</span> <span class='ocrx_word' id='word_1_66' title='bbox 1689 1013 1972 1076; x_wconf 83' lang='lat' dir='ltr'>Romam</span> <span class='ocrx_word' id='word_1_67' title='bbox 2027 1006 2366 1096; x_wconf 80' lang='lat' dir='ltr'>profectus</span> <span class='ocrx_word' id='word_1_68' title='bbox 2413 1020 2538 1076; x_wconf 87' lang='lat' dir='ltr'>est.</span> 
     </span>
    </p>

    <p class='ocr_par' dir='ltr' id='par_1_4' title="bbox 222 1095 2756 3386">
     <span class='ocr_line' id='line_1_9' title="bbox 319 1095 2752 1182; baseline -0.002 -15"><span class='ocrx_word' id='word_1_69' title='bbox 319 1097 354 1182; x_wconf 66' lang='grc' dir='ltr'>ξ</span> <span class='ocrx_word' id='word_1_70' title='bbox 403 1099 537 1167; x_wconf 75' lang='grc'>18.</span> <span class='ocrx_word' id='word_1_71' title='bbox 594 1101 668 1164; x_wconf 92' lang='lat' dir='ltr'>In</span> <span class='ocrx_word' id='word_1_72' title='bbox 715 1096 1127 1166; x_wconf 89' lang='lat' dir='ltr'>monasterio</span> <span class='ocrx_word' id='word_1_73' title='bbox 1175 1109 1401 1165; x_wconf 88' lang='lat' dir='ltr'>autem</span> <span class='ocrx_word' id='word_1_74' title='bbox 1437 1097 1611 1165; x_wconf 89' lang='lat' dir='ltr'>beati</span> <span class='ocrx_word' id='word_1_75' title='bbox 1650 1096 1825 1165; x_wconf 90' lang='lat' dir='ltr'>Petri</span> <span class='ocrx_word' id='word_1_76' title='bbox 1859 1108 2015 1164; x_wconf 88' lang='lat' dir='ltr'>ante</span> <span class='ocrx_word' id='word_1_77' title='bbox 2053 1095 2263 1164; x_wconf 88' lang='lat' dir='ltr'>altare</span> <span class='ocrx_word' id='word_1_78' title='bbox 2302 1108 2574 1165; x_wconf 88' lang='lat' dir='ltr'>sanctae</span> <span class='ocrx_word' id='word_1_79' title='bbox 2609 1095 2752 1163; x_wconf 89' lang='lat' dir='ltr'>Tri-</span> 
     </span>
     <span class='ocr_line' id='line_1_10' title="bbox 225 1183 2750 1270; baseline 0 -19"><span class='ocrx_word' id='word_1_80' title='bbox 225 1183 486 1263; x_wconf 82' lang='lat' dir='ltr'>nitatis,</span> <span class='ocrx_word' id='word_1_81' title='bbox 521 1184 882 1254; x_wconf 84' lang='lat' dir='ltr'>Missarum</span> <span class='ocrx_word' id='word_1_82' title='bbox 913 1184 1265 1253; x_wconf 80' lang='lat' dir='ltr'>solemniis</span> <span class='ocrx_word' id='word_1_83' title='bbox 1294 1198 1574 1253; x_wconf 88' lang='lat' dir='ltr'>sanctus</span> <span class='ocrx_word' id='word_1_84' title='bbox 1610 1189 1748 1253; x_wconf 84' lang='lat' dir='ltr'>Rex</span> <span class='ocrx_word' id='word_1_85' title='bbox 1787 1185 1929 1252; x_wconf 93' lang='lat' dir='ltr'>vice</span> <span class='ocrx_word' id='word_1_86' title='bbox 1961 1183 2257 1270; x_wconf 90' lang='lat' dir='ltr'>quadam</span> <span class='ocrx_word' id='word_1_87' title='bbox 2310 1206 2468 1253; x_wconf 90' lang='lat' dir='ltr'>cum</span> <span class='ocrx_word' id='word_1_88' title='bbox 2503 1184 2750 1252; x_wconf 86' lang='lat' dir='ltr'>comite</span> 
     </span>
     <span class='ocr_line' id='line_1_11' title="bbox 223 1270 2753 1362; baseline 0 -22"><span class='ocrx_word' id='word_1_89' title='bbox 223 1270 527 1341; x_wconf 89' lang='lat' dir='ltr'>Leofrico</span> <span class='ocrx_word' id='word_1_90' title='bbox 561 1272 959 1342; x_wconf 84' lang='lat' dir='ltr'>adsistebat.</span> <span class='ocrx_word' id='word_1_91' title='bbox 997 1278 1073 1342; x_wconf 91' lang='lat' dir='ltr'>Et</span> <span class='ocrx_word' id='word_1_92' title='bbox 1098 1294 1252 1341; x_wconf 88' lang='lat' dir='ltr'>ecce</span> <span class='ocrx_word' id='word_1_93' title='bbox 1285 1273 1638 1362; x_wconf 90' lang='lat' dir='ltr'>speciosus</span> <span class='ocrx_word' id='word_1_94' title='bbox 1687 1272 1802 1340; x_wconf 92' lang='lat' dir='ltr'>ille</span> <span class='ocrx_word' id='word_1_95' title='bbox 1851 1272 2068 1341; x_wconf 85' lang='lat' dir='ltr'>forma</span> <span class='ocrx_word' id='word_1_96' title='bbox 2123 1294 2280 1361; x_wconf 90' lang='lat' dir='ltr'>prae</span> <span class='ocrx_word' id='word_1_97' title='bbox 2331 1271 2494 1341; x_wconf 89' lang='lat' dir='ltr'>filiis</span> <span class='ocrx_word' id='word_1_98' title='bbox 2527 1271 2753 1341; x_wconf 87' lang='lat' dir='ltr'>homi-</span> 
     </span>
     <span class='ocr_line' id='line_1_12' title="bbox 224 1360 2753 1447; baseline 0 -19"><span class='ocrx_word' id='word_1_99' title='bbox 224 1382 393 1429; x_wconf 90' lang='lat' dir='ltr'>num</span> <span class='ocrx_word' id='word_1_100' title='bbox 447 1361 755 1430; x_wconf 85' lang='lat' dir='ltr'>Christus</span> <span class='ocrx_word' id='word_1_101' title='bbox 801 1367 1025 1440; x_wconf 82' lang='lat' dir='ltr'>Jesus,</span> <span class='ocrx_word' id='word_1_102' title='bbox 1082 1362 1149 1429; x_wconf 93' lang='lat' dir='ltr'>in</span> <span class='ocrx_word' id='word_1_103' title='bbox 1201 1384 1317 1430; x_wconf 90' lang='lat' dir='ltr'>ara</span> <span class='ocrx_word' id='word_1_104' title='bbox 1366 1361 1786 1440; x_wconf 81' lang='lat' dir='ltr'>consistenS,</span> <span class='ocrx_word' id='word_1_105' title='bbox 1841 1360 2059 1429; x_wconf 91' lang='lat' dir='ltr'>oculis</span> <span class='ocrx_word' id='word_1_106' title='bbox 2109 1362 2470 1447; x_wconf 90' lang='lat' dir='ltr'>utriusque</span> <span class='ocrx_word' id='word_1_107' title='bbox 2520 1360 2753 1429; x_wconf 88' lang='lat' dir='ltr'>visibi-</span> 
     </span>
     <span class='ocr_line' id='line_1_13' title="bbox 222 1449 2744 1540; baseline 0 -23"><span class='ocrx_word' id='word_1_108' title='bbox 222 1449 383 1518; x_wconf 86' lang='lat' dir='ltr'>liter</span> <span class='ocrx_word' id='word_1_109' title='bbox 429 1450 808 1540; x_wconf 89' lang='lat' dir='ltr'>corporalis</span> <span class='ocrx_word' id='word_1_110' title='bbox 856 1451 1199 1539; x_wconf 87' lang='lat' dir='ltr'>apparuit,</span> <span class='ocrx_word' id='word_1_111' title='bbox 1255 1454 1583 1536; x_wconf 72' lang='lat' dir='ltr'>sacraque</span> <span class='ocrx_word' id='word_1_112' title='bbox 1617 1450 1890 1518; x_wconf 71' lang='lat' dir='ltr'>dextera</span> <span class='ocrx_word' id='word_1_113' title='bbox 1925 1471 2130 1539; x_wconf 91' lang='lat' dir='ltr'>super</span> <span class='ocrx_word' id='word_1_114' title='bbox 2162 1453 2411 1538; x_wconf 88' lang='lat' dir='ltr'>Regem</span> <span class='ocrx_word' id='word_1_115' title='bbox 2441 1452 2744 1528; x_wconf 71' lang='lat' dir='ltr'>extensa,</span> 
     </span>
     <span class='ocr_line' id='line_1_14' title="bbox 223 1537 2753 1637; baseline -0.001 -30"><span class='ocrx_word' id='word_1_116' title='bbox 223 1538 503 1637; x_wconf 89' lang='lat' dir='ltr'>signum</span> <span class='ocrx_word' id='word_1_117' title='bbox 560 1550 834 1607; x_wconf 91' lang='lat' dir='ltr'>sanctae</span> <span class='ocrx_word' id='word_1_118' title='bbox 887 1540 1115 1608; x_wconf 90' lang='lat' dir='ltr'>crucis</span> <span class='ocrx_word' id='word_1_119' title='bbox 1162 1560 1317 1608; x_wconf 92' lang='lat' dir='ltr'>eum</span> <span class='ocrx_word' id='word_1_120' title='bbox 1371 1538 1836 1608; x_wconf 92' lang='lat' dir='ltr'>benedicendo</span> <span class='ocrx_word' id='word_1_121' title='bbox 1893 1537 2220 1627; x_wconf 80' lang='lat' dir='ltr'>depinxit.</span> <span class='ocrx_word' id='word_1_122' title='bbox 2291 1543 2366 1605; x_wconf 81' lang='lat' dir='ltr'>At</span> <span class='ocrx_word' id='word_1_123' title='bbox 2414 1542 2574 1620; x_wconf 86' lang='lat' dir='ltr'>Rex,</span> <span class='ocrx_word' id='word_1_124' title='bbox 2640 1537 2753 1605; x_wconf 92' lang='lat' dir='ltr'>de-</span> 
     </span>
     <span class='ocr_line' id='line_1_15' title="bbox 223 1626 2754 1717; baseline 0 -22"><span class='ocrx_word' id='word_1_125' title='bbox 223 1647 441 1695; x_wconf 78' lang='lat' dir='ltr'>misso</span> <span class='ocrx_word' id='word_1_126' title='bbox 509 1626 753 1715; x_wconf 86' lang='lat' dir='ltr'>capite,</span> <span class='ocrx_word' id='word_1_127' title='bbox 820 1626 1091 1696; x_wconf 90' lang='lat' dir='ltr'>divinae</span> <span class='ocrx_word' id='word_1_128' title='bbox 1155 1627 1527 1717; x_wconf 74' lang='lat' dir='ltr'>maiestatis</span> <span class='ocrx_word' id='word_1_129' title='bbox 1583 1626 1911 1695; x_wconf 88' lang='lat' dir='ltr'>adorabat</span> <span class='ocrx_word' id='word_1_130' title='bbox 1975 1627 2449 1716; x_wconf 88' lang='lat' dir='ltr'>praesentiam.</span> <span class='ocrx_word' id='word_1_131' title='bbox 2520 1630 2754 1695; x_wconf 86' lang='lat' dir='ltr'>Comes</span> 
     </span>
     <span class='ocr_line' id='line_1_16' title="bbox 222 1714 2755 1805; baseline 0.001 -24"><span class='ocrx_word' id='word_1_132' title='bbox 222 1736 381 1782; x_wconf 88' lang='lat' dir='ltr'>vero</span> <span class='ocrx_word' id='word_1_133' title='bbox 421 1714 585 1800; x_wconf 90' lang='lat' dir='ltr'>quid</span> <span class='ocrx_word' id='word_1_134' title='bbox 633 1715 700 1782; x_wconf 93' lang='lat' dir='ltr'>in</span> <span class='ocrx_word' id='word_1_135' title='bbox 740 1716 971 1783; x_wconf 90' lang='lat' dir='ltr'>animo</span> <span class='ocrx_word' id='word_1_136' title='bbox 1011 1715 1213 1804; x_wconf 89' lang='lat' dir='ltr'>Regis</span> <span class='ocrx_word' id='word_1_137' title='bbox 1253 1729 1570 1805; x_wconf 85' lang='lat' dir='ltr'>ageretur</span> <span class='ocrx_word' id='word_1_138' title='bbox 1602 1715 1949 1805; x_wconf 79' lang='lat' dir='ltr'>ignoranS,</span> <span class='ocrx_word' id='word_1_139' title='bbox 1982 1715 2212 1783; x_wconf 89' lang='lat' dir='ltr'>volens</span> <span class='ocrx_word' id='word_1_140' title='bbox 2253 1719 2500 1802; x_wconf 86' lang='lat' dir='ltr'>Regem</span> <span class='ocrx_word' id='word_1_141' title='bbox 2534 1726 2755 1783; x_wconf 87' lang='lat' dir='ltr'>tantae</span> 
     </span>
     <span class='ocr_line' id='line_1_17' title="bbox 222 1802 2748 1894; baseline 0 -26"><span class='ocrx_word' id='word_1_142' title='bbox 222 1802 515 1872; x_wconf 87' lang='lat' dir='ltr'>visionis</span> <span class='ocrx_word' id='word_1_143' title='bbox 564 1825 713 1872; x_wconf 89' lang='lat' dir='ltr'>esse</span> <span class='ocrx_word' id='word_1_144' title='bbox 763 1804 1164 1894; x_wconf 89' lang='lat' dir='ltr'>participem</span> <span class='ocrx_word' id='word_1_145' title='bbox 1215 1805 1437 1893; x_wconf 88' lang='lat' dir='ltr'>coepit</span> <span class='ocrx_word' id='word_1_146' title='bbox 1480 1802 1650 1871; x_wconf 87' lang='lat' dir='ltr'>velle</span> <span class='ocrx_word' id='word_1_147' title='bbox 1699 1804 1780 1871; x_wconf 90' lang='lat' dir='ltr'>ad</span> <span class='ocrx_word' id='word_1_148' title='bbox 1820 1804 2046 1891; x_wconf 89' lang='lat' dir='ltr'>ipsum</span> <span class='ocrx_word' id='word_1_149' title='bbox 2093 1824 2310 1889; x_wconf 92' lang='lat' dir='ltr'>usque</span> <span class='ocrx_word' id='word_1_150' title='bbox 2366 1802 2748 1891; x_wconf 86' lang='lat' dir='ltr'>procedere.</span> 
     </span>
     <span class='ocr_line' id='line_1_18' title="bbox 225 1891 2749 1981; baseline 0 -23"><span class='ocrx_word' id='word_1_151' title='bbox 225 1896 475 1959; x_wconf 84' lang='lat' dir='ltr'>Verum</span> <span class='ocrx_word' id='word_1_152' title='bbox 530 1896 666 1960; x_wconf 81' lang='lat' dir='ltr'>Rex</span> <span class='ocrx_word' id='word_1_153' title='bbox 713 1891 880 1977; x_wconf 90' lang='lat' dir='ltr'>quid</span> <span class='ocrx_word' id='word_1_154' title='bbox 931 1893 1001 1960; x_wconf 91' lang='lat' dir='ltr'>in</span> <span class='ocrx_word' id='word_1_155' title='bbox 1053 1904 1277 1960; x_wconf 91' lang='lat' dir='ltr'>mente</span> <span class='ocrx_word' id='word_1_156' title='bbox 1324 1892 1595 1961; x_wconf 88' lang='lat' dir='ltr'>comitis</span> <span class='ocrx_word' id='word_1_157' title='bbox 1636 1891 2050 1972; x_wconf 87' lang='lat' dir='ltr'>volvebatur,</span> <span class='ocrx_word' id='word_1_158' title='bbox 2092 1891 2514 1981; x_wconf 87' lang='lat' dir='ltr'>intelligens:</span> <span class='ocrx_word' id='word_1_159' title='bbox 2554 1918 2576 1949; x_wconf 63' lang='lat' dir='ltr'><em>a</em></span> <span class='ocrx_word' id='word_1_160' title='bbox 2614 1897 2749 1973; x_wconf 89' lang='lat' dir='ltr'>Sta,</span> 
     </span>
     <span class='ocr_line' id='line_1_19' title="bbox 231 1979 2753 2068; baseline 0 -22"><span class='ocrx_word' id='word_1_161' title='bbox 231 1979 486 2065; x_wconf 88' lang='lat' dir='ltr'>inquit,</span> <span class='ocrx_word' id='word_1_162' title='bbox 546 1980 865 2061; x_wconf 85' lang='lat' dir='ltr'>Leofrice,</span> <span class='ocrx_word' id='word_1_163' title='bbox 920 1993 1058 2061; x_wconf 83' lang='lat' dir='ltr'>sta3</span> <span class='ocrx_word' id='word_1_164' title='bbox 1124 1980 1304 2067; x_wconf 91' lang='lat' dir='ltr'>quod</span> <span class='ocrx_word' id='word_1_165' title='bbox 1368 1981 1593 2061; x_wconf 88' lang='lat' dir='ltr'>vides,</span> <span class='ocrx_word' id='word_1_166' title='bbox 1667 1980 1859 2048; x_wconf 89' lang='lat' dir='ltr'>video</span> <span class='ocrx_word' id='word_1_167' title='bbox 1906 1992 1969 2048; x_wconf 91' lang='lat' dir='ltr'>et</span> <span class='ocrx_word' id='word_1_168' title='bbox 2016 2002 2162 2068; x_wconf 91' lang='lat' dir='ltr'>ego.</span> <span class='ocrx_word' id='word_1_169' title='bbox 2204 2004 2239 2045; x_wconf 87' lang='lat'>»</span> <span class='ocrx_word' id='word_1_170' title='bbox 2279 1985 2432 2049; x_wconf 90' lang='lat' dir='ltr'>Post</span> <span class='ocrx_word' id='word_1_171' title='bbox 2480 1980 2753 2048; x_wconf 85' lang='lat' dir='ltr'>Missam</span> 
     </span>
     <span class='ocr_line' id='line_1_20' title="bbox 226 2068 2753 2157; baseline 0 -23"><span class='ocrx_word' id='word_1_172' title='bbox 226 2089 388 2135; x_wconf 89' lang='lat' dir='ltr'>vero</span> <span class='ocrx_word' id='word_1_173' title='bbox 439 2068 606 2136; x_wconf 86' lang='lat' dir='ltr'>dixit</span> <span class='ocrx_word' id='word_1_174' title='bbox 652 2074 789 2138; x_wconf 79' lang='lat' dir='ltr'>Rex</span> <span class='ocrx_word' id='word_1_175' title='bbox 838 2068 921 2137; x_wconf 91' lang='lat' dir='ltr'>ad</span> <span class='ocrx_word' id='word_1_176' title='bbox 958 2070 1311 2138; x_wconf 84' lang='lat' dir='ltr'>comitem:</span> <span class='ocrx_word' id='word_1_177' title='bbox 1356 2073 1543 2138; x_wconf 87' lang='lat' dir='ltr'>«Per</span> <span class='ocrx_word' id='word_1_178' title='bbox 1590 2069 1763 2157; x_wconf 90' lang='lat' dir='ltr'>ejus,</span> <span class='ocrx_word' id='word_1_179' title='bbox 1808 2090 2010 2154; x_wconf 91' lang='lat' dir='ltr'>quem</span> <span class='ocrx_word' id='word_1_180' title='bbox 2064 2068 2385 2149; x_wconf 76' lang='lat' dir='ltr'>vidimu3‚</span> <span class='ocrx_word' id='word_1_181' title='bbox 2441 2068 2753 2157; x_wconf 87' lang='lat' dir='ltr'>majesta-</span> 
     </span>
     <span class='ocr_line' id='line_1_21' title="bbox 231 2156 2754 2242; baseline 0.001 -19"><span class='ocrx_word' id='word_1_182' title='bbox 231 2167 393 2234; x_wconf 86' lang='lat' dir='ltr'>tem,</span> <span class='ocrx_word' id='word_1_183' title='bbox 444 2156 537 2223; x_wconf 92' lang='lat' dir='ltr'>mi</span> <span class='ocrx_word' id='word_1_184' title='bbox 589 2156 907 2238; x_wconf 86' lang='lat' dir='ltr'>Leofrice,</span> <span class='ocrx_word' id='word_1_185' title='bbox 963 2171 1023 2226; x_wconf 93' lang='lat' dir='ltr'>te</span> <span class='ocrx_word' id='word_1_186' title='bbox 1069 2157 1386 2238; x_wconf 86' lang='lat' dir='ltr'>obtestor,</span> <span class='ocrx_word' id='word_1_187' title='bbox 1443 2179 1549 2236; x_wconf 91' lang='lat' dir='ltr'>ne,</span> <span class='ocrx_word' id='word_1_188' title='bbox 1589 2157 2038 2242; x_wconf 88' lang='lat' dir='ltr'>quoadusque</span> <span class='ocrx_word' id='word_1_189' title='bbox 2085 2157 2476 2237; x_wconf 76' lang='lat' dir='ltr'>vixerimu8‚</span> <span class='ocrx_word' id='word_1_190' title='bbox 2531 2177 2754 2225; x_wconf 86' lang='lat' dir='ltr'>sermo</span> 
     </span>
     <span class='ocr_line' id='line_1_22' title="bbox 231 2243 2750 2334; baseline -0 -23"><span class='ocrx_word' id='word_1_191' title='bbox 231 2244 359 2312; x_wconf 90' lang='lat' dir='ltr'>iste</span> <span class='ocrx_word' id='word_1_192' title='bbox 409 2243 791 2332; x_wconf 89' lang='lat' dir='ltr'>proferatur</span> <span class='ocrx_word' id='word_1_193' title='bbox 838 2246 904 2313; x_wconf 91' lang='lat' dir='ltr'>in</span> <span class='ocrx_word' id='word_1_194' title='bbox 961 2246 1363 2334; x_wconf 88' lang='lat' dir='ltr'>publicum,</span> <span class='ocrx_word' id='word_1_195' title='bbox 1422 2268 1504 2314; x_wconf 91' lang='lat' dir='ltr'>ne</span> <span class='ocrx_word' id='word_1_196' title='bbox 1570 2244 1667 2313; x_wconf 91' lang='lat' dir='ltr'>vel</span> <span class='ocrx_word' id='word_1_197' title='bbox 1732 2267 1855 2313; x_wconf 89' lang='lat' dir='ltr'>nos</span> <span class='ocrx_word' id='word_1_198' title='bbox 1906 2245 1971 2312; x_wconf 92' lang='lat' dir='ltr'>in</span> <span class='ocrx_word' id='word_1_199' title='bbox 2028 2245 2395 2334; x_wconf 89' lang='lat' dir='ltr'>perniciem</span> <span class='ocrx_word' id='word_1_200' title='bbox 2450 2256 2750 2314; x_wconf 90' lang='lat' dir='ltr'>nostram</span> 
     </span>
     <span class='ocr_line' id='line_1_23' title="bbox 227 2331 2754 2423; baseline -0 -22"><span class='ocrx_word' id='word_1_201' title='bbox 227 2332 318 2401; x_wconf 92' lang='lat' dir='ltr'>ob</span> <span class='ocrx_word' id='word_1_202' title='bbox 367 2332 662 2401; x_wconf 86' lang='lat' dir='ltr'>favorem</span> <span class='ocrx_word' id='word_1_203' title='bbox 715 2333 903 2423; x_wconf 89' lang='lat' dir='ltr'>vulgi</span> <span class='ocrx_word' id='word_1_204' title='bbox 956 2335 1179 2422; x_wconf 88' lang='lat' dir='ltr'>pulset</span> <span class='ocrx_word' id='word_1_205' title='bbox 1225 2332 1425 2402; x_wconf 88' lang='lat' dir='ltr'>elatio</span> <span class='ocrx_word' id='word_1_206' title='bbox 1459 2388 1474 2415; x_wconf 94' lang='lat'>,</span> <span class='ocrx_word' id='word_1_207' title='bbox 1530 2331 1628 2401; x_wconf 90' lang='lat' dir='ltr'>vel</span> <span class='ocrx_word' id='word_1_208' title='bbox 1682 2332 1882 2401; x_wconf 83' lang='lat' dir='ltr'>fidem</span> <span class='ocrx_word' id='word_1_209' title='bbox 1934 2333 2208 2422; x_wconf 80' lang='lat' dir='ltr'>deroget</span> <span class='ocrx_word' id='word_1_210' title='bbox 2257 2333 2459 2402; x_wconf 86' lang='lat' dir='ltr'>dictis</span> <span class='ocrx_word' id='word_1_211' title='bbox 2506 2333 2754 2401; x_wconf 87' lang='lat' dir='ltr'>infide-</span> 
     </span>
     <span class='ocr_line' id='line_1_24' title="bbox 232 2420 2755 2511; baseline -0 -22"><span class='ocrx_word' id='word_1_212' title='bbox 232 2420 403 2489; x_wconf 90' lang='lat' dir='ltr'>lium</span> <span class='ocrx_word' id='word_1_213' title='bbox 443 2420 884 2490; x_wconf 82' lang='lat' dir='ltr'>aemulatio.»</span> <span class='ocrx_word' id='word_1_214' title='bbox 913 2424 1053 2492; x_wconf 90' lang='lat' dir='ltr'>Sub</span> <span class='ocrx_word' id='word_1_215' title='bbox 1094 2422 1409 2491; x_wconf 88' lang='lat' dir='ltr'>faucibus</span> <span class='ocrx_word' id='word_1_216' title='bbox 1455 2434 1683 2490; x_wconf 89' lang='lat' dir='ltr'>autem</span> <span class='ocrx_word' id='word_1_217' title='bbox 1735 2422 1935 2508; x_wconf 89' lang='lat' dir='ltr'>quasi</span> <span class='ocrx_word' id='word_1_218' title='bbox 1983 2421 2267 2511; x_wconf 89' lang='lat' dir='ltr'>glandes</span> <span class='ocrx_word' id='word_1_219' title='bbox 2305 2421 2574 2489; x_wconf 86' lang='lat' dir='ltr'>mulieri</span> <span class='ocrx_word' id='word_1_220' title='bbox 2608 2420 2755 2490; x_wconf 89' lang='lat' dir='ltr'>cui-</span> 
     </span>
     <span class='ocr_line' id='line_1_25' title="bbox 228 2510 2749 2597; baseline 0.001 -21"><span class='ocrx_word' id='word_1_221' title='bbox 228 2510 389 2578; x_wconf 89' lang='lat' dir='ltr'>dam</span> <span class='ocrx_word' id='word_1_222' title='bbox 444 2525 943 2590; x_wconf 87' lang='lat' dir='ltr'>succreverant,</span> <span class='ocrx_word' id='word_1_223' title='bbox 996 2533 1170 2597; x_wconf 89' lang='lat' dir='ltr'>quae</span> <span class='ocrx_word' id='word_1_224' title='bbox 1207 2523 1409 2579; x_wconf 90' lang='lat' dir='ltr'>totam</span> <span class='ocrx_word' id='word_1_225' title='bbox 1461 2511 1702 2580; x_wconf 86' lang='lat' dir='ltr'>faciem</span> <span class='ocrx_word' id='word_1_226' title='bbox 1747 2511 2034 2579; x_wconf 83' lang='lat' dir='ltr'>deformi</span> <span class='ocrx_word' id='word_1_227' title='bbox 2085 2523 2350 2579; x_wconf 87' lang='lat' dir='ltr'>tumore</span> <span class='ocrx_word' id='word_1_228' title='bbox 2379 2510 2749 2590; x_wconf 76' lang='lat' dir='ltr'>foedanteS‚</span> 
     </span>
     <span class='ocr_line' id='line_1_26' title="bbox 231 2599 2750 2688; baseline -0 -22"><span class='ocrx_word' id='word_1_229' title='bbox 231 2599 634 2686; x_wconf 83' lang='lat' dir='ltr'>putrefactis</span> <span class='ocrx_word' id='word_1_230' title='bbox 683 2599 813 2667; x_wconf 87' lang='lat' dir='ltr'>sub</span> <span class='ocrx_word' id='word_1_231' title='bbox 861 2611 1013 2668; x_wconf 88' lang='lat' dir='ltr'>cute</span> <span class='ocrx_word' id='word_1_232' title='bbox 1064 2599 1494 2679; x_wconf 84' lang='lat' dir='ltr'>humoribuS,</span> <span class='ocrx_word' id='word_1_233' title='bbox 1542 2600 1950 2688; x_wconf 84' lang='lat' dir='ltr'>sanguinem</span> <span class='ocrx_word' id='word_1_234' title='bbox 1988 2599 2055 2666; x_wconf 92' lang='lat' dir='ltr'>in</span> <span class='ocrx_word' id='word_1_235' title='bbox 2093 2600 2352 2667; x_wconf 90' lang='lat' dir='ltr'>saniem</span> <span class='ocrx_word' id='word_1_236' title='bbox 2394 2610 2750 2667; x_wconf 89' lang='lat' dir='ltr'>verterant.</span> 
     </span>
     <span class='ocr_line' id='line_1_27' title="bbox 232 2685 2753 2766; baseline -0.001 -10"><span class='ocrx_word' id='word_1_237' title='bbox 232 2687 400 2756; x_wconf 91' lang='lat' dir='ltr'>Inde</span> <span class='ocrx_word' id='word_1_238' title='bbox 452 2687 590 2755; x_wconf 85' lang='lat' dir='ltr'>nati</span> <span class='ocrx_word' id='word_1_239' title='bbox 640 2709 925 2766; x_wconf 81' lang='lat' dir='ltr'>vermeS,</span> <span class='ocrx_word' id='word_1_240' title='bbox 967 2687 1240 2757; x_wconf 93' lang='lat' dir='ltr'>odorem</span> <span class='ocrx_word' id='word_1_241' title='bbox 1296 2689 1716 2757; x_wconf 90' lang='lat' dir='ltr'>teterrimum</span> <span class='ocrx_word' id='word_1_242' title='bbox 1753 2687 2132 2756; x_wconf 87' lang='lat' dir='ltr'>exalabant.</span> <span class='ocrx_word' id='word_1_243' title='bbox 2162 2687 2447 2755; x_wconf 85' lang='lat' dir='ltr'>Jubetur</span> <span class='ocrx_word' id='word_1_244' title='bbox 2480 2685 2753 2755; x_wconf 88' lang='lat' dir='ltr'>tandem</span> 
     </span>
     <span class='ocr_line' id='line_1_28' title="bbox 230 2775 2756 2866; baseline -0.001 -22"><span class='ocrx_word' id='word_1_245' title='bbox 230 2776 300 2844; x_wconf 92' lang='lat' dir='ltr'>in</span> <span class='ocrx_word' id='word_1_246' title='bbox 355 2775 618 2844; x_wconf 90' lang='lat' dir='ltr'>somnis</span> <span class='ocrx_word' id='word_1_247' title='bbox 666 2775 855 2844; x_wconf 86' lang='lat' dir='ltr'>adire</span> <span class='ocrx_word' id='word_1_248' title='bbox 952 2776 1282 2854; x_wconf 89' lang='lat' dir='ltr'>alatium,</span> <span class='ocrx_word' id='word_1_249' title='bbox 1338 2788 1401 2845; x_wconf 90' lang='lat' dir='ltr'>et</span> <span class='ocrx_word' id='word_1_250' title='bbox 1447 2798 1526 2844; x_wconf 84' lang='lat' dir='ltr'>ex</span> <span class='ocrx_word' id='word_1_251' title='bbox 1574 2775 1779 2866; x_wconf 91' lang='lat' dir='ltr'>Regis</span> <span class='ocrx_word' id='word_1_252' title='bbox 1831 2775 2152 2844; x_wconf 89' lang='lat' dir='ltr'>manibus</span> <span class='ocrx_word' id='word_1_253' title='bbox 2213 2796 2484 2863; x_wconf 89' lang='lat' dir='ltr'>sperare</span> <span class='ocrx_word' id='word_1_254' title='bbox 2542 2795 2756 2841; x_wconf 90' lang='lat' dir='ltr'>reme-</span> 
     </span>
     <span class='ocr_line' id='line_1_29' title="bbox 228 2798 2756 2954; baseline -0.001 -23"><span class='ocrx_word' id='word_1_255' title='bbox 228 2863 461 2932; x_wconf 88' lang='lat' dir='ltr'>dium:</span> <span class='ocrx_word' id='word_1_256' title='bbox 516 2864 772 2949; x_wconf 92' lang='lat' dir='ltr'>quibus</span> <span class='ocrx_word' id='word_1_257' title='bbox 822 2865 877 2932; x_wconf 89' lang='lat' dir='ltr'>si</span> <span class='ocrx_word' id='word_1_258' title='bbox 906 2798 1070 2944; x_wconf 66' lang='lat' dir='ltr'>lota,</span> <span class='ocrx_word' id='word_1_259' title='bbox 1127 2864 1186 2933; x_wconf 90' lang='lat' dir='ltr'>si</span> <span class='ocrx_word' id='word_1_260' title='bbox 1234 2876 1431 2946; x_wconf 88' lang='lat' dir='ltr'>tacta,</span> <span class='ocrx_word' id='word_1_261' title='bbox 1487 2864 1543 2934; x_wconf 90' lang='lat' dir='ltr'>si</span> <span class='ocrx_word' id='word_1_262' title='bbox 1592 2866 1858 2954; x_wconf 89' lang='lat' dir='ltr'>signata</span> <span class='ocrx_word' id='word_1_263' title='bbox 1907 2863 2098 2944; x_wconf 87' lang='lat' dir='ltr'>foret,</span> <span class='ocrx_word' id='word_1_264' title='bbox 2154 2863 2415 2932; x_wconf 87' lang='lat' dir='ltr'>meritis</span> <span class='ocrx_word' id='word_1_265' title='bbox 2446 2862 2598 2949; x_wconf 89' lang='lat' dir='ltr'>ejus</span> <span class='ocrx_word' id='word_1_266' title='bbox 2650 2882 2756 2929; x_wconf 89' lang='lat' dir='ltr'>re-</span> 
     </span>
     <span class='ocr_line' id='line_1_30' title="bbox 225 2949 2749 3041; baseline -0.001 -21"><span class='ocrx_word' id='word_1_267' title='bbox 225 2952 485 3040; x_wconf 90' lang='lat' dir='ltr'>ciperet</span> <span class='ocrx_word' id='word_1_268' title='bbox 524 2954 910 3021; x_wconf 89' lang='lat' dir='ltr'>sanitatem.</span> <span class='ocrx_word' id='word_1_269' title='bbox 954 2957 1118 3022; x_wconf 88' lang='lat' dir='ltr'>Cum</span> <span class='ocrx_word' id='word_1_270' title='bbox 1178 2965 1401 3021; x_wconf 87' lang='lat' dir='ltr'>autem</span> <span class='ocrx_word' id='word_1_271' title='bbox 1453 2953 1750 3023; x_wconf 91' lang='lat' dir='ltr'>venisset</span> <span class='ocrx_word' id='word_1_272' title='bbox 1814 2951 1897 3020; x_wconf 91' lang='lat' dir='ltr'>ad</span> <span class='ocrx_word' id='word_1_273' title='bbox 1951 2957 2224 3041; x_wconf 84' lang='lat' dir='ltr'>Regem,</span> <span class='ocrx_word' id='word_1_274' title='bbox 2280 2964 2344 3019; x_wconf 91' lang='lat' dir='ltr'>et</span> <span class='ocrx_word' id='word_1_275' title='bbox 2390 2949 2749 3018; x_wconf 90' lang='lat' dir='ltr'>oraculum</span> 
     </span>
     <span class='ocr_line' id='line_1_31' title="bbox 226 3036 2753 3128; baseline -0 -22"><span class='ocrx_word' id='word_1_276' title='bbox 226 3041 696 3128; x_wconf 82' lang='lat' dir='ltr'>exposuisset,</span> <span class='ocrx_word' id='word_1_277' title='bbox 751 3040 866 3110; x_wconf 91' lang='lat' dir='ltr'>ille</span> <span class='ocrx_word' id='word_1_278' title='bbox 914 3063 1037 3110; x_wconf 89' lang='lat' dir='ltr'>nec</span> <span class='ocrx_word' id='word_1_279' title='bbox 1086 3040 1320 3109; x_wconf 91' lang='lat' dir='ltr'>sordes</span> <span class='ocrx_word' id='word_1_280' title='bbox 1376 3041 1573 3122; x_wconf 86' lang='lat' dir='ltr'>cavit,</span> <span class='ocrx_word' id='word_1_281' title='bbox 1645 3063 1768 3109; x_wconf 92' lang='lat' dir='ltr'>nec</span> <span class='ocrx_word' id='word_1_282' title='bbox 1824 3039 2141 3109; x_wconf 85' lang='lat' dir='ltr'>foetorem</span> <span class='ocrx_word' id='word_1_283' title='bbox 2193 3038 2574 3117; x_wconf 80' lang='lat' dir='ltr'>exhorruit;</span> <span class='ocrx_word' id='word_1_284' title='bbox 2637 3036 2753 3105; x_wconf 91' lang='lat' dir='ltr'>sed</span> 
     </span>
     <span class='ocr_line' id='line_1_32' title="bbox 227 3127 2754 3217; baseline -0.001 -21"><span class='ocrx_word' id='word_1_285' title='bbox 227 3128 376 3197; x_wconf 89' lang='lat' dir='ltr'>loca</span> <span class='ocrx_word' id='word_1_286' title='bbox 427 3129 764 3198; x_wconf 88' lang='lat' dir='ltr'>tumentia</span> <span class='ocrx_word' id='word_1_287' title='bbox 820 3129 1144 3198; x_wconf 90' lang='lat' dir='ltr'>manibus</span> <span class='ocrx_word' id='word_1_288' title='bbox 1177 3141 1628 3209; x_wconf 79' lang='lat' dir='ltr'>contrectanS,</span> <span class='ocrx_word' id='word_1_289' title='bbox 1666 3142 1730 3197; x_wconf 90' lang='lat' dir='ltr'>et</span> <span class='ocrx_word' id='word_1_290' title='bbox 1762 3150 1940 3214; x_wconf 90' lang='lat' dir='ltr'>aqua</span> <span class='ocrx_word' id='word_1_291' title='bbox 1983 3127 2240 3207; x_wconf 87' lang='lat' dir='ltr'>lavans,</span> <span class='ocrx_word' id='word_1_292' title='bbox 2281 3128 2557 3217; x_wconf 89' lang='lat' dir='ltr'>signum</span> <span class='ocrx_word' id='word_1_293' title='bbox 2595 3148 2754 3194; x_wconf 89' lang='lat' dir='ltr'>san-</span> 
     </span>
     <span class='ocr_line' id='line_1_33' title="bbox 225 3216 2751 3305; baseline -0.001 -20"><span class='ocrx_word' id='word_1_294' title='bbox 225 3229 373 3286; x_wconf 88' lang='lat' dir='ltr'>ctae</span> <span class='ocrx_word' id='word_1_295' title='bbox 423 3217 655 3285; x_wconf 87' lang='lat' dir='ltr'>Crucis</span> <span class='ocrx_word' id='word_1_296' title='bbox 705 3218 794 3284; x_wconf 90' lang='lat' dir='ltr'>im</span> <span class='ocrx_word' id='word_1_297' title='bbox 855 3219 1073 3287; x_wconf 90' lang='lat' dir='ltr'>ressit.</span> <span class='ocrx_word' id='word_1_298' title='bbox 1122 3222 1196 3287; x_wconf 91' lang='lat' dir='ltr'>Et</span> <span class='ocrx_word' id='word_1_299' title='bbox 1245 3217 1494 3297; x_wconf 87' lang='lat' dir='ltr'>subit0,</span> <span class='ocrx_word' id='word_1_300' title='bbox 1551 3221 1753 3305; x_wconf 72' lang='lat' dir='ltr'>rupta</span> <span class='ocrx_word' id='word_1_301' title='bbox 1806 3227 1961 3285; x_wconf 90' lang='lat' dir='ltr'>cute</span> <span class='ocrx_word' id='word_1_302' title='bbox 1991 3270 2006 3296; x_wconf 99' lang='lat'>,</span> <span class='ocrx_word' id='word_1_303' title='bbox 2052 3237 2210 3285; x_wconf 91' lang='lat' dir='ltr'>cum</span> <span class='ocrx_word' id='word_1_304' title='bbox 2262 3216 2455 3285; x_wconf 88' lang='lat' dir='ltr'>sanie</span> <span class='ocrx_word' id='word_1_305' title='bbox 2492 3235 2751 3283; x_wconf 89' lang='lat' dir='ltr'>vermes</span> 
     </span>
     <span class='ocr_line' id='line_1_34' title="bbox 224 3304 2133 3386; baseline -0.002 -12"><span class='ocrx_word' id='word_1_306' title='bbox 224 3304 595 3385; x_wconf 90' lang='lat' dir='ltr'>ebulliunt,</span> <span class='ocrx_word' id='word_1_307' title='bbox 637 3327 783 3374; x_wconf 90' lang='lat' dir='ltr'>rece</span> <span class='ocrx_word' id='word_1_308' title='bbox 839 3305 888 3375; x_wconf 91' lang='lat' dir='ltr'>it</span> <span class='ocrx_word' id='word_1_309' title='bbox 921 3319 1169 3386; x_wconf 91' lang='lat' dir='ltr'>tumor,</span> <span class='ocrx_word' id='word_1_310' title='bbox 1198 3320 1263 3375; x_wconf 92' lang='lat' dir='ltr'>et</span> <span class='ocrx_word' id='word_1_311' title='bbox 1296 3305 1490 3375; x_wconf 93' lang='lat' dir='ltr'>dolor</span> <span class='ocrx_word' id='word_1_312' title='bbox 1523 3305 1750 3374; x_wconf 87' lang='lat' dir='ltr'>omnis</span> <span class='ocrx_word' id='word_1_313' title='bbox 1782 3304 2133 3374; x_wconf 88' lang='lat' dir='ltr'>abscessit.</span> 
     </span>
    </p>

    <p class='ocr_par' dir='ltr' id='par_1_5' title="bbox 222 3390 2757 4545">
     <span class='ocr_line' id='line_1_35' title="bbox 316 3390 2751 3481; baseline -0.003 -16"><span class='ocrx_word' id='word_1_314' title='bbox 316 3399 354 3473; x_wconf 69' lang='grc' dir='ltr'><strong>ἓ</strong></span> <span class='ocrx_word' id='word_1_315' title='bbox 402 3397 552 3465; x_wconf 72' lang='grc'>19.</span> <span class='ocrx_word' id='word_1_316' title='bbox 607 3397 859 3463; x_wconf 87' lang='lat' dir='ltr'>Caecus</span> <span class='ocrx_word' id='word_1_317' title='bbox 904 3393 1188 3481; x_wconf 88' lang='lat' dir='ltr'>quidam</span> <span class='ocrx_word' id='word_1_318' title='bbox 1239 3393 1522 3463; x_wconf 91' lang='lat' dir='ltr'>docetur</span> <span class='ocrx_word' id='word_1_319' title='bbox 1559 3391 1862 3473; x_wconf 81' lang='lat' dir='ltr'>oracuIO,</span> <span class='ocrx_word' id='word_1_320' title='bbox 1897 3392 2126 3462; x_wconf 90' lang='lat' dir='ltr'>lumen</span> <span class='ocrx_word' id='word_1_321' title='bbox 2161 3392 2493 3460; x_wconf 89' lang='lat' dir='ltr'>amissum</span> <span class='ocrx_word' id='word_1_322' title='bbox 2529 3390 2751 3460; x_wconf 88' lang='lat' dir='ltr'>sancti</span> 
     </span>
     <span class='ocr_line' id='line_1_36' title="bbox 226 3479 2749 3571; baseline -0.001 -21"><span class='ocrx_word' id='word_1_323' title='bbox 226 3481 437 3570; x_wconf 87' lang='lat' dir='ltr'>Regis</span> <span class='ocrx_word' id='word_1_324' title='bbox 487 3482 748 3551; x_wconf 90' lang='lat' dir='ltr'>meritis</span> <span class='ocrx_word' id='word_1_325' title='bbox 796 3504 866 3551; x_wconf 89' lang='lat' dir='ltr'>se</span> <span class='ocrx_word' id='word_1_326' title='bbox 927 3483 1337 3571; x_wconf 89' lang='lat' dir='ltr'>adepturum</span> <span class='ocrx_word' id='word_1_327' title='bbox 1371 3536 1386 3562; x_wconf 93' lang='lat'>,</span> <span class='ocrx_word' id='word_1_328' title='bbox 1441 3482 1493 3551; x_wconf 93' lang='lat' dir='ltr'>si</span> <span class='ocrx_word' id='word_1_329' title='bbox 1550 3480 1859 3571; x_wconf 84' lang='lat' dir='ltr'>lympha,</span> <span class='ocrx_word' id='word_1_330' title='bbox 1925 3485 2062 3567; x_wconf 68' lang='lat' dir='ltr'>qua</span> <span class='ocrx_word' id='word_1_331' title='bbox 2124 3502 2373 3549; x_wconf 90' lang='lat' dir='ltr'>manus</span> <span class='ocrx_word' id='word_1_332' title='bbox 2422 3479 2749 3559; x_wconf 88' lang='lat' dir='ltr'>ablueret,</span> 
     </span>
     <span class='ocr_line' id='line_1_37' title="bbox 223 3569 2752 3659; baseline -0.001 -21"><span class='ocrx_word' id='word_1_333' title='bbox 223 3570 377 3659; x_wconf 91' lang='lat' dir='ltr'>ipse</span> <span class='ocrx_word' id='word_1_334' title='bbox 424 3569 665 3639; x_wconf 86' lang='lat' dir='ltr'>faciem</span> <span class='ocrx_word' id='word_1_335' title='bbox 721 3570 1153 3657; x_wconf 87' lang='lat' dir='ltr'>perfudisset.</span> <span class='ocrx_word' id='word_1_336' title='bbox 1193 3575 1498 3657; x_wconf 90' lang='lat' dir='ltr'>Cumque</span> <span class='ocrx_word' id='word_1_337' title='bbox 1549 3570 1617 3638; x_wconf 92' lang='lat' dir='ltr'>id</span> <span class='ocrx_word' id='word_1_338' title='bbox 1666 3569 2116 3638; x_wconf 77' lang='lat' dir='ltr'>cubiculario,</span> <span class='ocrx_word' id='word_1_339' title='bbox 2171 3583 2234 3638; x_wconf 92' lang='lat' dir='ltr'>et</span> <span class='ocrx_word' id='word_1_340' title='bbox 2275 3569 2389 3637; x_wconf 93' lang='lat' dir='ltr'>ille</span> <span class='ocrx_word' id='word_1_341' title='bbox 2429 3569 2596 3657; x_wconf 87' lang='lat' dir='ltr'>Regi</span> <span class='ocrx_word' id='word_1_342' title='bbox 2646 3589 2752 3636; x_wconf 91' lang='lat' dir='ltr'>re-</span> 
     </span>
     <span class='ocr_line' id='line_1_38' title="bbox 225 3657 2755 3748; baseline 0 -23"><span class='ocrx_word' id='word_1_343' title='bbox 225 3658 516 3738; x_wconf 84' lang='lat' dir='ltr'>tulisset,</span> <span class='ocrx_word' id='word_1_344' title='bbox 571 3658 927 3748; x_wconf 89' lang='lat' dir='ltr'>obstupuit</span> <span class='ocrx_word' id='word_1_345' title='bbox 983 3659 1097 3728; x_wconf 90' lang='lat' dir='ltr'>ille</span> <span class='ocrx_word' id='word_1_346' title='bbox 1150 3659 1527 3746; x_wconf 90' lang='lat' dir='ltr'>plurimum</span> <span class='ocrx_word' id='word_1_347' title='bbox 1577 3657 2022 3748; x_wconf 84' lang='lat' dir='ltr'>indignatus:</span> <span class='ocrx_word' id='word_1_348' title='bbox 2087 3657 2372 3727; x_wconf 84' lang='lat' dir='ltr'>illusum</span> <span class='ocrx_word' id='word_1_349' title='bbox 2426 3657 2755 3746; x_wconf 88' lang='lat' dir='ltr'>phantas-</span> 
     </span>
     <span class='ocr_line' id='line_1_39' title="bbox 230 3745 2752 3837; baseline 0 -23"><span class='ocrx_word' id='word_1_350' title='bbox 230 3747 534 3816; x_wconf 90' lang='lat' dir='ltr'>matibus</span> <span class='ocrx_word' id='word_1_351' title='bbox 592 3745 967 3827; x_wconf 89' lang='lat' dir='ltr'>hominem,</span> <span class='ocrx_word' id='word_1_352' title='bbox 1025 3746 1199 3816; x_wconf 88' lang='lat' dir='ltr'>nihil</span> <span class='ocrx_word' id='word_1_353' title='bbox 1258 3747 1390 3816; x_wconf 89' lang='lat' dir='ltr'>tale</span> <span class='ocrx_word' id='word_1_354' title='bbox 1443 3747 1529 3816; x_wconf 90' lang='lat' dir='ltr'>de</span> <span class='ocrx_word' id='word_1_355' title='bbox 1580 3759 1928 3837; x_wconf 88' lang='lat' dir='ltr'>peccatore</span> <span class='ocrx_word' id='word_1_356' title='bbox 1984 3745 2428 3835; x_wconf 89' lang='lat' dir='ltr'>sperandum,</span> <span class='ocrx_word' id='word_1_357' title='bbox 2470 3749 2752 3834; x_wconf 81' lang='lat' dir='ltr'>Aposto-</span> 
     </span>
     <span class='ocr_line' id='line_1_40' title="bbox 228 3833 2746 3917; baseline -0.001 -16"><span class='ocrx_word' id='word_1_358' title='bbox 228 3833 401 3903; x_wconf 90' lang='lat' dir='ltr'>licae</span> <span class='ocrx_word' id='word_1_359' title='bbox 449 3835 515 3903; x_wconf 94' lang='lat' dir='ltr'>id</span> <span class='ocrx_word' id='word_1_360' title='bbox 569 3856 716 3903; x_wconf 87' lang='lat' dir='ltr'>esse</span> <span class='ocrx_word' id='word_1_361' title='bbox 769 3836 1079 3917; x_wconf 89' lang='lat' dir='ltr'>virtutis,</span> <span class='ocrx_word' id='word_1_362' title='bbox 1140 3857 1259 3904; x_wconf 88' lang='lat' dir='ltr'>nec</span> <span class='ocrx_word' id='word_1_363' title='bbox 1312 3835 1515 3905; x_wconf 86' lang='lat' dir='ltr'>fidem</span> <span class='ocrx_word' id='word_1_364' title='bbox 1577 3835 1865 3906; x_wconf 91' lang='lat' dir='ltr'>somniis</span> <span class='ocrx_word' id='word_1_365' title='bbox 1905 3834 2368 3904; x_wconf 88' lang='lat' dir='ltr'>adhibendam</span> <span class='ocrx_word' id='word_1_366' title='bbox 2427 3833 2746 3902; x_wconf 83' lang='lat' dir='ltr'>asseruit.</span> 
     </span>
     <span class='ocr_line' id='line_1_41' title="bbox 223 3921 2746 4015; baseline -0.001 -24"><span class='ocrx_word' id='word_1_367' title='bbox 223 3928 413 4009; x_wconf 84' lang='lat' dir='ltr'>Aqua</span> <span class='ocrx_word' id='word_1_368' title='bbox 463 3945 709 3992; x_wconf 90' lang='lat' dir='ltr'>manus</span> <span class='ocrx_word' id='word_1_369' title='bbox 759 3924 940 4004; x_wconf 89' lang='lat' dir='ltr'>lavit,</span> <span class='ocrx_word' id='word_1_370' title='bbox 980 3937 1043 3992; x_wconf 90' lang='lat' dir='ltr'>et</span> <span class='ocrx_word' id='word_1_371' title='bbox 1076 3924 1157 3992; x_wconf 91' lang='lat' dir='ltr'>ad</span> <span class='ocrx_word' id='word_1_372' title='bbox 1210 3924 1570 3994; x_wconf 86' lang='lat' dir='ltr'>ecclesiam</span> <span class='ocrx_word' id='word_1_373' title='bbox 1612 3924 1960 4015; x_wconf 86' lang='lat' dir='ltr'>processit.</span> <span class='ocrx_word' id='word_1_374' title='bbox 2009 3921 2487 3992; x_wconf 78' lang='lat' dir='ltr'>cubicularius</span> <span class='ocrx_word' id='word_1_375' title='bbox 2518 3933 2746 3989; x_wconf 89' lang='lat' dir='ltr'>autem</span> 
     </span>
     <span class='ocr_line' id='line_1_42' title="bbox 224 4008 2757 4101; baseline -0 -23"><span class='ocrx_word' id='word_1_376' title='bbox 224 4032 427 4080; x_wconf 87' lang='lat' dir='ltr'>caeco</span> <span class='ocrx_word' id='word_1_377' title='bbox 477 4025 815 4101; x_wconf 89' lang='lat' dir='ltr'>receptam</span> <span class='ocrx_word' id='word_1_378' title='bbox 870 4012 937 4080; x_wconf 93' lang='lat' dir='ltr'>in</span> <span class='ocrx_word' id='word_1_379' title='bbox 1005 4011 1178 4101; x_wconf 90' lang='lat' dir='ltr'>pelvi</span> <span class='ocrx_word' id='word_1_380' title='bbox 1227 4033 1476 4098; x_wconf 88' lang='lat' dir='ltr'>aquam</span> <span class='ocrx_word' id='word_1_381' title='bbox 1530 4011 1719 4081; x_wconf 88' lang='lat' dir='ltr'>illam</span> <span class='ocrx_word' id='word_1_382' title='bbox 1763 4011 1992 4091; x_wconf 88' lang='lat' dir='ltr'>tradit,</span> <span class='ocrx_word' id='word_1_383' title='bbox 2051 4033 2208 4081; x_wconf 88' lang='lat' dir='ltr'>curn</span> <span class='ocrx_word' id='word_1_384' title='bbox 2245 4031 2379 4096; x_wconf 88' lang='lat' dir='ltr'>qua</span> <span class='ocrx_word' id='word_1_385' title='bbox 2413 4008 2650 4078; x_wconf 87' lang='lat' dir='ltr'>oculos</span> <span class='ocrx_word' id='word_1_386' title='bbox 2690 4020 2757 4077; x_wconf 92' lang='lat' dir='ltr'>et</span> 
     </span>
     <span class='ocr_line' id='line_1_43' title="bbox 225 4097 2753 4190; baseline -0 -24"><span class='ocrx_word' id='word_1_387' title='bbox 225 4098 466 4169; x_wconf 86' lang='lat' dir='ltr'>faciem</span> <span class='ocrx_word' id='word_1_388' title='bbox 504 4100 772 4181; x_wconf 87' lang='lat' dir='ltr'>lavans,</span> <span class='ocrx_word' id='word_1_389' title='bbox 843 4101 1065 4169; x_wconf 89' lang='lat' dir='ltr'>visum</span> <span class='ocrx_word' id='word_1_390' title='bbox 1115 4099 1469 4169; x_wconf 86' lang='lat' dir='ltr'>confestim</span> <span class='ocrx_word' id='word_1_391' title='bbox 1517 4100 1865 4190; x_wconf 90' lang='lat' dir='ltr'>percipere</span> <span class='ocrx_word' id='word_1_392' title='bbox 1916 4099 2184 4168; x_wconf 88' lang='lat' dir='ltr'>meruit.</span> <span class='ocrx_word' id='word_1_393' title='bbox 2245 4098 2423 4167; x_wconf 90' lang='lat' dir='ltr'>Civis</span> <span class='ocrx_word' id='word_1_394' title='bbox 2468 4097 2753 4184; x_wconf 88' lang='lat' dir='ltr'>quidam</span> 
     </span>
     <span class='ocr_line' id='line_1_44' title="bbox 230 4186 2750 4277; baseline -0.001 -21"><span class='ocrx_word' id='word_1_395' title='bbox 230 4187 754 4270; x_wconf 87' lang='lat' dir='ltr'>Lincolniensis‚</span> <span class='ocrx_word' id='word_1_396' title='bbox 826 4187 1148 4257; x_wconf 89' lang='lat' dir='ltr'>caecitate</span> <span class='ocrx_word' id='word_1_397' title='bbox 1194 4210 1609 4277; x_wconf 88' lang='lat' dir='ltr'>percussus,</span> <span class='ocrx_word' id='word_1_398' title='bbox 1669 4188 1755 4257; x_wconf 88' lang='lat' dir='ltr'>ad</span> <span class='ocrx_word' id='word_1_399' title='bbox 1822 4187 2148 4277; x_wconf 87' lang='lat' dir='ltr'>palatium</span> <span class='ocrx_word' id='word_1_400' title='bbox 2202 4186 2405 4276; x_wconf 90' lang='lat' dir='ltr'>Regis</span> <span class='ocrx_word' id='word_1_401' title='bbox 2447 4188 2750 4265; x_wconf 80' lang='lat' dir='ltr'>venienS‚</span> 
     </span>
     <span class='ocr_line' id='line_1_45' title="bbox 226 4274 2755 4364; baseline -0.002 -19"><span class='ocrx_word' id='word_1_402' title='bbox 226 4298 406 4362; x_wconf 90' lang='lat' dir='ltr'>aqua</span> <span class='ocrx_word' id='word_1_403' title='bbox 458 4276 732 4347; x_wconf 90' lang='lat' dir='ltr'>lotionis</span> <span class='ocrx_word' id='word_1_404' title='bbox 793 4299 1127 4347; x_wconf 91' lang='lat' dir='ltr'>manuum</span> <span class='ocrx_word' id='word_1_405' title='bbox 1178 4276 1352 4364; x_wconf 83' lang='lat' dir='ltr'>ejus,</span> <span class='ocrx_word' id='word_1_406' title='bbox 1411 4275 1652 4346; x_wconf 86' lang='lat' dir='ltr'>faciem</span> <span class='ocrx_word' id='word_1_407' title='bbox 1705 4288 1771 4345; x_wconf 92' lang='lat' dir='ltr'>et</span> <span class='ocrx_word' id='word_1_408' title='bbox 1816 4274 2052 4344; x_wconf 87' lang='lat' dir='ltr'>oculos</span> <span class='ocrx_word' id='word_1_409' title='bbox 2102 4275 2314 4344; x_wconf 87' lang='lat' dir='ltr'>lavat:</span> <span class='ocrx_word' id='word_1_410' title='bbox 2363 4295 2516 4343; x_wconf 86' lang='lat' dir='ltr'>mox</span> <span class='ocrx_word' id='word_1_411' title='bbox 2572 4286 2755 4342; x_wconf 90' lang='lat' dir='ltr'>tene—</span> 
     </span>
     <span class='ocr_line' id='line_1_46' title="bbox 222 4360 2755 4456; baseline -0.002 -22"><span class='ocrx_word' id='word_1_412' title='bbox 222 4365 370 4434; x_wconf 90' lang='lat' dir='ltr'>bris</span> <span class='ocrx_word' id='word_1_413' title='bbox 418 4365 768 4434; x_wconf 87' lang='lat' dir='ltr'>diuturnis</span> <span class='ocrx_word' id='word_1_414' title='bbox 815 4377 1039 4456; x_wconf 89' lang='lat' dir='ltr'>optata</span> <span class='ocrx_word' id='word_1_415' title='bbox 1091 4365 1207 4434; x_wconf 83' lang='lat' dir='ltr'>lux</span> <span class='ocrx_word' id='word_1_416' title='bbox 1255 4364 1582 4432; x_wconf 90' lang='lat' dir='ltr'>succedit.</span> <span class='ocrx_word' id='word_1_417' title='bbox 1637 4363 1928 4447; x_wconf 90' lang='lat' dir='ltr'>Quidam</span> <span class='ocrx_word' id='word_1_418' title='bbox 1970 4384 2215 4432; x_wconf 88' lang='lat' dir='ltr'>caecus</span> <span class='ocrx_word' id='word_1_419' title='bbox 2265 4369 2513 4454; x_wconf 89' lang='lat' dir='ltr'>Regem</span> <span class='ocrx_word' id='word_1_420' title='bbox 2564 4360 2755 4431; x_wconf 92' lang='lat' dir='ltr'>adire</span> 
     </span>
     <span class='ocr_line' id='line_1_47' title="bbox 224 4448 2755 4545; baseline -0.002 -23"><span class='ocrx_word' id='word_1_421' title='bbox 224 4466 290 4522; x_wconf 90' lang='lat' dir='ltr'>et</span> <span class='ocrx_word' id='word_1_422' title='bbox 338 4453 561 4522; x_wconf 90' lang='lat' dir='ltr'>visum</span> <span class='ocrx_word' id='word_1_423' title='bbox 610 4453 698 4522; x_wconf 92' lang='lat' dir='ltr'>ab</span> <span class='ocrx_word' id='word_1_424' title='bbox 744 4475 823 4523; x_wconf 91' lang='lat' dir='ltr'>eo</span> <span class='ocrx_word' id='word_1_425' title='bbox 871 4454 1219 4545; x_wconf 91' lang='lat' dir='ltr'>percipere</span> <span class='ocrx_word' id='word_1_426' title='bbox 1269 4451 1591 4533; x_wconf 80' lang='lat' dir='ltr'>monituS,</span> <span class='ocrx_word' id='word_1_427' title='bbox 1646 4450 2095 4533; x_wconf 84' lang='lat' dir='ltr'>cubiculario,</span> <span class='ocrx_word' id='word_1_428' title='bbox 2143 4463 2207 4521; x_wconf 90' lang='lat' dir='ltr'>et</span> <span class='ocrx_word' id='word_1_429' title='bbox 2240 4451 2353 4520; x_wconf 87' lang='lat' dir='ltr'>ille</span> <span class='ocrx_word' id='word_1_430' title='bbox 2403 4472 2543 4520; x_wconf 91' lang='lat' dir='ltr'>rem</span> <span class='ocrx_word' id='word_1_431' title='bbox 2587 4448 2755 4538; x_wconf 87' lang='lat' dir='ltr'>Regi</span> 
     </span>
    </p>
   </div>
  </div>
 </body>
</html>
