3347 4999
217 336 402 402 OCT.
456 336 495 399 8
1106 354 1182 399 na
1232 350 1288 399 s.
1342 354 1654 401 neumam
1707 355 1899 401 mar.
2564 337 2695 403 247

220 461 384 507 cum
438 437 737 524 quodam
783 437 1041 525 juvene
1106 439 1632 510 matrimonium
1705 439 2064 508 contraxit.
2121 439 2194 507 Ei
2258 452 2488 512 sancta
2550 440 2787 511 Ositha

219 548 599 617 apparenS,
647 548 773 595 cur
822 527 1185 596 temerario
1236 550 1413 596 ausu
1465 541 1637 608 vota,
1693 549 1869 614 quae
1916 526 2381 598 distinxerunt
2413 529 2595 599 labia
2629 552 2779 610 sua,

225 618 550 706 rupisset,
609 615 1146 704 spurcissimum
1199 616 1601 705 conjugium
1675 615 2235 706 improperando,
2283 618 2669 708 redarguit,
2723 631 2787 688 et

220 705 639 793 compedum
695 704 969 772 vinculo
1020 705 1353 775 invisibili
1409 705 1611 794 pedes
1659 706 1811 794 ejus
1875 705 2137 775 arctius
2186 706 2641 786 constrinxit,
2709 721 2786 778 ut

226 794 470 884 pedem
516 793 665 882 pedi
698 793 1086 882 subjectum
1121 794 1444 862 divellere
1481 816 1615 863 non
1656 792 1913 874 valens,
1949 793 2176 862 officio
2212 794 2463 882 pedum
2502 816 2788 884 prorsus

218 884 576 963 destituta,
625 881 911 952 ultionis
975 881 1250 952 divinae
1297 882 1657 976 flagellum
1721 883 2025 952 sentiret.
2080 888 2157 951 At
2207 883 2480 951 tandem
2546 895 2776 952 tamen

221 973 495 1041 meritis
547 986 823 1040 sanctae
857 971 1155 1060 Virginis
1206 973 1514 1061 sospitati
1554 971 1841 1051 reddita,
1891 972 2282 1042 correctius·
2313 971 2641 1060 deinceps
2690 973 2787 1040 vi-

219 1083 379 1130 vere
432 1059 992 1129 studuit.Mulier
1038 1060 1376 1146 quaedam
1432 1061 1670 1130 multis
1720 1060 1925 1130 annis
1984 1060 2277 1148 pedibus
2327 1060 2597 1150 ingredi
2647 1082 2784 1130 non

223 1151 475 1239 potuit.
532 1153 766 1234 Itaque
797 1170 835 1216 a
884 1150 1290 1219 custodibus
1322 1149 1653 1219 ecclesiae
1687 1150 1906 1218 sancti
1959 1148 2306 1218 Edmundi
2338 1149 2394 1231 ⁴,
2427 1162 2783 1236 tamquam

217 1238 682 1329 opprobrium
737 1237 1097 1305 hominum
1150 1251 1214 1307 et
1274 1237 1494 1326 plebis
1560 1238 1851 1327 abjectio
1914 1237 2396 1328 repellebatur.
2449 1238 2783 1328 Apparuit

218 1341 457 1396 autem
512 1325 613 1394 illi
663 1326 946 1412 quidam
1001 1327 1373 1396 venerandi
1441 1326 1697 1400 vultus.
1759 1340 1966 1414 atque
2014 1327 2080 1394 in
2137 1327 2397 1396 visione
2456 1328 2626 1396 dixit
2680 1327 2780 1396 ei:

218 1439 255 1479 «
298 1416 585 1494 Mulier,
641 1415 807 1500 quid
863 1415 972 1483 bic
1023 1416 1366 1485 moraris?
1416 1420 1691 1484 Frustra
1732 1415 1843 1484 hic
1901 1428 2292 1505 exspectaS,
2346 1415 2525 1503 quod
2583 1416 2779 1507 petis,

221 1510 492 1596 Surge:
548 1504 713 1572 alibi
769 1504 885 1572 tibi
936 1504 1330 1590 quaerenda
1377 1518 1479 1574 est
1528 1504 1740 1585 salus,
1793 1527 2000 1592 quam
2053 1504 2459 1593 efflagitas»
2511 1509 2587 1573 Et
2622 1504 2738 1573 illa
2767 1507 2798 1572 τ’

220 1618 256 1659 «
293 1595 468 1677 Quis
499 1614 594 1673 eS,
651 1593 898 1678 in‘quit,
933 1593 1317 1664 Domine?»
1345 1616 1486 1658 —«
1511 1598 1649 1684 Ego
1687 1615 1867 1674 sum,
1910 1593 2027 1674 ait,
2053 1615 2290 1662 servus
2326 1595 2437 1663 Dei
2476 1593 2786 1662 Edmun-

220 1683 384 1751 dus.
440 1681 560 1751 Abi
611 1681 692 1749 ad
747 1682 1108 1751 ecclesiam
1161 1695 1438 1751 sanctae
1494 1683 1811 1761 Osithae,
1864 1695 1942 1751 ut
1991 1684 2352 1751 sanitatem
2415 1681 2788 1773 perfectam

219 1771 1010 1857 consequimerearis.»
1062 1776 1209 1854 Quo
1270 1793 1430 1840 cum
1483 1771 1596 1839 illa
1644 1773 2100 1861 pervenisset,
2156 1770 2389 1841 dolore
2442 1772 2784 1841 membro-

222 1881 383 1928 rum
437 1858 692 1940 sedat0,
740 1881 909 1929 sana
940 1861 1271 1929 surrexit.

1215 2121 1796 2202 CERTAMEN

388 2327 739 2428 sinen
820 2330 938 2428 ET
1007 2327 1466 2430 GLORlost
1544 2328 2068 2468 mamas
2138 2327 2632 2433 naman

604 2569 889 2617 AUCTORE
937 2571 1065 2617 sm.
1119 2568 1594 2629 naumann,
1651 2571 2036 2618 mrssapmtm
2084 2568 2404 2619 LIPOMANO

686 2749 944 2804 Passus
971 2748 1252 2804 ineunte
1282 2762 1416 2805 seo.
1446 2750 1545 2804 1v
1566 2778 1645 2788 —
1672 2743 2328 2807 Thessalonicensis?

315 2931 351 3015 ξ
401 2935 477 3001 1.
532 2929 827 2998 Tenebat
895 2929 1174 3016 quidem
1230 2935 1700 2999 Romanorum
1754 2953 1865 3000 sce
1922 2943 2022 2999 tra
2090 2930 2580 3012 Maximianu33
2640 2951 2782 2998 ma-

226 3040 503 3108 gnoque
561 3018 825 3120 impetu
874 3033 937 3088 et
986 3019 1236 3107 spiritu
1294 3019 1642 3089 ferebatur
1702 3020 1770 3087 in
1833 3025 1875 3089 C
1935 3018 2299 3088 ristianos:
2352 3018 2605 3088 erroris
2660 3040 2782 3086 au·

229 3120 360 3176 tem
418 3105 951 3176 simulacrorum
1010 3109 1227 3178 nubes
1285 3109 1550 3198 tegebat
1598 3129 1872 3177 omnem
1933 3120 2186 3176 terram
2252 3128 2429 3194 quae
2493 3119 2610 3177 est·
2653 3107 2782 3177 sub

225 3197 457 3275 coelo;
493 3196 787 3277 etiamsi,
831 3196 1037 3265 veluti
1089 3196 1360 3266 lucidae
1407 3196 1748 3284 quaedam
1803 3195 2042 3265 stellae
2095 3217 2246 3264 eam
2306 3195 2627 3274 sortitae,
2681 3216 2786 3264 re-

228 3284 712 3375 splendebant,
766 3286 885 3371 qui
939 3286 1124 3375 passi
1170 3285 1451 3355 fuerunt
1515 3299 1791 3375 propter
1838 3285 2204 3353 Christum.
2261 3290 2569 3368 Quorum
2615 3296 2782 3354 tunc

227 3397 422 3443 unus
471 3373 973 3462 agnoscebatur
1018 3376 1396 3444 Demetrius
1428 3430 1442 3454 ,
1510 3375 1630 3461 qui
1684 3387 1962 3462 propter
2008 3373 2214 3442 fidem
2275 3376 2344 3442 in
2397 3373 2774 3454 Christum,

224 3476 371 3532 erat
423 3462 958 3550 suspiciendus,
1014 3476 1078 3532 et
1144 3464 1485 3552 insignis,
1542 3484 1622 3532 ac
1684 3461 2070 3532 celebratus
2113 3476 2391 3552 propter
2439 3462 2781 3532 miracula

225 3572 407 3636 quae
456 3549 745 3620 faciebat
794 3552 860 3620 in
901 3551 1190 3621 Christo.
1220 3552 1425 3621 Illum
1463 3551 1617 3621 tulit
1664 3550 1946 3637 quidem
2002 3573 2252 3641 magna
2286 3551 2528 3621 civitas
2568 3551 2782 3621 Thes-

229 3639 539 3710 salonica
583 3639 694 3704 *ἢ
747 3640 927 3727 quod
977 3654 1204 3710 autem
1256 3641 1341 3709 ad
1413 3652 1727 3727 parentes
1772 3640 2060 3722 attinet,
2127 3652 2272 3709 erat
2320 3639 2664 3730 insignis,
2718 3649 2784 3708 et

228 3750 479 3815 genere
527 3729 982 3808 clarissimus,
1024 3730 1252 3820 ipsum
1306 3728 1604 3798 referens
1653 3729 1738 3798 ad
1797 3730 2116 3816 antiquos
2167 3728 2590 3798 Macedones.
2648 3727 2780 3797 Sed

230 3837 364 3886 non
418 3830 561 3885 erat
609 3829 744 3886 tam
795 3818 1026 3887 clarus
1078 3817 1443 3907 splendore
1498 3839 1780 3886 suorum
1848 3820 2226 3910 maj0rum,
2302 3839 2511 3905 quam
2580 3838 2784 3886 orna-

235 3919 461 3976 mento
510 3928 674 3976 suae
735 3907 1025 3975 virtutis.
1084 3912 1373 3975 Tantum
1437 3906 1620 3975 enim
1686 3906 1960 3977 animae
2023 3905 2376 3976 nobilitate
2424 3906 2779 3996 superavit

231 4014 345 4062 eos
393 3995 510 4080 qui
559 4006 754 4064 erant
806 3994 1133 4083 praeclari
1201 3996 1327 4064 hoc
1395 3996 1720 4076 nomine,
1785 4008 2124 4083 quantum
2177 3995 2486 4084 corporis
2551 3994 2780 4083 specie
2869 4061 2873 4064 ⁴

233 4085 600 4171 superabat
674 4105 789 4153 eos
860 4083 982 4169 qui
1053 4106 1253 4153 suam
1317 4085 1676 4174 jactabant
1752 4083 2324 4174 pulcritudinem.
2395 4089 2561 4153 Nam
2637 4094 2784 4152 erat

233 4259 263 4299 b
284 4210 309 4268 ⁸.
338 4212 381 4252 S.
414 4211 699 4273 {almum-dua,
731 4220 819 4251 seu
848 4211 1164 4257 Eadmundus.
1197 4211 1507 4252 Orientalium
1542 4211 1800 4260 anglorum
1831 4212 1928 4251 Rex
1949 4211 1997 4251 et
2017 4211 2214 4259 martyr,
2233 4210 2410 4251 centur
2427 4210 2502 4251 die
2523 4212 2575 4253 20
2595 4219 2786 4250 novem·

266 4271 346 4342 Ἦ.
369 4265 863 4366 ἷὲιῖἷᾳῗιῖτξὶῗιιιῖἕᾶξιίιῖαε
881 4318 1053 4367 primae
1070 4318 1224 4357 sedes.
1244 4318 1339 4357 Ηιο
1359 4318 1408 4357 in
1427 4319 1545 4358 urbe
1566 4318 1647 4357 diu
1667 4317 1985 4356 commoratus
2006 4316 2080 4355 est
2101 4315 2144 4356 S.
2169 4316 2346 4355 Paulus
2365 4317 2633 4365 Apostolus.
2652 4325 2786 4364 prae-

231 4365 391 4409 dicans
421 4372 616 4411 verbum
647 4374 743 4418 Del,
770 4378 809 4411 ee
838 4372 1150 4410 multitudinem
1180 4383 1383 4420 mamam
1415 4378 1453 4411 ee
1492 4373 1695 4410 mulieres
1731 4370 1891 4407 nobiles
1926 4381 2010 4407 non
2038 4381 2209 4418 paucas
2233 4367 2341 4417 (Act.
2362 4371 2511 4420 Aponi.
2531 4378 2644 4415 xvu,
2663 4368 2705 4419 4)
2726 4369 2786 4408 ad

231 4419 369 4514 ξὲἓιιέ
395 4427 692 4467 convertens.
724 4428 781 4466 In
805 4427 1067 4475 'tux-cajum
1095 4422 1322 4466 ditionem
1349 4426 1745 4475 potestatemque,
1777 4432 1900 4462 mo
1931 4423 2048 4468 1429,
2081 4423 2273 4463 redacta
2291 4423 2396 4464 fuit.
2422 4423 2554 4462 Nunc
2574 4422 2786 4463 salonikl

323 4485 347 4513 ὓ
371 4486 442 4516 ur.
1803 4486 1804 4489 ’
