3347 4999
89 300 293 366 OCT.
357 299 453 363 119
812 316 891 363 mi:
940 315 996 363 s.
1048 314 1245 363 verno
1292 316 1371 362 ns
1417 314 1787 362 ALcANTAnA
1835 314 2020 363 coar.
2474 300 2602 365 549

88 403 386 493 frigora
446 399 883 489 suscipiens;
949 400 1044 468 ita
1092 410 1192 478 ut,
1246 421 1407 468 cum
1460 399 1727 468 nudum
1781 412 1990 489 caput
2039 399 2386 470 imbribus
2434 413 2498 470 et
2548 404 2686 471 nivi

90 501 526 581 exponeret,
581 489 927 559 interdum
981 488 1219 577 capilli
1261 487 1421 579 gelu
1468 488 1770 557 concreti
1821 488 2261 569 deciderent,
2330 503 2394 559 et
2441 506 2697 562 aestate

90 577 567 672 praefervida
614 577 1062 647 exurentibus
1122 577 1289 645 solis
1344 577 1559 645 radiis
1605 579 1832 666 capite
1879 577 2484 649 vehementissime
2520 581 2693 651 ‘cru-

93 672 485 748 ciaretur;
524 666 939 755 respondere
974 666 1218 735 solitus
1281 666 1869 756 interrogantibus
1926 690 2074 748 cur,
2114 666 2380 735 detecto
2439 671 2687 756 capite,

99 780 413 849 semper
476 755 855 825 incederet:
921 758 1114 844 nefas
1164 777 1301 824 esse
1350 776 1573 824 coram
1626 760 1759 824 Deo
1809 766 1974 824 tecto
2041 758 2261 847 capite
2313 758 2688 826 ambulare.

99 854 289 918 Cum
349 857 700 914 vetustum
739 867 817 913 ac
848 844 1067 912 vilem,
1093 866 1369 913 saccum
1407 844 1755 925 abluebat,
1796 844 2154 913 madidum
2191 845 2463 933 corpori
2497 858 2695 936 apta-

95 938 254 1016 bat,
327 935 508 1022 quiu
558 934 764 1002 etiam
816 933 885 1001 in
937 932 1234 1021 gelidam
1287 954 1537 1019 aquam
1592 934 1856 1023 rigente
1904 933 2131 1002 hieme
2179 956 2326 1003 sese
2378 934 2683 1024 plerum-

102 1049 253 1114 que
310 1024 701 1110 injiciebat.
760 1028 1027 1092 Praeter
1074 1022 1267 1101 haec,
1307 1022 1649 1091 familiare
1698 1022 1802 1090 illi
1849 1036 2042 1105 erat,
2093 1023 2318 1092 hieme
2386 1025 2688 1105 summa,

99 1127 432 1205 urgente
482 1113 659 1181 nivis
699 1112 974 1212 frigore,
1022 1110 1332 1200 deposito
1385 1111 1619 1200 pallio,
1657 1110 2025 1180 fenestram
2056 1125 2123 1180 et
2148 1112 2438 1198 januam
2472 1112 2688 1182 cellae

107 1224 472 1280 reserare,
520 1214 616 1281 ut,
662 1200 1116 1289 frigidissimo
1147 1213 1427 1288 excepto
1467 1203 1620 1269 aere
1653 1214 1718 1270 et
1750 1199 1934 1289 gelu,
1979 1201 2211 1271 acrius
2265 1209 2696 1287 torqueretur

109 1315 316 1371 car0,
368 1311 531 1359 mox
564 1289 921 1358 eximenda
973 1289 1145 1358 diris
1193 1289 1642 1368 cruciatibus,
1698 1312 1854 1357 cum
1909 1289 2271 1360 fenestram
2324 1291 2687 1361 clausisset

113 1396 186 1451 et
228 1383 567 1471 januam.
621 1384 713 1446 Eo
761 1377 1034 1447 devenit
1081 1378 1210 1446 hac
1276 1382 1477 1447 saeva
1527 1379 1985 1447 maceratione
2035 1379 2532 1461 membrorum,
2586 1393 2688 1461 ut,

113 1493 200 1540 ex
259 1468 668 1537 narratione
716 1480 994 1536 sanctae
1043 1467 1350 1535 Teresiae
1387 1522 1401 1547 ,
1457 1468 1652 1535 arido
1701 1480 1763 1534 et
1812 1468 2108 1556 exangui
2160 1489 2443 1557 corpore
2509 1467 2695 1537 radi-

115 1582 291 1629 cum
328 1556 604 1625 arboris
637 1557 932 1645 speciem
972 1556 1398 1635 exhibuerit;
1430 1556 1653 1625 oculis
1687 1569 1912 1624 autem
1952 1557 2020 1623 in
2058 1578 2330 1625 caveam
2377 1556 2697 1625 receden-

116 1650 325 1718 tibus
355 1699 378 1725 ,
435 1660 499 1712 et
549 1645 834 1713 sulcatis
897 1659 1225 1734 perpetuo
1275 1644 1741 1733 lacrymarum
1795 1645 2015 1715 imbre
2065 1646 2263 1734 genis
2297 1699 2316 1725 ,
2375 1645 2693 1715 mirabile

119 1735 610 1827 poenitentiae
646 1733 1095 1802 simulacrum
1135 1733 1502 1802 videretur.
2309 1778 2316 1785 ,
2589 1784 2590 1787 ,

221 1828 261 1911 ξ
296 1828 398 1892 (Ι.
432 1829 526 1891 Ex
566 1822 696 1891 hac
729 1823 977 1891 eximia
1009 1822 1181 1890 vitae
1208 1823 1564 1891 sanctitate
1591 1821 1769 1890 vires
1800 1821 2029 1891 bausit
2056 1823 2140 1891 ad
2176 1823 2453 1913 egregia
2485 1845 2698 1910 quae-

119 1915 234 1981 vis
286 1911 703 1999 praestanda
754 1912 821 1979 in
870 1911 1191 1980 honorem
1262 1911 1641 1979 divinitatis
1673 1960 1687 1983 ,
1732 1933 1948 1998 eaque
1991 1911 2383 2012 prodigioso
2419 1933 2689 1981 morum

126 2021 436 2071 suorum
490 1999 802 2089 exemplo
851 2000 1122 2085 assequi
1179 2000 1416 2088 potuit.
1462 2002 1692 2068 Latere
1734 1998 1847 2067 ille
1886 2000 2163 2085 quidem
2204 2014 2692 2091 praeoptasset,

123 2104 221 2168 et,
267 2100 631 2176 paternam
689 2089 903 2158 sancti
958 2088 1302 2157 Francisci
1356 2088 1816 2157 humilitatem
1871 2103 2174 2168 secutuS,
2222 2090 2447 2180 regale
2478 2112 2694 2159 sacer·

127 2179 416 2248 dotium
468 2177 904 2246 formidasset
952 2178 1283 2266 accipere,
1349 2178 1482 2245 nisi
1548 2177 1629 2245 ad
1691 2176 1860 2245 illud
1922 2178 2357 2267 superiorum
2404 2179 2696 2268 imperio

119 2280 427 2336 coactus
468 2266 733 2334 fuisset.
782 2271 1042 2352 ltaque,
1083 2288 1216 2335 non
1270 2288 1554 2336 sumens
1593 2267 1726 2336 sibi
1777 2266 2133 2347 honorem,
2172 2268 2288 2337 sed
2334 2285 2611 2336 vocatus
2651 2291 2693 2337 a

118 2360 267 2423 Deo
321 2367 681 2440 tamquam
728 2361 969 2434 Aaron,
1025 2377 1297 2424 sacrum
1341 2354 1650 2441 quotidie
1717 2356 2081 2444 peragebat
2123 2369 2260 2425 tam
2329 2358 2576 2427 uberes
2617 2358 2688 2425 in

122 2444 341 2514 fletus
398 2444 708 2523 effusus,
763 2456 838 2513 ut
885 2444 1107 2513 exitus
1155 2465 1493 2530 aquarum
1565 2444 1984 2514 deducentes
2053 2445 2238 2516 oculi
2305 2445 2457 2533 ejus
2508 2446 2693 2515 vide-

126 2547 389 2603 rentur
435 2533 588 2602 fons
640 2533 992 2602 hortorum
1045 2546 1109 2601 et
1161 2547 1407 2622 puteus
1436 2555 1774 2620 aquarum
1820 2535 2218 2613 viventium,
2253 2557 2431 2621 quae
2465 2536 2696 2603 fluunt

130 2623 413 2711 impetu
462 2621 546 2689 de
599 2622 876 2692 Libano.
952 2628 1203 2692 Jussus
1249 2622 1452 2691 etiam
1517 2636 1619 2691 est
1680 2636 2086 2712 suggestum
2137 2623 2557 2703 ascendere,
2613 2644 2696 2691 ac

131 2711 334 2780 verbi
391 2710 609 2778 divini
654 2733 899 2800 panem
967 2733 1041 2779 ex
1096 2724 1399 2800 tempore
1462 2711 1740 2801 populis
1801 2712 2266 2781 esurientibus
2321 2711 2684 2800 frangere:

135 2821 451 2885 cumque
500 2799 585 2868 de
634 2822 759 2876 ore,
797 2802 947 2889 ejus
996 2813 1438 2890 erumperent
1484 2800 1682 2886 quasi
1733 2801 2022 2889 sagittae
2072 2800 2365 2889 potentis
2427 2812 2692 2880 acutae,

134 2890 555 2956 innumeros
596 2888 991 2958 felicissirne
1040 2891 1383 2958 sauciatos
1441 2890 1621 2957 eruit
1683 2889 1766 2958 de
1795 2901 2146 2978 potestate
2195 2888 2631 2957 tenebrarum
2672 2942 2691 2968 ,

139 2991 205 3047 et
256 2977 609 3045 transtulit
645 2979 712 3046 in
770 3000 1056 3065 regnum
1110 2978 1261 3046 Filii
1303 2978 1436 3046 Dei.
1480 2983 1827 3047 Praeterea
1876 2977 2318 3046 confluebant
2356 2976 2440 3044 ad
2491 2976 2693 3047 illum

137 3066 467 3155 privatim
520 3067 882 3135 erudiendi
934 3089 1067 3135 non
1121 3067 1324 3135 modo
1372 3066 1597 3134 infimi
1646 3080 1711 3134 et
1761 3065 2157 3154 populares,
2193 3065 2308 3135 sed
2343 3066 2546 3134 etiam
2584 3087 2696 3134 no,-

136 3155 438 3224 biles-ac
478 3155 824 3242 principes
861 3157 1032 3235 viri;
1066 3177 1239 3240 quos
1283 3154 1456 3222 mira
1492 3155 1823 3224 suavitate
1863 3167 1927 3221 et
1982 3152 2285 3223 efficacia
2328 3154 2696 3223 verborum

136 3244 220 3312 ad
279 3242 650 3311 salutarem
725 3245 1208 3331 poenitentiam
1263 3243 1617 3311 invitabat.
1689 3241 2098 3312 confessarii
2151 3254 2376 3311 tamen
2431 3263 2695 3311 munus

138 3333 325 3416 apud
384 3330 698 3399 Carolum
752 3337 798 3399 V
848 3337 1199 3402 Caesarem
1251 3331 1644 3410 declinavit,
1711 3344 1957 3420 captus
2007 3353 2240 3402 amore
2288 3330 2694 3402 solitudinis

139 3435 206 3490 et
255 3419 730 3498 demissionis,
776 3442 855 3488 ac
904 3434 1092 3489 metu
1126 3419 1610 3488 discriminum
1666 3419 1867 3489 aulae
1916 3420 2190 3508 regalis.

232 3517 270 3590 ἓ
320 3513 399 3578 2.
458 3506 657 3575 Plura
705 3508 1035 3578 coenobia
1100 3509 1211 3578 sui
1245 3508 1522 3578 Ordinis
1571 3509 2010 3578 sanctissime
2045 3509 2465 3598 temperavit,
2509 3508 2698 3577 vide·-

139 3597 299 3668 licet
352 3595 523 3663 illud
576 3600 642 3664 S.
712 3596 1103 3686 Honupbrii
1164 3597 1232 3664 in
1305 3597 1656 3686 prov-incia
1723 3602 1788 3666 S.
1836 3597 2193 3678 Gabrielis‚
2232 3603 2296 3664 ὃ.
2344 3596 2693 3667 Michaelis

140 3685 555 3765 Placentiae,
609 3684 904 3772 aliaque.
978 3685 1283 3754 Subinde
1334 3685 1725 3774 provinciae
1790 3685 2114 3755 definitor
2157 3700 2223 3757 et
2269 3700 2546 3766 custos,
2609 3708 2691 3755 ac

142 3773 396 3842 deinde
430 3774 743 3842 omnium
796 3774 1150 3874 suffragiis
1182 3775 1249 3842 in
1302 3774 1794 3863 provincialem
1847 3775 2105 3846 electus
2150 3787 2252 3843 est
2299 3774 2696 3864 provinciae

145 3867 210 3930 S.
251 3862 612 3941 Gabrielis;
650 3862 853 3949 cujus
896 3862 1217 3962 regimini
1253 3863 1495 3932 sedulo
1532 3864 1945 3932 incumbens
1975 3862 2308 3952 exemplis
2335 3877 2403 3933 et
2429 3862 2690 3942 verbiS,

146 3951 485 4036 quasdam
536 3951 752 4020 edidit
785 3952 1330 4032 constitutiones
1382 3952 1643 4039 quibus
1677 3953 2038 4022 strictioris
2072 3951 2550 4022 observantiae
2584 3951 2694 4018 ni·

148 4049 253 4106 tor
300 4041 667 4110 refloreret.
710 4045 782 4109 In
830 4041 1251 4110 Lusitaniam
1301 4062 1574 4127 quoque
1612 4041 1932 4129 perrexit,
1989 4055 2065 4110 ut
2101 4053 2492 4110 nascentem
2535 4044 2691 4108 Ara-

150 4124 467 4197 bidorum
514 4128 939 4219 provinciam
966 4129 1237 4217 juvaret
1269 4141 1334 4197 et
1367 4130 1817 4218 promoveret.
1866 4134 2030 4198 Cum
2068 4143 2296 4197 autem
2329 4128 2689 4206 arctiorem

154 4214 260 4281 sui
311 4217 587 4287 Ordinis
643 4217 1088 4308 disciplinam
1163 4218 1388 4306 vigere
1442 4218 1976 4287 desideraretet
2034 4217 2314 4306 longius
2370 4217 2684 4298 extendi,

157 4307 493 4391 superatis
532 4307 969 4397 gravissimis
1017 4305 1582 4387 difficultatibuS,
1635 4306 1874 4376 divino
1921 4306 2233 4375 munitus
2297 4305 2689 4396 praesidio,

152 4404 217 4458 et
282 4395 652 4482 apostolica
717 4396 932 4465 fretus
1000 4396 1446 4475 auctoritate,
1537 4395 1840 4484 primum
1918 4415 2128 4464 novae
2189 4394 2696 4466 reformatimiis
