3347 4999
673 255 800 319 624
1335 271 1413 316 nr.
1461 272 1515 317 s.
1555 270 1803 318 uALcuo
1854 270 2003 318 uon.
2058 271 2133 316 Er
2179 269 2361 318 conr.
2814 253 2984 319 OCT.
3036 254 3114 319 2⁴

587 357 862 426 natione
909 369 972 425 et
1005 355 1270 445 lingua,
1323 368 1389 423 et
1439 377 1667 425 revera
1699 373 2001 444 &witzam
2043 360 2227 425 Anus
2258 376 2534 442 quoque
2584 355 2652 423 in
2697 354 2849 441 ejus
2880 368 3130 424 contu-

585 445 824 515 bernio
889 443 1082 512 valde
1129 444 1497 534 decrepita,
1556 457 1620 513 et
1658 445 1803 533 jam
1883 444 2082 513 morti
2155 444 2463 531 proxima
2531 444 2924 513 videbatur:
2980 458 3125 514 tam

586 534 890 604 studiose
922 534 1125 602 ambo
1174 532 1502 622 religiosi,
1560 544 1624 602 et
1662 533 1762 603 sic
1794 532 2123 602 ecclesiae
2162 532 2369 603 limen
2412 545 2724 613 terenteS,
2766 547 2841 603 ut
2870 533 3129 602 Zacha-

586 623 760 691 riam
812 634 878 692 et
925 621 1263 691 Elisabeth
1317 621 1400 690 de
1445 622 1810 711 Evangelio
1877 621 2210 691 crederes,
2273 622 2402 690 nisi
2458 622 2638 708 quod
2692 627 2992 692 Joannes
3053 622 3127 693 in

587 711 814 781 medio
843 732 975 779 non
1003 722 1166 780 erat.
1199 715 1286 779 De
1319 710 1429 779 his
1455 734 1610 780 cum
1642 710 1915 780 curiose
1940 711 2026 779 ab
2051 709 2302 779 accolis
2328 732 2754 797 quaererem,
2780 732 3125 796 quaenam

586 811 763 868 esset
823 822 1057 869 eorum
1126 799 1376 889 copula
1433 799 1879 879 matrimonii,
1936 799 2323 888 sanguiniS,
2376 820 2461 867 au
2520 800 2829 889 spiritus,
2884 820 3127 869 omnes

589 910 748 957 voce
781 891 1108 968 consona,
1155 899 1426 957 sanctos
1455 901 1517 957 et
1551 893 1680 956 Deo
1717 888 2022 978 placitos,
2063 901 2127 956 et
2165 888 2340 956 mira
2375 888 2603 957 nescio
2641 909 3126 977 quaerespon-

589 976 864 1047 debant.
904 982 1046 1059 Qua
1097 975 1470 1065 cupiditate
1518 976 1811 1057 illectuS,
1865 976 2158 1046 adorsus
2190 998 2342 1045 sum
2389 977 2763 1057 hominem,
2799 989 2865 1045 et
2897 976 3119 1046 curio-

589 1066 736 1135 sius
775 1065 1134 1136 sciscitans
1175 1088 1399 1134 rerum
1438 1065 1670 1147 fidem,
1714 1066 1879 1134 haec
1928 1065 2014 1134 ab
2061 1087 2139 1133 eo
2172 1066 2446 1154 accepi:

681 1157 716 1241 ξ
764 1160 855 1226 8.
896 1177 932 1220 «
993 1159 1152 1243 EgO,
1210 1153 1473 1240 inquit,
1539 1155 1629 1223 mi
1683 1167 1881 1236 nate,
1945 1154 2310 1223 Maroniaci
2359 1153 2560 1244 agelli
2619 1153 2937 1233 colonuS,
2999 1151 3117 1222 sed

591 1243 782 1312 solus
872 1244 1225 1311 arentibus
1274 1242 1394 1311 fui.
1450 1244 1578 1326 Qui
1617 1266 1775 1312 cum
1834 1264 1941 1311 me
1996 1242 2195 1329 quasi
2256 1243 2535 1332 stirpem
2586 1243 2860 1332 generis
2909 1243 3009 1310 sui
3058 1252 3128 1310 et

593 1332 797 1401 haere
850 1353 956 1400 em
1017 1330 1318 1400 familiae
1380 1331 1465 1400 ad
1535 1331 1814 1422 nuptias
1861 1343 2211 1420 cogerent,
2263 1331 2677 1401 monachum
2744 1331 2973 1420 potius
3023 1351 3132 1399 me

595 1420 763 1489 velle
792 1442 939 1490 esse
971 1420 1316 1510 respondi.
1356 1420 1636 1498 Quantis
1680 1433 1868 1510 pater
1901 1420 2132 1500 minis,
2190 1420 2468 1507 quantis
2515 1432 2729 1489 mater
2770 1418 3132 1489 blanditiis

593 1509 931 1599 persecuti
985 1509 1146 1588 sint,
1207 1521 1283 1577 ut
1335 1509 1730 1599 pudicitiam
1789 1509 2180 1599 proderem,
2255 1508 2422 1577 haec
2486 1530 2592 1577 res
2653 1508 2796 1578 sola
2868 1507 3130 1576 indicio

591 1611 716 1677 est,
752 1597 930 1685 quod
967 1611 1031 1668 et
1069 1597 1350 1667 domum
1411 1611 1474 1666 et
1515 1609 1828 1686 parentes
1884 1597 2053 1689 fugi.
2092 1601 2167 1665 Et
2197 1599 2311 1683 qui
2357 1597 2439 1665 ad
2478 1597 2820 1666 Orientem
2855 1597 2953 1665 ire
2986 1617 3124 1664 non

594 1700 920 1776 poteram,
989 1698 1263 1776 propter
1298 1686 1590 1754 vicinam
1633 1685 2002 1767 Persidem,
2041 1697 2105 1754 et
2153 1691 2615 1754 Romanorum
2666 1685 2961 1755 militum
3000 1707 3129 1753 cu-

592 1775 908 1856 stodiam,
945 1775 1026 1844 ad
1065 1774 1498 1844 Occidentem
1543 1775 1709 1843 verti
1748 1774 1972 1864 pedeS,
2009 1774 2468 1865 pauxillulum
2506 1774 2734 1843 nescio
2764 1773 2930 1861 quid
2974 1795 3133 1862 por-

593 1877 746 1933 tans
795 1864 1048 1944 viatici,
1111 1863 1291 1950 quod
1332 1885 1439 1932 me
1479 1862 1565 1931 ab
1608 1863 1836 1953 inopia
1883 1876 2142 1933 tantum
2210 1861 2611 1932 defensaret.
2651 1862 2825 1944 Quid
2865 1861 3135 1931 multa?

594 1954 873 2022 Perveni
911 1952 1183 2021 tandem
1242 1951 1324 2020 ad
1381 1973 1686 2021 eremum
1740 1951 2118 2032 Chalcidos,
2156 1974 2327 2039 quae
2372 1952 2546 2021 inter
2580 1956 2869 2020 Immam
2912 1964 2976 2019 et
3011 1955 3134 2019 Es-

592 2063 736 2110 sam
785 2042 1005 2130 magis
1040 2040 1121 2109 ad
1175 2045 1496 2110 Austrum
1549 2041 1677 2108 sita
1735 2053 1859 2110 est.
1906 2041 2032 2121 Ibi,
2097 2042 2380 2130 repertis
2440 2039 2831 2120 monachis,
2884 2061 3128 2108 corum

595 2152 704 2197 me
770 2130 1164 2219 magisterio
1213 2129 1511 2208 tradidi,
1570 2151 1900 2199 manuum
1977 2129 2204 2198 labore
2256 2129 2507 2200 victum
2557 2129 2975 2215 quaeritans,
3030 2126 3135 2196 la-

597 2218 1019 2305 sciviamque
1065 2219 1294 2287 carnis
1337 2217 2020 2307 refrenansjejuniis.

689 2308 724 2391 ἓ
773 2312 856 2378 4.
903 2329 937 2371 «
974 2312 1130 2376 Post
1171 2306 1422 2376 multos
1461 2328 1703 2383 annos,
1765 2306 2007 2375 incidit
2055 2307 2221 2375 mihi
2272 2305 2717 2385 desiderium,
2766 2318 2837 2374 ut
2874 2305 2956 2373 ad
3012 2326 3133 2394 pa-

598 2394 796 2463 triam
843 2416 1216 2485 pergerem,
1263 2409 1325 2464 et
1358 2394 1525 2463 dum
1576 2395 1804 2463 adhuc
1855 2397 2101 2465 viveret
2149 2408 2364 2465 mater
2407 2395 2579 2484 (Jam
2630 2394 2812 2462 enim
2867 2405 3130 2483 patrem

598 2495 945 2552 mortuum
997 2483 1405 2572 audieram),
1460 2483 1716 2553 solarer
1767 2484 2160 2554 viduitatem
2213 2485 2387 2575 ejus,
2445 2497 2509 2553 et
2555 2482 2799 2552 exinde
2864 2485 3130 2553 venun-

595 2572 752 2642 data
806 2572 1387 2662 possessiuncula
1445 2585 1700 2662 partem
1754 2596 2102 2664 erogarem
2156 2573 2602 2663 pauperibuS,
2671 2584 2930 2662 partem
2982 2593 3132 2640 mo-

599 2663 896 2732 nasterio
923 2661 1433 2732 constituerem:
1464 2662 1628 2749 quid
1662 2662 1992 2731 erubesco
2021 2662 2331 2732 confiteri
2356 2660 2829 2731 infidelitatem
2866 2662 3133 2729 meam?

596 2762 854 2840 partem
896 2754 961 2819 in
999 2763 1407 2840 sumptuum
1446 2773 1755 2820 meorum
1790 2751 2031 2820 solatia
2072 2772 2511 2822 reservarem.
2551 2748 2860 2818 Clamare
2904 2747 3131 2838 coepit

594 2841 817 2910 Abbas
870 2861 1086 2920 meuS,
1132 2838 1386 2909 diaboli
1436 2861 1583 2910 esse
1632 2840 2097 2921 tentationem,
2149 2853 2215 2909 et
2253 2840 2383 2910 sub
2432 2839 2758 2907 honestae
2806 2838 2903 2906 rei
2935 2859 3134 2907 occa·

595 2929 811 3009 sione,
865 2927 1071 2997 latere
1119 2928 1382 3012 antiqui
1420 2928 1632 2998 hostis
1673 2928 1988 2997 insidias.
2043 2933 2182 2997 Hoc
2231 2949 2401 3007 esse,
2460 2927 2701 2996 reverti
2751 2948 2990 2996 canem
3040 2924 3134 2994 ad

597 3019 928 3086 vomitum
981 3040 1212 3086 suum.
1287 3017 1394 3086 Sic
1466 3017 1716 3085 multos
1768 3018 2263 3087 monachorum
2312 3037 2459 3086 esse
2523 3016 2887 3104 deceptos:
2943 3036 3126 3082 nun-

599 3128 805 3191 quam
858 3105 1208 3175 diabolum
1254 3117 1482 3196 aperta
1524 3104 1743 3175 fronte
1776 3129 1843 3175 se
1878 3106 2184 3195 prodere.
2227 3105 2651 3195 Proponebat
2686 3103 2855 3172 mihi
2903 3125 3135 3172 exem—

599 3194 710 3283 pla
760 3194 844 3262 de
894 3195 1264 3282 Scripturis
1317 3194 1654 3284 plurima:
1712 3194 1887 3263 inter
1942 3216 2117 3282 quae
2166 3193 2361 3275 illud,
2414 3193 2597 3280 quod
2667 3192 2864 3262 initio
2919 3191 3135 3261 Adam

601 3303 875 3368 quoque
922 3296 986 3351 et
1033 3288 1237 3352 Evam
1289 3305 1410 3372 spe
1468 3283 1846 3353 divinitatis
1905 3282 2471 3373 supplantaverit.
2526 3287 2794 3351 Etcum
2849 3302 3132 3371 persua-

597 3368 757 3438 dere
809 3391 942 3439 non
985 3384 1232 3459 posset,
1274 3371 1666 3461 provolutus.
1719 3371 2035 3462 genibuS,
2070 3371 2473 3443 obsecrabat
2503 3392 2586 3439 ne
2619 3391 2692 3439 se
2716 3369 3128 3450 desererem,

602 3480 684 3525 ne
736 3480 841 3527 me
894 3459 1270 3547 perderem,
1312 3483 1434 3529 nec
1485 3474 1787 3529 aratrum
1855 3473 2114 3541 tenenS,
2174 3473 2324 3551 post
2380 3472 2646 3549 tergum
2691 3459 3127 3548 respicerem.

599 3552 730 3616 Vae
774 3547 1021 3616 misero
1064 3548 1273 3616 mihil
1331 3549 1458 3617 vici
1513 3549 1915 3628 monitorem
1971 3550 2269 3638 pessima
2302 3549 2607 3628 victoria,
2648 3559 2899 3636 putans
2933 3545 3133 3616 illum

597 3658 732 3705 non
788 3658 1005 3705 meam
1059 3636 1389 3718 salutem,
1447 3637 1561 3708 sed
1621 3660 1827 3706 suum
1871 3637 2191 3707 solatium
2241 3659 2590 3724 quaerere.
2666 3641 3131 3722 Prosequutus

596 3748 758 3812 ergo
796 3748 901 3794 me
935 3725 1016 3794 de
1055 3726 1489 3807 monasterio,
1543 3727 1741 3811 quasi
1779 3726 1990 3795 funus
2037 3727 2323 3808 efferret,
2378 3739 2442 3796 et
2490 3725 2572 3794 ad
2607 3737 2982 3795 extremum
3020 3745 3129 3792 va·

595 3814 923 3884 ledicens:
970 3815 1197 3895 Video,
1234 3815 1350 3895 ait,
1392 3827 1473 3895 te,
1520 3814 1640 3895 fili,
1686 3827 1965 3884 satanae
2002 3816 2304 3885 cauterio
2338 3825 2672 3885 notatum:
2708 3835 2842 3882 non
2877 3831 3127 3899 quaero

599 3926 867 3984 causas,
920 3905 1393 3974 excusationes
1443 3925 1574 3972 non
1631 3903 1911 3992 recipio.
1968 3904 2123 3975 Ovis
2171 3927 2345 3990 quae
2394 3904 2477 3972 de
2524 3902 2824 3974 ovilibus
2872 3899 3137 3991 egredi-

599 4003 734 4071 tur,
793 3992 937 4084 lupi
974 3993 1200 4062 statim
1248 3993 1591 4062 morsibus
1644 4005 1847 4082 patet.

686 4083 722 4167 ξ
751 4085 838 4153 ὅ.
873 4105 907 4149 «
939 4085 1020 4150 Dc
1053 4081 1388 4152 Bet-rhoea
1427 4082 1508 4150 ad
1549 4087 1781 4150 Essam
1824 4081 2289 4172 pergentibus,
2328 4081 2551 4150 vicina
2579 4092 2681 4150 est
2715 4081 2994 4170 publico
3026 4078 3146 4148 iti-

597 4170 742 4236 neri
794 4170 1112 4252 solitudo,
1157 4193 1276 4261 per
1305 4194 1513 4258 quam
1568 4170 1886 4239 Saraceni
1928 4170 2209 4239 incertis
2245 4169 2523 4240 sedibus
2557 4169 2696 4238 huc
2730 4182 2936 4254 atque
2974 4167 3149 4237 illuc

603 4279 873 4347 semper
923 4273 1281 4349 vagantur.
1320 4266 1506 4343 Quae
1555 4259 1859 4351 suspicio
1905 4258 2360 4347 frequentiam
2415 4259 2483 4327 in
2536 4258 2675 4327 illis
2725 4257 2895 4328 locis
2930 4257 3151 4328 viato-

604 4366 754 4414 rum
789 4363 1175 4439 congregat‚
1210 4362 1284 4419 ut
1323 4350 1698 4418 imminens
1728 4349 2115 4440 periculum
2166 4348 2419 4420 auxilio
2456 4362 2691 4418 mutuo
2722 4346 3153 4417 declinetur.
