3347 4999
712 352 842 417 746
1285 367 1362 413 nr.
1409 365 1501 414 ss.
1546 365 1811 414 zanomo
1859 367 1934 413 ar
1983 366 2251 414 zoeuoma
2297 367 2488 414 nar.
2850 349 3029 414 OCT.
3078 352 3155 415 30

623 464 1012 532 cunctatu5‚
1067 449 1183 522 sed
1236 451 1463 521 statim
1500 472 1659 521 cum
1692 450 1985 552 conjuge
2015 462 2081 520 et
2120 450 2356 522 liberis
2391 451 2517 521 iter
2556 451 2939 541 ingressus,
2982 453 3156 522 venit

623 548 857 632 Aegas.
911 540 1093 611 Talis
1138 540 1323 610 enim
1371 553 1495 619 est,
1534 540 1654 627 qui
1704 539 2056 630 affligitur,
2095 541 2395 620 animus,
2447 553 2513 609 et
2551 540 2636 610 ad
2674 539 2768 621 id,
2805 539 2992 627 quod
3045 563 3159 610 au-

623 630 825 700 dierit
870 627 1346 717 exequendum
1396 629 1777 699 acerrimus
1828 642 2104 787 gropter
2141 650 2331 718 spem
2388 628 2738 698 meliorem
2796 628 3154 699 libertatis.

625 724 788 790 Cum
843 718 1010 789 illuc
1056 739 1220 808 ergo
1269 718 1584 800 venisset,
1663 739 1825 808 roga
1880 731 1946 788 at
1993 717 2080 787 de
2127 717 2441 799 Zenobi0,
2505 718 2792 788 ubinam
2842 731 3051 799 esset,
3102 732 3160 788 et

622 807 805 900 apud
843 828 1046 895 quem
1096 807 1403 897 degeret:
1455 819 1522 876 et
1553 827 1757 876 omne
1813 808 2107 897 ponebat
2153 806 2487 886 studium,
2541 820 2616 876 ut
2670 829 2830 876 eum
2876 805 3155 877 videret.

624 901 788 967 Cum
853 897 980 966 hoc
1027 908 1254 966 autem
1308 895 1510 965 modo
1557 917 1631 965 se
1680 895 1960 966 haberet
2017 893 2257 976 Indus,
2308 908 2375 966 et
2422 908 2557 965 tam
2624 896 2859 996 magni
2912 894 3164 966 faceret

623 985 818 1056 illum
870 984 1121 1062 videre,
1167 984 1226 1054 ei
1277 1005 1365 1075 ap
1418 997 1562 1054 aret
1609 984 1803 1065 visin,
1868 1005 2044 1071 quae
2090 983 2154 1053 ei
2210 1006 2384 1062 vere,
2428 996 2495 1054 et
2541 1006 2678 1053 non
2736 1006 2806 1052 in
2862 985 3155 1065 somnis,

611 1075 903 1165 jubebat
934 1073 1257 1144 accedere
1302 1096 1344 1142 a
1438 1071 1797 1143 ecclesiam
1849 1073 2418 1144 Christianorum.
2458 1095 2495 1139 «
2542 1079 2616 1143 In
2663 1095 2739 1143 ea
2789 1074 3011 1152 enim,
3066 1074 3162 1143 in·

619 1167 792 1252 quit,
856 1163 1165 1233 invenies
1217 1185 1402 1244 eum,
1455 1184 1657 1250 quem
1725 1162 2023 1249 quaeriS,
2089 1185 2125 1229 »
2181 1166 2347 1232 Cum
2403 1162 2464 1232 is
2510 1184 2674 1253 ergo
2720 1163 3156 1242 surrexisset,
3215 1252 3219 1255 y

622 1275 782 1323 cum
829 1275 1040 1322 uxore
1088 1252 1314 1322 statim
1373 1251 1553 1321 venit
1617 1249 1702 1320 ad
1755 1250 2113 1339 templum.
2168 1256 2246 1321 Et
2298 1273 2458 1320 cum
2524 1251 2591 1320 in
2649 1273 2727 1321 eo
2785 1251 3162 1322 invenisset

623 1347 975 1422 Sanctum,
1011 1352 1300 1413 stantem
1338 1339 1408 1408 in
1438 1337 1663 1409 medio
1693 1338 2182 1420 multitudiniS‚
2216 1351 2282 1410 et
2316 1360 2395 1409 ex
2425 1361 2543 1410 ore
2571 1361 2699 1410 suo
2732 1340 3157 1410 emittentem

619 1431 973 1500 doctrinae
1029 1429 1246 1499 fontes
1295 1428 1765 1508 suavissimos,
1819 1427 2098 1498 dimotis
2148 1429 2273 1509 iis,
2327 1429 2449 1514 qui
2502 1429 3154 1510 circumsistebant,

622 1520 968 1609 speciosos
1004 1518 1197 1589 illius
1233 1516 1461 1608 pedes,
1495 1529 1561 1587 et
1589 1516 1770 1586 bona
1818 1537 2047 1586 revera
2101 1517 2635 1606 evangelizantis
2672 1517 3159 1587 ardentissime

621 1608 1129 1710 apprehensam
1195 1605 1585 1696 supplices,
1660 1605 2309 1693 misericordemque
2374 1618 2439 1675 et
2498 1606 2906 1677 clementem
2972 1607 3157 1676 illam

622 1719 924 1768 ammam
975 1708 1173 1766 orant
1217 1708 1284 1765 et
1327 1695 1715 1774 obsecrant,
1771 1706 1847 1763 ut
1900 1716 1941 1763 a
1994 1693 2172 1765 malo
2229 1694 2626 1765 liberentur.
2682 1699 2850 1765 Nam
2902 1696 3038 1765 etsi
3093 1698 3155 1764 iu

622 1785 853 1857 uxoris
889 1785 1162 1855 thorace
1191 1784 1442 1855 inesset
1492 1782 1797 1863 morbus,
1852 1783 2081 1852 mariti
2142 1797 2363 1853 tamen
2396 1785 2620 1855 multo
2671 1783 2893 1873 magis
2930 1798 3045 1855 tan

621 1876 737 1945 bat
784 1874 1123 1944 animum.
1178 1872 1300 1943 Ille
1355 1884 1583 1944 autem
1647 1871 2026 1943 curationis
2089 1872 2467 1942 mercedem
2537 1873 2624 1944 ab
2688 1873 2787 1943 eis
2856 1887 3015 1964 post
3098 1885 3157 1942 at

625 1964 965 2055 pietatem,
1020 1977 1085 2033 et
1135 1975 1208 2032 ut
1271 1984 1311 2031 a
1381 1960 1599 2052 patrio
1644 1981 1873 2030 errore
1917 1960 2369 2043 discedenteS,
2420 1961 2507 2031 ad
2559 1962 2938 2064 agnitionis
2988 1963 3157 2031 veri·

624 2066 824 2123 tatem
860 2051 1389 2153 transfugerent.
1433 2049 1623 2133 Quod
1671 2047 1951 2136 quidem
1989 2062 2306 2150 prompto
2338 2065 2404 2120 et
2433 2049 2644 2120 alacri
2675 2051 2891 2120 animi
2930 2050 3155 2120 studio

622 2163 696 2212 se
765 2140 1064 2210 facturos
1111 2163 1210 2209 eis
1278 2138 1791 2230 profitentibus,
1859 2160 2005 2209 excl
2060 2138 2207 2210 iens
2271 2143 2600 2210 Sanctus:
2658 2163 2692 2205 «
2747 2144 2825 2208 In
2880 2141 3158 2210 nomine

622 2238 788 2300 Jesu
837 2229 1109 2306 Christi,
1148 2228 1395 2315 inquit,
1435 2227 1555 2315 qui
1596 2227 1860 2297 sanavit
1900 2249 2016 2296 mu
2050 2227 2256 2296 ierem
2294 2228 2631 2318 profluvio
2663 2228 3035 2317 sanguinis
3066 2228 3154 2297 la·

628 2320 982 2389 borantem
1015 2317 1071 2398 *,
1125 2339 1291 2386 sana
1324 2328 1489 2397 esto,
1547 2315 1816 2397 mulier,
1868 2327 1932 2385 et
1967 2314 2256 2386 liberare
2293 2339 2334 2386 a
2383 2317 2643 2387 morbo.
2685 2340 2720 2383 »
2772 2318 3155 2404 Statimque

625 2406 854 2498 gravis
903 2404 1018 2475 ille
1079 2404 1361 2475 morbus
1408 2403 1653 2483 verbo,
1709 2417 2055 2492 tamquam
2108 2404 2381 2495 flagello
2428 2405 2683 2494 aliqu0‚
2739 2404 2869 2476 l'uit
2915 2406 3156 2495 expul-

625 2519 788 2568 sus:
840 2508 903 2565 et
951 2494 1264 2564 divinum
1314 2493 1735 2584 baptismum
1786 2507 1853 2563 et
1913 2493 2081 2584 ipse,
2148 2507 2214 2564 et
2276 2517 2466 2578 uxor,
2520 2509 2585 2565 et
2634 2494 2831 2565 liberi
2881 2493 3159 2565 fuerunt

621 2585 945 2657 assecuti.
999 2582 1253 2654 Deinde
1299 2583 1502 2652 etiarn
1567 2604 1726 2652 cum
1777 2581 2067 2653 fuissent
2115 2584 2484 2676 participes
2532 2598 3152 2665 sacramentorum,

622 2674 906 2745 domum
960 2672 1116 2743 laeti
1154 2670 1527 2754 redierunt,
1579 2683 1657 2740 ut
1694 2671 1814 2758 qui
1862 2693 2020 2741 cum
2064 2672 2304 2743 morbo
2353 2673 2688 2754 mulieris,
2742 2673 2863 2760 qui
2912 2687 3062 2744 erat
3093 2675 3155 2742 in

623 2764 917 2842 thorace,
971 2766 1113 2832 una
1158 2783 1433 2849 quoque
1491 2759 1952 2850 perdidissent
1993 2761 2308 2831 morbum
2361 2761 2809 2854 deceptioniS,
2868 2777 2937 2832 et
2978 2764 3158 2833 sani·

622 2865 754 2923 tate
786 2852 1060 2922 animae
1106 2850 1398 2920 fuissent
1445 2847 1863 2939 locupletati.

706 2943 743 3029 §
792 2946 874 3015 4.
929 2939 1072 3009 Alia
1105 2960 1379 3027 quoque
1413 2937 1685 3018 mulier,
1723 2960 1899 3026 quae
1949 2937 2017 3006 in
2053 2939 2297 3008 virtute
2330 2938 2598 3009 vivebat
2629 2940 3060 3021 Antiochiae,
3097 2952 3159 3010 et

622 3052 817 3132 opem
872 3028 1129 3099 ferebat
1191 3027 1429 3097 multis
1490 3026 1995 3117 indigentibuS,
2073 3028 2141 3096 in
2197 3028 2513 3097 morbum
2581 3027 2825 3097 incidit
2894 3031 3158 3119 gravis·

621 3140 903 3188 simum.
943 3122 1113 3187 Eum
1154 3115 1401 3186 medici
1438 3116 1747 3185 nominat
1783 3115 2323 3217 phagedaenam.
2380 3121 2667 3187 Exortus
2713 3128 2946 3187 autem
2989 3120 3160 3188 inter

623 3206 991 3287 mamillas,
1020 3206 1328 3275 vastabat
1360 3204 1592 3274 omnia
1622 3205 2098 3274 circumcirca.
2139 3208 2425 3275 Omnem
2469 3227 2631 3307 ergo
2667 3204 2881 3276 aliam
2911 3206 3159 3298 despe⁴

620 3317 781 3365 rans
831 3295 980 3385 ipsa
1027 3316 1299 3381 quoque
1337 3293 1787 3374 curationem,
1822 3292 2171 3383 egreditur
2207 3306 2410 3363 noctu
2440 3316 2478 3364 e
2511 3294 2815 3364 civitate:
2856 3316 3158 3385 cumque

621 3381 911 3452 venisset
939 3404 1053 3468 per
1078 3382 1454 3452 Seleuciam
1482 3381 1574 3461 μ,
1604 3394 1668 3451 et
1696 3381 1778 3451 ad
1814 3381 1977 3451 litus
2003 3382 2424 3464 accessisset,
2456 3395 2523 3453 et
2543 3405 2783 3453 navem
2801 3385 3155 3470 quandam

623 3470 1066 3551 ascendisset,
1096 3470 1630 3561 appellitAegaS.
1668 3469 2030 3540 Etardenti
2057 3469 2286 3541 studio
2316 3471 2400 3540 ad
2435 3483 2749 3542 sanctum
2788 3473 3155 3553 accedens,

617 3560 677 3632 ei
704 3559 1001 3630 ostendit
1076 3581 1299 3629 ravem
1334 3558 1522 3628 illam
1559 3559 2011 3642 affectionem,
2049 3581 2348 3647 eumque
2377 3574 2654 3652 rogatet
2680 3561 3061 3652 supplicat,
3089 3574 3160 3632 ut

620 3649 719 3719 vel
771 3661 929 3718 ante
978 3649 1020 3717 il
1060 3649 1169 3718 ius
1214 3646 1452 3718 oculos
1493 3648 1849 3727 moriatur,
1902 3660 1966 3717 et
2013 3647 2148 3718 cito
2195 3647 2496 3720 exsolvat
2543 3649 2880 3729 debitum,
2938 3652 3044 3721 vel
3082 3651 3160 3721 li-

621 3741 896 3810 beretur
941 3760 975 3807 a
1031 3737 1233 3819 male,
1286 3736 1468 3824 quod
1503 3758 1653 3806 eam
1705 3736 1843 3806 affli
1897 3737 1969 3806 it.
2012 3737 2284 3807 Morbus
2330 3739 2515 3807 enim
2569 3739 2632 3808 ei
2689 3750 2953 3807 tantam
2998 3740 3161 3810 affe·

621 3828 805 3898 rebat
859 3826 1355 3907 necessitatem,
1405 3838 1468 3895 et
1519 3837 1780 3895 tantum
1882 3824 2164 3907 olorem,
2205 3837 2279 3895 ut
2306 3827 2514 3897 etiam
2565 3840 2848 3896 mortem
2906 3841 3165 3919 peteret

619 3917 766 3987 loco
813 3914 1167 3997 beneficii,
1219 3927 1285 3984 et
1330 3936 1404 3983 ea
1472 3912 1817 3983 videretur
1884 3936 2034 3989 esse
2091 3913 2405 3986 liberatio
2453 3938 2494 3985 a
2545 3915 2769 3985 maliS.
2826 3921 3002 3987 Cum
3055 3918 3166 3988 his

620 4021 847 4076 motus
893 4004 1134 4075 fuisset
1181 4016 1488 4084 sanctu5‚
1526 4015 1591 4072 et
1624 4025 1836 4073 manu
1871 4004 2106 4074 Crucis
2137 4003 2414 4105 signum
2450 4003 2743 4086 fecisset,
2796 4019 2865 4075 et
2910 4006 3166 4077 deinde

618 4093 924 4164 divinum
978 4094 1222 4163 Christi
1267 4113 1513 4162 nomen
1572 4092 1954 4162 invocasset
1997 4092 2069 4182 (o
2121 4097 2238 4162 Dei
2286 4091 2596 4183 judicia,
2665 4116 2705 4162 o
2772 4095 3170 4187 benignita-

618 4194 775 4263 tem,
815 4204 991 4271 quae
1033 4181 1245 4253 nullis
1298 4193 1516 4272 potest
1556 4181 1780 4252 verbis
1817 4180 2164 4272 exprimi),
2212 4182 2563 4272 rumpitur
2608 4181 2892 4269 quidem
2930 4187 3171 4256 statim

671 4379 698 4405 ⁸
726 4377 781 4418 In
799 4377 967 4419 natta.
987 4388 1055 4419 tx.

669 4431 882 4527 ῑξιέῑοοο
902 4433 977 4472 eat
992 4432 1178 4471 Seleucn'a
1199 4430 1389 4478 evictae,
1406 4440 1525 4481 qnae
1546 4440 1670 4472 nune
1692 4431 1908 4473 Selenen
1927 4432 2136 4472 vocatur.
2152 4432 2270 4472 Tres
2285 4431 2444 4472 autem
2458 4430 2577 4471 alise
2593 4431 2748 4477 urbes,
2764 4430 2833 4473 ita
2847 4436 3175 4486 nuncupatae,

615 4496 674 4528 ox
706 4495 719 4524 ι
773 4496 837 4525 re.
