3347 4999
169 316 356 386 OCT.
408 316 492 407 24
806 333 885 379 nn
939 333 996 380 s.
1048 327 1299 379 anm-at
1346 332 1537 380 naar.
1590 332 1666 378 nr
1713 329 1914 380 socus
1959 330 2112 379 mus
2517 314 2646 379 689

171 421 414 495 vitam,
453 430 518 487 et
566 430 920 504 tamquam
971 416 1340 486 occisionis
1399 438 1557 486 oves
1604 437 1854 485 sumus
1904 415 2223 506 reputati.
2292 420 2371 485 Et
2432 438 2619 486 nunc
2670 429 2734 486 te

176 507 536 598 supplices
586 527 949 597 rogamus:
1002 505 1123 574 fiat
1170 503 1342 574 ultio
1413 504 1780 596 sanguinis
1829 525 2185 574 servorum
2247 517 2549 584 tuorum,
2612 507 2734 592 qui

176 597 313 671 fuit
360 595 645 666 effusus.
699 593 958 664 Extolle
1006 616 1259 663 manus
1309 606 1461 663 tuas
1511 614 1725 682 super
1771 593 2063 663 istorum
2120 593 2548 682 superbiam.
2604 599 2733 663 Su-

172 686 374 773 scipe
419 706 499 754 ac
547 682 837 753 defende
889 705 1129 751 eorum
1181 681 1386 762 filios,
1440 682 1560 769 qui
1610 704 1735 771 pro
1776 695 1838 752 te
1890 681 2307 752 moriuntur.
2354 682 2729 752 Corrobora

177 774 558 853 civitatem,
612 794 789 860 quae
823 771 1160 863 gloriatur
1209 784 1323 841 tuo
1360 771 1656 861 pretioso
1705 771 2050 858 sanguine
2094 782 2160 839 et
2208 775 2443 852 cruce,
2488 784 2553 840 et
2589 793 2740 860 per-

180 862 650 954 pessionibus.
706 860 930 941 Vides,
983 859 1573 947 quemadmodum
1622 881 1774 929 eam
1838 859 1936 928 tui
1993 858 2371 929 affecerunt
2420 859 2732 929 inimici:

164 951 632 1024 attonderunt
676 950 827 1039 ejus
880 961 1409 1019 ornamentum:
1467 947 1924 1039 profanarunt
1964 947 2436 1019 sanctuarium
2490 961 2735 1017 tuum:

170 1039 523 1130 templum
575 1052 890 1109 sanctum
930 1051 1126 1108 tuum
1177 1049 1617 1108 exusserunt:
1652 1035 1836 1124 quod
1874 1037 1992 1106 tibi
2028 1037 2317 1127 placeat,
2365 1049 2443 1106 ut
2492 1059 2739 1107 rursus

167 1129 553 1202 extollatur
585 1141 650 1197 et
682 1126 1063 1207 roboretur,
1108 1125 1339 1195 dando
1374 1140 1644 1216 sceptra
1686 1125 1991 1216 Regibus
2019 1125 2448 1208 Christianis,
2485 1147 2739 1212 eosque

173 1239 481 1308 magnos
527 1228 593 1286 et
640 1215 911 1305 amplos
968 1214 1318 1285 reddendo
1367 1216 1437 1284 in
1492 1227 1607 1285 tuo
1657 1215 1960 1285 nomine.
2028 1216 2159 1297 Qui
2204 1228 2435 1285 autem
2489 1214 2557 1283 in
2611 1214 2737 1285 ho-

178 1329 357 1379 nore
404 1317 716 1375 nostrum
772 1304 1125 1374 habebunt
1190 1304 1648 1394 martyrium,
1706 1302 1793 1372 da
1841 1303 1942 1373 eis
2007 1304 2212 1373 vitam
2288 1303 2461 1373 citra
2523 1302 2739 1374 ullam

174 1396 665 1475 offensionem,
721 1393 1063 1464 bonorum
1098 1392 1411 1482 copiam‚·
1447 1404 1513 1462 et
1561 1392 1830 1461 veniam
1895 1404 2358 1482 peccatorum.
2403 1397 2537 1463 Nos
2585 1415 2742 1463 vero

176 1487 311 1574 qui
353 1497 549 1553 tuum
599 1482 969 1552 adventum
1032 1481 1429 1561 dileximuS,
1488 1482 1555 1551 in
1609 1494 1886 1551 aeterna
1934 1481 2212 1571 suscipe
2261 1480 2734 1563 tabernacula,

177 1588 252 1644 et
306 1572 919 1654 annumera'inter
965 1592 1104 1651 θος,
1160 1571 1283 1657 qui
1333 1570 1457 1640 tibi
1520 1571 1607 1640 ab
1667 1583 1945 1640 aeterno
1986 1570 2418 1658 placuerunt.
2467 1593 2503 1637 »
2558 1574 2739 1641 Haec

177 1684 351 1734 cum
405 1661 762 1740 dixissent,
816 1682 889 1729 se
928 1659 1220 1728 invicem
1277 1671 1441 1729 sunt
1479 1659 1802 1748 amplexi.
1858 1659 2134 1730 Primus
2183 1671 2410 1728 autem
2463 1657 2746 1729 divinus

185 1749 479 1822 Arethas
527 1749 791 1820 cervice
840 1748 1217 1829 inclinate,
1271 1748 1484 1817 ictum
1538 1747 1753 1838 gladii
1805 1747 2134 1817 laetanter
2194 1748 2468 1837 excipit,
2533 1759 2598 1817 et
2653 1748 2747 1818 ita

180 1841 256 1910 ei
307 1849 520 1928 caput
567 1849 993 1928 amputatur.
1059 1842 1266 1907 Porro
1314 1850 1542 1906 autem
1614 1836 1924 1923 reliquus
1971 1858 2246 1924 quoque
2290 1836 2569 1918 choruS,
2628 1837 2748 1927 ju·-

186 1926 427 1998 cunda
476 1939 540 1996 et
590 1947 770 2014 quae
817 1926 991 1995 solvi
1056 1947 1190 1996 non
1247 1938 1530 2015 poterat,
1602 1924 1954 2005 sodalitas,
2007 1948 2164 1994 cum
2228 1924 2745 2013 quammaxima

196 2028 584 2108 potuerunt
617 2015 984 2095 celeritate,
1027 2036 1098 2083 se
1128 2013 1516 2084 venerando
1550 2014 1911 2083 unxissent
1941 2013 2133 2083 illius
2171 2014 2533 2103 sanguine,
2580 2025 2748 2083 tam-

188 2125 414 2192 quam
468 2116 827 2195 unguento
874 2103 1107 2190 aliquo
1158 2103 1475 2193 pretiOSO‚
1529 2117 2028 2189 consequenter
2088 2102 2172 2171 ad
2235 2115 2518 2180 mortam
2590 2124 2751 2172 con-

188 2192 595 2263 tenderunt.
642 2215 851 2280 quam
889 2192 1123 2293 gladio
1174 2214 1460 2283 propere
1494 2204 1933 2281 acceperunt,
1981 2191 2115 2261 sibi
2148 2192 2440 2261 invicem
2476 2203 2749 2281 tempus

197 2280 717 2373 propemodum
777 2281 1200 2362 invidenteS,
1269 2292 1502 2370 utpote
1549 2280 1734 2366 quod
1784 2279 1949 2366 quid
2005 2280 2229 2370 majus
2277 2279 2363 2349 ad
2417 2280 2746 2351 honorem

179 2372 618 2529 “ibgeoemf
665 2369 752 2452 ei,
807 2369 928 2457 qui
966 2370 1161 2460 prius
1193 2382 1340 2439 erat
1391 2381 1729 2450 mortuus,
1786 2390 1948 2459 prae
1980 2368 2123 2451 illo,
2165 2368 2285 2455 qui
2341 2367 2593 2440 deinde
2640 2392 2748 2439 se-

229 2481 318 2531 ue
372 2471 539 2530 atur
615 2515 628 2529 .
2222 2514 2229 2521 .

176 2484 222 2550 q
279 2552 318 2637 ξ
360 2554 527 2619 22.
582 2547 932 2631 Quaedam
969 2559 1197 2618 autem
1245 2546 1494 2617 mulier
1539 2546 1805 2617 habens
1847 2569 2137 2637 puerum
2190 2559 2751 2647 praetercurren-

192 2651 359 2720 tem,
409 2658 545 2706 non
594 2637 753 2728 plus
791 2658 1002 2723 quam
1044 2637 1355 2724 quinque
1382 2658 1604 2706 annos
1643 2649 1907 2717 natum,
1947 2658 2107 2706 cum
2144 2635 2403 2705 videret
2463 2658 2540 2705 ea
2575 2658 2752 2723 quae

190 2727 477 2808 fiebant,
531 2725 710 2795 etad
766 2726 1067 2795 similem
1119 2747 1411 2795 accensa
1443 2736 1619 2795 esset
1651 2724 2213 2806 aemulationem,
2258 2725 2593 2794 citissime
2640 2746 2753 2794 ac-

187 2837 510 2897 currem,
540 2835 701 2885 cum
745 2814 895 2905 ipsa
943 2836 1218 2902 quoque
1268 2815 1647 2901 accepisset
1695 2814 2134 2904 sanguinem,
2182 2834 2254 2881 se
2289 2812 2406 2881 illo
2441 2812 2639 2882 unxit
2684 2824 2749 2882 et

192 2905 447 2976 filium.
516 2901 768 2972 Deinde
827 2904 1063 2993 ipsum⁸
1108 2909 1361 2994 Regem
1425 2902 1942 2982 ludificabatur,
2003 2923 2160 2970 eum
2205 2923 2457 2971 vocans
2497 2906 2748 2991 Tyran-

194 3016 395 3073 num,
454 3005 520 3062 et
577 2993 1097 3081 quammaxima
1149 3004 1410 3082 poterat
1456 3011 1617 3060 voce
1672 2991 1949 3060 dicens:
1989 3015 2026 3057 «
2075 2988 2217 3059 Erit
2277 2990 2748 3060 Hebraeorum

194 3088 293 3153 Re
350 3082 393 3162 i,
435 3082 617 3151 sicut
648 3080 1013 3151 Pharaoni.
1058 3104 1093 3148 »
1136 3081 1336 3150 Illius
1367 3103 1523 3150 vero
1558 3079 1909 3161 satelliteS,
1950 3080 2057 3159 iis,
2102 3100 2281 3165 quae
2307 3078 2744 3161 dicebantur,

188 3106 479 3250 augitis,
514 3170 1089 3258 comprehensam
1122 3171 1349 3240 statim
1382 3169 1741 3238 mulierem
1778 3168 2046 3237 ducunt
2072 3166 2159 3236 ad
2196 3167 2426 3256 ipsum
2464 3173 2745 3258 Regem,

191 3273 261 3330 et
312 3258 705 3337 maledicta,
745 3259 1003 3345 quibus
1041 3257 1236 3327 illum
1274 3259 1520 3328 acerbe
1552 3257 1940 3346 appetebat,
1982 3256 2394 3326 renunciant
2418 3279 2575 3326 cum
2608 3278 2753 3326 ma-

194 3371 334 3439 gna
371 3346 788 3417 accessione.
828 3347 952 3415 Ille
982 3359 1237 3429 autem,
1270 3369 1431 3415 cum
1464 3368 1585 3416 nec
1612 3346 1676 3415 ei
1705 3346 1979 3415 fecisset
2007 3345 2285 3415 dicendi
2320 3358 2745 3436 potestatem,

194 3449 263 3507 et
295 3458 420 3505 nec
450 3456 602 3504 eam
631 3433 910 3521 quidem
949 3435 1457 3524 interrogasset,
1496 3456 1649 3504 eam
1684 3435 2120 3514 condemnat,
2158 3448 2237 3504 ut
2265 3435 2424 3525 igne
2458 3456 2754 3504 morere-

197 3540 336 3595 tur.
379 3523 620 3594 Statim
669 3543 832 3612 ergo
881 3522 1011 3593 fuit
1049 3545 1173 3593 con
1229 3536 1373 3603 esta
1425 3523 1733 3606 materia,
1785 3535 1851 3593 et
1902 3523 2083 3613 ignis
2135 3523 2196 3592 ei
2248 3525 2638 3613 subjectus:
2693 3534 2760 3593 et

194 3615 486 3684 flamma
523 3610 695 3680 sein
737 3613 954 3680 altum
993 3625 1188 3682 sustu
1225 3613 1294 3693 it,
1349 3610 1614 3682 sulfure
1647 3625 1712 3683 et
1764 3613 1913 3702 pice
1947 3624 2014 3681 et
2046 3614 2414 3683 sarmentis
2466 3612 2750 3682 nutrita.

197 3701 461 3773 Deinde
495 3699 851 3769 fuitetiam
883 3700 1164 3802 alligata
1198 3700 1471 3771 mulier:
1511 3714 1576 3771 et
1615 3724 1764 3771 eam
1803 3702 2121 3771 lictorum
2152 3708 2419 3785 {manus
2459 3700 2755 3801 comple-

198 3792 591 3869 ctebantur,
632 3801 707 3858 ut
754 3811 912 3857 cum
945 3788 1187 3859 fulsset
1227 3790 1326 3860 eis
1372 3813 1551 3860 onus
1602 3802 1876 3880 portatu
1924 3790 2146 3870 facile,
2202 3791 2403 3860 sicin
2458 3788 2757 3859 mediam

199 3882 560 3951 flammam
599 3889 780 3947 recta
823 3879 1302 3965 conjiceretur.
1366 3884 1543 3949 Puer
1591 3892 1849 3960 autem,
1897 3880 2018 3967 qui
2068 3877 2261 3951 solus
2306 3890 2751 3958 remanserat,

202 3969 502 4045 dolebat,
552 3966 1073 4057 indignabatur,
1127 3990 1206 4037 ae
1261 3990 1328 4038 re
1393 3968 1671 4049 ferebat,
1731 3990 1865 4039 non
1928 3990 2128 4038 secus
2168 3989 2247 4037 ac
2312 3988 2550 4038 recens
2617 3967 2761 4037 nati

205 4057 404 4145 pulli,
446 4078 581 4126 non
634 4055 860 4125 fere-ns
897 4057 1135 4126 matris
1184 4079 1223 4126 a
1276 4058 1592 4127 sentiam.
1648 4063 1854 4128 Porro
1892 4072 2122 4127 autem
2185 4057 2254 4126 in
2307 4077 2555 4147 gyrum
2615 4078 2762 4125 ver-

208 4156 358 4218 tens
390 4146 654 4231 oculos,
698 4157 763 4215 et
795 4145 1225 4216 amicissima
1258 4146 1499 4237 lingua
1537 4160 1823 4217 matrem
1863 4146 2246 4234 requirens,
2287 4145 2469 4215 videt
2503 4150 2757 4236 Regem

257 4288 286 4314 ⁸
305 4288 347 4328 S.
367 4290 582 4335 Arethae.
600 4293 838 4339 tamquam
860 4290 990 4329 urbis
1012 4291 1196 4339 thrau
1216 4288 1432 4340 principi.
1453 4292 1561 4330 ante
1578 4294 1789 4331 caeteros
1808 4288 1929 4330 calix
1948 4287 2198 4340 Sanguinis
2216 4290 2403 4330 Domini
2423 4290 2766 4340 porrigebatur:

209 4341 257 4379 ct
275 4351 414 4387 nunc,
430 4345 645 4384 eamdem
663 4345 723 4383 ob
742 4354 945 4390 causam,
964 4345 1144 4391 primus
1164 4342 1290 4383 inter
1308 4346 1700 4393 proceres.cap1te
1721 4346 2045 4385 detruncatur.
2067 4345 2199 4385 Pausi
2219 4348 2331 4383 sunt
2361 4341 2436 4383 die
2465 4346 2516 4384 20
2545 4345 2770 4389 octobris.

206 4398 453 4489 ὂῐέὶὲἓῃδὲθὲ
465 4398 739 4490 Prcfirtgeslebre
759 4400 917 4437 antem
941 4399 990 4437 in
1012 4400 1112 4438 toto
1132 4399 1323 4438 Oriente
1344 4400 1417 4439 est
1436 4398 1526 4438 hoc
1545 4398 1845 4447 Martyrium:
1868 4399 1925 4439 de
1945 4400 2048 4448 ipso
2070 4395 2285 4438 meminit
2314 4398 2361 4438 et
2391 4398 2686 4438 Mahumeteg
2716 4396 2769 4438 in

400 4477 411 4495 ι
454 4460 485 4488 U
622 4481 630 4489 .

371 4533 610 4592 surius
638 4562 662 4580 -
702 4532 871 4595 Vicae
898 4534 999 4596 ss.
1035 4565 1063 4580 -
1098 4531 1334 4597 v01.X.
2531 4531 2610 4592 44
