3347 4999
141 332 331 399 OCT.
395 332 489 396 ¹13
1090 352 1167 396 DE
1216 352 1273 397 s.
1324 350 1614 397 nomano
1665 351 1824 397 REGE
2503 337 2629 401 379

235 437 276 521 ξ
334 438 502 504 28.
554 438 815 503 Interea
865 433 1230 513 Haraldus‚
1274 433 1464 501 filius
1513 433 1841 514 Godwini,
1895 457 1965 504 re
2020 457 2185 504 num
2228 459 2350 507 nec
2374 438 2554 526 jure,
2595 461 2719 509 nec

142 524 416 592 natura
474 523 615 591 sibi
676 522 982 592 debitum
1035 544 1432 621 usurpans,
1488 521 1775 602 malum,
1821 545 1954 609 quo
2056 523 2290 613 Anglis
2338 527 2719 597 secundum

144 612 383 682 sancti
420 611 635 701 Regis
661 612 1015 680 oraculum
1048 615 1378 679 Dominus
1399 624 1941 700 praeparaverat,
1976 614 2515 701 transgressione
2544 617 2723 704 pacti

145 723 319 770 cum
357 700 553 768 duce
585 700 961 768 Wilhelmo
1002 711 1067 768 et
1106 699 1266 768 fidei
1308 698 1629 779 laesione,
1675 700 2097 768 acceleravit.
2153 705 2233 769 Ut
2272 713 2498 771 autem
2557 716 2724 774 atte-

146 790 405 859 nuatis
464 788 735 858 viribus
768 789 1040 858 facilius
1087 788 1173 856 ab
1222 788 1330 856 his
1369 809 1544 874 quos
1576 788 1833 876 injuste
1927 802 2375 871 rovocaverat,
2414 792 2726 863 hostibus

145 879 592 957 vinceretur,
632 878 986 947 suscitavit
1032 876 1093 945 ei
1148 882 1320 947 Deus
1367 899 1406 945 a
1459 889 1648 965 parte
1694 878 1864 963 Aqui
1898 878 2051 946 onis
2085 877 2426 960 inimicos,
2465 880 2725 950 scilicet

148 966 563 1035 Haraldum
608 987 835 1055 regem
870 965 1284 1055 Norwegiae,
1338 975 1402 1034 et
1449 965 1753 1033 Tostium
1803 965 2078 1035 fratrem
2115 988 2347 1047 suum,
2400 989 2601 1054 quem
2638 968 2723 1038 de

150 1054 411 1145 Anglia
450 1054 811 1143 expulerat
845 1055 1011 1145 ipse,
1052 1054 1308 1141 quique
1358 1064 1659 1143 tempore
1691 1058 1784 1122 Re
1838 1054 1894 1123 is
1928 1054 2229 1123 Eduardi
2266 1056 2618 1125 exsulabat
2650 1057 2719 1125 in

152 1142 527 1212 Flandria.
568 1144 651 1210 Hi
693 1165 850 1211 cum
890 1165 1141 1233 magna
1188 1141 1406 1211 classe
1442 1164 1562 1231 per
1609 1146 1786 1211 Hum
1846 1143 2013 1212 riam
2051 1143 2428 1214 Eboracum
2481 1167 2722 1235 prope-

152 1244 400 1301 rantes
436 1286 452 1313 ,
512 1253 671 1299 cum
740 1232 1111 1301 exercitum
1169 1229 1861 1300 Northumbrensium
1930 1230 2185 1319 proelio
2245 1233 2716 1322 excepissent,

155 1321 366 1409 potiti
424 1320 759 1399 victoria,
817 1341 1137 1409 magnam
1205 1319 1289 1389 de
1350 1318 1781 1388 obstantibus
1844 1332 2139 1410 stragem
2188 1320 2722 1393 dederunt.·His

153 1409 480 1478 Haraldo
535 1408 903 1488 nunciatiS,
957 1409 1327 1477 exercitum
1385 1408 1743 1496 copiosum
1792 1429 1871 1476 ex
1911 1409 2237 1478 omnibus
2285 1410 2542 1480 finibus
2589 1416 2723 1480 An-

154 1498 347 1587 gliae
412 1496 719 1587 collegit.
790 1497 1119 1587 Apparuit
1166 1508 1391 1565 autem
1460 1510 1620 1565 tunc
1685 1509 1963 1566 sanctus
2029 1496 2390 1567 Eduardus
2444 1498 2721 1569 cuidam

152 1586 375 1666 Alexi,
409 1585 648 1654 abbati
690 1586 1065 1667 Ramesiae,
1098 1582 1242 1654 viro
1282 1584 1623 1675 religioSO,
1672 1583 1944 1654 dicens:
1999 1607 2035 1651 «
2073 1584 2275 1667 Vade,
2329 1599 2394 1655 et
2432 1587 2542 1656 dic
2589 1593 2722 1657 Ha-

156 1675 390 1755 raldo‚
443 1688 523 1741 ut
559 1674 873 1743 homines
904 1676 1022 1760 qui
1073 1686 1310 1743 contra
1350 1673 1470 1761 jus
1517 1685 1582 1741 et
1628 1671 1753 1753 saS,
1810 1673 2001 1763 regni
2049 1673 2262 1763 hujus
2309 1676 2480 1745 fines
2528 1677 2721 1746 inva-

156 1763 371 1843 dunt,
416 1762 871 1852 aggrediatur
902 1784 1161 1831 secure.
1200 1767 1336 1850 Ego
1369 1762 1550 1830 enim
1588 1783 1703 1830 ero
1737 1760 1872 1830 dux
1907 1774 1971 1830 et
2000 1774 2334 1851 protector
2357 1766 2717 1845 exercitus,

159 1853 513 1937 quoniam
543 1851 853 1939 justitiae
886 1853 1108 1940 gentis
1157 1851 1368 1939 hujus
1406 1850 1640 1918 deesse
1678 1871 1809 1918 non
1866 1872 2171 1939 possum.
2227 1857 2350 1922 Per
2397 1874 2504 1921 me
2536 1853 2722 1922 enim

161 1939 559 2029 reportabit
607 1939 749 2009 vice
783 1940 907 2009 hac
942 1940 1026 2009 de
1076 1940 1265 2008 hoste
1314 1939 1773 2027 triumphum.
1827 1944 1902 2007 Et
1951 1961 2037 2008 ne
2085 1940 2306 2009 verbis
2347 1942 2482 2010 tuis
2516 1942 2724 2010 fidem

164 2029 487 2118 deroget,
529 2041 858 2097 secretum
912 2028 973 2096 ei
1038 2029 1145 2098 sui
1191 2027 1419 2096 cordis
1465 2026 1770 2108 ostende,
1825 2039 1900 2097 ut
1934 2049 2093 2096 cum
2152 2029 2247 2111 ei,
2309 2052 2484 2116 quae
2531 2030 2724 2099 nullo

166 2118 462 2186 conscio
504 2129 727 2185 mente
759 2117 1089 2196 volvebat,
1142 2116 1431 2184 edixeris
1466 2136 1599 2183 non
1641 2116 1805 2184 haec
1840 2127 1994 2184 tuae
2028 2116 2557 2200 adinventionis,
2603 2118 2722 2187 sed

164 2227 369 2274 meae
410 2205 881 2294 promissioni,
918 2205 1303 2275 adscribat:
1358 2227 1394 2270 »
1423 2208 1624 2272 Nocte
1660 2203 1935 2290 quidem
1992 2207 2373 2294 praeterita,
2412 2230 2567 2276 cum
2605 2207 2724 2277 do-

164 2292 314 2362 lore
368 2293 655 2362 femoris
707 2306 1155 2380 torqueretur,
1205 2293 1360 2361 licet
1397 2314 1552 2361 eum
1593 2313 1728 2360 non
1767 2314 2006 2381 parum
2045 2309 2320 2384 urgeret
2351 2297 2723 2364 imminens

164 2382 524 2460 molestia,
558 2382 750 2450 siluit
783 2396 1033 2461 tamen,
1070 2394 1398 2470 reputans
1423 2380 1607 2468 apud
1646 2402 1739 2461 se,
1777 2381 1835 2449 si
1871 2381 2256 2470 publicaret
2289 2384 2717 2474 languorem,

168 2472 362 2557 quod
428 2470 577 2540 suis
624 2484 801 2539 esset
846 2471 1320 2559 contemptui,
1376 2482 1443 2537 et
1488 2468 1803 2539 hostibus
1870 2471 2199 2540 irrisioni.
2253 2477 2497 2542 Verum
2557 2473 2723 2560 quia

169 2581 366 2629 nunc
419 2559 509 2627 ab
560 2558 677 2628 illa
731 2574 912 2646 peste
940 2559 1309 2638 convaluit,
1364 2558 1447 2626 de
1497 2579 1646 2626 meo
1685 2580 2133 2647 praesumens
2164 2562 2446 2641 auxilio,
2485 2577 2723 2631 contra

171 2649 519 2716 Barbaros
540 2648 807 2735 justum
861 2648 1116 2717 bellum
1170 2646 1524 2736 suscipiat,
1563 2646 1750 2716 etab
1785 2645 2175 2717 imminenti
2226 2649 2530 2739 periculo
2558 2671 2721 2720 suos

171 2738 451 2826 eripiat.
501 2735 691 2818 Quod
743 2759 901 2805 cum
939 2737 1161 2806 Abbas
1210 2734 1506 2804 Haraldo
1542 2748 1931 2816 reserasset,
1984 2759 2063 2805 ex
2111 2738 2381 2806 coelesti
2476 2738 2718 2807 romis-

172 2825 367 2893 sione
404 2824 627 2894 factus
657 2824 1024 2906 audacior,
1080 2825 1147 2892 in
1186 2823 1413 2892 valida
1468 2845 1680 2891 manu
1743 2825 2209 2914 progredienS,
2265 2849 2401 2915 apu
2502 2830 2724 2894 Stam-

171 2912 494 3002 fordbrig
536 2913 847 2982 hostibus
876 2913 1197 2982 occurrit.
1236 2918 1689 2997 Consertoque
1742 2913 2022 3000 proeli0,
2076 2912 2216 2982 dux
2251 2926 2533 3000 uterque
2570 2935 2726 3003 pro-

176 3002 539 3080 sternitur,
597 3001 856 3071 scilicet
919 3024 1030 3071 rex
1089 3007 1318 3071 Norwe
1372 3001 1497 3080 iae,
1550 3012 1615 3069 et
1662 2998 1870 3068 frater
1915 3000 2242 3082 Haraldi‚
2300 3002 2608 3082 Tostius,
2660 3013 2738 3071 et,

178 3111 353 3178 pene
391 3103 573 3158 totus
609 3111 848 3160 eorum
889 3090 1224 3160 exercitus
1256 3090 1341 3157 de
1371 3102 1520 3158 etus
1552 3100 1676 3156 est.

267 3181 303 3264 ἓ
337 3182 502 3249 29.
533 3182 723 3247 Anno
759 3178 1289 3249 tricesimosexto
1326 3191 1474 3267 post
1516 3181 1580 3245 S.
1616 3174 1915 3244 Eduardi
1945 3176 2234 3258 obitum,
2273 3201 2432 3247 cum
2470 3198 2724 3266 corpus

179 3264 335 3352 ejus
369 3267 456 3335 de
497 3279 669 3335 terra
718 3267 1118 3348 elevaretur,
1172 3266 1544 3356 integrum,
1581 3264 2062 3353 incorruptum
2104 3279 2169 3335 et
2215 3266 2513 3336 flexibile
2560 3288 2721 3335 cum

178 3355 488 3424 vestibus
529 3355 917 3424 recentibus
953 3368 1293 3444 repertum
1323 3366 1447 3422 est.
1480 3351 1670 3434 Quod
1703 3352 1939 3421 videns
1961 3354 2327 3446 episcopus
2359 3354 2717 3436 Roll'ensiS,

180 3442 405 3529 pilum
443 3464 663 3511 unum
698 3443 1076 3513 devotionis
1114 3441 1455 3512 desiderio
1488 3460 1823 3510 accensus
1868 3443 2241 3524 extrahere,
2276 3443 2546 3530 sibique
2580 3464 2724 3512 ser-

180 3550 341 3599 vare
374 3544 687 3601 conatur.
743 3532 869 3601 Sed
920 3532 1034 3600 ille
1073 3531 1343 3600 firmius
1391 3530 1704 3607 haerenS,
1757 3528 2071 3599 effectum
2120 3533 2365 3603 mentis
2404 3531 2723 3621 Episcopi

182 3630 250 3687 et
280 3620 697 3689 voluntatem
734 3620 1181 3690 defraudavit.
1220 3618 1460 3687 Mulier
1490 3616 1832 3703 quaedam
1861 3618 1929 3687 in
1967 3617 2133 3690 festo
2167 3621 2388 3690 sancti
2421 3619 2724 3689 Eduardi

186 3709 516 3795 operibus
566 3730 839 3789 vacanS,
885 3707 1224 3799 paralysis
1267 3706 1503 3776 morbo
1536 3717 1873 3794 correpta,
1914 3706 2003 3775 ad
2051 3731 2305 3799 corpus
2354 3710 2570 3780 sancti
2607 3709 2728 3777 de-

187 3793 511 3878 ducitur,
566 3808 630 3865 et
683 3796 1039 3867 sanitatem
1095 3796 1451 3885 pristinam
1505 3815 1576 3862 se
1639 3796 1975 3884 recepisse
2023 3794 2335 3867 laetatur.
2391 3802 2549 3867 Tres
2598 3797 2727 3865 viri

188 3880 377 3952 febre
393 3888 731 3985 quartana
760 3887 996 3966 vexati,
1031 3885 1294 3953 visitato
1323 3883 1550 3953 Sancti
1574 3883 2021 3974 sarcophagO,
2049 3887 2245 3972 quasi
2273 3887 2342 3954 in
2381 3900 2727 3956 momento

193 3985 410 4043 curati
445 3986 629 4042 sunt.
