<?xml version="1.0" encoding="UTF-8"?>
<!DOCTYPE html PUBLIC "-//W3C//DTD XHTML 1.0 Transitional//EN"
    "http://www.w3.org/TR/xhtml1/DTD/xhtml1-transitional.dtd">
<html xmlns="http://www.w3.org/1999/xhtml" xml:lang="en" lang="en">
 <head>
  <title>
</title>
<meta http-equiv="Content-Type" content="text/html;charset=utf-8" />
  <meta name='ocr-system' content='tesseract 3.04.00' />
  <meta name='ocr-capabilities' content='ocr_page ocr_carea ocr_par ocr_line ocrx_word'/>
</head>
<body>
  <div class='ocr_page' id='page_1' title='image "./historiaeseuvit03lippgoog_0918.png"; bbox 0 0 3347 4999; ppageno 0'>
   <div class='ocr_carea' id='block_1_1' title="bbox 762 344 3131 412">
    <p class='ocr_par' dir='ltr' id='par_1_1' title="bbox 762 344 3131 412">
     <span class='ocr_line' id='line_1_1' title="bbox 762 344 3131 412; baseline 0.001 -3"><span class='ocrx_word' id='word_1_1' title='bbox 762 344 892 409; x_wconf 74' lang='lat'>746</span> <span class='ocrx_word' id='word_1_2' title='bbox 1334 361 1413 407; x_wconf 75' lang='lat' dir='ltr'>na</span> <span class='ocrx_word' id='word_1_3' title='bbox 1460 359 1552 409; x_wconf 88' lang='lat' dir='ltr'>ss.</span> <span class='ocrx_word' id='word_1_4' title='bbox 1596 360 1862 410; x_wconf 74' lang='lat' dir='ltr'>zanomo</span> <span class='ocrx_word' id='word_1_5' title='bbox 1910 362 1985 408; x_wconf 77' lang='lat' dir='ltr'>m·</span> <span class='ocrx_word' id='word_1_6' title='bbox 2032 361 2302 410; x_wconf 73' lang='lat' dir='ltr'>zanoaut</span> <span class='ocrx_word' id='word_1_7' title='bbox 2347 363 2538 410; x_wconf 68' lang='lat' dir='ltr'>nar.</span> <span class='ocrx_word' id='word_1_8' title='bbox 2883 345 3032 411; x_wconf 74' lang='lat' dir='ltr'>OCT.</span> <span class='ocrx_word' id='word_1_9' title='bbox 3069 349 3131 412; x_wconf 82' lang='lat'>30</span> 
     </span>
    </p>
   </div>
   <div class='ocr_carea' id='block_1_2' title="bbox 661 444 3141 1159">
    <p class='ocr_par' dir='ltr' id='par_1_2' title="bbox 661 444 3141 1159">
     <span class='ocr_line' id='line_1_2' title="bbox 674 444 3133 547; baseline 0.001 -31"><span class='ocrx_word' id='word_1_10' title='bbox 674 457 1063 527; x_wconf 77' lang='lat' dir='ltr'>cunctatuS,</span> <span class='ocrx_word' id='word_1_11' title='bbox 1117 444 1232 516; x_wconf 87' lang='lat' dir='ltr'>sed</span> <span class='ocrx_word' id='word_1_12' title='bbox 1287 444 1513 516; x_wconf 89' lang='lat' dir='ltr'>statim</span> <span class='ocrx_word' id='word_1_13' title='bbox 1550 467 1711 516; x_wconf 91' lang='lat' dir='ltr'>cum</span> <span class='ocrx_word' id='word_1_14' title='bbox 1743 445 2036 547; x_wconf 84' lang='lat' dir='ltr'>conjuge</span> <span class='ocrx_word' id='word_1_15' title='bbox 2066 457 2131 515; x_wconf 90' lang='lat' dir='ltr'>et</span> <span class='ocrx_word' id='word_1_16' title='bbox 2170 445 2405 516; x_wconf 90' lang='lat' dir='ltr'>liberis</span> <span class='ocrx_word' id='word_1_17' title='bbox 2440 447 2568 517; x_wconf 91' lang='lat' dir='ltr'>iter</span> <span class='ocrx_word' id='word_1_18' title='bbox 2606 447 2961 538; x_wconf 89' lang='lat' dir='ltr'>ingressus,</span> <span class='ocrx_word' id='word_1_19' title='bbox 2995 449 3133 518; x_wconf 85' lang='lat' dir='ltr'>venit</span> 
     </span>
     <span class='ocr_line' id='line_1_3' title="bbox 674 533 3136 626; baseline 0.001 -22"><span class='ocrx_word' id='word_1_20' title='bbox 674 541 908 626; x_wconf 80' lang='lat' dir='ltr'>Aegas.</span> <span class='ocrx_word' id='word_1_21' title='bbox 962 533 1143 605; x_wconf 89' lang='lat' dir='ltr'>Talis</span> <span class='ocrx_word' id='word_1_22' title='bbox 1188 535 1374 604; x_wconf 91' lang='lat' dir='ltr'>enim</span> <span class='ocrx_word' id='word_1_23' title='bbox 1423 547 1546 614; x_wconf 88' lang='lat' dir='ltr'>est,</span> <span class='ocrx_word' id='word_1_24' title='bbox 1585 535 1707 622; x_wconf 91' lang='lat' dir='ltr'>qui</span> <span class='ocrx_word' id='word_1_25' title='bbox 1754 534 2105 624; x_wconf 78' lang='lat' dir='ltr'>affligitur,</span> <span class='ocrx_word' id='word_1_26' title='bbox 2145 536 2445 616; x_wconf 90' lang='lat' dir='ltr'>animus,</span> <span class='ocrx_word' id='word_1_27' title='bbox 2498 549 2563 606; x_wconf 88' lang='lat' dir='ltr'>et</span> <span class='ocrx_word' id='word_1_28' title='bbox 2600 536 2686 606; x_wconf 91' lang='lat' dir='ltr'>ad</span> <span class='ocrx_word' id='word_1_29' title='bbox 2723 536 2813 619; x_wconf 89' lang='lat' dir='ltr'>id,</span> <span class='ocrx_word' id='word_1_30' title='bbox 2846 535 3005 623; x_wconf 91' lang='lat' dir='ltr'>quod</span> <span class='ocrx_word' id='word_1_31' title='bbox 3046 558 3136 606; x_wconf 85' lang='lat' dir='ltr'>au·</span> 
     </span>
     <span class='ocr_line' id='line_1_4' title="bbox 673 622 3131 782; baseline 0 -89"><span class='ocrx_word' id='word_1_32' title='bbox 673 624 875 694; x_wconf 89' lang='lat' dir='ltr'>dierit</span> <span class='ocrx_word' id='word_1_33' title='bbox 920 622 1394 711; x_wconf 81' lang='lat' dir='ltr'>exequendum</span> <span class='ocrx_word' id='word_1_34' title='bbox 1447 624 1827 694; x_wconf 90' lang='lat' dir='ltr'>acerrimus</span> <span class='ocrx_word' id='word_1_35' title='bbox 1878 637 2153 782; x_wconf 53' lang='lat' dir='ltr'>gropter</span> <span class='ocrx_word' id='word_1_36' title='bbox 2190 646 2381 715; x_wconf 90' lang='lat' dir='ltr'>spem</span> <span class='ocrx_word' id='word_1_37' title='bbox 2438 624 2785 694; x_wconf 88' lang='lat' dir='ltr'>meliorem</span> <span class='ocrx_word' id='word_1_38' title='bbox 2839 625 3131 695; x_wconf 79' lang='lat' dir='ltr'><strong>libertatis.</strong></span> 
     </span>
     <span class='ocr_line' id='line_1_5' title="bbox 675 712 3139 803; baseline -0 -19"><span class='ocrx_word' id='word_1_39' title='bbox 675 718 839 784; x_wconf 89' lang='lat' dir='ltr'>Cum</span> <span class='ocrx_word' id='word_1_40' title='bbox 892 712 1060 783; x_wconf 89' lang='lat' dir='ltr'>illuc</span> <span class='ocrx_word' id='word_1_41' title='bbox 1106 733 1270 802; x_wconf 90' lang='lat' dir='ltr'>ergo</span> <span class='ocrx_word' id='word_1_42' title='bbox 1318 712 1634 795; x_wconf 86' lang='lat' dir='ltr'>venisset,</span> <span class='ocrx_word' id='word_1_43' title='bbox 1713 734 1876 803; x_wconf 89' lang='lat' dir='ltr'>roga</span> <span class='ocrx_word' id='word_1_44' title='bbox 1929 725 1997 783; x_wconf 93' lang='lat' dir='ltr'>at</span> <span class='ocrx_word' id='word_1_45' title='bbox 2045 712 2130 782; x_wconf 89' lang='lat' dir='ltr'>de</span> <span class='ocrx_word' id='word_1_46' title='bbox 2176 713 2491 795; x_wconf 90' lang='lat' dir='ltr'>Zenobio,</span> <span class='ocrx_word' id='word_1_47' title='bbox 2555 713 2837 784; x_wconf 82' lang='lat' dir='ltr'>ubinam</span> <span class='ocrx_word' id='word_1_48' title='bbox 2881 727 3052 794; x_wconf 87' lang='lat' dir='ltr'>esset,</span> <span class='ocrx_word' id='word_1_49' title='bbox 3091 727 3139 783; x_wconf 88' lang='lat' dir='ltr'>et</span> 
     </span>
     <span class='ocr_line' id='line_1_6' title="bbox 672 801 3133 893; baseline -0.001 -20"><span class='ocrx_word' id='word_1_50' title='bbox 672 801 855 893; x_wconf 87' lang='lat' dir='ltr'>apud</span> <span class='ocrx_word' id='word_1_51' title='bbox 892 822 1096 890; x_wconf 91' lang='lat' dir='ltr'>quem</span> <span class='ocrx_word' id='word_1_52' title='bbox 1147 801 1453 891; x_wconf 83' lang='lat' dir='ltr'>degeret:</span> <span class='ocrx_word' id='word_1_53' title='bbox 1506 814 1571 870; x_wconf 91' lang='lat' dir='ltr'>et</span> <span class='ocrx_word' id='word_1_54' title='bbox 1602 823 1807 871; x_wconf 88' lang='lat' dir='ltr'>omne</span> <span class='ocrx_word' id='word_1_55' title='bbox 1862 803 2157 892; x_wconf 90' lang='lat' dir='ltr'>ponebat</span> <span class='ocrx_word' id='word_1_56' title='bbox 2201 802 2536 883; x_wconf 88' lang='lat' dir='ltr'>studium,</span> <span class='ocrx_word' id='word_1_57' title='bbox 2591 816 2666 872; x_wconf 91' lang='lat' dir='ltr'>ut</span> <span class='ocrx_word' id='word_1_58' title='bbox 2720 825 2871 872; x_wconf 90' lang='lat' dir='ltr'>eum</span> <span class='ocrx_word' id='word_1_59' title='bbox 2912 802 3133 871; x_wconf 90' lang='lat' dir='ltr'>videret.</span> 
     </span>
     <span class='ocr_line' id='line_1_7' title="bbox 674 889 3141 991; baseline -0.001 -30"><span class='ocrx_word' id='word_1_60' title='bbox 674 895 838 961; x_wconf 91' lang='lat' dir='ltr'>Cum</span> <span class='ocrx_word' id='word_1_61' title='bbox 904 891 1031 960; x_wconf 92' lang='lat' dir='ltr'>hoc</span> <span class='ocrx_word' id='word_1_62' title='bbox 1077 903 1305 960; x_wconf 90' lang='lat' dir='ltr'>autem</span> <span class='ocrx_word' id='word_1_63' title='bbox 1358 889 1560 960; x_wconf 93' lang='lat' dir='ltr'>modo</span> <span class='ocrx_word' id='word_1_64' title='bbox 1608 912 1681 960; x_wconf 92' lang='lat' dir='ltr'>se</span> <span class='ocrx_word' id='word_1_65' title='bbox 1728 890 2009 961; x_wconf 91' lang='lat' dir='ltr'>haberet</span> <span class='ocrx_word' id='word_1_66' title='bbox 2067 889 2305 972; x_wconf 58' lang='lat' dir='ltr'>Indus</span> <span class='ocrx_word' id='word_1_67' title='bbox 2357 904 2424 962; x_wconf 90' lang='lat' dir='ltr'>et</span> <span class='ocrx_word' id='word_1_68' title='bbox 2472 902 2608 960; x_wconf 91' lang='lat' dir='ltr'>tam</span> <span class='ocrx_word' id='word_1_69' title='bbox 2674 892 2898 991; x_wconf 83' lang='lat' dir='ltr'>magni</span> <span class='ocrx_word' id='word_1_70' title='bbox 2943 889 3141 961; x_wconf 88' lang='lat' dir='ltr'>faceret</span> 
     </span>
     <span class='ocr_line' id='line_1_8' title="bbox 672 978 3134 1069; baseline -0.001 -19"><span class='ocrx_word' id='word_1_71' title='bbox 672 979 869 1050; x_wconf 90' lang='lat' dir='ltr'>illum</span> <span class='ocrx_word' id='word_1_72' title='bbox 923 979 1171 1056; x_wconf 87' lang='lat' dir='ltr'>videre,</span> <span class='ocrx_word' id='word_1_73' title='bbox 1217 978 1276 1048; x_wconf 92' lang='lat' dir='ltr'>ei</span> <span class='ocrx_word' id='word_1_74' title='bbox 1327 1000 1414 1069; x_wconf 92' lang='lat' dir='ltr'>ap</span> <span class='ocrx_word' id='word_1_75' title='bbox 1468 989 1613 1049; x_wconf 91' lang='lat' dir='ltr'>aret</span> <span class='ocrx_word' id='word_1_76' title='bbox 1660 979 1853 1060; x_wconf 88' lang='lat' dir='ltr'>visi0,</span> <span class='ocrx_word' id='word_1_77' title='bbox 1917 1001 2094 1066; x_wconf 90' lang='lat' dir='ltr'>quae</span> <span class='ocrx_word' id='word_1_78' title='bbox 2140 979 2203 1049; x_wconf 91' lang='lat' dir='ltr'>ei</span> <span class='ocrx_word' id='word_1_79' title='bbox 2259 1002 2434 1058; x_wconf 86' lang='lat' dir='ltr'>vere,</span> <span class='ocrx_word' id='word_1_80' title='bbox 2478 993 2543 1050; x_wconf 92' lang='lat' dir='ltr'>et</span> <span class='ocrx_word' id='word_1_81' title='bbox 2591 1003 2727 1050; x_wconf 92' lang='lat' dir='ltr'>non</span> <span class='ocrx_word' id='word_1_82' title='bbox 2786 1001 2852 1048; x_wconf 78' lang='lat' dir='ltr'>ln</span> <span class='ocrx_word' id='word_1_83' title='bbox 2902 980 3134 1058; x_wconf 88' lang='lat' dir='ltr'>somnis,</span> 
     </span>
     <span class='ocr_line' id='line_1_9' title="bbox 661 1066 3140 1159; baseline -0.001 -20"><span class='ocrx_word' id='word_1_84' title='bbox 661 1069 952 1159; x_wconf 90' lang='lat' dir='ltr'>jubebat</span> <span class='ocrx_word' id='word_1_85' title='bbox 984 1067 1305 1138; x_wconf 76' lang='lat' dir='ltr'>accedere</span> <span class='ocrx_word' id='word_1_86' title='bbox 1353 1090 1393 1136; x_wconf 89' lang='lat' dir='ltr'>a</span> <span class='ocrx_word' id='word_1_87' title='bbox 1487 1066 1847 1137; x_wconf 88' lang='lat' dir='ltr'>ecclesiam</span> <span class='ocrx_word' id='word_1_88' title='bbox 1900 1068 2467 1139; x_wconf 84' lang='lat' dir='ltr'>Christianorum.</span> <span class='ocrx_word' id='word_1_89' title='bbox 2508 1091 2544 1136; x_wconf 90' lang='lat'>«</span> <span class='ocrx_word' id='word_1_90' title='bbox 2589 1074 2665 1139; x_wconf 90' lang='lat' dir='ltr'>In</span> <span class='ocrx_word' id='word_1_91' title='bbox 2713 1092 2788 1139; x_wconf 92' lang='lat' dir='ltr'>ea</span> <span class='ocrx_word' id='word_1_92' title='bbox 2836 1070 3024 1145; x_wconf 82' lang='lat' dir='ltr'>enim,</span> <span class='ocrx_word' id='word_1_93' title='bbox 3064 1069 3140 1137; x_wconf 86' lang='lat' dir='ltr'>in·</span> 
     </span>
    </p>
   </div>
   <div class='ocr_carea' id='block_1_3' title="bbox 670 1157 3265 1249">
    <p class='ocr_par' dir='ltr' id='par_1_3' title="bbox 670 1157 3265 1249">
     <span class='ocr_line' id='line_1_10' title="bbox 670 1157 3265 1249; baseline 0 -21"><span class='ocrx_word' id='word_1_94' title='bbox 670 1161 842 1245; x_wconf 90' lang='lat' dir='ltr'>quit,</span> <span class='ocrx_word' id='word_1_95' title='bbox 907 1157 1214 1227; x_wconf 90' lang='lat' dir='ltr'>invenies</span> <span class='ocrx_word' id='word_1_96' title='bbox 1267 1179 1452 1238; x_wconf 90' lang='lat' dir='ltr'>eum,</span> <span class='ocrx_word' id='word_1_97' title='bbox 1505 1179 1709 1244; x_wconf 85' lang='lat' dir='ltr'>quern</span> <span class='ocrx_word' id='word_1_98' title='bbox 1775 1158 2073 1244; x_wconf 78' lang='lat' dir='ltr'>quaeriS,</span> <span class='ocrx_word' id='word_1_99' title='bbox 2138 1180 2174 1224; x_wconf 82' lang='lat'><strong>»</strong></span> <span class='ocrx_word' id='word_1_100' title='bbox 2229 1161 2396 1228; x_wconf 89' lang='lat' dir='ltr'>Cum</span> <span class='ocrx_word' id='word_1_101' title='bbox 2453 1158 2513 1227; x_wconf 88' lang='lat' dir='ltr'>is</span> <span class='ocrx_word' id='word_1_102' title='bbox 2560 1180 2723 1249; x_wconf 88' lang='lat' dir='ltr'>ergo</span> <span class='ocrx_word' id='word_1_103' title='bbox 2771 1158 3137 1236; x_wconf 83' lang='lat' dir='ltr'>surrexisset,</span> <span class='ocrx_word' id='word_1_104' title='bbox 3185 1244 3189 1248; x_wconf 81' lang='lat'>.</span> <span class='ocrx_word' id='word_1_105' title='bbox 3264 1219 3265 1228; x_wconf 73' lang='grc'>,</span> 
     </span>
    </p>
   </div>
   <div class='ocr_carea' id='block_1_4' title="bbox 663 1244 3163 4269">
    <p class='ocr_par' dir='ltr' id='par_1_4' title="bbox 669 1244 3154 2934">
     <span class='ocr_line' id='line_1_11' title="bbox 671 1244 3141 1334; baseline -0.002 -17"><span class='ocrx_word' id='word_1_106' title='bbox 671 1269 831 1317; x_wconf 89' lang='lat' dir='ltr'>cum</span> <span class='ocrx_word' id='word_1_107' title='bbox 880 1269 1089 1317; x_wconf 85' lang='lat' dir='ltr'>uxore</span> <span class='ocrx_word' id='word_1_108' title='bbox 1137 1246 1364 1316; x_wconf 88' lang='lat' dir='ltr'>statim</span> <span class='ocrx_word' id='word_1_109' title='bbox 1422 1245 1603 1316; x_wconf 91' lang='lat' dir='ltr'>venit</span> <span class='ocrx_word' id='word_1_110' title='bbox 1667 1244 1752 1315; x_wconf 91' lang='lat' dir='ltr'>ad</span> <span class='ocrx_word' id='word_1_111' title='bbox 1803 1245 2163 1334; x_wconf 89' lang='lat' dir='ltr'>templum.</span> <span class='ocrx_word' id='word_1_112' title='bbox 2217 1251 2295 1315; x_wconf 88' lang='lat' dir='ltr'>Et</span> <span class='ocrx_word' id='word_1_113' title='bbox 2347 1269 2507 1316; x_wconf 90' lang='lat' dir='ltr'>cum</span> <span class='ocrx_word' id='word_1_114' title='bbox 2573 1248 2641 1317; x_wconf 92' lang='lat' dir='ltr'>in</span> <span class='ocrx_word' id='word_1_115' title='bbox 2697 1269 2777 1317; x_wconf 78' lang='lat' dir='ltr'>eo</span> <span class='ocrx_word' id='word_1_116' title='bbox 2834 1247 3141 1315; x_wconf 87' lang='lat' dir='ltr'>invenisset</span> 
     </span>
     <span class='ocr_line' id='line_1_12' title="bbox 672 1332 3140 1416; baseline -0.001 -11"><span class='ocrx_word' id='word_1_117' title='bbox 672 1340 1024 1416; x_wconf 90' lang='lat' dir='ltr'>Sanctum,</span> <span class='ocrx_word' id='word_1_118' title='bbox 1060 1343 1348 1406; x_wconf 87' lang='lat' dir='ltr'>stantem</span> <span class='ocrx_word' id='word_1_119' title='bbox 1387 1334 1455 1403; x_wconf 92' lang='lat' dir='ltr'>in</span> <span class='ocrx_word' id='word_1_120' title='bbox 1488 1332 1713 1404; x_wconf 91' lang='lat' dir='ltr'>medio</span> <span class='ocrx_word' id='word_1_121' title='bbox 1743 1332 2230 1415; x_wconf 56' lang='lat' dir='ltr'>multitudinis</span> <span class='ocrx_word' id='word_1_122' title='bbox 2266 1348 2331 1405; x_wconf 91' lang='lat' dir='ltr'>et</span> <span class='ocrx_word' id='word_1_123' title='bbox 2365 1357 2444 1405; x_wconf 85' lang='lat' dir='ltr'>ex</span> <span class='ocrx_word' id='word_1_124' title='bbox 2474 1358 2592 1407; x_wconf 90' lang='lat' dir='ltr'>ore</span> <span class='ocrx_word' id='word_1_125' title='bbox 2619 1359 2749 1407; x_wconf 88' lang='lat' dir='ltr'>suo</span> <span class='ocrx_word' id='word_1_126' title='bbox 2782 1335 3140 1405; x_wconf 78' lang='lat' dir='ltr'>emittentem</span> 
     </span>
     <span class='ocr_line' id='line_1_13' title="bbox 669 1422 3138 1512; baseline -0.001 -19"><span class='ocrx_word' id='word_1_127' title='bbox 669 1424 1022 1494; x_wconf 88' lang='lat' dir='ltr'>doctrinae</span> <span class='ocrx_word' id='word_1_128' title='bbox 1076 1423 1294 1494; x_wconf 88' lang='lat' dir='ltr'>fontes</span> <span class='ocrx_word' id='word_1_129' title='bbox 1344 1422 1815 1504; x_wconf 80' lang='lat' dir='ltr'>suavissimoS‚</span> <span class='ocrx_word' id='word_1_130' title='bbox 1870 1422 2147 1493; x_wconf 88' lang='lat' dir='ltr'>dimotis</span> <span class='ocrx_word' id='word_1_131' title='bbox 2195 1425 2322 1507; x_wconf 84' lang='lat' dir='ltr'>iis,</span> <span class='ocrx_word' id='word_1_132' title='bbox 2375 1425 2497 1512; x_wconf 89' lang='lat' dir='ltr'>qui</span> <span class='ocrx_word' id='word_1_133' title='bbox 2551 1425 3138 1501; x_wconf 75' lang='lat' dir='ltr'>circumsistebant,</span> 
     </span>
     <span class='ocr_line' id='line_1_14' title="bbox 672 1511 3145 1603; baseline -0.001 -20"><span class='ocrx_word' id='word_1_134' title='bbox 672 1513 1017 1603; x_wconf 88' lang='lat' dir='ltr'>speciosos</span> <span class='ocrx_word' id='word_1_135' title='bbox 1056 1512 1246 1584; x_wconf 92' lang='lat' dir='ltr'>illius</span> <span class='ocrx_word' id='word_1_136' title='bbox 1282 1511 1509 1602; x_wconf 58' lang='lat' dir='ltr'>pedes</span> <span class='ocrx_word' id='word_1_137' title='bbox 1544 1524 1610 1582; x_wconf 90' lang='lat' dir='ltr'>et</span> <span class='ocrx_word' id='word_1_138' title='bbox 1638 1511 1820 1582; x_wconf 90' lang='lat' dir='ltr'>bona</span> <span class='ocrx_word' id='word_1_139' title='bbox 1868 1533 2096 1582; x_wconf 88' lang='lat' dir='ltr'>revera</span> <span class='ocrx_word' id='word_1_140' title='bbox 2150 1513 2682 1603; x_wconf 83' lang='lat' dir='ltr'>evangelizantis</span> <span class='ocrx_word' id='word_1_141' title='bbox 2724 1512 3145 1584; x_wconf 84' lang='lat' dir='ltr'>ardentissime</span> 
     </span>
     <span class='ocr_line' id='line_1_15' title="bbox 670 1599 3142 1704; baseline -0.002 -32"><span class='ocrx_word' id='word_1_142' title='bbox 670 1602 1179 1704; x_wconf 80' lang='lat' dir='ltr'>apprehensam</span> <span class='ocrx_word' id='word_1_143' title='bbox 1243 1601 1634 1692; x_wconf 91' lang='lat' dir='ltr'>supplices,</span> <span class='ocrx_word' id='word_1_144' title='bbox 1709 1599 2358 1690; x_wconf 83' lang='lat' dir='ltr'>misericordemque</span> <span class='ocrx_word' id='word_1_145' title='bbox 2422 1615 2486 1672; x_wconf 94' lang='lat' dir='ltr'>et</span> <span class='ocrx_word' id='word_1_146' title='bbox 2546 1602 2947 1673; x_wconf 90' lang='lat' dir='ltr'>clementem</span> <span class='ocrx_word' id='word_1_147' title='bbox 3001 1601 3142 1698; x_wconf 78' lang='lat' dir='ltr'>illam</span> 
     </span>
     <span class='ocr_line' id='line_1_16' title="bbox 671 1689 3143 1769; baseline -0.003 -8"><span class='ocrx_word' id='word_1_148' title='bbox 671 1713 972 1761; x_wconf 87' lang='lat' dir='ltr'>ammam</span> <span class='ocrx_word' id='word_1_149' title='bbox 1024 1702 1222 1761; x_wconf 88' lang='lat' dir='ltr'>orant</span> <span class='ocrx_word' id='word_1_150' title='bbox 1266 1703 1332 1760; x_wconf 92' lang='lat' dir='ltr'>et</span> <span class='ocrx_word' id='word_1_151' title='bbox 1376 1690 1764 1769; x_wconf 86' lang='lat' dir='ltr'>obsecrant,</span> <span class='ocrx_word' id='word_1_152' title='bbox 1821 1701 1897 1758; x_wconf 92' lang='lat' dir='ltr'>ut</span> <span class='ocrx_word' id='word_1_153' title='bbox 1950 1711 1990 1757; x_wconf 90' lang='lat' dir='ltr'>a</span> <span class='ocrx_word' id='word_1_154' title='bbox 2042 1689 2221 1761; x_wconf 90' lang='lat' dir='ltr'>malo</span> <span class='ocrx_word' id='word_1_155' title='bbox 2278 1690 2673 1762; x_wconf 82' lang='lat' dir='ltr'>liberentur.</span> <span class='ocrx_word' id='word_1_156' title='bbox 2732 1696 2898 1762; x_wconf 86' lang='lat' dir='ltr'>Nam</span> <span class='ocrx_word' id='word_1_157' title='bbox 2945 1689 3056 1760; x_wconf 83' lang='lat' dir='ltr'>etsi</span> <span class='ocrx_word' id='word_1_158' title='bbox 3097 1710 3143 1755; x_wconf 78' lang='lat' dir='ltr'>in</span> 
     </span>
     <span class='ocr_line' id='line_1_17' title="bbox 671 1776 3147 1937; baseline -0.001 -86"><span class='ocrx_word' id='word_1_159' title='bbox 671 1780 904 1851; x_wconf 84' lang='lat' dir='ltr'>uxoris</span> <span class='ocrx_word' id='word_1_160' title='bbox 939 1780 1210 1851; x_wconf 89' lang='lat' dir='ltr'>thorace</span> <span class='ocrx_word' id='word_1_161' title='bbox 1240 1779 1491 1850; x_wconf 89' lang='lat' dir='ltr'>inesset</span> <span class='ocrx_word' id='word_1_162' title='bbox 1541 1776 1846 1858; x_wconf 79' lang='lat' dir='ltr'>morbuS,</span> <span class='ocrx_word' id='word_1_163' title='bbox 1902 1778 2129 1848; x_wconf 88' lang='lat' dir='ltr'>mariti</span> <span class='ocrx_word' id='word_1_164' title='bbox 2190 1792 2411 1848; x_wconf 90' lang='lat' dir='ltr'>tamen</span> <span class='ocrx_word' id='word_1_165' title='bbox 2446 1781 2669 1851; x_wconf 85' lang='lat' dir='ltr'>multo</span> <span class='ocrx_word' id='word_1_166' title='bbox 2720 1779 2938 1870; x_wconf 89' lang='lat' dir='ltr'>magis</span> <span class='ocrx_word' id='word_1_167' title='bbox 2968 1793 3147 1937; x_wconf 58' lang='lat' dir='ltr'>tanfie·</span> 
     </span>
     <span class='ocr_line' id='line_1_18' title="bbox 671 1866 3149 1960; baseline -0.002 -22"><span class='ocrx_word' id='word_1_168' title='bbox 671 1869 785 1939; x_wconf 92' lang='lat' dir='ltr'>bat</span> <span class='ocrx_word' id='word_1_169' title='bbox 833 1869 1172 1938; x_wconf 90' lang='lat' dir='ltr'>animum.</span> <span class='ocrx_word' id='word_1_170' title='bbox 1226 1867 1349 1938; x_wconf 86' lang='lat' dir='ltr'>Ille</span> <span class='ocrx_word' id='word_1_171' title='bbox 1404 1878 1632 1937; x_wconf 89' lang='lat' dir='ltr'>autem</span> <span class='ocrx_word' id='word_1_172' title='bbox 1696 1866 2076 1938; x_wconf 90' lang='lat' dir='ltr'>curationis</span> <span class='ocrx_word' id='word_1_173' title='bbox 2136 1868 2517 1939; x_wconf 88' lang='lat' dir='ltr'>mercedem</span> <span class='ocrx_word' id='word_1_174' title='bbox 2585 1869 2672 1939; x_wconf 93' lang='lat' dir='ltr'>ab</span> <span class='ocrx_word' id='word_1_175' title='bbox 2740 1869 2842 1939; x_wconf 89' lang='lat' dir='ltr'>eis</span> <span class='ocrx_word' id='word_1_176' title='bbox 2905 1880 3042 1960; x_wconf 89' lang='lat' dir='ltr'>post</span> <span class='ocrx_word' id='word_1_177' title='bbox 3102 1874 3149 1932; x_wconf 87' lang='lat' dir='ltr'>at</span> 
     </span>
     <span class='ocr_line' id='line_1_19' title="bbox 673 1953 3148 2049; baseline -0.002 -23"><span class='ocrx_word' id='word_1_178' title='bbox 673 1958 1015 2048; x_wconf 87' lang='lat' dir='ltr'>pietatem,</span> <span class='ocrx_word' id='word_1_179' title='bbox 1068 1971 1134 2027; x_wconf 90' lang='lat' dir='ltr'>et</span> <span class='ocrx_word' id='word_1_180' title='bbox 1183 1970 1257 2027; x_wconf 88' lang='lat' dir='ltr'>ut</span> <span class='ocrx_word' id='word_1_181' title='bbox 1319 1979 1358 2025; x_wconf 90' lang='lat' dir='ltr'>a</span> <span class='ocrx_word' id='word_1_182' title='bbox 1428 1955 1646 2046; x_wconf 87' lang='lat' dir='ltr'>patrio</span> <span class='ocrx_word' id='word_1_183' title='bbox 1694 1976 1922 2024; x_wconf 89' lang='lat' dir='ltr'>errore</span> <span class='ocrx_word' id='word_1_184' title='bbox 1968 1953 2417 2040; x_wconf 76' lang='lat' dir='ltr'>discedenteS,</span> <span class='ocrx_word' id='word_1_185' title='bbox 2470 1956 2554 2027; x_wconf 92' lang='lat' dir='ltr'>ad</span> <span class='ocrx_word' id='word_1_186' title='bbox 2606 1959 2977 2049; x_wconf 81' lang='lat' dir='ltr'>agnitionis</span> <span class='ocrx_word' id='word_1_187' title='bbox 3018 1955 3148 2023; x_wconf 87' lang='lat' dir='ltr'>veri-</span> 
     </span>
     <span class='ocr_line' id='line_1_20' title="bbox 673 2042 3149 2147; baseline -0.003 -30"><span class='ocrx_word' id='word_1_188' title='bbox 673 2061 874 2117; x_wconf 88' lang='lat' dir='ltr'>tatem</span> <span class='ocrx_word' id='word_1_189' title='bbox 911 2045 1438 2147; x_wconf 79' lang='lat' dir='ltr'>transfugerent.</span> <span class='ocrx_word' id='word_1_190' title='bbox 1481 2043 1671 2127; x_wconf 88' lang='lat' dir='ltr'>Quod</span> <span class='ocrx_word' id='word_1_191' title='bbox 1720 2044 2001 2131; x_wconf 89' lang='lat' dir='ltr'>quidem</span> <span class='ocrx_word' id='word_1_192' title='bbox 2038 2058 2354 2146; x_wconf 89' lang='lat' dir='ltr'>prompto</span> <span class='ocrx_word' id='word_1_193' title='bbox 2386 2061 2452 2115; x_wconf 88' lang='lat' dir='ltr'>et</span> <span class='ocrx_word' id='word_1_194' title='bbox 2481 2046 2691 2116; x_wconf 91' lang='lat' dir='ltr'>alacri</span> <span class='ocrx_word' id='word_1_195' title='bbox 2726 2046 2938 2116; x_wconf 90' lang='lat' dir='ltr'>animi</span> <span class='ocrx_word' id='word_1_196' title='bbox 2971 2042 3149 2114; x_wconf 87' lang='lat' dir='ltr'>studio</span> 
     </span>
     <span class='ocr_line' id='line_1_21' title="bbox 671 2132 3150 2291; baseline -0.004 -84"><span class='ocrx_word' id='word_1_197' title='bbox 671 2158 744 2207; x_wconf 89' lang='lat' dir='ltr'>se</span> <span class='ocrx_word' id='word_1_198' title='bbox 814 2134 1112 2205; x_wconf 84' lang='lat' dir='ltr'>facturos</span> <span class='ocrx_word' id='word_1_199' title='bbox 1158 2156 1258 2204; x_wconf 80' lang='lat' dir='ltr'>ets</span> <span class='ocrx_word' id='word_1_200' title='bbox 1324 2132 1840 2225; x_wconf 83' lang='lat' dir='ltr'>profitentibus,</span> <span class='ocrx_word' id='word_1_201' title='bbox 1908 2134 2256 2291; x_wconf 53' lang='lat' dir='ltr'>excipiens</span> <span class='ocrx_word' id='word_1_202' title='bbox 2318 2138 2649 2206; x_wconf 82' lang='lat' dir='ltr'>Sanctus:</span> <span class='ocrx_word' id='word_1_203' title='bbox 2707 2159 2743 2202; x_wconf 80' lang='lat'>«</span> <span class='ocrx_word' id='word_1_204' title='bbox 2802 2141 2875 2205; x_wconf 91' lang='lat' dir='ltr'>In</span> <span class='ocrx_word' id='word_1_205' title='bbox 2928 2134 3150 2204; x_wconf 87' lang='lat' dir='ltr'>nomine</span> 
     </span>
     <span class='ocr_line' id='line_1_22' title="bbox 670 2220 3148 2314; baseline -0.003 -19"><span class='ocrx_word' id='word_1_206' title='bbox 670 2231 835 2295; x_wconf 83' lang='lat' dir='ltr'>Jesu</span> <span class='ocrx_word' id='word_1_207' title='bbox 885 2223 1157 2300; x_wconf 80' lang='lat' dir='ltr'>Christi,</span> <span class='ocrx_word' id='word_1_208' title='bbox 1196 2223 1442 2310; x_wconf 89' lang='lat' dir='ltr'>inquit,</span> <span class='ocrx_word' id='word_1_209' title='bbox 1484 2222 1604 2309; x_wconf 92' lang='lat' dir='ltr'>qui</span> <span class='ocrx_word' id='word_1_210' title='bbox 1644 2222 1908 2292; x_wconf 87' lang='lat' dir='ltr'>sanavit</span> <span class='ocrx_word' id='word_1_211' title='bbox 1950 2243 2065 2291; x_wconf 91' lang='lat' dir='ltr'>mu</span> <span class='ocrx_word' id='word_1_212' title='bbox 2099 2222 2302 2291; x_wconf 88' lang='lat' dir='ltr'>ierem</span> <span class='ocrx_word' id='word_1_213' title='bbox 2343 2224 2678 2314; x_wconf 88' lang='lat' dir='ltr'>profluvio</span> <span class='ocrx_word' id='word_1_214' title='bbox 2713 2223 3057 2314; x_wconf 87' lang='lat' dir='ltr'>sanguinis</span> <span class='ocrx_word' id='word_1_215' title='bbox 3081 2220 3148 2288; x_wconf 87' lang='lat' dir='ltr'>la·</span> 
     </span>
     <span class='ocr_line' id='line_1_23' title="bbox 677 2310 3150 2396; baseline -0.003 -14"><span class='ocrx_word' id='word_1_216' title='bbox 677 2313 1030 2383; x_wconf 89' lang='lat' dir='ltr'>borantem</span> <span class='ocrx_word' id='word_1_217' title='bbox 1063 2311 1119 2392; x_wconf 61' lang='lat'>⁴⁶,</span> <span class='ocrx_word' id='word_1_218' title='bbox 1173 2333 1340 2381; x_wconf 89' lang='lat' dir='ltr'>sana</span> <span class='ocrx_word' id='word_1_219' title='bbox 1372 2322 1537 2392; x_wconf 91' lang='lat' dir='ltr'>est0‚</span> <span class='ocrx_word' id='word_1_220' title='bbox 1595 2310 1865 2393; x_wconf 90' lang='lat' dir='ltr'>mulier,</span> <span class='ocrx_word' id='word_1_221' title='bbox 1917 2323 1979 2380; x_wconf 91' lang='lat' dir='ltr'>et</span> <span class='ocrx_word' id='word_1_222' title='bbox 2013 2310 2302 2381; x_wconf 89' lang='lat' dir='ltr'>liberare</span> <span class='ocrx_word' id='word_1_223' title='bbox 2341 2334 2382 2382; x_wconf 98' lang='lat' dir='ltr'>a</span> <span class='ocrx_word' id='word_1_224' title='bbox 2433 2313 2693 2382; x_wconf 89' lang='lat' dir='ltr'>morbo.</span> <span class='ocrx_word' id='word_1_225' title='bbox 2737 2337 2774 2380; x_wconf 88' lang='lat'>»</span> <span class='ocrx_word' id='word_1_226' title='bbox 2828 2313 3150 2396; x_wconf 87' lang='lat' dir='ltr'>Statimque</span> 
     </span>
     <span class='ocr_line' id='line_1_24' title="bbox 673 2396 3150 2493; baseline -0.002 -23"><span class='ocrx_word' id='word_1_227' title='bbox 673 2401 901 2493; x_wconf 89' lang='lat' dir='ltr'>gravis</span> <span class='ocrx_word' id='word_1_228' title='bbox 951 2398 1065 2468; x_wconf 90' lang='lat' dir='ltr'>ille</span> <span class='ocrx_word' id='word_1_229' title='bbox 1126 2399 1409 2469; x_wconf 88' lang='lat' dir='ltr'>morbus</span> <span class='ocrx_word' id='word_1_230' title='bbox 1457 2398 1702 2478; x_wconf 89' lang='lat' dir='ltr'>verbo,</span> <span class='ocrx_word' id='word_1_231' title='bbox 1758 2412 2104 2487; x_wconf 87' lang='lat' dir='ltr'>tamquam</span> <span class='ocrx_word' id='word_1_232' title='bbox 2156 2400 2428 2491; x_wconf 88' lang='lat' dir='ltr'>flagello</span> <span class='ocrx_word' id='word_1_233' title='bbox 2474 2401 2734 2490; x_wconf 90' lang='lat' dir='ltr'>aliquo,</span> <span class='ocrx_word' id='word_1_234' title='bbox 2792 2401 2920 2472; x_wconf 86' lang='lat' dir='ltr'>suit</span> <span class='ocrx_word' id='word_1_235' title='bbox 2961 2396 3150 2488; x_wconf 87' lang='lat' dir='ltr'>expul-</span> 
     </span>
     <span class='ocr_line' id='line_1_25' title="bbox 673 2487 3154 2580; baseline -0.003 -18"><span class='ocrx_word' id='word_1_236' title='bbox 673 2514 836 2562; x_wconf 90' lang='lat' dir='ltr'>sus:</span> <span class='ocrx_word' id='word_1_237' title='bbox 886 2502 953 2559; x_wconf 92' lang='lat' dir='ltr'>et</span> <span class='ocrx_word' id='word_1_238' title='bbox 998 2488 1310 2559; x_wconf 88' lang='lat' dir='ltr'>divinum</span> <span class='ocrx_word' id='word_1_239' title='bbox 1362 2487 1784 2579; x_wconf 89' lang='lat' dir='ltr'>baptismum</span> <span class='ocrx_word' id='word_1_240' title='bbox 1835 2502 1900 2559; x_wconf 91' lang='lat' dir='ltr'>et</span> <span class='ocrx_word' id='word_1_241' title='bbox 1962 2489 2130 2580; x_wconf 87' lang='lat' dir='ltr'>ipse,</span> <span class='ocrx_word' id='word_1_242' title='bbox 2195 2503 2262 2560; x_wconf 90' lang='lat' dir='ltr'>et</span> <span class='ocrx_word' id='word_1_243' title='bbox 2324 2513 2515 2574; x_wconf 83' lang='lat' dir='ltr'>uxor,</span> <span class='ocrx_word' id='word_1_244' title='bbox 2567 2505 2635 2562; x_wconf 91' lang='lat' dir='ltr'>et</span> <span class='ocrx_word' id='word_1_245' title='bbox 2680 2490 2883 2562; x_wconf 90' lang='lat' dir='ltr'>liberi</span> <span class='ocrx_word' id='word_1_246' title='bbox 2931 2488 3154 2560; x_wconf 83' lang='lat' dir='ltr'>suerunt</span> 
     </span>
     <span class='ocr_line' id='line_1_26' title="bbox 669 2576 3148 2672; baseline 0.001 -22"><span class='ocrx_word' id='word_1_247' title='bbox 669 2579 993 2650; x_wconf 86' lang='lat' dir='ltr'>assecuti.</span> <span class='ocrx_word' id='word_1_248' title='bbox 1047 2577 1301 2648; x_wconf 88' lang='lat' dir='ltr'>Deinde</span> <span class='ocrx_word' id='word_1_249' title='bbox 1348 2578 1550 2647; x_wconf 90' lang='lat' dir='ltr'>etiam</span> <span class='ocrx_word' id='word_1_250' title='bbox 1614 2600 1772 2647; x_wconf 90' lang='lat' dir='ltr'>cum</span> <span class='ocrx_word' id='word_1_251' title='bbox 1824 2576 2115 2649; x_wconf 86' lang='lat' dir='ltr'>fuissent</span> <span class='ocrx_word' id='word_1_252' title='bbox 2163 2580 2531 2672; x_wconf 82' lang='lat' dir='ltr'>participes</span> <span class='ocrx_word' id='word_1_253' title='bbox 2580 2594 3148 2653; x_wconf 67' lang='lat' dir='ltr'>sacramentorum,</span> 
     </span>
     <span class='ocr_line' id='line_1_27' title="bbox 670 2665 3152 2824; baseline -0.003 -85"><span class='ocrx_word' id='word_1_254' title='bbox 670 2669 953 2739; x_wconf 90' lang='lat' dir='ltr'>domum</span> <span class='ocrx_word' id='word_1_255' title='bbox 1008 2667 1165 2738; x_wconf 88' lang='lat' dir='ltr'>laeti</span> <span class='ocrx_word' id='word_1_256' title='bbox 1199 2666 1575 2749; x_wconf 86' lang='lat' dir='ltr'>redierunt,</span> <span class='ocrx_word' id='word_1_257' title='bbox 1627 2678 1706 2736; x_wconf 93' lang='lat' dir='ltr'>ut</span> <span class='ocrx_word' id='word_1_258' title='bbox 1739 2666 1862 2824; x_wconf 57' lang='lat' dir='ltr'>gui</span> <span class='ocrx_word' id='word_1_259' title='bbox 1908 2688 2068 2737; x_wconf 90' lang='lat' dir='ltr'>cum</span> <span class='ocrx_word' id='word_1_260' title='bbox 2113 2669 2351 2739; x_wconf 91' lang='lat' dir='ltr'>morbo</span> <span class='ocrx_word' id='word_1_261' title='bbox 2402 2669 2740 2752; x_wconf 89' lang='lat' dir='ltr'>mulieris,</span> <span class='ocrx_word' id='word_1_262' title='bbox 2796 2670 2916 2758; x_wconf 92' lang='lat' dir='ltr'>qui</span> <span class='ocrx_word' id='word_1_263' title='bbox 2961 2665 3152 2738; x_wconf 89' lang='lat' dir='ltr'>eratin</span> 
     </span>
     <span class='ocr_line' id='line_1_28' title="bbox 669 2752 3153 2850; baseline -0.003 -23"><span class='ocrx_word' id='word_1_264' title='bbox 669 2758 964 2836; x_wconf 89' lang='lat' dir='ltr'>thorace,</span> <span class='ocrx_word' id='word_1_265' title='bbox 1020 2760 1159 2827; x_wconf 75' lang='lat' dir='ltr'>una</span> <span class='ocrx_word' id='word_1_266' title='bbox 1205 2777 1480 2843; x_wconf 90' lang='lat' dir='ltr'>quoque</span> <span class='ocrx_word' id='word_1_267' title='bbox 1539 2754 1730 2845; x_wconf 88' lang='lat' dir='ltr'>perdi</span> <span class='ocrx_word' id='word_1_268' title='bbox 1790 2756 2001 2826; x_wconf 88' lang='lat' dir='ltr'>issent</span> <span class='ocrx_word' id='word_1_269' title='bbox 2042 2757 2355 2827; x_wconf 88' lang='lat' dir='ltr'>morbum</span> <span class='ocrx_word' id='word_1_270' title='bbox 2407 2757 2863 2850; x_wconf 87' lang='lat' dir='ltr'>deceptionis,</span> <span class='ocrx_word' id='word_1_271' title='bbox 2920 2771 2983 2828; x_wconf 89' lang='lat' dir='ltr'>et</span> <span class='ocrx_word' id='word_1_272' title='bbox 3015 2752 3153 2825; x_wconf 88' lang='lat' dir='ltr'>sani·</span> 
     </span>
     <span class='ocr_line' id='line_1_29' title="bbox 670 2843 1911 2934; baseline -0.002 -18"><span class='ocrx_word' id='word_1_273' title='bbox 670 2859 801 2917; x_wconf 89' lang='lat' dir='ltr'>tate</span> <span class='ocrx_word' id='word_1_274' title='bbox 832 2845 1108 2915; x_wconf 91' lang='lat' dir='ltr'>animae</span> <span class='ocrx_word' id='word_1_275' title='bbox 1153 2844 1445 2915; x_wconf 88' lang='lat' dir='ltr'>fuissent</span> <span class='ocrx_word' id='word_1_276' title='bbox 1492 2843 1911 2934; x_wconf 88' lang='lat' dir='ltr'>locupletati.</span> 
     </span>
    </p>

    <p class='ocr_par' dir='ltr' id='par_1_5' title="bbox 663 2933 3163 4269">
     <span class='ocr_line' id='line_1_30' title="bbox 754 2933 3155 3023; baseline -0.001 -23"><span class='ocrx_word' id='word_1_277' title='bbox 754 2938 791 3023; x_wconf 65' lang='grc' dir='ltr'>ξ</span> <span class='ocrx_word' id='word_1_278' title='bbox 838 2940 921 3009; x_wconf 74' lang='grc' dir='ltr'>ιι.</span> <span class='ocrx_word' id='word_1_279' title='bbox 976 2933 1119 3004; x_wconf 79' lang='lat' dir='ltr'>Alia</span> <span class='ocrx_word' id='word_1_280' title='bbox 1151 2955 1426 3023; x_wconf 91' lang='lat' dir='ltr'>quoque</span> <span class='ocrx_word' id='word_1_281' title='bbox 1460 2933 1732 3015; x_wconf 90' lang='lat' dir='ltr'>mulier,</span> <span class='ocrx_word' id='word_1_282' title='bbox 1770 2954 1946 3021; x_wconf 90' lang='lat' dir='ltr'>quae</span> <span class='ocrx_word' id='word_1_283' title='bbox 1996 2934 2063 3003; x_wconf 93' lang='lat' dir='ltr'>in</span> <span class='ocrx_word' id='word_1_284' title='bbox 2101 2934 2345 3004; x_wconf 89' lang='lat' dir='ltr'>virtute</span> <span class='ocrx_word' id='word_1_285' title='bbox 2378 2934 2645 3006; x_wconf 85' lang='lat' dir='ltr'>vivebat</span> <span class='ocrx_word' id='word_1_286' title='bbox 2676 2934 3083 3012; x_wconf 76' lang='lat' dir='ltr'>Antiochiae,</span> <span class='ocrx_word' id='word_1_287' title='bbox 3111 2942 3155 2998; x_wconf 85' lang='lat' dir='ltr'>et</span> 
     </span>
     <span class='ocr_line' id='line_1_31' title="bbox 669 3020 3156 3125; baseline -0.003 -31"><span class='ocrx_word' id='word_1_288' title='bbox 669 3046 865 3125; x_wconf 91' lang='lat' dir='ltr'>opem</span> <span class='ocrx_word' id='word_1_289' title='bbox 919 3022 1176 3093; x_wconf 87' lang='lat' dir='ltr'>ferebat</span> <span class='ocrx_word' id='word_1_290' title='bbox 1238 3022 1476 3092; x_wconf 89' lang='lat' dir='ltr'>multis</span> <span class='ocrx_word' id='word_1_291' title='bbox 1537 3021 2042 3113; x_wconf 74' lang='lat' dir='ltr'>indigentibu8‚</span> <span class='ocrx_word' id='word_1_292' title='bbox 2121 3023 2189 3092; x_wconf 91' lang='lat' dir='ltr'>in</span> <span class='ocrx_word' id='word_1_293' title='bbox 2245 3024 2560 3094; x_wconf 89' lang='lat' dir='ltr'>morbum</span> <span class='ocrx_word' id='word_1_294' title='bbox 2627 3025 2882 3095; x_wconf 87' lang='lat' dir='ltr'>incidit</span> <span class='ocrx_word' id='word_1_295' title='bbox 2945 3020 3156 3115; x_wconf 81' lang='lat' dir='ltr'>gravis·</span> 
     </span>
     <span class='ocr_line' id='line_1_32' title="bbox 668 3111 3157 3213; baseline -0.004 -31"><span class='ocrx_word' id='word_1_296' title='bbox 668 3134 951 3182; x_wconf 81' lang='lat' dir='ltr'>slmum.</span> <span class='ocrx_word' id='word_1_297' title='bbox 991 3116 1161 3182; x_wconf 87' lang='lat' dir='ltr'>Eum</span> <span class='ocrx_word' id='word_1_298' title='bbox 1202 3111 1449 3181; x_wconf 91' lang='lat' dir='ltr'>medici</span> <span class='ocrx_word' id='word_1_299' title='bbox 1484 3112 1795 3180; x_wconf 89' lang='lat' dir='ltr'>nominat</span> <span class='ocrx_word' id='word_1_300' title='bbox 1830 3111 2371 3213; x_wconf 78' lang='lat' dir='ltr'>phagedaenam.</span> <span class='ocrx_word' id='word_1_301' title='bbox 2426 3118 2716 3184; x_wconf 84' lang='lat' dir='ltr'>Exortus</span> <span class='ocrx_word' id='word_1_302' title='bbox 2765 3127 2990 3185; x_wconf 91' lang='lat' dir='ltr'>autem</span> <span class='ocrx_word' id='word_1_303' title='bbox 3025 3113 3157 3181; x_wconf 86' lang='lat' dir='ltr'>inter</span> 
     </span>
     <span class='ocr_line' id='line_1_33' title="bbox 669 3199 3156 3304; baseline 0 -34"><span class='ocrx_word' id='word_1_304' title='bbox 669 3199 1038 3281; x_wconf 76' lang='lat' dir='ltr'>mamillas,</span> <span class='ocrx_word' id='word_1_305' title='bbox 1067 3201 1376 3270; x_wconf 89' lang='lat' dir='ltr'>vastabat</span> <span class='ocrx_word' id='word_1_306' title='bbox 1406 3200 1639 3270; x_wconf 91' lang='lat' dir='ltr'>omnia</span> <span class='ocrx_word' id='word_1_307' title='bbox 1670 3201 2147 3270; x_wconf 78' lang='lat' dir='ltr'>circumcirca.</span> <span class='ocrx_word' id='word_1_308' title='bbox 2186 3204 2473 3271; x_wconf 87' lang='lat' dir='ltr'>Omnem</span> <span class='ocrx_word' id='word_1_309' title='bbox 2515 3224 2677 3304; x_wconf 87' lang='lat' dir='ltr'>ergo</span> <span class='ocrx_word' id='word_1_310' title='bbox 2714 3202 2935 3274; x_wconf 87' lang='lat' dir='ltr'>aliam</span> <span class='ocrx_word' id='word_1_311' title='bbox 2962 3201 3156 3289; x_wconf 79' lang='lat' dir='ltr'>despe-</span> 
     </span>
     <span class='ocr_line' id='line_1_34' title="bbox 669 3288 3155 3380; baseline -0.002 -22"><span class='ocrx_word' id='word_1_312' title='bbox 669 3311 829 3359; x_wconf 89' lang='lat' dir='ltr'>rans</span> <span class='ocrx_word' id='word_1_313' title='bbox 878 3290 1026 3380; x_wconf 91' lang='lat' dir='ltr'>ipsa</span> <span class='ocrx_word' id='word_1_314' title='bbox 1074 3310 1347 3377; x_wconf 91' lang='lat' dir='ltr'>quoque</span> <span class='ocrx_word' id='word_1_315' title='bbox 1384 3289 1835 3371; x_wconf 90' lang='lat' dir='ltr'>curationem,</span> <span class='ocrx_word' id='word_1_316' title='bbox 1869 3288 2218 3380; x_wconf 82' lang='lat' dir='ltr'>egreditur</span> <span class='ocrx_word' id='word_1_317' title='bbox 2254 3303 2457 3359; x_wconf 91' lang='lat' dir='ltr'>noctu</span> <span class='ocrx_word' id='word_1_318' title='bbox 2487 3312 2525 3359; x_wconf 92' lang='lat' dir='ltr'>e</span> <span class='ocrx_word' id='word_1_319' title='bbox 2558 3291 2870 3363; x_wconf 79' lang='lat' dir='ltr'>civitate:</span> <span class='ocrx_word' id='word_1_320' title='bbox 2909 3304 3155 3374; x_wconf 83' lang='lat' dir='ltr'>cumque</span> 
     </span>
     <span class='ocr_line' id='line_1_35' title="bbox 666 3376 3154 3468; baseline -0.001 -23"><span class='ocrx_word' id='word_1_321' title='bbox 666 3377 958 3448; x_wconf 90' lang='lat' dir='ltr'>venisset</span> <span class='ocrx_word' id='word_1_322' title='bbox 987 3399 1100 3464; x_wconf 88' lang='lat' dir='ltr'>per</span> <span class='ocrx_word' id='word_1_323' title='bbox 1125 3378 1502 3448; x_wconf 87' lang='lat' dir='ltr'>Seleuciam</span> <span class='ocrx_word' id='word_1_324' title='bbox 1528 3376 1621 3459; x_wconf 46' lang='grc' dir='ltr'>*ἢ</span> <span class='ocrx_word' id='word_1_325' title='bbox 1650 3390 1716 3447; x_wconf 92' lang='lat' dir='ltr'>et</span> <span class='ocrx_word' id='word_1_326' title='bbox 1741 3377 1825 3446; x_wconf 91' lang='lat' dir='ltr'>ad</span> <span class='ocrx_word' id='word_1_327' title='bbox 1859 3377 2025 3448; x_wconf 88' lang='lat' dir='ltr'>litus</span> <span class='ocrx_word' id='word_1_328' title='bbox 2050 3379 2471 3460; x_wconf 88' lang='lat' dir='ltr'>accessisset,</span> <span class='ocrx_word' id='word_1_329' title='bbox 2503 3391 2569 3449; x_wconf 90' lang='lat' dir='ltr'>et</span> <span class='ocrx_word' id='word_1_330' title='bbox 2589 3401 2837 3450; x_wconf 89' lang='lat' dir='ltr'>navem</span> <span class='ocrx_word' id='word_1_331' title='bbox 2855 3376 3154 3468; x_wconf 90' lang='lat' dir='ltr'>quandam</span> 
     </span>
     <span class='ocr_line' id='line_1_36' title="bbox 669 3465 3153 3556; baseline 0.001 -20"><span class='ocrx_word' id='word_1_332' title='bbox 669 3465 1113 3547; x_wconf 88' lang='lat' dir='ltr'>ascendisset,</span> <span class='ocrx_word' id='word_1_333' title='bbox 1142 3466 1678 3556; x_wconf 79' lang='lat' dir='ltr'>appellitAegaS.</span> <span class='ocrx_word' id='word_1_334' title='bbox 1716 3465 2076 3536; x_wconf 88' lang='lat' dir='ltr'>Etardenti</span> <span class='ocrx_word' id='word_1_335' title='bbox 2104 3465 2332 3537; x_wconf 89' lang='lat' dir='ltr'>studio</span> <span class='ocrx_word' id='word_1_336' title='bbox 2362 3467 2446 3536; x_wconf 90' lang='lat' dir='ltr'>ad</span> <span class='ocrx_word' id='word_1_337' title='bbox 2482 3481 2803 3539; x_wconf 89' lang='lat' dir='ltr'>sanctum</span> <span class='ocrx_word' id='word_1_338' title='bbox 2843 3467 3153 3539; x_wconf 80' lang='lat' dir='ltr'>accedens,</span> 
     </span>
     <span class='ocr_line' id='line_1_37' title="bbox 663 3553 3156 3651; baseline -0.001 -25"><span class='ocrx_word' id='word_1_339' title='bbox 663 3554 721 3626; x_wconf 89' lang='lat' dir='ltr'>ei</span> <span class='ocrx_word' id='word_1_340' title='bbox 751 3554 1048 3625; x_wconf 88' lang='lat' dir='ltr'>ostendit</span> <span class='ocrx_word' id='word_1_341' title='bbox 1122 3577 1346 3624; x_wconf 89' lang='lat' dir='ltr'>ravem</span> <span class='ocrx_word' id='word_1_342' title='bbox 1382 3553 1568 3623; x_wconf 88' lang='lat' dir='ltr'>illam</span> <span class='ocrx_word' id='word_1_343' title='bbox 1604 3554 2057 3637; x_wconf 85' lang='lat' dir='ltr'>affectionem,</span> <span class='ocrx_word' id='word_1_344' title='bbox 2096 3577 2395 3643; x_wconf 89' lang='lat' dir='ltr'>eumque</span> <span class='ocrx_word' id='word_1_345' title='bbox 2423 3570 2701 3647; x_wconf 88' lang='lat' dir='ltr'>rogatet</span> <span class='ocrx_word' id='word_1_346' title='bbox 2728 3558 3084 3649; x_wconf 86' lang='lat' dir='ltr'>supplicat,</span> <span class='ocrx_word' id='word_1_347' title='bbox 3104 3562 3156 3651; x_wconf 66' lang='lat'>131</span> 
     </span>
     <span class='ocr_line' id='line_1_38' title="bbox 667 3639 3157 3727; baseline -0.002 -15"><span class='ocrx_word' id='word_1_348' title='bbox 667 3645 764 3714; x_wconf 88' lang='lat' dir='ltr'>vel</span> <span class='ocrx_word' id='word_1_349' title='bbox 818 3657 975 3714; x_wconf 92' lang='lat' dir='ltr'>ante</span> <span class='ocrx_word' id='word_1_350' title='bbox 1024 3644 1068 3713; x_wconf 90' lang='lat' dir='ltr'>il</span> <span class='ocrx_word' id='word_1_351' title='bbox 1107 3644 1216 3714; x_wconf 89' lang='lat' dir='ltr'>ius</span> <span class='ocrx_word' id='word_1_352' title='bbox 1261 3641 1499 3713; x_wconf 89' lang='lat' dir='ltr'>oculos</span> <span class='ocrx_word' id='word_1_353' title='bbox 1539 3644 1896 3723; x_wconf 90' lang='lat' dir='ltr'>moriatur,</span> <span class='ocrx_word' id='word_1_354' title='bbox 1949 3657 2014 3714; x_wconf 90' lang='lat' dir='ltr'>et</span> <span class='ocrx_word' id='word_1_355' title='bbox 2061 3643 2194 3714; x_wconf 89' lang='lat' dir='ltr'>cito</span> <span class='ocrx_word' id='word_1_356' title='bbox 2242 3644 2542 3716; x_wconf 86' lang='lat' dir='ltr'>exsolvat</span> <span class='ocrx_word' id='word_1_357' title='bbox 2588 3646 2931 3727; x_wconf 90' lang='lat' dir='ltr'>debitum,</span> <span class='ocrx_word' id='word_1_358' title='bbox 2984 3642 3069 3713; x_wconf 84' lang='lat' dir='ltr'>vel</span> <span class='ocrx_word' id='word_1_359' title='bbox 3100 3639 3157 3708; x_wconf 83' lang='lat'>11·</span> 
     </span>
     <span class='ocr_line' id='line_1_39' title="bbox 666 3728 3157 3820; baseline -0.003 -16"><span class='ocrx_word' id='word_1_360' title='bbox 666 3735 942 3804; x_wconf 88' lang='lat' dir='ltr'>beretur</span> <span class='ocrx_word' id='word_1_361' title='bbox 988 3756 1022 3802; x_wconf 89' lang='lat' dir='ltr'>a</span> <span class='ocrx_word' id='word_1_362' title='bbox 1078 3732 1280 3814; x_wconf 79' lang='lat' dir='ltr'>main,</span> <span class='ocrx_word' id='word_1_363' title='bbox 1331 3731 1516 3820; x_wconf 93' lang='lat' dir='ltr'>quod</span> <span class='ocrx_word' id='word_1_364' title='bbox 1548 3753 1701 3801; x_wconf 90' lang='lat' dir='ltr'>eam</span> <span class='ocrx_word' id='word_1_365' title='bbox 1750 3732 1887 3801; x_wconf 86' lang='lat' dir='ltr'>affli</span> <span class='ocrx_word' id='word_1_366' title='bbox 1943 3732 2017 3802; x_wconf 92' lang='lat' dir='ltr'>it.</span> <span class='ocrx_word' id='word_1_367' title='bbox 2059 3732 2331 3803; x_wconf 84' lang='lat' dir='ltr'>Morbus</span> <span class='ocrx_word' id='word_1_368' title='bbox 2377 3734 2561 3804; x_wconf 91' lang='lat' dir='ltr'>enim</span> <span class='ocrx_word' id='word_1_369' title='bbox 2613 3735 2675 3804; x_wconf 91' lang='lat' dir='ltr'>ei</span> <span class='ocrx_word' id='word_1_370' title='bbox 2738 3747 2994 3804; x_wconf 89' lang='lat' dir='ltr'>tantam</span> <span class='ocrx_word' id='word_1_371' title='bbox 3032 3728 3157 3800; x_wconf 82' lang='lat' dir='ltr'>affe·</span> 
     </span>
     <span class='ocr_line' id='line_1_40' title="bbox 667 3821 3159 3916; baseline -0.001 -24"><span class='ocrx_word' id='word_1_372' title='bbox 667 3823 851 3893; x_wconf 87' lang='lat' dir='ltr'>rebat</span> <span class='ocrx_word' id='word_1_373' title='bbox 904 3821 1402 3902; x_wconf 90' lang='lat' dir='ltr'>necessitatem,</span> <span class='ocrx_word' id='word_1_374' title='bbox 1451 3832 1516 3889; x_wconf 93' lang='lat' dir='ltr'>et</span> <span class='ocrx_word' id='word_1_375' title='bbox 1566 3832 1827 3890; x_wconf 90' lang='lat' dir='ltr'>tantum</span> <span class='ocrx_word' id='word_1_376' title='bbox 1927 3821 2210 3901; x_wconf 89' lang='lat' dir='ltr'>olorem,</span> <span class='ocrx_word' id='word_1_377' title='bbox 2250 3834 2326 3891; x_wconf 92' lang='lat' dir='ltr'>ut</span> <span class='ocrx_word' id='word_1_378' title='bbox 2353 3823 2558 3892; x_wconf 91' lang='lat' dir='ltr'>etiam</span> <span class='ocrx_word' id='word_1_379' title='bbox 2611 3836 2901 3893; x_wconf 87' lang='lat' dir='ltr'>mortem</span> <span class='ocrx_word' id='word_1_380' title='bbox 2954 3828 3159 3916; x_wconf 65' lang='lat' dir='ltr'>peteret</span> 
     </span>
     <span class='ocr_line' id='line_1_41' title="bbox 667 3906 3160 3993; baseline -0.003 -12"><span class='ocrx_word' id='word_1_381' title='bbox 667 3913 812 3982; x_wconf 86' lang='lat' dir='ltr'>loco</span> <span class='ocrx_word' id='word_1_382' title='bbox 859 3910 1213 3993; x_wconf 82' lang='lat' dir='ltr'>beneficii,</span> <span class='ocrx_word' id='word_1_383' title='bbox 1266 3922 1331 3979; x_wconf 91' lang='lat' dir='ltr'>et</span> <span class='ocrx_word' id='word_1_384' title='bbox 1376 3931 1451 3978; x_wconf 91' lang='lat' dir='ltr'>ea</span> <span class='ocrx_word' id='word_1_385' title='bbox 1517 3908 1864 3979; x_wconf 87' lang='lat' dir='ltr'>videretur</span> <span class='ocrx_word' id='word_1_386' title='bbox 1930 3932 2079 3985; x_wconf 85' lang='lat' dir='ltr'>esse</span> <span class='ocrx_word' id='word_1_387' title='bbox 2137 3909 2451 3981; x_wconf 89' lang='lat' dir='ltr'>liberatio</span> <span class='ocrx_word' id='word_1_388' title='bbox 2498 3933 2538 3979; x_wconf 89' lang='lat' dir='ltr'>a</span> <span class='ocrx_word' id='word_1_389' title='bbox 2591 3911 2822 3982; x_wconf 90' lang='lat' dir='ltr'>malis.</span> <span class='ocrx_word' id='word_1_390' title='bbox 2881 3916 3034 3982; x_wconf 89' lang='lat' dir='ltr'>Cum</span> <span class='ocrx_word' id='word_1_391' title='bbox 3078 3906 3160 3974; x_wconf 71' lang='lat' dir='ltr'>his</span> 
     </span>
     <span class='ocr_line' id='line_1_42' title="bbox 667 3992 3161 4102; baseline -0.004 -32"><span class='ocrx_word' id='word_1_392' title='bbox 667 4015 892 4071; x_wconf 87' lang='lat' dir='ltr'>motus</span> <span class='ocrx_word' id='word_1_393' title='bbox 938 3999 1181 4070; x_wconf 82' lang='lat' dir='ltr'>fuisset</span> <span class='ocrx_word' id='word_1_394' title='bbox 1228 4013 1535 4080; x_wconf 79' lang='lat' dir='ltr'>sanctuS‚</span> <span class='ocrx_word' id='word_1_395' title='bbox 1572 4012 1637 4069; x_wconf 93' lang='lat' dir='ltr'>et</span> <span class='ocrx_word' id='word_1_396' title='bbox 1671 4021 1882 4068; x_wconf 90' lang='lat' dir='ltr'>manu</span> <span class='ocrx_word' id='word_1_397' title='bbox 1917 4000 2152 4070; x_wconf 88' lang='lat' dir='ltr'>Crucis</span> <span class='ocrx_word' id='word_1_398' title='bbox 2183 3999 2459 4102; x_wconf 82' lang='lat' dir='ltr'>signum</span> <span class='ocrx_word' id='word_1_399' title='bbox 2495 3999 2795 4083; x_wconf 83' lang='lat' dir='ltr'>fecisset,</span> <span class='ocrx_word' id='word_1_400' title='bbox 2849 4015 2916 4071; x_wconf 91' lang='lat' dir='ltr'>et</span> <span class='ocrx_word' id='word_1_401' title='bbox 2957 3992 3161 4068; x_wconf 88' lang='lat' dir='ltr'>deinde</span> 
     </span>
     <span class='ocr_line' id='line_1_43' title="bbox 664 4085 3162 4180; baseline -0.002 -23"><span class='ocrx_word' id='word_1_402' title='bbox 664 4088 971 4158; x_wconf 88' lang='lat' dir='ltr'>divinum</span> <span class='ocrx_word' id='word_1_403' title='bbox 1024 4088 1269 4158; x_wconf 88' lang='lat' dir='ltr'>Christi</span> <span class='ocrx_word' id='word_1_404' title='bbox 1312 4110 1558 4158; x_wconf 89' lang='lat' dir='ltr'>nomen</span> <span class='ocrx_word' id='word_1_405' title='bbox 1618 4088 2000 4158; x_wconf 89' lang='lat' dir='ltr'>invocasset</span> <span class='ocrx_word' id='word_1_406' title='bbox 2043 4088 2115 4179; x_wconf 92' lang='lat' dir='ltr'>(o</span> <span class='ocrx_word' id='word_1_407' title='bbox 2168 4093 2283 4158; x_wconf 81' lang='lat' dir='ltr'>Del</span> <span class='ocrx_word' id='word_1_408' title='bbox 2331 4088 2640 4180; x_wconf 91' lang='lat' dir='ltr'>judicia,</span> <span class='ocrx_word' id='word_1_409' title='bbox 2710 4114 2753 4159; x_wconf 90' lang='lat' dir='ltr'>o</span> <span class='ocrx_word' id='word_1_410' title='bbox 2824 4085 3162 4179; x_wconf 84' lang='lat' dir='ltr'>benignita·</span> 
     </span>
     <span class='ocr_line' id='line_1_44' title="bbox 664 4172 3163 4269; baseline -0.001 -22"><span class='ocrx_word' id='word_1_411' title='bbox 664 4188 822 4259; x_wconf 84' lang='lat' dir='ltr'>tem,</span> <span class='ocrx_word' id='word_1_412' title='bbox 860 4199 1037 4264; x_wconf 90' lang='lat' dir='ltr'>quae</span> <span class='ocrx_word' id='word_1_413' title='bbox 1077 4177 1292 4248; x_wconf 90' lang='lat' dir='ltr'>nullis</span> <span class='ocrx_word' id='word_1_414' title='bbox 1344 4189 1561 4269; x_wconf 91' lang='lat' dir='ltr'>potest</span> <span class='ocrx_word' id='word_1_415' title='bbox 1602 4177 1826 4248; x_wconf 89' lang='lat' dir='ltr'>verbis</span> <span class='ocrx_word' id='word_1_416' title='bbox 1863 4177 2209 4269; x_wconf 86' lang='lat' dir='ltr'>exprimi),</span> <span class='ocrx_word' id='word_1_417' title='bbox 2257 4179 2609 4269; x_wconf 89' lang='lat' dir='ltr'>rumpitur</span> <span class='ocrx_word' id='word_1_418' title='bbox 2652 4178 2937 4265; x_wconf 87' lang='lat' dir='ltr'>quidem</span> <span class='ocrx_word' id='word_1_419' title='bbox 2973 4172 3163 4248; x_wconf 86' lang='lat' dir='ltr'>statim</span> 
     </span>
    </p>
   </div>
   <div class='ocr_carea' id='block_1_5' title="bbox 660 4373 3164 4524">
    <p class='ocr_par' dir='ltr' id='par_1_6' title="bbox 660 4373 3164 4524">
     <span class='ocr_line' id='line_1_45' title="bbox 717 4374 744 4401; baseline 0 0"><span class='ocrx_word' id='word_1_420' title='bbox 717 4374 744 4401; x_wconf 68' lang='lat'>0</span> 
     </span>
     <span class='ocr_line' id='line_1_46' title="bbox 714 4373 3164 4523; baseline -0.001 -54"><span class='ocrx_word' id='word_1_421' title='bbox 714 4373 1022 4523; x_wconf 47' lang='lat' dir='ltr'>:ftfittiettss&#39;t</span> <span class='ocrx_word' id='word_1_422' title='bbox 1033 4385 1225 4468; x_wconf 44' lang='lat' dir='ltr'>{Stia-ecia</span> <span class='ocrx_word' id='word_1_423' title='bbox 1244 4425 1435 4474; x_wconf 60' lang='lat' dir='ltr'>cama«,</span> <span class='ocrx_word' id='word_1_424' title='bbox 1452 4436 1571 4477; x_wconf 69' lang='lat' dir='ltr'>quae</span> <span class='ocrx_word' id='word_1_425' title='bbox 1591 4437 1717 4469; x_wconf 85' lang='lat' dir='ltr'>nunc</span> <span class='ocrx_word' id='word_1_426' title='bbox 1738 4428 1953 4470; x_wconf 78' lang='lat' dir='ltr'>Selefkeh</span> <span class='ocrx_word' id='word_1_427' title='bbox 1971 4428 2182 4468; x_wconf 72' lang='lat' dir='ltr'>vocatur.</span> <span class='ocrx_word' id='word_1_428' title='bbox 2198 4429 2316 4468; x_wconf 76' lang='lat' dir='ltr'>Tres</span> <span class='ocrx_word' id='word_1_429' title='bbox 2331 4430 2488 4469; x_wconf 70' lang='lat' dir='ltr'>autem</span> <span class='ocrx_word' id='word_1_430' title='bbox 2503 4428 2620 4469; x_wconf 70' lang='lat' dir='ltr'>aliae</span> <span class='ocrx_word' id='word_1_431' title='bbox 2636 4428 2795 4473; x_wconf 71' lang='lat' dir='ltr'>urben,</span> <span class='ocrx_word' id='word_1_432' title='bbox 2811 4427 2879 4469; x_wconf 69' lang='lat' dir='ltr'>ita</span> <span class='ocrx_word' id='word_1_433' title='bbox 2894 4422 3164 4474; x_wconf 59' lang='lat' dir='ltr'>nunculium·</span> 
     </span>
     <span class='ocr_line' id='line_1_47' title="bbox 660 4491 883 4524; baseline -0.009 0"><span class='ocrx_word' id='word_1_434' title='bbox 660 4492 720 4524; x_wconf 76' lang='lat' dir='ltr'>ox</span> <span class='ocrx_word' id='word_1_435' title='bbox 750 4491 765 4520; x_wconf 85' lang='grc' dir='ltr'><strong><em>ι</em></strong></span> <span class='ocrx_word' id='word_1_436' title='bbox 818 4491 883 4522; x_wconf 80' lang='lat' dir='ltr'>re.</span> 
     </span>
    </p>
   </div>
   <div class='ocr_carea' id='block_1_6' title="bbox 3264 553 3265 1128">
    <p class='ocr_par' dir='ltr' id='par_1_7' title="bbox 3264 553 3265 1128">
     <span class='ocr_line' id='line_1_48' title="bbox 3264 553 3265 1128; baseline 0 0"><span class='ocrx_word' id='word_1_437' title='bbox 3264 553 3265 1128; x_wconf 95' lang='lat' dir='ltr'> </span> 
     </span>
    </p>
   </div>
   <div class='ocr_carea' id='block_1_7' title="bbox 3264 553 3265 1880">
    <p class='ocr_par' dir='ltr' id='par_1_8' title="bbox 3264 553 3265 1880">
     <span class='ocr_line' id='line_1_49' title="bbox 3264 553 3265 1880; baseline 0 0"><span class='ocrx_word' id='word_1_438' title='bbox 3264 553 3265 1880; x_wconf 95' lang='lat' dir='ltr'> </span> 
     </span>
    </p>
   </div>
   <div class='ocr_carea' id='block_1_8' title="bbox 3263 2021 3267 4658">
    <p class='ocr_par' dir='ltr' id='par_1_9' title="bbox 3263 2021 3267 4658">
     <span class='ocr_line' id='line_1_50' title="bbox 3263 2021 3267 4658; baseline 0 0"><span class='ocrx_word' id='word_1_439' title='bbox 3263 2021 3267 4658; x_wconf 95' lang='lat' dir='ltr'> </span> 
     </span>
    </p>
   </div>
   <div class='ocr_carea' id='block_1_9' title="bbox 3222 4558 3266 4808">
    <p class='ocr_par' dir='ltr' id='par_1_10' title="bbox 3222 4558 3266 4808">
     <span class='ocr_line' id='line_1_51' title="bbox 3222 4558 3266 4808; baseline 0.023 -1"><span class='ocrx_word' id='word_1_440' title='bbox 3222 4558 3266 4808; x_wconf 64' lang='lat' dir='ltr'>l}</span> 
     </span>
    </p>
   </div>
  </div>
 </body>
</html>
