3347 4999
285 328 456 394 OCT.
511 332 545 393 5
695 334 704 341 ‘
1035 348 1113 393 na
1147 347 1239 394 ss.
1278 346 1539 394 rhamno
1579 344 1656 393 m
1705 346 1903 394 socus
1950 349 2063 394 uu.
2607 332 2733 396 ⁴85

285 433 536 501 ducere
575 431 814 520 coepit.
869 436 1080 514 Quem
1134 430 1236 498 vir
1288 431 1397 500 Dei
1429 454 1719 501 cernens
1744 430 1826 499 ad
1864 430 1999 500 alta
2040 454 2493 514 succrescere,
2529 456 2607 502 ac
2643 434 2823 507 sicut

285 521 646 680 proprium
695 519 916 588 filium
957 520 1153 588 illum
1198 521 1402 589 unice
1447 519 1772 610 diligens,
1821 519 1904 588 de
1942 520 2071 599 his,
2108 543 2283 607 quae
2322 523 2429 590 Dei
2464 536 2650 604 sunt,
2686 523 2821 592 sol-

316 610 481 679 icite
515 610 847 679 instruere
895 609 1138 698 coepit,
1178 631 1256 678 ac
1286 623 1524 678 contra
1577 609 1902 678 tentantia
1957 610 2395 696 praemunire
2432 611 2614 692 vitia,
2670 614 2817 699 qui,

289 699 374 769 ab
425 698 575 788 ipso
641 698 966 785 pueritiae
1016 720 1182 766 suae
1232 710 1533 786 tempore
1582 698 2068 768 abstinentiam
2136 719 2214 765 ac
2258 699 2525 787 vigilias
2573 714 2674 770 est
2724 724 2824 771 se-

290 800 515 858 cutus,
556 791 766 857 Cursu
819 809 1114 874 namque
1169 801 1481 876 praepete
1529 786 1886 856 coelestem
1924 785 2208 855 tendens
2240 787 2322 854 ad
2361 788 2676 875 patriam,
2716 813 2822 859 ar-

291 878 425 945 dua
475 888 540 945 et
592 877 923 946 sanctiora
975 890 1292 965 appetere
1344 898 1476 945 non
1528 876 1907 956 desinebat,
1964 876 2281 944 noctibus
2312 888 2515 961 atque
2547 877 2820 956 diebus,

295 965 483 1036 horis
532 987 611 1033 ac
654 965 1014 1034 momentis
1052 987 1229 1052 quae
1264 966 1377 1033 Dei
1426 979 1588 1034 sunt
1635 985 1962 1051 quaerere
1999 985 2130 1032 non
2175 965 2567 1034 cessabat...
2603 965 2637 1000 *

379 1057 535 1142 §a
593 1055 811 1144 Igitur
875 1076 1033 1122 cum
1098 1053 1180 1123 ad
1234 1075 1437 1123 aures
1486 1053 1790 1133 Tertulli,
1855 1058 2199 1122 Romanae
2247 1054 2479 1122 curiae
2528 1054 2822 1143 patricii,

294 1144 733 1234 pervenisset,
788 1143 965 1228 quod
1020 1156 1299 1212 sanctus
1352 1143 1613 1211 Domini
1666 1142 2072 1213 Benedictus
2122 1164 2257 1210 una
2308 1165 2466 1212 cum
2521 1143 2818 1226 Placido,

292 1234 442 1321 ejus
495 1231 761 1321 patricii
823 1232 1004 1311 filio,
1063 1245 1127 1301 et
1174 1231 1517 1321 discipulo
1587 1254 1714 1300 suo
1764 1236 2042 1310 Mauro,
2098 1231 2166 1299 in
2219 1233 2350 1298 sut?
2394 1233 2824 1320 possessione

294 1321 556 1390 Cassini
608 1321 1096 1390 monasterium
1150 1321 1565 1400 construxit,
1621 1321 1900 1410 gavisus
1946 1332 2047 1389 est
2109 1318 2362 1408 gaudio
2415 1344 2686 1412 magn0‚
2744 1322 2820 1390 fi-

297 1410 524 1497 lioque
573 1432 699 1479 suo
748 1409 1041 1499 dirigere
1091 1409 1377 1489 studuit,
1431 1422 1505 1478 ut
1558 1409 1770 1498 patris
1801 1408 2140 1478 Benedicti
2178 1408 2588 1478 voluntatem
2620 1433 2828 1500 super

295 1521 420 1569 suo
470 1497 764 1567 adventu
810 1498 1248 1587 perquireret,
1290 1511 1353 1567 et
1393 1498 1523 1567 sibi
1560 1498 1972 1577 remitteret;
2020 1496 2188 1566 velle
2234 1499 2418 1565 enim
2455 1520 2528 1567 se
2574 1499 2821 1588 ajebat,

293 1588 350 1657 si
403 1587 468 1656 id
521 1609 712 1655 servo
766 1588 1027 1656 Domini
1082 1586 1400 1687 placeret,
1456 1602 1521 1655 et
1568 1588 1971 1656 Cassinense
2018 1586 2452 1667 coenobium,
2506 1600 2571 1656 et
2610 1588 2828 1656 Placi-

292 1676 459 1745 dum
512 1676 732 1746 fitium
787 1699 988 1746 suum
1042 1676 1289 1744 videre.
1354 1680 1537 1757 Quae
1572 1698 1730 1744 cum
1772 1675 1946 1744 idem
1986 1689 2267 1744 sanctus
2303 1674 2620 1744 Placidus
2643 1679 2821 1777 patri

292 1766 656 1835 Benedicto
708 1777 1092 1844 reserasset,
1149 1766 1250 1832 vir
1293 1765 1402 1833 Dei
1449 1763 1800 1854 respondit
1850 1764 1981 1834 sibi
2027 1763 2313 1853 placere,
2348 1778 2422 1833 ut
2466 1779 2598 1833 tam
2640 1766 2819 1834 idem

298 1855 654 1944 patriciuS,
707 1875 914 1940 quam
958 1855 1163 1922 amici
1204 1854 1354 1944 ejus
1401 1853 1486 1922 ad
1533 1853 2021 1921 monasterium
2077 1852 2434 1922 visendum
2489 1854 2815 1924 venirent.

297 1942 619 2013 Placidus
666 1954 890 2010 autem
943 1957 1204 2012 certum
1257 1943 1434 2010 diem
1489 1941 1784 2011 Tertullo
1867 1943 2034 2030 patri
2073 1963 2222 2022 suc,
2262 1963 2399 2028 quo
2451 1943 2534 2011 ad
2588 1964 2828 2013 coeno·

294 2032 485 2101 bium
542 2030 898 2101 visendum
971 2032 1198 2101 venire
1246 2032 1558 2110 deberet,
1612 2045 1676 2099 et
1714 2031 1904 2120 juxta
1964 2031 2145 2117 quod
2195 2045 2381 2119 pater
2422 2031 2826 2101 Benedictus
2929 2049 2936 2058 ·

294 2120 361 2188 in
418 2120 758 2190 mandatis
806 2119 1105 2200 dederat,
1164 2120 1618 2189 transmittere
1667 2118 1954 2188 studuit.
2009 2119 2134 2201 Qui
2187 2120 2543 2189 confestim
2596 2143 2828 2189 accer-

294 2209 443 2277 sitis
509 2208 592 2277 ad
647 2231 717 2277 se
768 2209 1218 2278 nobilissimis
1266 2209 1350 2278 de
1398 2209 1667 2278 civitate
1717 2213 1969 2276 Romae
2021 2207 2206 2289 viris,
2263 2209 2488 2277 Boetio
2539 2209 2819 2291 scilicet,

298 2297 730 2384 Symmacho,
786 2297 1142 2377 Vitaliano,
1200 2298 1542 2367 Gordiano
1597 2310 1802 2382 atque
1852 2296 2161 2382 Equitio,
2216 2297 2520 2368 ascensis
2566 2299 2811 2384 equiS,

293 2386 559 2454 concito
590 2385 833 2474 gradu,
877 2387 958 2455 ad
1002 2386 1356 2476 praedium
1390 2386 1844 2476 possessionis
1876 2407 2062 2464 suae,
2103 2385 2282 2471 quod
2319 2386 2378 2453 ei
2420 2386 2504 2454 de
2545 2399 2824 2475 paterna
2903 2433 2906 2436 Δ

289 2473 701 2544 haereditate
749 2475 1135 2555 obvenerat,
1196 2475 1552 2545 Cassinum
1614 2474 1939 2565 pervenit.
2004 2475 2209 2564 Cujus
2259 2474 2616 2557 adventus,
2656 2476 2822 2547 dum

290 2563 464 2652 patri
506 2564 867 2634 Benedicto
918 2566 1287 2633 nunciatus
1329 2564 1589 2644 fuisset,
1648 2587 1804 2634 curn
1859 2564 2221 2652 discipulis
2257 2565 2403 2634 suis
2447 2564 2719 2635 Placido
2761 2580 2824 2636 et

289 2658 522 2722 Mauro
570 2667 725 2721 ante
764 2655 1053 2741 januam
1118 2654 1510 2723 monasterii
1572 2654 1635 2721 in
1691 2653 1841 2742 ejus
1895 2654 2113 2743 pergit
2161 2675 2551 2722 occursum.
2610 2656 2822 2723 Patri-

286 2742 437 2811 cius
477 2755 704 2812 autem
758 2743 1234 2813 beatissimum
1273 2754 1530 2832 patrem
1568 2741 2036 2822 Benedictum,
2078 2763 2361 2831 corpore
2413 2763 2573 2831 prae
2609 2743 2822 2813 absti-

289 2830 519 2899 nentia
551 2832 988 2911 exhaustum,
1050 2831 1494 2920 perspiciens,
1553 2831 1636 2900 de
1684 2851 1883 2917 equ0‚
1937 2852 2072 2916 quo
2117 2830 2478 2908 insederat,
2516 2830 2826 2901 celeriter

287 2919 665 2998 descendit,
709 2934 773 2989 et
823 2921 909 2988 ita
955 2933 1027 2989 ut
1075 2932 1218 2988 erat
1258 2942 1427 2990 auro
1461 2919 1889 3009 gemmisque
1936 2932 2221 2988 ornatus
2274 2919 2339 2988 in
2393 2933 2635 2989 terram
2675 2943 2826 2989 cor-

291 3030 499 3077 ruens
531 3065 545 3087 ‚
585 3008 1115 3079 deosculabatur
1156 3010 1435 3099 vestigia
1500 3010 1673 3098 ejus.
1738 3013 1949 3089 Quem
2006 3021 2194 3096 pater
2255 3008 2740 3079 sanctissimus
2787 3032 2828 3079 a

288 3109 462 3166 terra
513 3098 808 3179 elevans,
848 3111 913 3167 et
965 3098 1048 3167 ad
1112 3111 1346 3185 pectus
1407 3120 1614 3166 suum
1656 3096 2160 3184 constringens,
2214 3095 2657 3166 deosculatus
2696 3112 2819 3167 est.

288 3190 576 3254 Demum
632 3208 785 3255 vero
835 3188 901 3255 in
965 3186 1323 3256 ecclesiam
1378 3187 1593 3256 sancti
1644 3183 2055 3254 confessoris
2104 3185 2351 3255 Christi
2400 3187 2671 3255 Martini
2725 3189 2828 3255 in-

288 3272 576 3353 ducens,
630 3288 693 3344 et
747 3298 905 3363 prae
946 3275 1198 3360 gaudio
1248 3275 1315 3342 in
1378 3276 1609 3343 fletum
1652 3294 2133 3363 prorumpens,
2174 3274 2372 3343 illum
2422 3286 2487 3344 et
2522 3275 2824 3362 reliquos

292 3362 362 3431 in
407 3362 695 3431 fratrum
737 3378 1147 3432 conventum
1204 3363 1508 3432 deduxit.
1564 3360 1906 3430 Tertullus
1954 3384 2132 3442 vero,
2195 3363 2587 3433 deosculata
2634 3365 2824 3434 omni

287 3452 837 3540 congregatione,
894 3453 1153 3553 rogavit
1203 3467 1458 3542 patrem
1512 3449 1951 3519 Benedictum
1983 3504 1997 3530 ,
2050 3464 2392 3538 quatenus
2461 3473 2617 3522 eum
2688 3452 2824 3523 fra-

288 3551 422 3611 tres
469 3540 921 3629 dignarentur
969 3564 1036 3609 in
1080 3562 1276 3611 suam
1332 3541 1628 3629 recipere
1662 3539 2077 3608 societatem.
2134 3541 2259 3622 Qui
2310 3563 2469 3609 cum
2511 3541 2822 3611 celeriter

289 3650 389 3708 ea,
434 3649 611 3715 quae
659 3651 931 3698 summa
980 3630 1336 3699 devotione
1380 3628 1720 3717 poscebat,
1777 3649 1913 3696 una
1965 3649 2123 3698 cum
2185 3629 2528 3717 patriciis,
2573 3651 2823 3699 consu-

287 3716 469 3787 libus
519 3740 597 3786 ac
647 3719 1101 3800 senatoribuS‚
1146 3718 1265 3804 qui
1314 3740 1473 3787 cum
1534 3738 1613 3786 eo
1662 3729 2012 3797 venerant,
2070 3717 2522 3806 impetrasset,
2576 3719 2825 3791 obtulit

292 3810 419 3876 Deo
466 3816 531 3876 et
577 3806 797 3875 eidem
843 3807 1015 3897 patri
1053 3808 1448 3876 beatissimo
1487 3805 1851 3874 Benedicto
1895 3819 2107 3875 totum
2159 3827 2239 3874 ex
2289 3807 2552 3895 integro
2602 3809 2821 3877 Cassi-

288 3916 454 3964 num
511 3910 805 3963 montem
858 3918 1015 3964 cum
1063 3894 1402 3965 universis
1447 3894 1876 3984 pertinentiis
1924 3894 2094 3971 suis,
2151 3906 2358 3982 atque
2405 3917 2445 3964 a
2495 3918 2621 3966 suo
2672 3919 2827 3986 pro-

292 3984 440 4072 prio
479 3984 635 4072 jure
681 3984 875 4053 illum
927 3984 1385 4064 abscindens,
1440 3983 1659 4053 eidem
1717 3982 1889 4072 patri
1943 3982 2223 4052 tradidit
2288 3984 2355 4051 in
2415 3997 2821 4085 perpetuum

288 4072 802 4160 possidendum.
861 4077 1387 4159 convocansque
1453 4072 1537 4141 ad
1594 4096 1663 4140 se
1717 4072 2158 4159 Reipublicae
2209 4072 2759 4162 primiscrinium
2795 4128 2815 4155 ,

289 4171 764 4231 testamentum
809 4162 1004 4249 juxta
1057 4183 1313 4230 morem
1367 4166 1753 4231 Romanum
1791 4161 2131 4230 conscribi
2169 4161 2348 4242 fecit,
2389 4163 2474 4231 ab
2509 4162 2826 4232 omnium

286 4249 679 4318 mortalium
731 4250 885 4337 jure.
950 4262 1152 4336 atque
1211 4250 1519 4320 dominio
1583 4250 1808 4319 locum
1876 4249 2172 4319 eundem
2232 4263 2558 4340 perpetuo
2628 4273 2827 4320 man-

287 4359 527 4406 surum
591 4339 895 4409 alienum
964 4340 1361 4408 decernens.
1436 4340 1693 4409 Pariter
1751 4338 1999 4407 amodo
2047 4338 2267 4408 eidem
2347 4340 2520 4428 patri
2578 4340 2828 4408 obtulit

340 4461 364 4482 ⁶
383 4461 471 4501 Hic
490 4466 830 4514 excernendum
850 4466 1134 4511 censuimus,
1154 4475 1273 4513 qnae
1290 4467 1389 4514 jam
1414 4463 1463 4505 in
1488 4467 1594 4505 Vita
1616 4466 1658 4505 S.
1678 4463 1934 4509 Benedicti.
1954 4465 2001 4505 ln
2023 4467 2167 4512 Sur-fo,
2185 4466 2299 4506 tom.
2321 4475 2385 4511 m,
2404 4466 2642 4514 teguntur.
