3347 4999
751 384 880 447 276
1547 399 1623 443 m:
1673 400 1729 443 s.
1786 398 2073 444 Biacrru
2124 398 2313 443 VlDCA
2937 377 3102 444 OCT.
3153 381 3192 443 8

661 483 1038 574 Neapolim,
1097 482 1285 553 filius
1331 482 1481 572 ejus
1523 481 1828 562 Carolus,
1873 481 2068 549 miles
2116 480 2458 570 egregiuS,
2508 480 2746 550 morbo
2795 494 3185 570 correptus,

661 574 863 644 desiit
922 594 1070 643 esse
1137 572 1206 640 in
1274 571 1623 640 humanis
1697 572 1833 641 Etsi
1896 581 2123 639 autem
2202 591 2525 659 praesens
2592 570 2911 638 morienti
2971 570 3194 637 aderat

662 674 880 732 mater
915 662 1089 749 ejuS,
1146 660 1316 729 nihil
1357 674 1580 728 tamen
1634 681 1704 726 se
1755 659 1902 729 loco
1940 658 2191 737 movit;
2246 672 2306 727 et
2359 680 2578 745 neque
2620 679 2814 727 voces
2850 658 3189 745 querulas,

663 772 884 837 neque
914 749 1255 839 lacrymas
1289 748 1504 817 fudit:
1562 747 1678 816 sed
1730 770 1887 816 cum
1931 747 2328 815 admirabili
2369 747 2692 835 patientia
2733 760 2796 815 et
2832 748 3196 815 reverentia

661 840 917 930 gratias
964 839 1206 927 agebat
1243 843 1395 907 Deo.
1432 842 1510 907 Et
1539 836 1696 905 licet
1732 850 1877 906 tum
1920 836 2180 925 Regina
2220 836 2390 926 ipsa,
2441 849 2586 906 tum
2627 835 2823 905 multi
2860 836 3195 924 principes

557 928 564 936 ’
659 929 857 1019 regni
905 926 1374 1016 Neapolitani,
1435 938 1504 995 et
1565 925 1859 994 civitatis
1975 924 2235 993 rimarii
2296 925 2420 993 viri
2478 947 2556 995 ac
2613 923 2906 993 feminae
2964 946 3195 994 omnes

658 1040 820 1086 cum
857 1016 1076 1087 multo
1106 1016 1386 1105 planctu
1410 1036 1662 1102 corpus
1693 1014 1841 1101 ejus
1869 1036 1909 1081 a
1987 1012 2381 1103 sepulcrum
2411 1036 2570 1083 cum
2612 1013 2725 1082 illa
2757 1013 3190 1093 deducerent,

661 1128 1019 1192 nunquam
1076 1118 1297 1173 tamen
1344 1096 1464 1172 slla
1512 1102 1732 1181 flevit,
1780 1102 1893 1171 sed
1945 1123 2103 1171 cum
2155 1102 2533 1191 gratiarum
2584 1102 3195 1171 actioneanimam

660 1195 812 1284 ejus
860 1193 1388 1263 commendabat
1421 1197 1572 1261 Deo.
1613 1192 1765 1260 Fuit
1805 1214 1884 1260 ea
1916 1213 2022 1261 res
2058 1213 2189 1260 non
2229 1191 2555 1261 mediocri
2591 1191 3029 1260 admirationi
3060 1204 3194 1259 tarn

664 1282 962 1372 Reginae
993 1337 1008 1363 ,
1060 1304 1270 1369 quam
1320 1282 1604 1350 caeteris
1652 1280 1980 1350 omnibus
2012 1334 2027 1360 ‚
2082 1279 2261 1367 quod
2315 1292 2570 1349 tantam
2633 1280 2703 1348 in
2751 1280 3057 1370 principe
3100 1278 3198 1348 fe-

663 1372 850 1440 mina
894 1371 1108 1440 animi
1143 1370 1615 1441 fortitudinem
1651 1369 1981 1438 viderent.

752 1468 790 1541 ἓ
844 1464 1003 1531 ²8.
1059 1465 1223 1529 Cum
1275 1473 1502 1528 autem
1555 1471 1793 1527 sancta
1834 1458 2114 1547 Birgitta
2152 1471 2329 1527 esset
2372 1457 2855 1547 Jerosolymis,
2911 1456 3192 1544 quidam

662 1549 1186 1628 FranciscanuS,
1226 1548 1518 1635 quierat
1551 1547 1849 1636 Reginae
1885 1547 2083 1636 Cypri
2116 1569 2153 1616 a
2188 1548 2486 1624 secretis,
2518 1559 2763 1615 etcum
2795 1562 3026 1616 sancta
3054 1547 3195 1614 Bir-

664 1638 832 1728 gitta
866 1660 904 1706 a
933 1642 1344 1725 Famagusta
1367 1635 1862 1724 lerosolymam
1898 1647 2193 1715 venerat,
2232 1635 2589 1705 humiliter
2620 1656 2768 1705 eam
2810 1635 3086 1725 rogavit,
3126 1650 3204 1705 ut

665 1747 788 1817 pro
815 1726 965 1815 ipso
996 1726 1357 1794 Dominum
1392 1724 1727 1794 instanter
1761 1723 2267 1813 deprecaretur,
2294 1745 2429 1810 quo
2461 1738 2722 1793 certum
2748 1724 2876 1813 ipsi
2920 1723 3197 1791 modum

646 1828 725 1909 Eet
763 1816 1093 1884 rationem
1127 1815 1190 1881 ei
1222 1814 1559 1883 serviendi
1590 1812 1998 1882 ostenderet.
2053 1813 2286 1882 Oranti
2336 1824 2610 1881 sanctae
2661 1813 2981 1902 Birgittae
3016 1812 3201 1881 Chri-

661 1915 810 1973 stus
856 1902 1201 1992 apparuit‚
1244 1915 1310 1970 et
1339 1901 1637 1989 quadam
1690 1902 1751 1969 ei
1788 1900 2191 1971 revelatione
2240 1901 2560 1982 ostendit,
2613 1900 3199 1987 quemadmodum

663 1997 728 2061 S.
785 1991 1192 2060 Franciscus
1255 1991 1565 2081 regulam
1617 2011 1658 2059 a
1708 1990 1968 2059 Christo
2019 1989 2401 2079 acceperit,
2455 2003 2519 2058 et
2569 2002 2642 2058 ut
2693 1989 2898 2077 primi
2965 1988 3204 2058 fratres

659 2081 807 2168 ejus
841 2078 1218 2150 secundum
1261 2078 1449 2148 illam
1487 2091 1719 2148 sancte
1754 2079 2086 2160 vixerint3
2137 2092 2340 2165 atque
2391 2092 2465 2147 ut
2510 2077 2829 2147 diabolus
2867 2099 3027 2146 eum
3076 2082 3204 2146 Or-

662 2169 892 2238 dinem
943 2167 1466 2250 contaminarit;
1521 2182 1862 2257 postremo
1910 2189 2088 2255 quae
2135 2165 2349 2258 gloria
2406 2179 2675 2236 maneat
2724 2168 2791 2234 in
2844 2165 3052 2236 coelis
3101 2189 3207 2234 re.-

663 2256 867 2356 gula9
915 2256 1015 2325 illi
1066 2257 1547 2325 convenienter
1594 2257 1916 2337 viventes,
1971 2278 2145 2343 quae
2199 2278 2415 2345 poena
2462 2255 2643 2344 apud
2707 2254 2964 2324 inferos
3012 2254 3206 2322 illam

664 2344 1266 2435 transgredientes.
1319 2351 1510 2414 Hanc
1559 2345 2035 2414 revelationem
2087 2368 2246 2413 cum
2299 2344 2411 2413 ille
2453 2343 2950 2413 Franciscanus
2999 2342 3208 2433 legis-

664 2446 786 2515 set,
846 2455 997 2504 mox
1038 2433 1155 2503 ubi
1189 2438 1668 2525 Famagustam
1726 2433 1948 2515 rediit,
1989 2432 2223 2514 libros,
2281 2455 2436 2503 vasa
2486 2446 2808 2523 argentea
2855 2445 2920 2502 et
2966 2454 3202 2513 aurea,

663 2522 936 2610 aliaque
983 2537 1384 2592 ornamenta
1434 2536 1498 2592 et
1550 2524 1876 2612 pecunias
1919 2545 2080 2593 suas
2128 2522 2482 2591 distribuit
2532 2523 2975 2611 pauperibuS,
3012 2522 3209 2610 dein-

664 2633 825 2701 ceps
865 2612 1173 2681 victurus
1222 2613 1291 2681 in
1344 2612 1618 2681 sancta'e
1666 2611 1945 2701 regulae
1992 2611 2447 2680 observantia.
2495 2612 2854 2680 Dicebatur
2894 2611 2953 2680 is
3002 2617 3211 2680 Anto-

667 2702 824 2770 nius
857 2700 944 2769 ab
985 2702 1320 2790 Aragonia
1356 2723 1371 2781 ;
1414 2713 1645 2790 postea
1680 2723 1835 2770 vero
1868 2700 2090 2769 factus
2122 2713 2222 2769 est
2260 2699 2475 2788 guard
2490 2700 2688 2770 ianus
2722 2701 2789 2768 in
2834 2698 3205 2768 Bethleem.

662 2789 968 2859 Habetur
1015 2790 1182 2858 haec
1233 2789 1550 2859 revelatio
1586 2788 1705 2858 lib.
1757 2795 1820 2867 7,
1862 2812 1921 2858 c.
1973 2795 2081 2868 ΞΟ,
2128 2803 2192 2857 et
2230 2809 2380 2857 eam
2430 2789 2680 2858 obtulit
2723 2788 3053 2856 dominus
3102 2787 3214 2856 Al-

663 2878 974 2966 phonsus
1009 2879 1331 2968 Gregorio
1372 2883 1481 2946 XI.
1539 2879 1691 2946 Fuit
1737 2879 1937 2947 etiam
1992 2877 2224 2946 beatae
2281 2878 2599 2965 Birgittae
2663 2877 2996 2946 divinitus
3029 2875 3213 2945 facta

662 2967 978 3036 revelatio
1027 2967 1111 3035 de
1160 2968 1412 3037 Abbate
1474 2966 1774 3053 quodam
1809 3021 1823 3047 ‚
1888 2967 2089 3055 cujus
2152 2978 2295 3034 erat
2362 2966 2493 3034 vita
2560 2966 2863 3035 exitiosa.
2921 2966 3098 3034 Dixit
3150 2965 3216 3034 ei

662 3055 971 3125 Christus
1021 3055 1593 3126 minitabundus:
1656 3079 1681 3118 ε
1724 3061 1844 3132 Tu,
1891 3054 2099 3136 Abba,
2139 3054 2436 3124 debebas
2469 3076 2617 3124 esse
2650 3055 3009 3144 speculum
3059 3076 3219 3124 mo-

662 3144 1069 3222 nachorum,
1106 3158 1170 3213 et
1217 3168 1371 3214 ecce
1420 3157 1627 3234 caput
1667 3166 1739 3215 es
1774 3144 2232 3213 meretricum.
2273 3144 2575 3213 Debebas
2620 3165 2768 3212 esse
2816 3142 3221 3233 exemplum

664 3254 1046 3320 pauperum
1073 3246 1138 3301 et
1163 3246 1579 3302 sustentator
1610 3234 1894 3322 inopum
1932 3256 1945 3311 ;
1990 3245 2054 3302 et
2087 3253 2241 3301 ecce
2280 3254 2359 3301 ex
2384 3231 2835 3321 eleemosynis
2870 3254 3221 3320 magnum

668 3335 726 3390 te
777 3320 1138 3388 dominum
1188 3322 1489 3402 exhibeS‚
1523 3322 1758 3410 ‘potius
1807 3321 2126 3390 babitans
2177 3321 2243 3388 in
2296 3321 2562 3401 castriS‚
2603 3343 2807 3408 quam
2844 3320 2910 3388 in
2962 3342 3230 3389 mona-

663 3409 911 3479 steriis.
946 3409 1248 3479 Debebas
1295 3432 1442 3480 esse
1484 3409 1720 3479 doctor
1765 3423 1829 3477 et
1879 3432 2077 3478 verus
2116 3423 2303 3499 pater
2336 3408 2623 3478 fratrum
2664 3422 2974 3487 tuorum;
3012 3420 3080 3476 et
3144 3421 3232 3478 tu

663 3497 939 3565 illorum
993 3498 1309 3568 seductor
1341 3520 1413 3568 es
1445 3512 1507 3567 et
1548 3499 1854 3568 vitricus,
1889 3503 1973 3566 Te
2022 3499 2092 3565 in
2143 3496 2410 3566 deliciis
2458 3511 2521 3567 et
2571 3520 2823 3587 pompa
2864 3510 3226 3581 versante,

659 3585 761 3653 illi
813 3585 1043 3654 afflicti
1093 3601 1533 3656 murmurant
1581 3600 1718 3655 tota
1767 3587 1901 3655 die.
1944 3586 2067 3656 Sed
2114 3587 2246 3655 nisi
2299 3587 2693 3675 resipueris,
2749 3588 3091 3677 deponam
3158 3600 3235 3657 te

660 3673 746 3742 de
793 3675 1058 3756 castris,
1094 3689 1159 3744 et
1202 3698 1323 3744 nec
1354 3698 1511 3743 cum
1547 3676 1808 3744 infimis
1856 3674 2182 3744 fratribus
2233 3676 2369 3744 tuis
2419 3676 2705 3745 habebis
2751 3676 3231 3757 consortium,

661 3783 786 3832 nec
834 3763 916 3832 ad
977 3765 1294 3854 patriam,
1345 3777 1423 3833 ut
1471 3764 1594 3833 tibi
1646 3764 2040 3854 persuadeS,
2099 3762 2352 3832 redibis
2413 3777 2628 3846 tuam,
2686 3786 2806 3834 nec
2858 3765 2926 3833 in
2981 3788 3239 3835 ineam

662 3851 1142 3941 ingredieris.»
1193 3859 1284 3922 Ea
1331 3852 1610 3939 quidem
1662 3853 1895 3923 omnia
1948 3867 2177 3942 postea
2229 3852 2329 3921 illi
2363 3853 2601 3921 Abbati
2638 3853 2727 3922 ita
2776 3853 3238 3924 acciderunt.

750 3944 784 4028 ξ
837 3945 987 4012 ²4.
1046 3946 1209 4012 Cum
1261 3955 1437 4011 esset
1485 3947 1551 4011 S.
1607 3943 1888 4032 Birgitta
1937 3948 2191 4011 Romae
2226 3997 2240 4023 ,
2294 3954 2358 4011 et
2406 3942 2703 4029 quodam
2770 3942 2881 4009 die
2934 3956 3251 4031 propter

659 4030 1018 4099 stationem
1074 4031 1221 4101 loca
1273 4054 1467 4102 sacra
1516 4031 1860 4111 inviseret,
1914 4053 2081 4100 casu
2146 4031 2402 4100 invenit
2468 4029 2956 4120 pauperculam
3010 4030 3251 4100 femi-

659 4140 819 4185 nam
870 4120 1244 4206 quamdam
1295 4142 1332 4190 e
1380 4142 1588 4211 regno
1639 4120 2041 4210 Norvegiae,
2091 4132 2246 4188 ante
2302 4132 2579 4188 sanctae
2627 4119 2947 4188 Praxedis
2994 4120 3253 4191 eccle-

660 4206 830 4276 siam
884 4209 1097 4277 solam
1141 4211 1480 4299 jacentem
1537 4231 1769 4298 prope,
1810 4209 2357 4277 semimortuam.
2398 4209 2666 4278 Miserta
2708 4207 2919 4288 illius,
2983 4212 3258 4301 coepit

660 4306 916 4364 tentare
942 4319 1018 4365 ex
1054 4299 1267 4367 multa
1310 4299 1722 4378 humilitate,
1764 4319 1928 4366 num
1966 4309 2191 4387 posset
2226 4297 2373 4386 ipsa
2411 4319 2559 4365 eam
2598 4295 2771 4366 ferre
2804 4296 2886 4364 ad
2917 4296 3255 4370 domum

658 4384 1066 4475 hospitalem
1111 4391 1177 4455 S.
1228 4388 1524 4456 Antonii.
1582 4386 1707 4455 Sed
1760 4407 1916 4454 cum
1975 4408 2107 4455 non
2174 4398 2437 4475 posset,
2497 4385 2704 4454 voluit
2754 4398 2830 4453 ut
2877 4384 3262 4459 dominus

661 4479 950 4565 Magnus
998 4474 1398 4564 capellanus
1462 4476 1611 4566 ejus
1650 4476 1923 4564 juvaret
1971 4476 2243 4566 ipsam3
2299 4486 2502 4562 atque
2565 4474 2655 4543 ita
2723 4472 2927 4543 ambo
2999 4476 3261 4547 simul
