3347 4999
701 339 832 402 498
1493 354 1571 400 nn
1618 354 1673 401 s.
1728 351 2022 401 nnnwmss
2072 355 2263 402 vinna
2829 333 3002 400 OCT.
3063 338 3146 402 17

614 455 958 509 maternos
1007 438 1211 529 pedes
1240 438 1969 508 reverenterablueret.
2015 443 2486 507 Perseverante
2515 437 2726 527 igitur
2755 436 3140 519 Abbatissa,

611 543 676 598 et
725 529 835 617 pia
882 528 1180 614 quadam
1231 527 1605 618 pertinacia
1653 527 1724 596 in
1778 528 2121 617 proposito
2166 538 2630 617 permanente.
2678 526 2951 594 tandem
2986 526 3144 615 ejus

614 617 932 707 precibus
966 616 1137 684 victa
1177 629 1390 685 mater
1415 615 1833 693 humillima,
1875 616 2079 704 pedes
2108 614 2434 685 lavandos
2463 614 2794 684 exhibuit.
2834 618 3150 701 Tumque

570 705 884 776 'Juliana
933 726 1147 781 soror,
1199 726 1375 791 quae
1423 703 1699 790 pelvim,
1746 705 1809 773 in
1860 727 1996 792 qua
2034 717 2178 774 erat
2215 725 2419 790 aqua,
2476 703 2768 782 tenebat,
2809 703 2975 771 vidit
3002 715 3145 773 tam

615 815 900 884 magnas
951 795 1017 861 in
1068 794 1218 881 ejus
1270 793 1560 882 pedibus
1608 794 1970 875 scissuraS,
2023 792 2208 862 unde
2240 813 2735 883 saepenumero
2766 813 2973 860 cruor
3001 814 3150 861 ma-

615 884 820 952 nabat
869 882 1117 982 frigido
1167 895 1502 971 tempore:
1555 903 1761 968 quem
1797 882 2102 969 quidem,
2159 882 2309 970 ipsa
2359 881 2726 962 nesciente,
2782 880 2850 947 in
2903 879 3044 949 luto
3080 892 3148 950 et

616 972 769 1040 nive
814 970 1078 1040 familia
1123 992 1271 1039 eam
1324 971 1796 1057 subsequens,
1850 969 2077 1040 adhuc
2126 983 2460 1040 recentem
2499 976 2541 1050 ,⁹
2573 990 2703 1038 non
2761 990 2913 1038 raro
2982 990 3147 1038 con-

616 1060 855 1151 spexit.
933 1059 1259 1129 Viderunt
1318 1058 1518 1127 etiam
1592 1058 1932 1138 feminae,
1996 1059 2057 1126 ei
2119 1057 2548 1128 familiariter
2614 1058 3134 1137 ministrantes,

615 1147 1199 1236 quemadmodum
1250 1148 1534 1238 sanguis
1578 1168 1616 1216 e
1666 1146 1920 1235 plantis
1965 1147 2114 1233 ejus
2175 1167 2585 1237 erumpens,
2641 1145 2778 1215 illis
2829 1145 3148 1215 inhaere-

619 1251 740 1307 ret.
786 1241 949 1306 Cum
1007 1249 1153 1325 post
1194 1236 1567 1306 orationem
1632 1235 2047 1322 quandoque
2093 1235 2394 1325 fatigata,
2445 1235 2740 1322 quietern
2804 1246 3092 1323 captura
3124 1289 3141 1316 ,

619 1347 766 1396 sese
813 1324 900 1394 ad
970 1325 1468 1414 hypocaustum
1526 1323 1558 1358 ⁴³
1597 1324 2044 1403 contulisset,
2096 1345 2338 1394 somno
2415 1345 2646 1413 pressa
2703 1322 3142 1393 obdormivit.

621 1419 820 1485 Soror
868 1435 1022 1482 vero
1067 1414 1298 1490 suma,
1355 1413 1689 1484 monacha
1738 1413 2260 1494 Trebniciensis‚
2297 1434 2473 1499 quae
2500 1412 2563 1479 ei
2613 1424 2756 1481 tum
2780 1412 3140 1492 serviebat,

620 1503 1132 1592 superveniens,
1188 1501 1355 1570 vidit
1391 1516 1784 1572 concretum
1836 1502 2268 1592 sanguinem,
2369 1500 2441 1570 ui
2488 1500 2572 1569 de
2636 1499 2889 1591 pedum
2943 1500 3143 1568 hian-

623 1592 808 1662 tibus
858 1592 1053 1660 rimis
1081 1590 1449 1671 effluxerat,
1506 1590 1677 1679 ipsis
1725 1589 2014 1678 pedibus
2049 1590 2335 1659 nonnihi
2415 1602 2600 1659 extra
2661 1589 3145 1658 vestimentum

620 1680 1194 1780 prominentibus.
1236 1683 1469 1764 ltaque
1517 1678 1873 1747 admirans
1933 1679 2353 1749 severitatem
2408 1677 2882 1779 poenitentiae,
2931 1698 3142 1763 quam

624 1791 696 1838 ln
740 1781 971 1839 sancta
1031 1766 1148 1836 illa
1195 1768 1310 1835 Dei
1358 1766 1618 1837 famula
1686 1766 2027 1846 cernebat,
2096 1779 2292 1836 caute
2338 1766 2493 1837 aliis
2565 1788 2715 1835 eam
2784 1765 3133 1834 indicavit.

624 1862 1189 1941 Quantacumque
1228 1868 1401 1925 esset
1432 1854 1709 1944 frigoris
1741 1856 2095 1945 asperitaS,
2131 1854 2334 1924 nudis
2384 1876 2652 1945 semper
2701 1854 3016 1923 manibus
3042 1865 3137 1921 te·

619 1945 822 2014 nebat
868 1943 1293 2023 psalterium,
1346 1964 1501 2012 cum
1548 1942 1716 2012 illud
1764 1943 2036 2033 legeret,
2096 1956 2162 2012 et
2205 1943 2587 2013 candelam.
2627 1946 2844 2012 Orans
2902 1942 3132 2021 etiam,

625 2034 831 2103 nudis
881 2055 1209 2102 manuum
1264 2030 1571 2101 articulis
1618 2045 1834 2101 terrae
1883 2031 2156 2121 saepius
2204 2032 2677 2101 incumbebat:
2716 2052 2890 2117 quae
2928 2032 3142 2099 resin

622 2145 827 2191 causa
869 2119 1019 2200 fuit,
1075 2133 1149 2189 ut
1190 2133 1254 2189 et
1289 2141 1534 2192 manus
1564 2120 1714 2208 eJ'us
1746 2119 1981 2190 multis
2014 2120 2181 2191 locis
2227 2134 2452 2189 essent
2494 2131 2756 2211 ruptae,
2795 2141 2833 2188 e
2879 2119 3140 2206 quibus

623 2232 822 2299 saepe
852 2209 1135 2299 sanguis
1184 2208 1496 2296 guttatim
1558 2208 1895 2278 effluebat.
1954 2214 2139 2292 Quae
2185 2207 2465 2296 quidem
2516 2208 2894 2278 sanctitatis
2943 2208 3145 2297 signa

620 2297 777 2367 licet
815 2299 966 2386 ipsa
997 2310 1309 2366 accurate
1354 2296 1822 2378 absconderet,
1862 2310 1930 2366 at
1977 2318 2090 2367 sae
2141 2319 2178 2367 e
2211 2309 2432 2366 tamen
2468 2298 2612 2367 visa
2644 2309 2804 2365 sunt
2833 2318 2874 2365 a
2919 2295 3145 2365 famu-

619 2386 821 2455 labus
867 2386 929 2453 ei
981 2385 1551 2465 ministrantibuS,
1607 2408 1766 2455 cum
1802 2407 2051 2473 aquam
2129 2384 2413 2455 avandis
2462 2385 2783 2455 manibus
2831 2386 2978 2474 ejus
3030 2384 3137 2452 in—

621 2473 1030 2545 funderent:
1087 2497 1208 2545 nec
1262 2475 1478 2564 potuit
1515 2474 1639 2545 diu
1688 2474 1892 2545 latere
1946 2495 2185 2545 omnes
2235 2473 2416 2562 quod
2466 2473 2551 2543 ad
2598 2473 2883 2565 gloriam
2930 2495 3141 2544 suam

624 2569 800 2633 Deus
846 2564 1257 2651 quandoque
1290 2563 1501 2633 voluit
1550 2563 1693 2633 lieri
1750 2563 2212 2633 manifestum.

708 2655 742 2738 ξ
794 2657 935 2724 ²1.
990 2658 1316 2740 Asperum
1361 2651 1690 2733 cilicium,
1734 2674 1770 2720 e
1823 2652 1983 2723 setis
2020 2673 2355 2739 equorum
2402 2650 2812 2729 confectum,
2866 2650 2953 2720 ad
3005 2672 3142 2719 nu-

619 2741 785 2810 dum
836 2762 1086 2828 corpus
1133 2739 1409 2820 ferebat,
1465 2741 1578 2808 cui
1632 2740 1937 2810 manicas
1985 2740 2177 2809 albas
2224 2762 2260 2808 e
2295 2761 2522 2829 panno
2561 2752 2891 2819 assuerat,
2923 2751 3000 2807 ut
3034 2739 3148 2828 pie

617 2830 922 2900 eluderet
967 2827 1201 2898 oculos
1252 2829 1704 2907 intuentium,
1760 2849 1845 2897 ne
1905 2827 1991 2896 ab
2039 2829 2136 2898 eis
2187 2828 2402 2898 latens
2453 2828 2868 2897 intrinsecus
2928 2827 3138 2896 vestis

619 2940 861 3007 aspera
921 2931 1332 2987 cerneretur.
1397 2922 1642 2985 Zonam
1704 2938 1973 3002 quoque
2037 2916 2399 2995 nodosam,
2467 2938 2546 2985 ex
2593 2937 2925 3002 equorum
2977 2916 3142 2984 setis

619 3018 1021 3086 contortam,
1076 3004 1159 3073 ad
1232 3005 1501 3074 lumbos
1550 3026 1711 3074 suos
1758 3004 2052 3083 serebat,
2122 3005 2220 3073 eis
2270 3004 2437 3074 adeo
2485 3004 2879 3074 adstrictam
2913 3059 2928 3085 ‚
2983 3017 3058 3074 ut
3102 3025 3143 3072 e

618 3095 947 3164 carnibus
994 3094 1145 3182 ejus
1195 3094 1439 3162 misere
1487 3092 1841 3172 laceratis,
1895 3093 2269 3181 oportuerit
2333 3114 2451 3181 per
2501 3093 2873 3162 familiares
2927 3093 2989 3161 ei
3041 3091 3144 3161 fe-

617 3184 844 3252 minas
884 3183 969 3252 ab
1017 3183 1168 3272 ejus
1200 3202 1480 3271 corpore
1525 3204 1675 3251 eam
1724 3180 1986 3250 extrahi
2034 3193 2098 3250 et
2137 3181 2332 3250 avelli
2382 3194 2446 3251 et
2508 3182 2769 3250 saniem
2829 3182 2917 3250 ab
2967 3181 3138 3271 ipsis

665 3271 1014 3340 utrefactis
1059 3270 1386 3340 carnibus
1438 3269 1684 3359 pannis
1733 3269 2163 3339 mollioribus
2189 3269 2509 3359 abstergi.
2551 3269 2662 3338 Vir
2708 3269 2991 3356 quidam
3035 3291 3137 3338 re·

646 3359 905 3449 igiosus
951 3381 1030 3427 ex
1064 3358 1314 3427 Ordine
1347 3358 1914 3446 Templariorum,
1965 3379 2203 3427 zonam
2247 3359 2394 3445 ejus
2434 3359 2727 3449 generiS,
2773 3357 3143 3448 diligenter

618 3447 892 3518 sacculo
926 3446 1291 3526 inclusam,
1344 3446 1401 3514 ei
1450 3447 1700 3516 obtulit
1745 3446 1948 3517 corde
1975 3447 2273 3535 simplici
2305 3458 2369 3515 et
2401 3447 2739 3537 religioso,
2789 3459 3140 3537 praesente

617 3534 896 3604 domina
926 3542 1113 3604 Anna
1147 3557 1329 3605 nuru
1367 3535 1538 3623 ejus,
1582 3557 1758 3623 quae
1792 3535 2109 3625 specialis
2143 3535 2624 3605 familiaritatis
2658 3535 2825 3605 freta
2853 3535 3136 3615 fiducia,

617 3622 921 3692 oblatum
972 3623 1034 3692 ei
1083 3623 1433 3693 sacculum
1482 3647 1516 3692 a
1571 3624 1785 3693 eruit:
1839 3645 2260 3711 cernensque
2292 3624 2359 3692 in
2406 3645 2486 3694 eo
2511 3636 2644 3693 tam
2686 3624 2915 3694 dirum
2961 3623 3142 3694 lace·

612 3712 869 3781 randae
887 3711 1148 3801 fragilis
1174 3647 1569 3801 corpuscuii
1604 3713 2162 3793 instrumentum,
2193 3711 2334 3781 mul
2349 3724 2487 3782 tum
2511 3712 2744 3782 animo
2767 3726 3140 3792 commota,

617 3801 841 3870 virum
878 3799 1098 3881 illum,
1143 3800 1262 3886 qui
1295 3822 1533 3869 zonam
1563 3800 1923 3881 obtulerat,
1959 3801 2220 3892 asperis
2246 3800 2635 3890 objurgavit
2667 3801 2915 3881 verbis,
2953 3801 3141 3889 quod

617 3890 746 3960 tale
798 3911 1053 3959 munus
1103 3889 1218 3957 tali
1267 3890 1586 3959 dominae
1623 3889 1941 3959 exhibere
1987 3910 2199 3959 ausus
2231 3906 2428 3962 esset.
2482 3889 2673 3972 Quod
2717 3891 2831 3959 Dei
2879 3889 3142 3959 famula

613 3978 926 4059 audiens»,
964 3991 1039 4048 ut
1070 3992 1214 4047 erat
1261 4000 1529 4067 semper
1578 3978 1765 4047 mitis
1795 3991 1859 4047 et
1890 3977 2181 4068 placida,
2227 3977 2484 4047 blanda
2512 3999 2669 4048 voce
2716 3979 3144 4078 compescuit

613 4089 869 4137 nurum
899 4090 911 4132 z
967 4089 1002 4133 «
1036 4067 1296 4145 Desine,
1330 4067 1672 4154 inquiens,
1708 4048 1851 4136 msa
1885 4067 2320 4146 stomachari,
2350 4080 2415 4137 et
2443 4066 2789 4137 hominem
2822 4067 3139 4136 divinum

614 4156 1135 4254 reprehendere.
1173 4155 1284 4224 Dei
1331 4156 1512 4224 enim
1555 4156 1871 4225 voluntas
1899 4167 2022 4236 est,
2059 4155 2241 4243 quod
2278 4155 2393 4225 ille
2442 4155 2618 4225 fecit.
2668 4156 2734 4224 Si
2781 4156 2964 4225 enim
3009 4160 3146 4224 Do-

615 4266 804 4313 mino
854 4265 988 4313 non
1034 4243 1349 4334 placeret,
1405 4255 1480 4313 ut
1511 4265 1681 4313 zona
1731 4244 1857 4313 hac
1904 4265 2029 4334 ego
2055 4244 2442 4316 salutariter
2467 4257 2642 4325 utar,
2684 4266 2815 4313 non
2868 4244 3152 4314 fecisset

612 4346 690 4402 ut
741 4353 861 4422 pro
912 4354 1193 4403 munere
1244 4332 1410 4401 mihi
1461 4333 1546 4403 ab
1594 4333 1723 4403 hoc
1774 4333 2047 4404 homine
2077 4333 2499 4405 offerretur.»
2550 4333 2675 4402 Illa
2712 4332 2894 4403 enim
2936 4354 3148 4414 zona,

662 4459 689 4486 ’⁸
718 4459 809 4500 Seu
827 4459 1160 4509 calefactorium.
