3347 4999
130 350 312 416 OCT.
370 351 456 413 48
857 368 933 413 na
981 369 1035 413 s.
1088 362 1276 413 Jusro
1325 367 1439 413 scu
1486 366 1743 414 Jusrmo
1795 367 1977 413 naar.
2451 352 2565 415 541

129 465 494 525 aeternam
545 450 1047 524 custoditurum
1081 472 1254 521 eam.
1300 456 1513 538 Atque
1558 454 1637 520 ea
1669 450 1876 520 causa
1920 462 2192 541 propter
2224 474 2380 522 eum
2418 474 2668 542 poenas

132 543 408 636 perpeti
459 563 597 612 non
651 563 911 622 recuSO,
965 562 1043 609 eo
1091 540 1337 610 dilecto
1386 539 1651 609 malens
1698 539 1938 621 emori,
2009 560 2215 626 quam
2267 542 2523 613 offenso
2571 543 2671 611 vi-

130 655 316 703 vere.
366 632 561 715 Quod
613 643 837 700 autem
875 629 1081 700 vultis
1121 652 1159 699 a
1209 651 1316 699 me
1366 629 1561 720 prodi
1609 629 1891 698 comites
1942 651 2150 709 meos,
2198 629 2262 698 id
2314 653 2668 700 sacrosan-

130 736 329 793 ctum
369 734 550 791 vetat
588 719 1056 809 Evangelium,
1109 719 1387 806 quando
1437 719 1581 820 ipse
1622 718 1928 789 Christus
1965 719 2292 788 Dominus
2340 732 2566 789 noster
2598 721 2667 789 in

133 812 469 904 passione
530 833 654 881 sua
703 809 925 878 noluit
974 808 1259 897 prodere
1306 806 1686 898 discipulos
1735 829 1918 887 sum,
1974 806 2091 877 sed
2140 820 2403 897 captus,
2461 810 2670 898 jussit

128 915 206 973 ut
278 923 401 972 eos
452 900 754 968 sinerent
814 897 1027 966 abire.
1082 903 1322 967 Notum
1373 918 1535 986 ergo
1584 896 1671 965 sit
1734 896 1961 976 vobis,
2037 919 2146 966 me
2197 919 2318 967 nec
2379 899 2668 968 sanctis-

130 992 403 1060 simum
456 988 704 1058 Christi
756 1008 1001 1057 nomen
1053 999 1238 1056 metu
1286 987 1525 1056 mortis
1572 987 2105 1077 abnegaturum,
2142 1008 2264 1057 nec
2314 987 2533 1058 socios
2566 987 2671 1055 in-

127 1081 562 1149 dicaturum.
620 1100 656 1143 »

219 1172 259 1257 §
308 1172 392 1240 8.
453 1167 572 1235 His
619 1165 899 1246 auditis,
940 1164 1041 1233 ira
1091 1165 1329 1255 perciti
1376 1164 1758 1245 carnificeS,
1799 1165 1946 1235 sine
1977 1163 2118 1234 ulla
2171 1166 2360 1234 mora
2400 1165 2468 1234 in
2518 1166 2667 1256 ejus

135 1279 381 1328 necem
461 1256 884 1345 conspirant,
938 1275 1261 1341 unusque
1308 1275 1388 1323 ex
1434 1254 1555 1334 eiS,
1608 1254 1892 1325 caeteris
1956 1253 2410 1334 hortantibus,
2461 1268 2669 1345 caput

138 1348 243 1417 illi
286 1356 629 1435 amputat.
683 1348 783 1413 Ita
829 1355 1091 1432 martyr
1139 1343 1385 1413 Christi
1438 1366 1595 1413 cum
1651 1343 1852 1412 laude
1890 1355 1954 1413 et
2001 1343 2216 1433 gloria
2281 1345 2345 1412 in
2398 1344 2664 1414 coelum

133 1434 631 1528 proficiscitur,
687 1433 1039 1523 geminum
1093 1446 1538 1523 percepturus
1578 1432 1918 1514 bravium,
1962 1432 2140 1519 quod
2193 1446 2256 1502 et
2303 1433 2370 1501 in
2423 1434 2668 1502 Christi

132 1524 573 1595 confessione
623 1521 1047 1613 perduraret,
1104 1534 1167 1590 et
1214 1543 1432 1609 usque
1464 1521 1548 1591 ad
1603 1535 1885 1590 mortem
1945 1522 2290 1611 proximos
2339 1544 2500 1592 suos
2562 1522 2668 1591 di-

138 1614 411 1685 lexerit.
468 1618 548 1681 Ut
596 1633 751 1681 vero
815 1632 991 1697 quae
1037 1611 1185 1700 ejus
1231 1624 1407 1680 esset
1454 1610 1670 1701 gloria
1742 1621 2057 1680 testatum
2116 1611 2325 1692 fieret,
2400 1612 2669 1701 insigne

134 1727 297 1774 mox
352 1701 766 1773 miraculum
816 1700 1224 1769 declaratur.
1278 1701 1664 1770 Praecisum
1717 1699 1900 1769 enim
1935 1713 2144 1790 caput
2179 1700 2497 1771 manibus
2546 1723 2667 1790 ap-

133 1791 509 1885 prehendit
565 1812 815 1878 corpus
894 1802 1244 1870 truncum,
1299 1802 1364 1858 et
1410 1810 1638 1859 coram
1712 1788 2067 1860 lictoribus
2132 1788 2268 1861 illis
2318 1790 2668 1859 immobile

132 1879 472 1953 constitit.
524 1884 599 1949 At
646 1879 746 1948 illi
796 1882 875 1947 ea
924 1900 996 1948 re
1060 1879 1437 1967 perterriti.
1506 1878 1738 1969 fugam
1817 1889 2209 1969 capessunt.
2264 1884 2456 1953 Pater
2512 1901 2669 1949 vero

133 1974 293 2061 ejus
340 1980 409 2038 et
446 1970 647 2039 irater
678 1991 715 2036 e
763 1990 974 2057 specu
1019 1968 1299 2058 egressi,
1359 1968 1587 2038 vident
1644 1981 1957 2038 sanctum
1995 1989 2246 2057 corpus
2292 1968 2442 2058 ejus
2492 1983 2669 2037 stare

140 2064 550 2139 immotum,
621 2056 1093 2144 miranturque
1161 2058 1307 2125 suis
1380 2056 1704 2126 manibus
1767 2056 2117 2146 proprium
2190 2056 2362 2127 ferre
2433 2071 2662 2147 caput.

136 2149 339 2219 Varie
414 2147 684 2216 interim
758 2146 1010 2215 animis
1080 2145 1523 2227 afficiuntur,
1592 2145 1903 2216 hortante
1963 2146 2272 2235 martyrii
2321 2146 2538 2237 gloria
2596 2160 2672 2217 ut

137 2236 476 2317 exultent,
534 2237 778 2305 natura
841 2235 1168 2304 invitante
1235 2247 1311 2304 ut
1382 2235 1663 2325 plorent.
1724 2236 2008 2305 Maxime
2071 2257 2224 2304 vero
2271 2235 2510 2305 anxios
2555 2259 2669 2307 eos

141 2327 375 2401 habet,
428 2324 610 2411 quod
662 2325 991 2405 nesciant,
1030 2322 1372 2411 quomodo
1413 2324 1804 2415 sepulturae
1839 2323 2277 2394 mandandus
2310 2326 2417 2395 sit.
2473 2330 2668 2395 Cum-

139 2437 277 2506 que
308 2436 390 2484 ea
426 2413 510 2484 de
558 2436 627 2484 re
660 2415 836 2482 inter
875 2436 946 2483 se
991 2413 1397 2491 conferrent,
1442 2427 1650 2503 caput
1684 2413 1859 2483 beati
1910 2414 2223 2504 Martyris
2251 2436 2366 2486 eos
2400 2414 2672 2485 disertis

140 2504 509 2598 appellans
558 2504 822 2574 verbis:
862 2527 896 2568 «
934 2504 1144 2584 Abite,
1201 2504 1447 2590 inquit,
1501 2504 1584 2572 ad
1623 2503 1872 2596 locum,
1926 2526 2128 2591 quem
2183 2510 2513 2595 Luperam
2566 2505 2671 2574 di-

140 2606 339 2677 cunt,
407 2605 611 2681 atque
658 2592 801 2662 illic
858 2614 1084 2662 meum
1159 2591 1436 2663 humate
1480 2593 1999 2683 corpusculum.
2039 2599 2244 2663 Porro
2295 2595 2492 2663 matri
2543 2594 2670 2663 hoc

143 2705 382 2754 meum
432 2694 785 2774 apportate
832 2696 1062 2772 caput,
1107 2692 1183 2750 ut
1229 2683 1482 2753 amoris
1529 2704 1692 2772 erga
1747 2704 1818 2751 se
1868 2681 2000 2751 mei
2042 2681 2168 2751 hoc
2225 2682 2406 2772 apud
2450 2703 2522 2750 se
2565 2684 2668 2772 pi-

140 2797 329 2865 gnus
378 2771 644 2842 habeat.
697 2770 886 2854 Quod
929 2771 987 2842 si
1050 2770 1184 2839 mei
1222 2781 1486 2841 tenetur
1558 2771 1895 2841 desiderio
1925 2826 1940 2849 ,
1999 2771 2267 2841 studeat
2315 2771 2506 2858 sequi
2557 2792 2665 2841 me

142 2866 212 2933 in
293 2861 612 2954 paradiso
671 2862 816 2953 jam
887 2859 1290 2950 degentem,
1368 2861 1488 2932 ubi
1550 2861 1822 2930 animae
1900 2864 2301 2930 Sanctorum
2382 2859 2670 2930 feliciter

142 2953 518 3041 quiescunt
563 2951 619 3020 ⁴².
665 2973 703 3017 »
1733 3019 1736 3026 ,
2554 2975 2560 2979 >

233 3045 272 3129 ξ
319 3045 419 3111 9.
456 3046 626 3110 Tum
675 3038 777 3109 illi
809 3037 1090 3118 faciunt,
1147 3051 1222 3108 ut
1267 3048 1459 3107 erant
1484 3037 1691 3126 jussi,
1730 3058 2116 3127 corpusque
2150 3035 2492 3127 sepeliunt
2526 3035 2672 3106 loco

143 3130 245 3202 eis
294 3129 622 3199 indicato.
677 3134 891 3218 Caput
941 3149 1095 3197 vero
1127 3127 1444 3197 adferunt
1494 3128 1718 3207 matri,
1765 3148 1941 3214 quae
1990 3126 2160 3196 illud
2210 3148 2369 3195 cum
2420 3126 2673 3216 gaudio

143 3220 442 3310 excepit,
480 3222 612 3288 Deo
660 3240 698 3285 a
749 3238 871 3287 ens
920 3217 1195 3307 gratias,
1234 3216 1412 3302 quod
1469 3217 1898 3284 innocentem
1932 3215 2081 3303 eJ'us
2129 3216 2431 3284 animam
2481 3216 2566 3284 ad
2603 3238 2674 3284 se

144 3318 515 3380 evocasset.
571 3328 608 3372 ⁴(
642 3307 716 3374 Ti
771 3306 813 3386 i,
865 3305 1112 3393 inquit,
1167 3304 1424 3374 Christe
1458 3305 1697 3384 honor,
1743 3303 1894 3372 laus
1927 3317 1992 3373 et
2013 3303 2358 3393 jubilatio,
2413 3306 2531 3389 qui
2568 3305 2674 3374 di-

145 3411 405 3488 gnatus
454 3418 526 3464 es
576 3395 760 3464 hunc
808 3416 1159 3465 assumere
1231 3415 1546 3483 puerum,
1610 3405 1677 3462 et
1724 3392 2101 3494 adjungere
2161 3394 2378 3464 beatis
2427 3399 2674 3483 Marty-

148 3487 346 3558 ribus
396 3484 556 3554 tuis.
605 3488 680 3553 At
726 3496 823 3564 tu,
862 3482 1038 3553 beati
1064 3483 1356 3561 sustine,
1414 3482 1510 3551 fili
1562 3482 1654 3550 mi
1689 3481 2113 3564 dulciss1me,
2148 3483 2265 3570 qui
2317 3483 2385 3551 in
2429 3483 2672 3552 Christi

149 3596 446 3666 regnum
500 3573 564 3641 in
624 3594 850 3642 ressus
896 3594 968 3640 es
1015 3593 1174 3640 cum
1225 3571 1454 3659 palma
1505 3571 1844 3647 victoriae.
1899 3571 1993 3641 ibi
2045 3594 2304 3642 memor
2351 3584 2493 3642 esto
2542 3572 2675 3640 mei

149 3664 217 3732 in
275 3665 414 3736 tuis
462 3684 562 3745 su,
600 3661 829 3751 ragiis.
871 3684 907 3726 »
956 3665 1134 3730 Haec
1184 3659 1301 3728 illa
1346 3681 1506 3729 cum
1581 3660 1901 3749 lacrymis
1948 3674 2204 3740 orante,
2265 3660 2380 3730 lux
2429 3661 2674 3750 ingens

147 3755 369 3824 effusa
417 3763 519 3822 est
565 3771 774 3840 super
820 3748 992 3819 illud
1041 3749 1496 3830 domicilium,
1540 3751 1603 3818 in
1648 3772 1783 3836 quo
1817 3762 2129 3820 sanctum
2164 3749 2420 3821 Justini
2469 3772 2547 3818 ca
2601 3762 2676 3819 ut

150 3843 528 3932 repositum
589 3851 754 3908 erat.
824 3844 1127 3925 Cumque
1158 3859 1238 3906 ea
1286 3838 1438 3908 luce
1503 3840 1734 3908 omnia
1801 3840 2340 3926 circumquaque
2390 3838 2525 3906 irra
2582 3839 2676 3906 ia-

150 3943 413 4011 rentur,
469 3928 675 4015 idque
724 3929 792 3997 in
846 3927 1015 4018 ipsis
1066 3928 1282 3998 noctis
1344 3928 1666 4007 tenebriS,
1723 3927 2151 3997 mirabantur
2206 3940 2535 4013 quotquot
2602 3929 2671 3994 in

149 4041 231 4087 ea
279 4020 452 4090 urbe
483 4029 698 4087 erant.
738 4015 1034 4086 Tandem
1071 4017 1405 4106 Episcopo
1452 4017 1601 4105 ejus
1648 4017 1940 4086 civitatis
1987 4028 2194 4106 caput
2233 4014 2403 4084 illud
2456 4016 2673 4086 sancti

156 4108 471 4196 Martyris
534 4106 906 4175 honorifice
953 4104 1321 4185 condente,
1396 4127 1592 4174 caeca
1648 4105 1983 4192 quaedam
2058 4104 2285 4195 puella
2353 4127 2673 4194 superve-

158 4194 382 4264 niens·
436 4219 472 4263 «
506 4195 763 4285 Adjuva
814 4216 942 4275 me,
998 4193 1239 4281 inquit,
1292 4194 1484 4263 beate
1531 4194 1776 4263 Christi
1825 4200 2093 4281 Martyr,
2148 4207 2226 4263 ut
2274 4192 2503 4262 lumen
2554 4193 2676 4262 diu

161 4295 529 4372 negatum,
612 4284 893 4354 Domino
951 4283 1212 4352 Christo
1267 4295 1696 4373 praestante,
1768 4296 1880 4353 tuo
1932 4282 2310 4373 patrocinio
2377 4282 2671 4373 adipisci

213 4495 236 4515 ⁶
266 4495 398 4536 circa
415 4496 502 4538 hoc
522 4497 857 4539 miraculorum
874 4506 1038 4548 genus,
1055 4496 1377 4538 Bouandtstae
1393 4497 1581 4546 smptus
1600 4497 1805 4544 monent,
1826 4506 1965 4546 qum
1982 4494 2255 4539 cautissime
2283 4498 2564 4539 versandum
2586 4501 2676 4538 est.
