3347 4999
220 378 395 444 OCT.
452 377 490 442 3
942 395 1017 440 m:
1068 394 1121 439 s.
1177 394 1463 439 essaanno
1512 394 1753 439 Anam-2
1803 393 2135 441 Baoxmxst
2595 379 2678 441 85

216 482 340 551 ubi
380 501 598 567 neque
632 481 836 557 tinea,
879 499 1099 565 neque
1147 499 1405 566 aerugo
1452 476 1848 547 demolitur.
1894 478 2123 547 Nudos
2166 480 2456 569 tegebat,
2492 491 2769 569 egentes

217 570 466 649 alebat,
506 567 983 638 laborantibus
1031 588 1233 655 opem
1273 565 1552 644 ferebat,
1595 565 2077 656 pusillanimes
2124 567 2600 648 confirmabat,
2689 592 2769 638 u-

217 658 425 747 pillos
461 657 802 734 tuebatur,
840 655 1066 725 viduis
1100 654 1764 736 adminiculabatur,
1809 677 2299 745 oppressorum
2342 657 2647 747 suscipie
2699 669 2767 726 at

217 746 623 837 patrocinia,
665 745 937 816 miseris
985 743 1485 835 opitulabatur.
1982 736 2000 758 ⁹

660 853 859 914 ·Pacis
900 860 1136 914 amator
1178 860 1344 925 erat,
1390 851 1556 912 litem
1604 853 1888 929 rixasque
1931 852 2208 929 fugabat:

697 931 821 994 Ceu
852 932 950 1004 vir
976 930 1374 1010 ApostolicuS‚
1405 938 1497 992 est
1538 931 1829 1010 omnibus
1870 934 2073 993 omnia
2119 933 2331 993 factus,

311 1039 347 1112 ἓ
397 1036 480 1103 4.
533 1035 609 1100 At
642 1051 798 1099 vero
835 1029 1004 1099 tanti
1038 1028 1167 1097 viri
1205 1027 1526 1096 convictu
1555 1040 1620 1096 et
1658 1027 2114 1097 contubernio
2150 1033 2387 1099 Comes
2432 1050 2565 1097 non
2619 1050 2762 1098 me-

217 1120 543 1189 diocriter
591 1118 996 1199 laetabatur,
1042 1138 1179 1186 non
1216 1115 1450 1186 dubiis
1485 1117 1918 1207 argumentis
1952 1116 2192 1186 crebro
2245 1129 2568 1207 expertus
2594 1172 2609 1198 ,
2649 1122 2764 1186 Do·

219 1209 392 1278 mini
454 1215 620 1278 Jesu
670 1229 955 1277 manum
1019 1227 1168 1275 esse
1214 1226 1375 1274 cum
1440 1204 1591 1273 illo:
1650 1207 1908 1295 quippe
1970 1206 2109 1286 cui,
2172 1207 2552 1295 opitulante
2605 1211 2762 1287 De0‚

218 1311 468 1367 cuncta
516 1296 833 1366 cederent
880 1317 959 1364 ex
999 1295 1356 1365 sententia.
1405 1300 1643 1381 Itaque
1683 1315 1842 1363 eum
1888 1316 2089 1384 aegre
2139 1308 2368 1384 posset
2401 1296 2552 1385 ejus
2591 1295 2768 1365 ferre

218 1386 626 1466 absentiam,
667 1407 821 1455 raro
870 1406 1028 1454 eum
1081 1383 1467 1476 patiebatur
1499 1405 1537 1452 a
1572 1404 1700 1451 sua
1737 1382 2124 1472 praesentia
2162 1386 2421 1455 abesse.
2461 1389 2768 1472 Cumque

218 1474 596 1563 aliquando
631 1496 754 1564 pro
803 1471 1146 1543 nobilium
1196 1471 1698 1542 consuetudine
1746 1494 1908 1542 cum
1957 1472 2107 1542 suis
2143 1486 2470 1543 venatum
2524 1474 2677 1552 iret,
2733 1494 2768 1541 e

220 1586 292 1633 re
341 1587 467 1634 sua
517 1563 892 1633 arbitratus
924 1573 1024 1630 est
1056 1559 1222 1642 fore,
1258 1561 1316 1629 si
1345 1560 1533 1629 hunc
1572 1582 1848 1648 quoque
1888 1573 2208 1630 sanctum
2260 1562 2484 1631 virum
2524 1583 2759 1632 secum

216 1652 558 1723 educeret.
614 1658 770 1722 Post
825 1671 983 1719 eum
1043 1649 1253 1739 igitur
1294 1649 1589 1718 venandi
1655 1647 2006 1726 laborem,
2068 1650 2211 1720 sole
2258 1672 2562 1737 eousque
2613 1672 2766 1740 pro·

218 1764 480 1832 gresso,
516 1753 591 1810 ut
620 1742 765 1831 jam
804 1737 1193 1829 prandendi
1229 1738 1395 1808 hora
1440 1738 1524 1807 ad
1562 1737 1798 1808 cibum
1850 1739 2270 1828 capiendum
2307 1751 2600 1821 vocaret,
2649 1744 2767 1808 Co·

218 1853 365 1900 mes
397 1851 559 1904 cum
600 1850 728 1898 sua
776 1826 1039 1897 familia
1090 1826 1374 1896 domum
1416 1828 1691 1917 cogitat.
1747 1833 1821 1896 At
1870 1827 1986 1897 ille
2041 1827 2159 1896 Dei
2208 1828 2501 1907 amicus,
2563 1827 2766 1917 spiri-

217 1918 435 1989 tualia
499 1917 976 2007 corporalibus
1032 1929 1510 2005 anteponens,
1566 1916 2034 2006 propinquam
2107 1916 2337 1985 Bronii
2397 1916 2761 1987 ecclesiam
2867 1985 2870 1988 .

216 2008 386 2088 adit,
432 2028 609 2093 quae
639 2026 796 2075 cum
829 2003 1248 2093 quibusdam
1289 2003 1589 2094 praediis
1621 2004 2101 2091 adjacentibus
2135 2028 2174 2074 a
2209 2026 2329 2096 pro
2383 2005 2766 2075 enitoribus

215 2098 370 2185 ejus
418 2094 503 2164 ad
549 2095 569 2163 i
631 2116 782 2164 sum
833 2095 1270 2164 successione
1302 2092 1621 2164 devoluta
1666 2107 1834 2163 erat.
1891 2099 2048 2163 Erat
2078 2095 2262 2163 enim
2317 2095 2419 2163 ili
2455 2093 2768 2184 praedio—

216 2205 375 2253 rum
411 2205 573 2273 amp
605 2207 643 2252 a
676 2183 1039 2273 possessi0‚
1081 2182 1341 2271 quippe
1370 2184 1490 2268 qui
1534 2181 1707 2251 nihil
1745 2206 1783 2251 a
1819 2183 2158 2270 Majorum
2195 2205 2483 2253 suorum
2517 2184 2762 2252 virtute

214 2274 678 2362 degeneraret.
732 2276 873 2342 Hoc
909 2292 1064 2340 vero
1092 2272 1540 2340 oratoriolum
1569 2271 1775 2358 jussu
1810 2272 2036 2360 Pipini
2067 2271 2102 2305 '⁴‘
2136 2272 2476 2361 principis
2517 2271 2764 2341 funda—

216 2375 361 2431 tum
397 2361 814 2450 accepimuS,
859 2374 924 2430 et
971 2382 1010 2428 a
1057 2359 1342 2430 domino
1383 2360 1742 2430 Lamberto
1769 2360 2157 2460 Tungrensi
2190 2362 2527 2451 Episcopo
2576 2361 2765 2429 dedi-

215 2463 487 2521 catum:
541 2462 617 2520 ut
661 2448 1103 2520 commodius
1161 2447 1304 2519 illic
1345 2447 1603 2519 divinis
1654 2463 1882 2539 posset
1931 2461 2262 2521 1nteresse
2310 2449 2596 2531 officiis,
2654 2464 2764 2520 ut-

216 2554 371 2629 pote
429 2538 613 2626 quod
675 2539 743 2607 in
815 2539 1115 2609 nemoris
1185 2537 1437 2608 vicinia
1506 2540 1716 2608 situm
1781 2551 2000 2618 esset,
2074 2539 2195 2609 ubi
2266 2540 2592 2629 princeps
2651 2538 2764 2608 ille

213 2650 716 2718 saepenumero
763 2627 834 2696 in
886 2627 1246 2697 venatione
1297 2629 1696 2697 incumbere
1745 2628 2032 2699 solebat.
2093 2633 2170 2697 In
2216 2650 2351 2716 quo
2402 2630 2606 2698 etiam
2650 2629 2766 2717 ju-

210 2717 526 2787 cundum
579 2738 743 2786 sane
789 2716 1206 2804 quandoque
1258 2716 1671 2786 miraculum
1715 2718 2091 2808 contigisse
2149 2717 2421 2798 ferunt,
2475 2740 2556 2785 ex
2604 2739 2765 2785 saxo

208 2806 512 2895 quodam
564 2829 603 2873 a
650 2806 846 2875 beato
896 2805 1253 2874 Lamberto
1284 2806 1585 2875 antistite
1626 2807 1938 2886 inunctO,
1983 2804 2423 2893 aliquamdiu
2473 2805 2759 2894 largiter

209 2896 361 2966 oleo
420 2909 898 2985 promanante.

298 2988 334 3071 ξ
379 2992 467 3057 5.
524 2988 691 3054 Cum
735 2984 845 3053 hic
897 2984 1111 3071 igitur
1156 2995 1333 3054 esset
1369 2984 1470 3051 vir
1513 2984 1624 3052 Dei
1659 2984 2029 3062 Gerardus,
2086 2981 2510 3052 sacerdotem
2559 2982 2762 3071 jubet

209 3073 555 3153 accersiri,
610 3073 731 3160 qui
791 3072 1039 3141 Christi
1092 3074 1415 3161 mysteria
1462 3085 1724 3141 tractet.
1780 3072 2065 3140 Interim
2115 3071 2284 3160 ipse,
2338 3070 2441 3140 uti
2476 3070 2760 3139 decebat

211 3184 484 3232 servum
538 3163 677 3242 Dei,
731 3183 961 3241 oranS,
1000 3160 1274 3230 divinae
1314 3175 1508 3231 vacat
1540 3159 2145 3249 contemplationi:
2192 3172 2256 3229 et
2304 3159 2470 3228 dum
2522 3159 2764 3249 longas

209 3252 293 3321 ad
346 3250 759 3321 veniendum
815 3271 1042 3321 moras
1083 3249 1292 3320 nectit
1332 3250 1675 3331 sacerdOS,
1721 3249 2063 3319 divinitus
2108 3250 2177 3317 in
2222 3249 2500 3318 beatum
2536 3248 2759 3317 virum

209 3361 416 3429 sopor
460 3340 685 3420 irruit,
740 3338 1120 3426 didicitque
1152 3340 1221 3408 in
1256 3340 1528 3428 spiritu,
1569 3339 1712 3408 sive
1749 3359 1868 3427 per
1899 3338 2206 3407 divinam
2248 3336 2757 3417 revelationem,

211 3429 437 3499 locum
489 3441 553 3498 et
600 3427 894 3498 formam
942 3429 1247 3509 oratorii,
1292 3428 1477 3516 quod
1533 3439 1767 3517 postea
1816 3427 2313 3497 exaedificavit.

332 3543 363 3571 ¹·
685 3533 732 3596 O
776 3534 917 3596 felix
960 3550 1232 3609 semum,
1277 3533 1426 3596 felix
1470 3549 1575 3612 per
1631 3540 1844 3595 cuncta
1891 3532 2221 3605 Gerardus,

686 3614 847 3676 Talia
890 3615 992 3676 oui
1037 3615 1333 3676 Dominus
1375 3613 1669 3689 dignatur
1712 3613 1976 3690 pandere
2022 3612 2317 3674 Christus.

298 3714 334 3798 ξ
368 3717 461 3783 6.
513 3709 694 3779 Vidit
730 3710 915 3779 enirn
959 3711 1029 3779 in
1066 3711 1348 3788 visione,
1395 3708 1737 3779 Ecclesiae
1769 3709 2132 3781 columnas
2160 3714 2435 3781 Petrum
2476 3722 2541 3779 et
2581 3714 2760 3777 Pau-

210 3800 354 3870 lum
407 3798 539 3871 sibi
588 3798 898 3869 adstare:
951 3820 1248 3887 quorum
1285 3798 1456 3868 alter
1491 3799 1758 3888 primus
1798 3800 1869 3868 in
1905 3803 2158 3869 Senatu
2188 3812 2254 3868 et
2285 3799 2564 3888 agmine
2596 3820 2762 3887 apo-

211 3889 470 3970 stolic0,
526 3909 810 3959 manum
852 3909 1051 3959 suam
1103 3888 1323 3976 ipsius
1371 3888 1612 3957 manui
1662 3887 1853 3960 visus
1900 3901 2001 3958 est
2057 3889 2402 3967 inserere,
2457 3908 2762 3973 eumque

214 4000 330 4068 per
376 3977 738 4048 ecclesiam
785 3991 851 4047 et
897 3976 1153 4047 atrium
1201 3965 1615 4046 familiarius
1662 3976 2207 4047 circumducere.
2264 3982 2472 4046 Porro
2525 3976 2762 4046 scisci-

211 4079 393 4137 tante
444 4066 585 4136 viro
637 4065 775 4146 Dei,
831 4065 999 4153 quid
1051 4063 1185 4135 sibi
1231 4064 1654 4153 ejuscemodi
1704 4064 2250 4135 inambulatione
2298 4063 2481 4146 velit,
2538 4064 2763 4154 coepit

212 4177 365 4226 eum
417 4154 789 4225 admonere
850 4154 960 4223 de·
993 4153 1456 4224 construendo
1515 4155 1849 4236 oratori0‚
1903 4154 2141 4223 dicens
2188 4175 2346 4223 eum
2400 4175 2473 4222 se
2526 4153 2750 4221 locum

215 4244 342 4312 sibi
404 4243 788 4333 delegisse,
860 4256 924 4312 et
987 4240 1285 4312 filiolum
1352 4266 1559 4313 suum
1625 4243 2012 4333 Eugenium
2088 4256 2456 4331 martyrem
2510 4241 2577 4275 *³*
2627 4241 2758 4309 sibi

267 4406 289 4425 ,
415 4406 425 4414 .
635 4403 644 4412 .
738 4402 748 4412 .

268 4405 878 4507 ⁸*Ht2911ieffgasslxegii3igsgsstdlgt
897 4457 942 4498 S.
964 4454 1177 4505 Dionysii
1196 4458 1504 4509 Areopagitae
1519 4456 1819 4507 discipulum,
1837 4459 2003 4509 postea
2023 4460 2145 4499 Lunx
2166 4459 2443 4498 Toletanum
2461 4454 2758 4506 Episcopum:

219 4515 502 4552 memoratur
520 4509 570 4552 in
586 4513 831 4561 Mai-tyrol.
850 4521 935 4553 xm
956 4520 1065 4551 nov.

676 4780 743 4841 O
