3347 4999
725 325 853 390 502
1513 339 1592 384 nr.
1641 338 1696 384 s.
1752 336 2045 383 nsnwlss
2094 336 2287 383 VIDUA
2852 316 3027 383 OCT.
3092 317 3188 382 -17

638 438 884 528 gustus
934 423 1202 504 mentiS,
1257 445 1461 510 quam
1513 420 1791 491 ventris,
1829 425 1929 490 Ita
1966 441 2117 489 vero
2151 418 2595 491 benedicebat
2641 418 2762 489 illa
2794 419 3183 489 Dominum

638 537 709 584 ln
761 514 947 584 omni
1004 525 1343 603 tempore,
1398 523 1460 580 et
1509 532 1779 599 semper
1824 509 1977 579 laus
2022 510 2174 598 ejus
2222 508 2288 577 in
2341 530 2455 577 ore
2503 508 2713 579 illius.
2766 506 3185 577 Attendebat

636 604 861 673 etiam·
894 602 1117 671 locum
1183 621 1456 670 omnem
1528 611 1993 690 opportunum
2045 618 2193 667 esse
2238 597 2321 666 ad
2375 596 2919 666 benedicendum
2985 601 3173 679 Dec,

638 693 873 779 sicque
910 691 977 759 in
1015 690 1205 760 omni
1252 689 1453 758 etiam
1508 688 1653 757 loco
1689 686 2177 757 dominationis
2211 686 2360 775 ejus
2390 684 2663 755 laudem
2709 686 2974 754 Domini
3012 708 3184 776 pro-

636 782 864 850 mebat
908 779 1142 848 anima
1187 778 1361 868 ejus.
1411 781 1488 847 At
1535 789 1760 846 tamen
1812 774 1960 845 loca
2007 774 2389 855 secretiora,
2443 788 2507 843 et
2545 779 2677 843 Deo
2717 774 2965 852 dicata,
3059 773 3179 844 lus

634 868 1189 960 compunctionis
1218 879 1283 936 et
1330 865 1658 935 moeroris
1706 864 1945 933 afferre
1992 886 2126 933 non
2180 865 2545 953 ignoranS,
2597 862 2679 932 ad
2733 862 2988 932 adoran
3046 884 3180 933 um

637 962 849 1028 Deum
899 955 1228 1026 libentius
1273 977 1354 1024 ea
1400 953 1632 1023 adibat
1678 965 1743 1022 et
1788 952 2283 1042 frequentabat,
2338 963 2413 1020 ut
2456 951 2750 1021 aliorum
2798 953 3002 1021 vitato
3048 951 3181 1020 ad-

634 1058 920 1136 spectu,
972 1044 1247 1115 facilius
1292 1055 1356 1113 et
1404 1042 1815 1112 familiarius
1878 1042 2062 1111 scala
2126 1040 2505 1110 devotionis
2561 1040 2881 1129 parietem
2934 1042 3176 1110 carnis

635 1135 1195 1214 transcenderet,
1252 1144 1475 1202 mente
1520 1130 1607 1200 ad
1657 1129 1987 1200 Dilectum
2047 1130 2501 1220 pertingeret,
2557 1128 2756 1217 eique
2806 1129 3056 1219 spiritu
3107 1142 3178 1200 et

634 1224 845 1293 animi
910 1221 1168 1292 fervore
1216 1220 1650 1291 commodius
1702 1218 2031 1309 con'ungi
2082 1232 2326 1307 posset.
2381 1223 2571 1287 Hanc
2619 1219 2800 1287 enim
2867 1216 3176 1289 Dilectus

633 1314 699 1381 ei
750 1312 1014 1381 vineam
1068 1308 1399 1401 rependit,
1452 1321 1526 1377 ut
1572 1329 1731 1377 cum
1781 1331 1827 1377 u
1863 1308 1967 1375 nis
2015 1306 2391 1376 devotionis
2424 1319 2488 1377 et
2525 1306 2778 1376 amoris
2813 1304 3175 1375 ardentius

634 1422 792 1471 eum
835 1400 1240 1489 stringeret,
1304 1399 1507 1467 etiam
1558 1397 1645 1466 ab
1693 1410 2013 1476 externa,
2061 1396 2120 1464 si
2180 1417 2316 1496 qua
2358 1395 2703 1464 interdum
2756 1394 3164 1477 incidisset,

476 1470 483 1477 ’
542 1524 547 1529 ·
635 1488 1160 1578 interpolatione
1223 1487 1326 1556 vel
1389 1485 1884 1576 interruptione
1953 1505 2100 1553 eam
2174 1494 2420 1553 virtute
2490 1483 2895 1553 admiranda
2971 1505 3173 1574 prae·

520 2108 530 2117 ”
633 2122 966 2189 orantem,
1022 2110 1345 2194 tantaque
1393 2106 1545 2174 luce
1604 2106 1864 2174 circum

634 1589 961 1754 segaga..
992 1664 1250 1734 Accidit
1274 1663 1710 1751 quandoque,
1740 1674 1817 1731 ut
1842 1661 1960 1730 illa
1987 1662 2083 1730 sic
2112 1660 2478 1751 separatim
2505 1673 2739 1731 orante
2767 1661 2833 1729 in
2865 1659 3164 1747 quodam

634 1754 1009 1834 domicilio,
1049 1753 1359 1821 minister
1383 1753 1533 1842 ejus
1558 1757 1647 1820 Bo
1702 1749 1940 1820 u'slaus
1968 1751 2331 1830 Sanonius,
2367 1750 2475 1819 cui
2506 1750 2622 1818 illa
2663 1748 2969 1818 culinam
3002 1770 3162 1838 pau-

637 1865 879 1933 perum
929 1841 1444 1913 commendarat
1487 1861 1656 1925 pecu
1688 1839 1902 1909 iarius
1948 1838 2351 1918 curandam,
2404 1836 2637 1917 ollam,
2694 1837 2761 1906 in
2811 1860 2948 1925 qua
2986 1859 3161 1923 aqua

637 1954 760 2022 pro
809 1932 954 2021 ipsa
996 1943 1425 2017 coqueretur,
1478 1949 1684 2016 quam
1738 1950 1860 2017 pro
1908 1926 2402 1997 consuetudine
2441 1927 2723 2007 biberet,
2784 1947 2865 1995 ex
2928 1925 3164 1995 eadem

636 2020 837 2090 domo
888 2019 1085 2089 vellet
1122 2018 1413 2088 auferre.
1451 2022 1755 2103 Cumque
1790 2016 2373 2172 appropinquaret
2402 2015 2485 2084 ad
2525 2014 2776 2096 locum,
2818 2014 2985 2084 vidit
3015 2035 3168 2084 eam

1900 2126 2122 2183 usam,
2175 2116 2252 2174 ut
2286 2104 2587 2185 territus,
2644 2103 2997 2190 multoque
3048 2125 3169 2193 pa-

633 2219 793 2266 vore
840 2196 1266 2285 compulsuS,
1322 2194 1482 2263 inde
1541 2215 1611 2263 se
1657 2213 1872 2283 ocyus
1920 2193 2294 2351 proriperet
2325 2247 2340 2273 ‚
2396 2214 2615 2280 neque
2664 2213 2907 2262 rursus
2952 2214 3170 2262 ausus

634 2297 810 2354 esset
856 2306 934 2353 eo
982 2283 1325 2365 accedere,
1379 2284 1592 2351 immo
1639 2304 1794 2351 vero
1835 2304 1916 2352 su
1969 2282 2218 2351 ducere
2269 2282 2491 2371 potius
2525 2302 2594 2351 se
2626 2280 2998 2350 festinaret.
3040 2280 3168 2350 Sed

638 2374 727 2443 ab
776 2372 893 2441 illa
956 2385 1307 2441 revocatus
1339 2426 1354 2452 ,
1408 2383 1684 2460 accepto
1725 2392 1925 2449 vase,
1980 2370 2476 2440 tremebundus
2525 2370 2736 2450 abiit,
2790 2383 2867 2438 ut
2919 2390 2999 2439 ex
3050 2368 3171 2438 illa

636 2461 791 2532 luce
839 2459 1128 2542 visibili,
1184 2472 1249 2530 et
1297 2461 1535 2530 timore
1580 2481 1716 2547 quo
1764 2460 1865 2528 vir
1904 2459 2018 2529 ille
2043 2452 2418 2549 ”correptus
2475 2457 2624 2540 fuit,
2726 2458 3043 2548 erspicue
3092 2458 3173 2527 li-

634 2562 817 2619 ceret
853 2549 1327 2630 animadverti,
1362 2570 1509 2617 eam
1547 2560 1769 2618 mente
1799 2560 1943 2619 tum
1983 2549 2357 2638 proximam
2394 2547 2673 2619 fuisseil
2711 2547 2753 2627 i,
2789 2547 2910 2634 qui
2941 2546 3166 2618 lucem

638 2640 992 2709 habitabat
1040 2637 1604 2718 inaccessibilem,
1658 2636 1808 2724 ejus
1856 2636 2138 2718 lumine,
2191 2636 2307 2724 qui
2352 2636 2698 2706 illuminat
2735 2657 3014 2705 omnem
3050 2636 3171 2705 ho·

638 2729 896 2798 minem
949 2728 1325 2798 venientem
1378 2727 1447 2795 in
1498 2725 1685 2794 hunc
1730 2725 2064 2795 mundum
2094 2780 2109 2805 ,
2163 2725 2549 2813 specialiter
2597 2725 2809 2794 fuisse
2859 2724 3173 2795 illustra-

640 2830 800 2886 tam.
839 2818 1295 2900 Quamobrem
1330 2814 1564 2883 divina
1596 2814 1997 2905 prohibente
2030 2813 2299 2893 virtute,
2338 2813 2509 2882 nihil
2553 2826 2716 2883 tunc
2741 2814 3171 2884 extrinsecus

636 2927 997 2975 occurrere
1043 2905 1312 2995 potuit,
1364 2902 1545 2991 quod
1597 2924 1748 2972 eam
1804 2901 2208 2972 distraheret
2253 2914 2373 2972 aut
2434 2902 2782 2983 turbaret,
2831 2901 3175 2989 quamdiu

640 2994 925 3064 Domino
974 2995 1195 3064 visum
1246 3006 1461 3071 esset,
1517 3003 1592 3060 ut
1639 3012 1879 3061 somno
1939 2990 2535 3080 contemplationis
2582 3004 2646 3059 et
2708 2991 2942 3077 requie
2988 2988 3174 3059 frue-

637 3095 844 3164 retur,
899 3083 1060 3152 etin
1102 3081 1332 3151 cordis
1379 3080 1628 3149 lectulo
1663 3079 1898 3148 Dilecti
1936 3078 2520 3150 consolationibus
2555 3078 2961 3149 inhaereret.
3001 3079 3171 3160 Quis

638 3193 795 3241 vero
830 3193 962 3240 non
994 3170 1218 3240 videat
1263 3168 1680 3257 completum
1731 3181 1893 3238 tunc
1921 3169 1989 3236 in
2026 3190 2103 3237 ea
2152 3168 2362 3239 fuisse
2393 3167 2673 3236 verbum
2717 3166 2889 3236 illud
2922 3167 3172 3255 Sponsi

637 3259 1078 3329 suavissimi:
1128 3264 1222 3327 Ne
1267 3259 1620 3337 suscitati&
1675 3280 1886 3348 neque
1933 3258 2259 3347 eviqilare
2291 3258 2560 3346 faciatis
2593 3257 2932 3336 dilectam,
2964 3257 3169 3325 donec

637 3350 788 3438 ipsa
822 3348 1047 3417 velit?
1089 3347 1377 3435 (Cantic.
1420 3370 1468 3415 11
1515 3357 1577 3416 et
1609 3346 1736 3436 111).

725 3438 760 3521 ξ
812 3439 966 3506 25.
1033 3438 1198 3504 Cum
1263 3436 1330 3503 in
1400 3434 1672 3524 templis
1737 3435 2087 3505 interesset
2135 3434 2339 3504 rebus
2386 3432 2680 3512 diviniS,
2731 3433 2819 3502 ab
2878 3432 3032 3502 aliis
3095 3454 3172 3501 se

638 3522 1100 3592 abscondebat
1165 3523 1295 3592 sub
1356 3522 1774 3610 quibusdam
1840 3545 2224 3613 pannorum
2295 3522 2800 3602 velaminibuS,
2854 3543 3057 3591 orans
3101 3533 3172 3590 et

639 3611 814 3680 flens
864 3625 998 3681 tam
1051 3611 1330 3700 largiter
1359 3667 1374 3693 ‚
1419 3623 1495 3681 ut
1548 3611 1829 3681 domina
1879 3619 2069 3681 Anna
2118 3633 2336 3680 nurus
2383 3611 2556 3699 ejuS,
2657 3609 2801 3679 acis
2848 3608 3170 3680 osculum

640 3701 771 3769 sub
820 3700 1157 3770 sacrificio
1204 3701 1292 3770 ab
1339 3722 1419 3770 ea
1465 3713 1855 3790 acceptura,
1912 3700 2150 3770 oculos
2196 3701 2346 3789 ejus
2402 3721 2561 3789 prae
2634 3699 2931 3785 acrymis
2968 3699 3172 3785 quasi

638 3803 982 3870 cruentos,
1035 3802 1100 3859 et
1147 3788 1389 3859 faciem
1442 3810 1605 3879 prae
1652 3788 1815 3857 fletu
1867 3788 2213 3858 madidam
2262 3787 2521 3858 viderit.
2575 3788 2865 3876 Saepius
2909 3787 3112 3856 etiam
3147 3841 3165 3864 ,

635 3877 800 3946 dum
851 3891 1028 3949 esset
1077 3879 1145 3947 in
1200 3876 1541 3968 precibus,
1595 3875 1763 3946 vidit
1808 3898 1958 3945 eam
2011 3876 2211 3946 modo
2253 3878 2470 3957 niveo,
2511 3875 2712 3945 modo
2743 3897 2938 3946 roseo
2973 3876 3171 3944 vultu

634 3989 994 4037 coruscam
1031 4023 1046 4049 ,
1098 3979 1164 4036 et
1228 3965 1721 4056 propemodum
1789 3964 2179 4054 Angelicam
2236 3964 2477 4034 faciem
2543 3977 3170 4054 repraesentantem

636 4077 799 4144 prae
815 4056 1065 4145 jubilo,
1113 4057 1181 4124 in
1224 4076 1360 4142 quo
1400 4054 1820 4125 versabatur.
1860 4054 2024 4144 Ejus
2065 4054 2246 4123 enim
2281 4059 2509 4123 Annae
2541 4066 2987 4144 conspectum
3031 4074 3172 4122 non

636 4163 906 4233 semper
935 4145 1055 4214 illa
1102 4143 1470 4224 declinare,
1515 4165 1637 4213 nec
1679 4143 1951 4234 penitus
1982 4142 2454 4233 subterfugere
2489 4142 2730 4233 potuit,
2775 4142 2959 4231 quod
2992 4142 3172 4212 inter

636 4252 875 4302 omnes
906 4233 1198 4303 feminas
1217 4232 1275 4301 ei
1300 4245 1476 4304 esset
1505 4232 1871 4323 praecipue
1895 4230 2281 4311 familiaris,
2314 4243 2377 4300 et
2402 4232 2748 4321 intemplo
2773 4233 2830 4300 ei
2858 4231 3172 4320 proxime

639 4318 981 4391 adstaret:
1035 4343 1210 4408 quae
1261 4342 1366 4391 res
1406 4321 1473 4389 in
1516 4343 1728 4391 causa
1783 4320 1933 4401 fuit,
1989 4334 2064 4390 ut
2104 4319 2445 4411 spiritales
2484 4318 2765 4389 delicias
2810 4332 2876 4388 et
2915 4319 3169 4388 mentis

639 4407 991 4491 laetitiam,
1035 4409 1290 4498 quibus
1337 4410 1453 4480 illa
1504 4410 1913 4501 potiebatur,
1961 4431 2093 4480 non
2144 4431 2299 4480 raro
2345 4406 2934 4479 animadverteret.
2987 4407 3172 4478 Vidit
