3347 4999
748 331 862 394 128
1508 348 1583 392 ne
1634 348 1688 392 s,
1745 344 2087 393 rnAxmsco
2136 346 2318 394 coar.
2925 328 3120 394 OCT.
3183 331 3218 394 4

646 432 975 522 plurima,
1029 452 1205 518 quae
1256 452 1534 502 sensum
1591 430 2166 501 transcendebant
2214 431 2628 508 humanum,
2677 450 2828 499 vere
2862 452 3223 521 cognove-

650 534 809 591 runt
857 520 1121 600 fratreS,
1178 541 1385 609 super
1435 541 1706 589 servum
1775 541 1979 589 suum
2038 521 2473 588 Franciscum
2529 520 2861 609 Spiritu'm
2921 521 3220 589 Domini

645 610 711 678 in
785 622 969 678 tanta
1037 607 1464 698 plenitudine
1525 609 1915 695 quievisse,
1971 608 2152 695 quod
2210 621 2360 698 post
2410 608 2632 697 ipsius
2690 608 3094 679 doctrinam
3157 623 3222 677 et

646 700 875 774 vitam,
930 709 1074 767 erat
1121 697 1219 767 eis
1273 696 1616 786 proficisci
1666 697 2120 768 tutissimum.

734 789 768 873 ἓ
821 790 977 858 28.
1035 792 1187 856 Post
1236 786 1425 866 haec,
1456 784 1692 875 pusilli
1735 786 1964 876 gregis
2015 798 2247 876 pastor
2285 785 2713 867 Franciscu3‚
2759 785 2840 855 ad
2876 790 3218 856 Sanctam

645 876 927 944 Mariam
980 875 1064 945 de
1112 874 1555 944 Portiuncula
1605 874 2114 944 duodenarium
2169 873 2365 942 illum
2417 872 2706 944 fratrum
2760 896 3153 944 numerum
3198 931 3213 946 .

646 986 949 1053 superna
991 964 1211 1054 gratia
1249 975 1642 1053 praeeunte,
1682 962 1987 1042 deduxit,
2044 975 2119 1032 ut
2172 963 2293 1031 ubi
2336 963 2598 1031 meritis
2648 964 2881 1032 Matris
2923 965 3220 1033 Domini

648 1054 987 1122 Minorum
1041 1065 1431 1140 sumpserat
1478 1051 1646 1120 ordo
1689 1052 1991 1134 initium,
2049 1051 2273 1142 ipsius
2311 1050 2455 1119 illic
2503 1052 2886 1141 susciperet
2922 1052 3222 1122 auxiliis

648 1143 1178 1211 incrementum.
1258 1141 1360 1210 Ibi
1421 1161 1696 1227 quoque
1768 1140 1988 1210 factus
2048 1139 2488 1230 evangelicus
2542 1161 2836 1230 praeco,
2883 1141 3215 1210 civitates

648 1230 987 1300 circuibat
1032 1241 1097 1298 et
1144 1245 1390 1307 castra,
1432 1250 1567 1297 non
1622 1228 1690 1297 in
1737 1229 1957 1298 doctis
1991 1230 2338 1298 humanae
2371 1229 2748 1316 sapientiae
2789 1229 3050 1311 verbis,
3094 1231 3216 1299 sed

652 1321 715 1387 in
771 1319 1018 1388 virtute
1052 1317 1339 1408 spiritus
1370 1320 1811 1388 annuncians
1853 1340 2140 1408 regnum
2177 1320 2316 1386 Dei.
2364 1317 2735 1388 Videbatur
2764 1318 3216 1389 intuentibus

649 1409 855 1477 homo
889 1407 1173 1476 alterius
1204 1406 1446 1490 seculi;
1482 1407 1742 1498 quippe
1780 1408 1898 1494 qui
1936 1420 2160 1476 mente
2187 1429 2265 1475 ac
2301 1404 2470 1475 facie
2507 1407 2573 1475 in
2609 1407 2874 1477 coelum
2920 1429 3216 1498 semper

649 1498 979 1576 intentuS,
1034 1516 1273 1564 omnes
1322 1517 1603 1565 sursum
1657 1496 1924 1565 trahere
1971 1508 2360 1565 conaretur.
2406 1495 2635 1585 Coepit
2666 1518 2745 1566 ex
2780 1496 2909 1564 hoc
2951 1496 3218 1567 Christi

649 1586 845 1654 vinea
881 1584 1273 1675 germinare
1322 1606 1601 1675 germen
1637 1584 1871 1654 odoris
1915 1585 2224 1664 Domini,
2298 1598 2361 1654 et
2412 1585 2767 1676 productis
2812 1606 2892 1654 ex
2954 1607 3032 1655 se
3089 1586 3214 1655 flo-

651 1675 846 1743 ribus
897 1673 1273 1754 suavitatis‚
1308 1672 1587 1746 honoris
1634 1687 1700 1744 et
1737 1673 2113 1743 honestatis
2146 1673 2391 1744 uberes
2433 1673 2698 1744 fructus
2729 1673 3001 1743 afferre.
3038 1679 3213 1745 Nam

652 1762 1186 1850 praedicationis
1227 1763 1448 1851 ipsius
1498 1762 1759 1831 fervore
1808 1763 2121 1833 succensi
2182 1784 2389 1850 quam
2443 1763 2768 1853 plurimi,
2808 1763 3216 1834 secundum

650 1852 940 1921 formam
986 1874 1023 1920 a
1062 1851 1174 1920 Dei
1230 1851 1370 1919 viro
1412 1873 1569 1920 acce
1625 1864 1787 1933 tam,
1837 1852 2030 1921 novis
2079 1873 2149 1920 sc
2218 1853 2670 1942 poenitentiae
2733 1851 3013 1941 legibus
3061 1854 3217 1922 vin-

653 1942 963 2011 ciebant:
1019 1961 1324 2027 quorum
1366 1941 1557 2008 viven
1617 1942 1636 2008 i
1710 1940 2033 2022 modum,
2087 1939 2268 2009 idem
2322 1941 2567 2009 Christi
2620 1940 2954 2011 Famulus
3005 1942 3217 2012 Ordi-

652 2052 805 2098 nem
862 2034 1170 2099 Fratrum
1225 2027 1308 2096 de
1351 2029 1791 2118 poenitentia,
1860 2030 2200 2100 nominari
2252 2029 2569 2099 decrevit.
2626 2030 2968 2098 Nimirum
3027 2032 3218 2100 sicut

654 2120 720 2187 in
776 2117 1044 2187 coelum
1090 2116 1553 2197 tendentibuS,
1623 2118 2076 2207 poenitentiae
2126 2118 2302 2187 viam
2357 2118 2682 2188 omnibus
2729 2131 3004 2188 constat
3059 2141 3219 2190 esse

651 2227 1130 2277 communem:
1171 2204 1269 2274 sic
1318 2218 1381 2274 et
1422 2207 1532 2275 hic
1582 2220 1825 2288 status,
1879 2208 2162 2276 clericos
2210 2218 2275 2276 et
2325 2206 2557 2287 laicos,
2605 2207 2905 2295 virgines
2936 2220 3009 2278 et
3041 2230 3217 2278 con-

647 2296 924 2385 jugatos
962 2295 1026 2362 in
1079 2306 1372 2381 utroque
1406 2316 1571 2364 sexu
1602 2295 1993 2377 admittenS,
2048 2295 2287 2382 quanti
2339 2297 2423 2367 sit
2471 2296 2653 2389 apud
2695 2301 2902 2386 Deum
2941 2299 3214 2374 meriti,

651 2407 731 2453 ex
792 2383 1109 2474 pluribus
1174 2401 1296 2474 per
1343 2382 1609 2471 aliquos
1660 2385 1968 2474 ipsorum
2031 2386 2315 2475 patratis
2390 2384 2749 2456 miraculis
2802 2385 3215 2456 innotescit.

653 2472 1229 2543 Convertebantur
1286 2474 1487 2542 etiam
1553 2473 1855 2564 virgines
1902 2474 1986 2543 ad
2035 2488 2438 2565 perpetuum
2490 2472 2960 2544 caelibatum:
3023 2476 3216 2546 inter

648 2584 822 2649 quas
876 2563 1059 2651 virgo
1112 2567 1241 2631 Deo
1288 2563 1650 2633 carissima
1703 2563 1920 2645 Clara,
1980 2566 2287 2654 ipsarum
2341 2563 2652 2652 plantula
2706 2564 2966 2653 prima,
3032 2579 3221 2634 tam-

650 2673 857 2738 quam
914 2652 1038 2720 ssos
1089 2673 1380 2719 vernans
1411 2663 1474 2719 et
1507 2651 1874 2732 candidus,
1920 2653 2196 2722 odorem
2250 2652 2461 2732 dedit,
2500 2665 2564 2721 et
2605 2665 2962 2739 tamquam
3006 2655 3220 2723 stella

650 2738 1081 2831 praefulgida
1118 2739 1428 2809 radiavit.
1486 2744 1664 2810 Haec
1708 2763 1893 2810 nunc
1991 2740 2322 2810 lorificata
2360 2742 2428 2809 in
2482 2742 2713 2822 coelis,
2769 2742 2856 2810 ab
2892 2743 3222 2814 Ecclesia

650 2829 858 2920 digne
908 2841 1271 2899 veneratur
1318 2829 1385 2897 in
1441 2829 1661 2910 terriS,
1715 2851 1892 2916 quae
1940 2766 2085 2900 filia
2123 2830 2252 2900 fuit
2294 2831 2361 2899 in
2413 2831 2677 2900 Christo
2712 2831 2933 2900 sancti
2992 2835 3224 2921 patris

648 2918 997 2987 Francisci
1040 2916 1472 3007 pauperculi,
1525 2931 1588 2986 et
1633 2931 1848 2988 mater
1887 2941 2272 3009 pauperum
2317 2919 2760 2989 dominarum
2794 2919 2850 2987 ⁴⁸.

738 3010 774 3095 ξ
829 3012 980 3079 24.
1028 3006 1219 3076 Multi
1254 3007 1457 3076 etiam
1506 3027 1638 3075 non
1680 3006 1903 3076 solum
1945 3008 2300 3078 devotione
2340 3009 2762 3099 compuncti,
2804 3008 2923 3077 sed
2950 3021 3024 3079 et
3057 3032 3224 3099 per-

646 3095 963 3165 fectionis
1013 3096 1258 3165 Christi
1316 3093 1656 3164 desiderio
1720 3095 2157 3179 inflammati,
2197 3098 2386 3167 omni
2438 3097 2956 3179 mundanorum
3016 3100 3222 3168 vani-

650 3197 781 3253 tate
829 3195 1265 3272 contempta,
1321 3184 1666 3253 Francisci
1718 3185 2002 3275 vestigia
2053 3187 2540 3273 sequebantur.
2590 3187 3218 3273 Qui—quotidianis

650 3284 1161 3341 succrescentes
1226 3270 1692 3360 profectibus,
1747 3295 1968 3361 usque
2016 3274 2098 3343 ad
2153 3274 2325 3343 fines
2374 3276 2560 3346 orbis
2612 3288 2830 3345 terrae
2880 3275 3216 3346 celeriter

652 3372 1130 3451 pervenerunt.
1208 3360 1520 3430 Faciebat
1590 3385 1887 3449 namque
1936 3372 2174 3433 sancta
2229 3377 2642 3455 paupertas»,
2697 3387 2908 3452 quam
2976 3366 3213 3437 solam

649 3449 1045 3519 deferebant
1096 3471 1217 3539 pro
1282 3471 1434 3518 sum
1497 3451 1701 3533 tibus,
1759 3452 1944 3541 ipsos
1984 3452 2065 3521 ad
2119 3475 2394 3523 omnem
2446 3453 2910 3523 obedientiam
2972 3477 3215 3545 prom·

653 3551 823 3629 ptos,
895 3539 1209 3607 robustos
1249 3537 1333 3606 ad
1374 3472 1642 3608 labores
1672 3594 1687 3622 ,
1728 3552 1793 3609 et
1843 3540 1927 3609 ad
1977 3541 2218 3610 itinera
2260 3543 2634 3632 expeditos.
2680 3548 2759 3612 Et
2791 3544 2958 3631 quia
3017 3544 3208 3612 nihil

651 3642 997 3695 terrenum
1050 3626 1417 3709 habebant,
1460 3626 1631 3695 nihil
1690 3629 2038 3711 amabant,
2079 3631 2392 3718 nihilque
2443 3632 2775 3701 timebant
2822 3633 3152 3716 amittere
3191 3660 3206 3697 ε

646 3716 873 3785 securi
921 3729 1117 3784 erant
1164 3715 1440 3802 ubique,
1495 3715 1688 3785 nullo
1739 3739 1985 3807 pavore
2027 3722 2372 3810 suspensi,
2406 3720 2596 3790 nulla
2630 3724 2793 3789 cura
2846 3719 3207 3799 distracti,

646 3817 973 3892 tanquam
1024 3804 1144 3890 qui
1192 3805 1452 3891 absque
1503 3806 1751 3875 mentis
1802 3806 2190 3877 turbatione
2258 3809 2595 3891 vivebant,
2635 3821 2698 3880 et
2739 3809 2887 3877 sine
2937 3810 3214 3879 sollici-

648 3893 884 3963 tudine
949 3892 1128 3961 diem
1199 3893 1621 3975 crastinum,
1679 3908 1745 3965 et
1800 3897 2174 3966 serotinum
2221 3898 2599 3999 hospitium
2674 3900 3211 3989 exspectabant.

648 3982 856 4052 Multa
903 3980 1181 4069 quidem
1233 3983 1331 4051 eis
1382 3983 1450 4050 in
1505 3983 1798 4054 diversis
1848 3985 2160 4076 partibus
2218 3988 2403 4057 orbis
2438 3986 2914 4057 inferebantur
2962 3991 3217 4058 convi-

645 4073 803 4150 cia,
861 4084 1185 4156 tanquam
1240 4072 1551 4161 personis
1617 4073 2163 4162 despicabilibus
2212 4089 2276 4143 et
2327 4076 2623 4167 ignotis:
2694 4098 2936 4146 verum
3002 4099 3221 4148 amor

649 4159 997 4250 Evangelii
1063 4160 1307 4231 Christi
1372 4160 1539 4231 adeo
1598 4162 1789 4253 ipsos
1840 4164 2172 4252 patientes
2219 4165 2586 4246 effecerat,
2653 4177 2729 4235 ut
2777 4181 3223 4253 quaererent

650 4250 877 4339 potius
926 4249 1020 4318 ibi
1070 4272 1216 4320 esse
1246 4304 1261 4331 ,
1314 4250 1431 4320 ubi
1487 4252 2030 4341 persecutionem
2069 4266 2464 4343 paterentur
2497 4256 2563 4323 in
2616 4275 2900 4345 corpore
2931 4309 2949 4335 ,
2984 4277 3218 4343 quam

699 4414 724 4438 ’¹‘
754 4414 1000 4463 Pauper-um
1013 4412 1306 4463 dominarum,
1324 4421 1423 4458 seu,
1446 4414 1500 4453 ut
1515 4414 1688 4456 deinde
1706 4417 1895 4464 passim,
1910 4425 1937 4457 ι
1956 4417 2144 4459 nomine
2164 4417 2207 4460 S.
2227 4417 2387 4459 Clarae
2404 4418 2699 4466 nuncupatae
2714 4417 3211 4463 suerecht-inarum

647 4465 833 4508 Ordinis
854 4464 1105 4512 institutio,
1122 4466 1339 4508 Fratrum
1358 4467 1591 4510 Minox-um
1612 4466 1834 4512 Ordinem
1855 4467 2125 4521 praecessit.
2143 4471 2185 4515 8.
2213 4468 2374 4515 Clarae
2394 4471 2547 4513 Vitam
2561 4472 2660 4523 lege
2680 4469 2727 4512 in
2743 4472 2891 4518 Sui-10,
2904 4481 2977 4514 xn
2993 4477 3228 4526 augusti.
