3347 4999
702 347 829 411 288
1334 363 1411 408 nr.
1459 362 1551 408 ss.
1606 358 1900 409 moNYSto
1949 361 2023 407 ΕΤ
2072 361 2270 410 socus
2320 362 2433 409 uu.
2882 345 3056 411 OCT.
3112 347 3160 412 9

612 447 890 527 serebat,
938 446 1173 517 dicens
1210 467 1343 515 non
1378 467 1526 515 esse
1551 447 1849 535 justum,
1886 447 1943 515 si
1983 445 2209 515 vivant
2260 446 2454 535 impii
2488 446 2824 526 homines,
2852 449 2972 535 qui
3007 449 3159 518 vias

617 536 883 606 Domini
936 549 1149 605 rectas
1202 547 1614 624 pervertunt;
1653 547 1718 604 et
1757 548 2111 624 propterea
2165 540 2370 604 Deum
2431 536 2741 625 rogabat,
2797 549 2872 605 ut
2919 536 3158 624 aliquo

611 624 887 715 fulgure
934 626 1295 695 amborum
1340 625 1624 693 omnino
1677 623 1881 691 vitam
1935 624 2226 713 eriperet
2272 624 2440 693 citra
2491 625 2705 693 ullam
2768 626 3158 695 misericor-

607 713 820 783 diam.
862 718 1041 783 Haec
1084 727 1309 783 autem
1361 734 1518 781 cum
1557 712 1865 791 dixisset,
1910 713 2128 781 visum
2179 734 2327 782 esse
2376 712 2532 793 sibi,
2573 713 2817 793 a'ebat,
2873 727 3157 803 repente

612 802 838 871 videre
893 801 1178 872 domum
1229 802 1297 870 in
1333 824 1469 888 qua
1509 803 1753 879 stabat,
1812 800 2004 889 prius
2052 813 2329 881 motam,
2386 814 2524 869 tum
2625 824 2855 871 emum
2898 824 2933 872 e
2978 816 3155 872 tecto

611 891 907 960 mediam
971 891 1038 959 in
1088 891 1263 960 duas
1320 903 1544 979 partes
1599 889 1915 969 divisam,
1952 902 2034 969 ,et
2081 890 2450 975 quemdam
2519 904 2674 960 ante
2730 913 2800 959 se
2851 891 3156 981 ingentis

609 978 899 1050 luminis
950 1000 1219 1069 rogum,
1256 999 1555 1065 eumque
1603 978 1994 1067 (videbatur
2040 979 2221 1046 enim
2285 978 2611 1068 deinceps
2659 981 2790 1049 sub
2839 982 2952 1049 dio
2998 1003 3155 1051 esse

607 1067 833 1157 locus)
878 1089 913 1137 e
961 1068 1147 1138 coelo
1180 1067 1266 1137 ad
1316 1089 1387 1136 se
1427 1089 1646 1153 usque
1696 1065 1970 1136 deferri.
2025 1067 2298 1136 Coelum
2351 1081 2577 1138 autem
2633 1069 2859 1156 ipsum
2917 1083 3150 1158 patere

605 1170 922 1246 apertum
974 1157 1473 1247 conspiciebat,
1514 1155 1801 1243 ejusque
1849 1154 2117 1224 cardini
2168 1157 2400 1227 Jesum
2453 1157 2774 1242 insidere,
2831 1159 3155 1228 innume-

606 1246 947 1315 rabilibus
999 1246 1298 1315 humana
1337 1245 1563 1334 specie
1589 1244 1649 1312 ei
1686 1244 2168 1315 assistentibus
2217 1243 2513 1335 Angelis.
2554 1251 2630 1316 Et
2664 1247 2829 1316 haec
2863 1248 3149 1333 quidem

607 1334 883 1414 vidisse,
928 1356 1085 1404 cum
1138 1356 1216 1405 su
1274 1355 1434 1403 erne
1483 1333 1890 1423 adspiceret,
1932 1347 1997 1402 et
2035 1355 2106 1402 se
2140 1355 2289 1403 esse
2336 1334 2752 1404 admiratum
2810 1358 3152 1406 memora-

607 1423 744 1492 bat.
790 1424 911 1493 Ubi
963 1445 1117 1492 vero
1153 1446 1190 1493 a
1288 1422 1611 1492 inferiora
1643 1422 1915 1492 deflexit
1954 1423 2257 1502 obtutus,
2314 1424 2539 1510 ipsum
2570 1446 2842 1510 quoque
2893 1424 3146 1505 solum,

499 1546 508 1555 ·
607 1513 822 1583 instar
862 1513 1029 1581 vasti
1077 1535 1156 1581 ac
1194 1512 1532 1581 tenebrosi
1567 1511 1931 1596 cuiusdam
1976 1511 2296 1601 profundi
2330 1511 2699 1582 discissum
2753 1535 2825 1581 se
2859 1513 3137 1595 vidisse,

604 1601 850 1688 ajebat;
904 1615 1106 1689 atque
1144 1601 1296 1671 illos
1346 1602 1548 1680 viros,
1602 1601 1858 1686 quibus
1909 1601 2260 1670 male-erat
2320 1613 2657 1689 precatu5‚
2736 1614 2892 1670 ante
2940 1625 3010 1672 se
3058 1602 3144 1671 ad

605 1711 682 1759 os
719 1689 907 1760 illius
942 1690 1322 1781 profundae
1373 1689 1717 1777 voraginis
1783 1703 1960 1758 stare
2013 1702 2399 1770 trementes,
2454 1703 2517 1758 et
2562 1690 3011 1772 miserabiles,
3069 1703 3144 1760 ut

604 1780 724 1865 qui
779 1802 933 1849 mox
968 1803 1007 1849 a
1043 1780 1292 1869 pedum
1338 1800 1620 1847 suorum
1686 1777 2124 1847 instabilitate
2181 1779 2533 1867 mergendi
2577 1779 2990 1848 viderentur.
3030 1783 3148 1848 In-

606 1867 791 1937 ferne
839 1881 1064 1937 autem
1117 1880 1465 1955 serpentes
1532 1887 1569 1935 e
1626 1865 1947 1956 voragine
2010 1887 2366 1955 prorepere
2425 1868 2785 1948 cernebat,
2847 1882 2913 1937 et
2960 1868 3149 1937 circa

607 1956 880 2026 illorum
919 1954 1295 2025 infelicium
1380 1955 1541 2023 edes
1575 1955 1664 2023 ita
1704 1954 2055 2024 instabiles
2087 1977 2166 2024 ac
2205 1969 2543 2036 nutantes,
2581 1956 2954 2042 aliquando
2987 1957 3145 2042 qui-

604 2046 760 2114 dem
812 2046 877 2113 in
923 2044 1201 2134 globum
1246 1978 1503 2132 colligi,
1553 2056 1617 2112 et
1666 2043 2012 2133 ingravari
2074 2066 2213 2113 una
2251 2058 2453 2130 atque
2515 2045 2947 2133 pertraltere;
3018 2044 3144 2113 ali-

603 2133 882 2220 quando
937 2154 1089 2201 vero
1164 2132 1488 2201 dentibus
1534 2145 1598 2201 et
1644 2131 1932 2211 caudis,
1986 2154 2136 2215 ore,
2191 2146 2490 2223 gutture,
2561 2132 2817 2222 linguis
2880 2156 2958 2202 ac
3011 2147 3147 2203 toto

604 2223 912 2311 corporis
962 2234 1173 2301 motu,
1214 2221 1346 2289 vim
1388 2220 1708 2301 immensi
1750 2220 2015 2308 pavoris
2068 2222 2392 2302 incutere,
2448 2234 2522 2289 ut
2564 2222 2682 2308 qui
2741 2222 2965 2291 modis
2999 2244 3146 2291 om-

608 2312 816 2378 nibus
864 2310 1175 2379 deorsum
1255 2309 1407 2378 illos
1459 2310 1908 2409 praecipitare
1978 2309 2406 2379 molirentur.
2480 2313 2712 2378 Fuisse
2775 2323 3002 2380 autem
3078 2323 3145 2380 et

604 2399 784 2469 viros
831 2398 1164 2485 quosdam
1204 2398 1273 2466 in
1313 2397 1557 2479 medio,
1593 2420 1714 2485 qui
1755 2399 2039 2466 miseros
2074 2398 2280 2467 simul
2325 2421 2357 2466 a
2415 2399 2945 2487 grediebantur‚
3004 2421 3147 2468 una

603 2487 1047 2578 exagitantes,
1103 2487 1488 2568 trudentes,
1566 2503 1770 2574 atque
1838 2487 2213 2577 pulsantes.
2278 2488 2346 2556 Vi
2402 2490 2696 2557 ebantur
2744 2504 2969 2559 autem
3042 2488 3142 2558 illi

597 2577 742 2665 jam
782 2599 930 2648 esse
979 2578 1231 2656 casuri,
1281 2577 1524 2678 partim
1558 2577 1836 2663 quidem
1879 2577 2092 2658 inviti,
2137 2577 2382 2666 partim
2425 2589 2653 2645 autem
2699 2599 2824 2647 sua
2873 2592 3138 2666 sponte,

601 2688 761 2736 cum
804 2689 842 2735 a
894 2666 1071 2736 malo
1114 2687 1366 2737 sensim
1403 2680 1468 2734 et
1499 2680 1906 2754 cogerentur
1936 2665 2170 2746 simul,
2207 2680 2272 2734 et
2307 2665 2823 2735 inducerentur.
2870 2667 3147 2737 Dicebat

604 2777 758 2824 vero
800 2759 1080 2844 CarpuS,
1139 2777 1232 2836 se,
1287 2755 1453 2824 dum
1490 2754 1812 2823 deorsum
1851 2753 2259 2842 adspiceret,
2298 2753 2511 2823 fuisse
2548 2754 2898 2836 laetatum,
2941 2768 3147 2843 atque

603 2845 958 2933 superiora
1001 2843 1400 2934 neglexisse,
1445 2843 1741 2933 graviter
1765 2854 1828 2910 et
1870 2842 2012 2910 indi
2073 2841 2157 2911 ne
2188 2840 2543 2923 ferentem,
2595 2844 2779 2930 quod
2824 2845 3140 2915 nondum

602 2932 704 3001 illi
745 2933 1174 3002 cecidissent.
1230 2937 1306 3001 Et
1354 2953 1512 3001 cum
1565 2931 1843 3021 saepius
1891 2953 1969 2999 eo
2066 2931 2342 3000 esiderii
2392 2931 2683 3000 ferretur
2732 2934 3017 3022 impetu.
3060 2933 3148 3001 il-

602 3021 842 3108 losque
888 3036 953 3091 et
1005 3023 1148 3111 ipse
1184 3022 1512 3090 niteretur
1563 3019 1941 3109 impellere,
1996 3040 2402 3109 semperque
2445 3019 2695 3090 frustra
2757 3022 3136 3101 moliretur,

601 3111 978 3199 aegerrime
1014 3110 1275 3189 tulisse,
1333 3122 1398 3178 et
1430 3130 1546 3177 eos
1593 3130 1742 3177 esse
1798 3123 2213 3177 execratum.
2270 3115 2431 3178 Cum
2475 3131 2631 3178 ecce
2694 3110 2801 3177 vix
2866 3110 3144 3179 tandem

607 3199 934 3268 revocatis
983 3198 1068 3266 ad
1106 3220 1408 3288 superna
1441 3197 1853 3277 luminibu5‚
1891 3197 2057 3265 vidit
2090 3198 2384 3278 coelum,
2433 3198 2633 3267 sicuti
2682 3211 2747 3267 et
2797 3199 2988 3288 prius
3017 3197 3150 3266 ad·-

497 3345 502 3354 .
602 3299 949 3375 spexerat;
982 3287 1227 3355 Jesum
1263 3300 1490 3355 autem
1522 3291 1696 3373 ejus,
1732 3285 1917 3372 quod
1951 3285 2178 3366 fiebat,
2230 3287 2614 3367 misertum,
2654 3309 2690 3356 e
2731 3309 2940 3377 super
2983 3307 3145 3355 coe-

605 3374 755 3444 lesti
794 3396 916 3444 suo
967 3374 1210 3443 throno
1263 3375 1678 3445 surrexisse:
1741 3387 1806 3444 et
1863 3397 2021 3444 cum
2073 3374 2157 3443 ad
2214 3397 2329 3446 eos
2376 3396 2595 3461 usque
2643 3375 3134 3457 descendisset,

602 3463 1208 3532 clementissimam
1248 3464 1346 3532 eis
1399 3485 1679 3533 manum
1738 3464 2157 3553 porrexisse3
2204 3463 2626 3554 Angelosque
2677 3463 2884 3533 simul
2935 3484 3141 3554 opem

602 3551 915 3633 ferentes,
954 3551 1235 3620 aliunde
1270 3552 1486 3621 alium
1540 3553 1841 3622 tenuisse
1883 3553 2086 3621 viros,
2125 3551 2422 3621 Tandem
2460 3574 2614 3621 vero
2639 3559 2872 3622 ,lesum
2908 3553 3147 3643 ipsum

602 3639 733 3708 sibi
776 3639 1115 3710 dicentem
1158 3640 1454 3709 audivit:
1507 3641 1656 3709 Jam
1703 3662 1809 3709 me
1857 3640 2185 3730 deinceps
2223 3653 2539 3730 percute;
2593 3664 2746 3712 sum
2782 3641 2964 3710 enim
3019 3663 3151 3730 pa-

604 3743 790 3798 ratus
822 3752 1021 3819 saepe
1058 3750 1333 3798 rursum
1376 3729 1511 3818 pati
1559 3751 1680 3818 pro
1711 3729 2061 3799 salvandis
2094 3729 2517 3800 hominibus.
2558 3735 2636 3800 Et
2671 3733 2791 3799 hoc
2834 3743 2935 3801 est
2964 3730 3148 3800 mihi

599 3832 899 3907 gratum,
959 3817 1158 3887 modo
1224 3819 1539 3887 homines
1586 3819 1656 3885 in
1710 3818 2020 3888 futurum
2093 3831 2367 3907 peccata
2438 3818 2948 3888 abominentur.
3011 3820 3147 3888 Sed

603 3906 777 3986 vide,
814 3930 899 3976 an
954 3907 1074 3976 tibi
1112 3906 1279 3976 utile
1326 3907 1450 3989 sit,
1518 3907 1696 3975 hanc
1748 3907 1946 3977 istius
1999 3906 2322 3996 profundi
2378 3920 2442 3976 et
2499 3930 2657 3976 cum
2709 3907 3153 3996 serpentibus

603 3997 1058 4077 mansionem,
1100 3995 1213 4064 Dei
1247 4018 1326 4065 ac
1364 3997 1698 4065 bonorum
1735 3995 2317 4082 clementiumque
2350 3995 2757 4085 Angelorum
2807 3996 3157 4084 praeferre

599 4086 964 4155 consortio.
1005 4089 1183 4154 Haec
1218 4099 1405 4164 sunt,
1459 4107 1634 4171 quae
1672 4108 1798 4175 ego
1831 4085 2090 4164 audita,
2133 4107 2284 4153 vera
2333 4106 2480 4153 esse
2529 4084 2756 4153 credo·
2796 4107 2832 4150 »

689 4177 724 4260 ξ
763 4178 857 4243 9.
916 4174 1280 4262 Dionysius
1320 4175 1544 4259 itaque
1596 4174 1662 4241 in
1718 4173 1921 4242 rebus
1966 4174 2292 4243 omnibus
2342 4185 2487 4242 erat
2533 4173 2701 4242 adeo
2741 4173 2953 4255 mitis,
3010 4173 3153 4242 mi-

599 4264 914 4344 sericors,
968 4276 1032 4331 et
1073 4263 1158 4331 ab
1209 4264 1306 4332 ira
1357 4262 1647 4342 alienuS,
1708 4275 1781 4333 ut
1826 4284 1963 4348 quo
2012 4261 2212 4331 altior
2258 4262 2586 4332 evadebat
2640 4262 2836 4331 factis
2867 4316 2881 4343 ‚
2941 4284 3019 4331 eo
3072 4284 3157 4334 se

603 4353 822 4443 magis
860 4351 1190 4420 modestia
1223 4352 1643 4432 demitteret,
1701 4350 1935 4440 regula
2000 4350 2221 4421 sactus
2268 4351 2595 4422 omuibus
2642 4351 2724 4419 ad
2790 4351 3146 4434 virtutem,

597 4452 661 4508 et
697 4442 974 4511 lucerna
1016 4440 1095 4508 ad
1137 4441 1620 4511 deducendum
1672 4440 1757 4509 ad
1809 4440 1875 4508 id
1927 4439 2112 4529 quod
2146 4449 2249 4511 est
2303 4439 2575 4510 melius.
2621 4439 2955 4523 Quocirca
3014 4462 3155 4510 nec
