3347 4999
712 356 842 421 452
1395 372 1473 419 m:
1521 372 1576 418 S.
1631 370 1827 419 catto
1875 371 2017 418 Ana.
2071 371 2145 418 ΕΤ
2192 368 2376 419 conr.
2847 350 3021 418 OCT.
3090 353 3172 416 16

627 456 994 548 legatarios
1027 477 1188 524 suos
1217 477 1375 523 cum
1408 454 1697 545 epistola
1730 454 1814 524 ad
1848 466 2162 526 sanctum
2187 455 2449 534 Virum,
2488 453 2917 524 denuncians
2956 454 3046 532 ei,
3078 476 3173 524 ne

626 546 953 635 deinceps
992 545 1061 613 in
1119 565 1327 634 regno
1368 542 1488 612 illo
1534 544 1956 614 consisteret.
2014 543 2134 613 Ille
2179 541 2516 613 Jezabelis
2555 542 2845 613 insidias
2882 543 3111 613 vitans
3148 598 3167 623 ,

625 635 754 705 iter
812 655 967 704 cum
1019 633 1166 704 suis
1203 654 1620 724 aggressuS,
1683 631 1767 701 ad
1837 631 2204 702 clotarium
2265 637 2516 721 Regem
2586 631 2914 721 pervenit.
2966 631 3173 721 Apud

624 743 828 810 quem
873 744 1031 792 cum
1066 721 1420 808 aliquanto
1467 732 1772 811 tempore
1814 733 2216 800 moraretur,
2260 720 2544 810 rogavit,
2587 731 2663 789 ut
2702 719 2891 790 illius
2923 721 3175 791 solatio

625 810 709 881 ad
762 810 1299 880 Theodebertum
1364 812 1870 881 Austrasiorum
1930 815 2180 900 Regem
2243 809 2593 897 pervenire
2659 810 3011 899 potuisset.
3067 809 3171 879 Ad

625 920 831 987 quem
893 921 1053 969 cum
1119 898 1499 969 secundum
1568 898 1961 988 petitionem
2021 897 2391 968 voluntatis
2457 918 2625 967 suae
2685 898 3176 968 venerabiliter

628 988 885 1058 missus
937 1000 1113 1057 esset
1156 1041 1170 1067 ,
1224 998 1586 1076 susceptus
1630 999 1733 1057 est
1785 987 1873 1055 ab
1919 1008 1997 1056 eo
2046 1008 2204 1085 cum
2266 986 2458 1056 omni
2497 986 2754 1056 honore
2798 999 2863 1056 et
2908 987 3175 1078 gaudio

625 1098 905 1166 magno.
960 1076 1205 1145 Mansit
1266 1076 1494 1161 itaque
1551 1075 1737 1164 apud
1797 1075 1995 1157 illum
2045 1075 2308 1162 aliquot
2365 1075 2653 1157 diebus,
2706 1098 2937 1146 sacras
2988 1076 3179 1146 Scri-

627 1178 869 1255 pturas
902 1165 1240 1255 aperiens,
1291 1176 1356 1232 et
1404 1164 1769 1234 insinuans
1801 1166 1863 1233 ei
1896 1164 2270 1233 veritatem.
2325 1168 2630 1251 Cumque
2677 1177 2741 1233 et
2781 1165 3010 1254 ipsum
3058 1185 3177 1234 ro-

627 1264 844 1344 garet,
881 1265 958 1323 ut
995 1253 1079 1322 ad
1121 1251 1565 1342 Agilulphum
1601 1258 1697 1324 Re
1746 1273 1852 1321 em
1906 1252 2535 1343 Longobardorum,
2591 1253 2741 1342 eius
2768 1252 2999 1340 jussu,
3049 1275 3181 1343 per

627 1342 1100 1413 Alemanniam
1145 1341 1551 1420 duceretur,
1596 1363 1709 1410 mo
1740 1352 1879 1410 este
1927 1340 2152 1411 ferens
2202 1346 2335 1410 Rex
2386 1352 2730 1410 tantorum
2782 1339 3176 1411 discessum

627 1432 958 1512 virorum,
1001 1430 1347 1520 pollicitus
1393 1444 1495 1500 est
1526 1431 1625 1500 eis
1676 1430 1852 1498 intra
1889 1430 2218 1499 terminos
2253 1429 2444 1585 regni
2475 1429 2585 1497 sui
2625 1450 2695 1500 se
2730 1441 3176 1519 reperturum

628 1519 778 1588 loca
808 1534 1094 1589 venusta
1117 1540 1294 1606 quae
1331 1518 1613 1588 famulis
1650 1518 1763 1587 Dei
1801 1532 1865 1588 et
1904 1518 1988 1587 ad
2033 1517 2300 1586 incolen
2355 1538 2471 1586 um
2507 1529 2734 1588 essent
2772 1518 3171 1600 commoda,

627 1619 694 1677 et
741 1607 826 1677 ad
867 1607 1309 1678 instruendas
1346 1607 1552 1676 verbo
1600 1607 1900 1677 veritatis
1955 1606 2484 1694 circumpositas
2544 1607 2853 1676 nationes
2912 1628 3175 1696 oppor-

631 1710 823 1767 tuna.
877 1697 991 1767 Vir
1040 1697 1152 1766 Dei
1193 1716 1425 1767 semen
1475 1695 1662 1765 verbi
1715 1696 1784 1763 in
1832 1694 2158 1766 cordibus
2204 1694 2512 1796 gentium
2559 1694 2868 1784 plantare
2899 1695 3177 1766 deside·

632 1806 822 1866 ranS,
865 1784 1365 1872 aliquantisper
1417 1797 1843 1854 moraturum
1895 1806 1966 1855 se
2024 1784 2382 1873 promisit,
2438 1783 2499 1853 si
2555 1784 2740 1874 regia
2795 1786 3177 1855 auctoritas

627 1872 829 1943 factis
861 1873 1044 1943 dicta
1073 1872 1401 1942 firmaret.

719 1965 755 2048 ξ
802 1967 887 2035 4.
941 1964 1224 2049 Accepta
1273 1960 1485 2047 igitur
1520 1981 1561 2028 a
1602 1964 1781 2051 Rege
1816 1960 2091 2030 licentia
2122 1959 2423 2050 eligendi
2457 1959 2712 2042 locum,
2747 1962 3176 2050 ubicumque

629 2051 1030 2129 voluissent,
1069 2049 1233 2119 dum
1267 2048 1411 2118 loca
1449 2048 1751 2138 plurima
1779 2050 2332 2140 perlustrassent,
2367 2051 2902 2119 veneruntintra
2943 2064 3174 2140 partes

629 2138 1022 2208 Alemaniae
1060 2137 1144 2205 ad
1203 2137 1539 2213 fluvium,
1602 2139 1721 2224 qui
1780 2137 2170 2228 Limagus*
2220 2149 2520 2207 vocatur.
2562 2143 2765 2207 Juxta
2825 2160 3031 2226 quem
3086 2140 3175 2208 ad

631 2227 987 2317 superiora
1037 2226 1410 2307 tendenteS,
1458 2240 1915 2316 pervenerunt
1954 2228 2039 2296 ad
2098 2226 2324 2296 lacum
2379 2226 2808 2297 Turicinum.
2864 2232 3178 2316 Cumque

630 2337 754 2404 per
802 2315 965 2384 litus
1009 2314 1465 2392 ambulantes,
1523 2316 1868 2385 venissent
1916 2315 2002 2385 ad
2060 2327 2267 2404 caput
2316 2315 2508 2386 lacus
2548 2316 2769 2405 ipsius
2815 2315 2887 2384 in
2942 2315 3174 2385 locum

630 2403 747 2490 qui
784 2404 1122 2475 Tucconia
1169 2402 1239 2437 *⁴⁸
1271 2403 1546 2483 dicitur,
1595 2402 1857 2504 placuit
1907 2403 2045 2473 illis
2107 2403 2235 2472 loci
2289 2404 2585 2490 qualitas
2638 2403 2719 2473 ad
2773 2403 3175 2475 inhabitan-

634 2492 829 2561 dum.
883 2496 1087 2563 Porro
1147 2491 1464 2561 homines
1523 2492 1781 2562 ibidem
1839 2507 2355 2564 commanentes
2393 2548 2408 2573 ,
2480 2492 2797 2563 crudeles
2861 2507 3057 2564 erant
3111 2507 3179 2563 et

630 2581 856 2670 impii,
894 2581 1267 2652 simulacra
1296 2580 1618 2662 colente5‚
1651 2580 1836 2651 idola
1870 2575 2233 2652 sacrificiis
2268 2595 2687 2662 venerantes,
2733 2584 3178 2654 observantes

632 2670 927 2760 auguria
966 2683 1029 2739 et
1067 2669 1548 2750 divinationes,
1610 2682 1675 2739 et
1733 2670 1947 2740 multa
1987 2693 2163 2757 quae
2222 2670 2563 2740 contraria
2604 2684 2765 2741 sunt
2803 2671 3023 2742 cultui
3072 2672 3179 2741 di-

632 2760 815 2839 vin0,
848 2759 1325 2848 superstitiosa
1358 2769 1714 2827 sectantes.
1750 2760 1977 2829 Sancti
2015 2760 2229 2850 igitur
2262 2760 2575 2828 homines
2600 2780 2758 2828 cum
2788 2761 3180 2851 coepissent

630 2849 811 2919 inter
851 2848 1004 2917 illos
1039 2846 1369 2927 habitare,
1415 2847 1753 2916 docebant
1784 2869 1899 2916 eos
1926 2847 2212 2917 adorare
2242 2853 2504 2918 Patrem
2542 2860 2607 2917 et
2642 2848 2888 2919 Filium
2930 2863 2995 2919 et
3027 2850 3180 2940 Spi-

630 2939 840 3007 ritum
873 2941 1221 3014 Sanctum,
1255 2948 1321 3005 et
1353 2935 1698 3005 custodire
1732 2936 1890 3004 fidei
1918 2937 2293 3006 veritatem.
2327 2942 2567 3005 Beatus
2601 2958 2875 3024 quoque
2907 2938 3173 3018 Gallus,

633 3026 852 3095 sancti
888 3026 1022 3095 Viri
1064 3024 1477 3114 discipulus,
1516 3023 1659 3094 zelo
1695 3025 1962 3125 pietatis
2010 3039 2341 3106 armatuS‚
2380 3025 2562 3105 fana,
2608 3026 2678 3094 in
2723 3026 2980 3113 quibus
3011 3027 3181 3096 dae-

631 3115 887 3186 moniis
955 3114 1488 3191 sacrificabant,
1564 3114 1710 3203 igni
1771 3113 2179 3190 succendit,
2249 3128 2314 3182 et
2369 3135 2850 3200 quaecumque
2917 3116 3179 3185 invenit

630 3203 855 3273 oblata
888 3257 903 3282 ,
956 3202 1281 3271 demersit
1329 3203 1395 3270 in
1450 3201 1705 3272 lacum.
1774 3207 1915 3284 Qua
1979 3204 2191 3273 causa
2287 3204 2528 3271 ermoti
2568 3256 2582 3282 ,
2650 3202 2752 3272 ira
2801 3216 2867 3274 et
2914 3204 3179 3273 invidia

635 3296 917 3362 Sanctos
967 3290 1503 3372 insectabantur,
1548 3305 1614 3360 et
1658 3292 2017 3361 communi
2049 3292 2237 3362 consi
2276 3290 2338 3360 io
2372 3290 2643 3361 Gallum
2691 3293 3026 3382 perimere
3062 3315 3181 3362 vo-

635 3379 960 3458 luerunt;
1013 3378 1515 3449 Columbanum
1556 3400 1712 3449 vero
1762 3379 2053 3470 flagellis
2101 3400 2377 3448 caesum
2427 3392 2493 3448 et
2539 3380 2979 3450 contumeliis
3016 3381 3181 3451 affe-

633 3479 848 3548 ctum,
904 3467 988 3537 de
1038 3467 1185 3538 suis
1233 3467 1491 3537 finibus
1541 3469 1968 3557 proturbare.
2025 3473 2269 3538 Beatus
2318 3479 2529 3556 pater,
2584 3470 2856 3559 cognito
2888 3468 3179 3539 consilio

634 3578 873 3625 eorum
913 3612 928 3638 ,
981 3556 1124 3625 zelo
1163 3557 1470 3644 justitiae
1524 3557 1942 3646 imprecatus
1988 3570 2089 3626 est
2135 3557 2235 3627 eis
2289 3556 2473 3638 talia,
2526 3557 2810 3627 dicens:
2865 3580 2902 3625 «
2946 3562 3173 3637 Deus,

632 3646 837 3733 cujus
868 3644 1292 3735 providentia
1324 3645 1628 3715 mundus
1661 3645 1996 3720 subsistit,
2035 3659 2099 3715 et
2136 3658 2384 3715 cuncta
2420 3658 2779 3736 reguntur,
2817 3645 2922 3715 fac
2960 3668 3177 3736 super

631 3747 841 3824 caput
889 3734 1349 3825 generationis
1399 3733 1612 3821 liujus
1661 3735 1898 3804 reverti
1947 3734 2426 3815 contumelias,
2478 3757 2652 3820 quas
2697 3735 2983 3805 famulis
3034 3736 3182 3806 tuis

633 3838 1069 3914 paraverunt.
1125 3823 1272 3893 Nati
1311 3843 1548 3892 eorum
1599 3822 1799 3891 facile
1858 3836 2183 3912 pereant,
2240 3836 2305 3893 et
2352 3835 2720 3910 antequam
2762 3838 3178 3904 senescant,

633 3935 797 4003 prae
847 3913 1204 3984 subitaneo
1262 3924 1541 4000 stupore
1601 3910 1892 3981 delirare
1951 3924 2339 4003 cogantur;
2393 3912 2664 4002 ipsique
2727 3936 2885 3983 cum
2946 3925 3180 3996 terra,

631 4023 840 4088 quam
878 4001 1213 4082 incolunt,
1268 3999 1444 4069 dura
1483 4001 1861 4090 potentium
1906 4000 2373 4071 dominatione
2422 4015 2847 4090 premantur,
2894 4015 2969 4071 ut
3004 4024 3189 4073 cuu-

633 4091 762 4159 ctis
796 4091 1176 4180 ignominia
1226 4111 1461 4159 eorum
1502 4102 1726 4179 pateat
1774 4091 1841 4157 in
1879 4087 2270 4180 aQernum;
2322 4101 2386 4159 et
2436 4090 2614 4160 sicut
2661 4091 3001 4181 scripturn
3052 4105 3183 4174 est,

633 4190 1068 4248 convertatur
1107 4177 1304 4248 dolor
1334 4200 1568 4247 eorum
1615 4178 1683 4246 in
1727 4185 1935 4269 cap'ut
1970 4180 2305 4268 ipsorum,
2343 4190 2406 4247 et
2440 4179 2508 4247 in
2548 4180 2866 4249 verticem
2899 4178 3191 4252 illorum

634 4267 991 4354 iniquitaS,
1030 4268 1116 4338 ab
1152 4268 1320 4358 ipsis
1355 4279 1642 4358 patrata,
1690 4267 2079 4372 descendat.
2121 4292 2157 4334 »

686 4430 711 4455 *
745 4429 930 4470 Scilicet
951 4430 1181 4474 Limaeam,
1201 4426 1280 4478 qui
1301 4430 1426 4469 inter
1445 4430 1726 4479 Tigurinum
1745 4427 1943 4480 (Zaa-590)
1965 4430 2121 4471 lacum
2140 4427 2257 4471 fluit.

685 4484 734 4508 *¹¹
769 4484 989 4526 Fortasse
1011 4494 1170 4534 pagus,
1191 4482 1271 4533 qui
1292 4488 1488 4524 vocatur
1512 4485 1693 4534 Taaeygen.
