3347 4999
639 321 766 385 568
1207 338 1287 384 nn
1334 337 1388 385 s.
1443 336 1743 394 Aoumnvo
1798 337 1994 385 muse.
2048 337 2413 387 concinnum
2766 321 2936 387 OCT.
2995 324 3079 387 ’19

550 444 861 492 reversus
906 435 1116 493 esset:
1180 445 1339 493 cum
1397 422 1658 491 soleant
1702 422 2012 492 infideles
2051 436 2116 491 et
2170 423 2560 512 impudicae
2621 423 2915 493 feminae
2976 446 3082 494 re-

548 512 906 582 deuntium
962 512 1360 581 maritorum
1435 511 1877 581 reformidare
1930 513 2154 601 potius
2201 526 2265 581 et
2323 512 2628 591 horrere,
2694 535 2899 598 quam
2953 536 3079 603 ap-

548 615 817 691 petere,
879 615 1350 690 conspectum.
1433 601 1732 687 Denique
1786 601 2073 671 solemni
2145 600 2261 670 illo
2335 601 2858 690 congratulandi
2924 626 3080 692 per-

547 706 694 760 acto
741 689 986 769 officio,
1032 705 1098 759 et
1143 689 1577 775 colloquendi
1627 690 1895 790 expleto
1947 691 2043 758 vel
2101 702 2473 778 temperato
2520 690 2884 770 desideriO,
2923 713 3078 760 cor-

546 802 710 870 pora
764 779 1186 848 reficiuntur.
1259 778 1513 847 Deinde
1565 778 1829 848 familia
1864 833 1879 860 ,
1937 779 2153 847 noctis
2204 779 2531 847 invitante
2579 780 2875 859 silentio,
2932 781 3079 850 abit

545 870 882 949 cubitum,
933 866 1162 937 felices
1192 868 1522 955 conjuges
1557 870 1913 937 remanent
1956 868 2021 936 in
2059 882 2311 937 secreto
2345 868 2691 945 cubiculo,
2729 869 2843 936 ubi
2882 881 3079 939 erant

547 980 795 1028 arcana
852 955 1254 1045 explicanda
1290 955 1606 1026 consilia.
1643 978 1844 1043 quae,
1899 956 2179 1025 absente
2228 957 2567 1043 Aquilino,
2624 958 2876 1047 pudica
2910 981 3078 1028 uxor

545 1047 699 1135 ejus
737 1068 867 1114 non
911 1046 1059 1114 sine
1108 1046 1332 1114 Sancti
1388 1045 1686 1135 Spiritus
1778 1046 1945 1114 ratia
1995 1059 2421 1133 conceperat.

636 1140 672 1222 ἓ
716 1141 802 1206 ὅ.
859 1139 1151 1203 Cernens
1200 1148 1423 1202 autem
1480 1134 1596 1202 illa
1645 1135 1732 1202 ob
1765 1149 1943 1203 atam
1995 1135 2124 1203 sibi
2177 1134 2537 1205 familiaris
2584 1134 2909 1221 colloquii
2958 1158 3076 1224 op-

549 1224 1076 1316 portunitatem:
1139 1246 1175 1288 «
1212 1223 1697 1292 Amantissime
1743 1224 2017 1310 conjux,
2076 1223 2331 1309 inquit,
2377 1246 2631 1310 quaeso
2682 1238 2766 1304 te,
2825 1247 2907 1292 ne
2969 1246 3076 1293 me

548 1334 800 1404 arguas
860 1311 1257 1382 temeritatis
1294 1367 1309 1392 ,
1365 1333 1449 1380 ne
1502 1312 1796 1400 graviter
1849 1314 2026 1381 feras
2083 1313 2263 1399 quod
2328 1312 2451 1380 feci
2487 1368 2501 1393 ‚
2564 1314 2620 1381 si
2677 1313 3077 1401 cognoveris

551 1425 657 1472 me
709 1402 775 1471 id
832 1401 1070 1470 fecisse
1116 1399 1258 1471 zelo
1306 1400 1560 1470 amoris
1614 1401 1734 1470 tui.
1806 1403 2079 1471 Timens
2125 1402 2306 1471 enim
2341 1455 2356 1480 ‚
2415 1424 2497 1471 ne
2546 1415 2607 1471 te
2655 1424 2925 1491 semper
2971 1425 3080 1469 ca·

549 1513 794 1571 rerem,
852 1491 906 1560 si
947 1490 1280 1559 accideret
1314 1490 1433 1559 tibi
1481 1489 1662 1576 quod
1717 1490 1990 1571 nollem,
2027 1491 2241 1559 malui
2286 1495 2416 1560 Deo
2452 1490 3075 1580 promittere,quod

549 1602 731 1650 anno
783 1602 921 1649 uno
967 1603 1005 1648 a
1041 1596 1100 1649 te
1142 1592 1492 1669 praesente
1527 1579 1963 1660 abstinerem,
2008 1593 2211 1666 tuque
2246 1579 2514 1648 interim
2553 1580 2857 1668 conjugii
2891 1580 3076 1648 oble-

548 1682 887 1739 ctamenta
936 1669 1413 1758 suspenderes,
1453 1689 1657 1753 quam
1698 1681 1759 1736 te
1805 1690 1841 1736 e
1893 1668 2115 1737 medio
2162 1668 2455 1749 sublato,
2505 1673 2831 1757 perpetua
2864 1668 3081 1736 vidui-

550 1772 681 1828 tate
720 1758 965 1826 afflicta
1015 1758 1348 1826 discerem
1401 1757 1500 1825 vel
1537 1758 1769 1835 iuvita,
1797 1758 1975 1843 quod
2012 1771 2252 1846 sponte
2291 1778 2420 1825 non
2464 1757 2889 1827 didicissem.
2927 1762 3079 1839 Qua

551 1848 617 1915 in
674 1869 741 1915 re
784 1848 839 1917 si
888 1846 1051 1933 quid
1093 1846 1321 1915 videor
1355 1845 1577 1935 egisse
1613 1846 2021 1923 inconsulte,
2081 1861 2197 1914 tua
2234 1869 2339 1915 me
2377 1847 2677 1915 charitas
2709 1846 3075 1935 compulit,

547 1949 626 2005 ut
671 1936 756 2004 de
808 1950 867 2005 te
932 1935 1099 2003 mibi
1176 1934 1523 2024 polliceret
1589 1935 1653 2003 id
1697 1990 1711 2008 ,
1766 1934 1943 2021 quod
2020 1934 2317 2023 pollicita
2381 1958 2583 2005 sum:
2650 1957 2769 2003 nec
2831 1957 2908 2003 eo
2970 1955 3083 2003 me

549 2024 828 2113 impulit
879 2024 1149 2114 propria
1202 2024 1569 2104 temeritas,
1607 2023 1720 2093 sed
1766 2025 1849 2092 de
1911 2037 2022 2092 tuo
2074 2045 2414 2093 consensu
2467 2023 2637 2092 nihil
2688 2024 3076 2112 ambigens,

548 2113 817 2183 tametsi
848 2135 1005 2181 eum
1061 2114 1488 2202 ignorabam,
1531 2113 1700 2181 illud
1747 2113 1918 2192 vovi,
1964 2112 2142 2198 quod
2182 2113 2266 2180 de
2323 2134 2470 2180 mea
2509 2112 2676 2182 mihi
2730 2112 3083 2180 voluntate

548 2203 925 2271 constabat.
962 2225 997 2267 »
1026 2204 1147 2271 His
1195 2202 1474 2273 auditis,
1507 2202 1868 2288 Aquilinus
1902 2202 2231 2287 quidnam
2271 2215 2521 2290 ageret,
2561 2214 2678 2270 aut
2708 2223 2845 2287 quo
2884 2216 3084 2290 pacto

550 2292 764 2359 vicem
820 2289 1127 2360 redderet
1177 2291 1453 2359 mulieri
1486 2291 1570 2358 de
1627 2290 1733 2359 sui
1799 2291 2022 2359 mariti
2082 2290 2300 2359 salute
2358 2305 2489 2357 tam
2542 2291 2710 2358 bene
2742 2291 3086 2358 merenti?

549 2384 690 2448 Non
725 2378 836 2447 ille
865 2379 1288 2467 arguendam
1323 2379 1776 2458 existimabat,
1812 2401 2018 2465 quam
2054 2379 2280 2468 seipso
2312 2379 2683 2447 fideliorem
2719 2379 2846 2446 sibi
2880 2401 3086 2467 expe-

551 2468 876 2549 riebatur,
930 2468 1135 2556 idque
1186 2490 1307 2558 pro
1353 2491 1478 2537 sua
1525 2467 1992 2538 incolumitate
2044 2468 2436 2556 promisisse
2491 2469 2845 2548 sentiebat,
2892 2467 3083 2554 quod

548 2558 697 2647 ipse
730 2572 1018 2646 optarat,
1060 2558 1320 2627 tametsi
1364 2579 1494 2626 non
1535 2559 1961 2646 promiserat.
2011 2562 2276 2627 Gratias
2322 2558 2530 2647 igitur
2572 2557 2713 2646 agit
2757 2558 3084 2646 omnipo—

550 2647 713 2715 tenti
755 2653 902 2726 Deo,
930 2647 1044 2734 qui
1087 2645 1283 2715 talem
1315 2646 1447 2736 ipsi
1479 2646 1781 2715 dedisset
1806 2648 2199 2736 conjugem,
2233 2668 2409 2733 quae
2434 2648 2835 2726 castitatem,
2868 2668 3083 2732 quam

549 2735 695 2824 ipse
725 2736 939 2805 animi
974 2735 1201 2806 stutlio
1226 2735 1370 2825 jam
1414 2735 1814 2823 complexus
1844 2750 2042 2817 esset,
2084 2737 2239 2804 licet
2272 2735 2335 2803 id
2371 2736 2592 2805 verbis
2625 2734 2930 2803 nondum
2965 2757 3089 2804 ex-

552 2827 915 2914 posuisset,
955 2823 1335 2894 voluntaria
1385 2824 1740 2894 devotione
1783 2825 2073 2904 offerret,
2130 2847 2286 2893 cum
2346 2824 2476 2893 sibi
2529 2824 2636 2893 vix
2687 2824 3089 2912 promittere

549 2936 763 2983 ausus
801 2927 1013 2994 esset,
1051 2935 1203 2982 eam
1251 2914 1453 2982 etiam
1511 2925 1812 3002 rogatam
1859 2914 1922 2981 id
1961 2914 2289 2982 facturam
2328 2911 2563 2982 fuisse.
2606 2914 2886 2981 Miratur
2918 2934 3089 3003 ergo

550 3004 662 3072 Dei
707 3002 1010 3072 famulus
1043 3024 1243 3072 suum
1282 3002 1348 3070 in
1383 3002 1636 3071 semina
1671 3017 1939 3089 pectus;
1979 3003 2267 3070 miratur
2297 3025 2366 3071 se
2397 3002 2483 3071 ab
2511 3023 2716 3070 uxore
2755 3024 3089 3090 praeven-

549 3101 722 3171 tum,
763 3114 895 3161 non
935 3091 1237 3179 potuisse
1272 3090 1531 3178 primas
1565 3092 1697 3160 sibi
1735 3089 2083 3161 vindicare
2115 3092 2181 3160 in
2220 3091 2365 3180 ipsa
2417 3091 2685 3170 virtute,
2725 3090 2843 3176 qui
2898 3091 3093 3180 prior

549 3194 725 3250 esset
757 3180 1142 3249 conditione
1171 3179 1371 3260 virili,
1398 3193 1455 3248 et
1492 3181 1676 3269 prior
1705 3181 1905 3249 etiam
1939 3202 2087 3250 esse
2120 3193 2477 3270 putaretur
2509 3179 2847 3249 desiderio
2880 3179 3090 3247 casti-

550 3269 730 3349 tati5‚
784 3269 913 3337 nisi
968 3269 1295 3358 posterior
1346 3269 1663 3338 inventus
1704 3283 1879 3338 esset
1918 3283 2285 3359 conceptae
2317 3269 2689 3339 voluntatis
2728 3268 3089 3360 significa-

551 3358 733 3426 tione
753 3370 816 3425 et
841 3357 1342 3426 enunciatione.
1385 3380 1421 3424 «
1455 3364 1577 3440 Tu,
1606 3358 1850 3444 inquit,
1888 3359 2271 3437 carissima,
2316 3379 2423 3427 me
2455 3357 2746 3427 dicendo
2777 3371 3087 3427 antever-

552 3445 716 3523 tisti,
758 3467 956 3530 quem
1009 3446 1462 3515 desiderando
1510 3461 1931 3517 antevertere
1981 3469 2113 3515 nou
2170 3447 2473 3535 potuisti.
2528 3452 2667 3516 Hoc
2713 3447 2896 3515 enim
2946 3458 3075 3524 est,

551 3532 730 3622 quod
760 3534 1515 3624 equidemjampridem
1555 3536 1926 3625 peroptavi,
1958 3536 2073 3605 sed
2110 3536 2323 3604 celavi
2354 3536 2651 3614 interim,
2681 3549 2949 3623 tempus
2968 3556 3089 3622 op·

554 3636 924 3713 portuuum
981 3624 1351 3703 sustinens,
1404 3645 1541 3710 quo
1590 3639 1785 3693 tuum
1835 3625 2005 3693 milti
2056 3646 2413 3694 assensum
2470 3625 2934 3693 conciliarem.
2987 3628 3091 3692 [ta

553 3711 882 3780 nimirum
939 3724 1183 3781 terram
1240 3713 1530 3801 pectoris
1566 3713 1687 3793 tui,
1721 3735 1926 3800 quam
1971 3736 2098 3802 ego
2128 3714 2349 3782 colere
2385 3713 2716 3789 volebam,
2753 3712 3095 3781 divinitus

550 3800 807 3871 cultam
848 3814 913 3869 et
946 3801 1363 3890 complutam
1409 3800 1602 3870 video
1633 3856 1647 3881 ‚
1692 3802 2125 3888 multumque
2162 3803 2389 3884 laetor,
2429 3816 2493 3871 et
2528 3824 2801 3872 summo
2834 3800 3093 3872 cultori

552 3891 807 3980 gratias
855 3913 1004 3981 ago.
1048 3895 1270 3960 Unum
1309 3904 1570 3960 tantum
1608 3891 1902 3978 adjicere
1937 3893 2106 3972 volo,
2145 3891 2326 3978 quod
2367 3913 2406 3960 a
2444 3905 2502 3960 te
2537 3891 2752 3960 sentio
2790 3904 3095 3978 praeter-

551 3979 871 4060 missum,
909 3993 974 4049 et
1014 3993 1236 4049 tamen
1284 3994 1447 4069 puto
1483 3980 1971 4049 necessarium.
2015 3985 2113 4049 Tu
2162 4002 2464 4049 annuam
2520 3979 2892 4069 promisisti
2925 4001 3100 4046 con-

553 4069 907 4137 tinentiam
938 4123 954 4148 ,
996 4090 1123 4158 ego
1153 4082 1313 4158 opto
1359 4081 1423 4138 et
1466 4069 1791 4158 polliceor
1856 4083 2276 4158 perpetuam,
2315 4083 2390 4138 ut
2450 4070 2704 4158 pariter
2768 4090 2899 4137 non
2964 4090 3097 4136 an-

553 4177 762 4224 nuam
800 4211 815 4236 ‚
897 4158 1013 4226 sed
1082 4159 1566 4246 sempiternam
1637 4158 1983 4247 possimus
2042 4180 2364 4228 coronam
2427 4157 2743 4246 adipisci.
2806 4155 3098 4226 Confido

551 4258 776 4315 autem
828 4266 1012 4325 eum,
1055 4246 1173 4331 qui
1217 4247 1405 4317 omni
1445 4247 1748 4327 habenti,
1792 4268 2037 4336 nempe
2083 4249 2325 4316 bonam
2392 4246 2832 4324 voluntatem,
2880 4245 3095 4313 etiam

550 4331 939 4403 facultatem
984 4333 1280 4404 dandam
1335 4335 1721 4427 pollicetur,
1769 4336 1967 4405 nobis
2000 4337 2312 4406 affectum
2360 4335 2730 4423 pudicitiae
2781 4355 3099 4422 perseve-

549 4434 815 4493 rantem
869 4424 1381 4513 praebiturum:
1435 4438 1513 4495 ut
1573 4424 1870 4495 addatur
1926 4425 2144 4516 gratia
2212 4426 2470 4513 gratiae
2506 4479 2522 4507 ‚
2585 4424 2763 4496 sicut
2809 4422 3101 4494 additur
