3347 4999
716 335 802 398 356
1530 348 1607 393 nt:
1655 348 1710 394 s.
1766 346 2011 392 aaron:
2058 345 2239 395 cose.
2891 329 3070 394 OCT.
3137 331 3164 394 Ἰ

620 431 990 507 vivificare,
1020 441 1085 497 et
1118 428 1378 498 auctori
1412 447 1536 497 suo
1572 430 1831 497 sanctis
1879 427 2200 516 precibus
2250 425 2750 515 reconsignare.
2780 432 2943 495 Nam
2989 420 3199 514 quid‘

621 544 662 589 a
696 526 825 589 Deo
864 520 1169 588 obtinere
1203 538 1334 586 non
1374 530 1619 606 posset,
1663 516 1783 604 qui
1818 538 2050 585 verum
2095 515 2390 604 Spiritus
2421 516 2649 585 Sancti
2685 516 3170 586 habitaculum

618 610 840 680 sactus
872 607 1138 676 suerat?
1166 606 1339 689 Quid
1377 619 1638 695 patrem
1681 627 1811 674 non
1840 617 2169 684 exoraret,
2207 604 2323 690 qui
2357 626 2563 673 carne
2594 618 2937 693 superata,
2981 610 3174 675 Deus

582 697 765 787 ‘ipse
802 699 865 766 in
909 696 1344 785 adoptionem
1380 694 1681 764 filiorum
1730 694 1840 762 Dei
1871 693 2251 772 transierat,
2290 693 2558 763 dicente
2598 694 2980 774 Psalmista,
3019 700 3176 784 Ego

617 787 793 856 dixi:
853 786 949 854 Dii
982 786 1169 864 ostis,
1223 798 1288 852 et
1323 783 1444 853 filii
1478 782 1727 852 excelsi
1776 785 2065 885 omnes?

706 878 741 963 ἓ
791 880 929 947 14.
970 874 1060 944 Ad
1090 873 1225 943 alia
1252 885 1325 941 ut
1361 886 1830 941 transeamus:
1869 871 2167 958 quadam
2204 871 2316 939 die
2347 870 2738 940 habitaculo
2770 892 3165 961 egressum,

618 964 892 1033 obvium
944 963 1232 1053 contigit
1289 961 1537 1030 habere
1586 958 1935 1029 servulum
1973 1015 1988 1038 ,
2052 982 2257 1047 quem
2308 959 2680 1046 aliquando
2732 959 3034 1049 neglecta
3091 982 3171 1028 re

618 1052 966 1131 familiari,
1020 1073 1230 1121 causa
1279 1049 1605 1150 supplicii
1655 1048 1741 1117 ad
1787 1049 2134 1119 nundinas
2184 1048 2487 1118 venalem
2531 1051 2831 1138 jusserat
2876 1049 3165 1138 exponi.

616 1147 828 1224 Quem
873 1155 949 1209 ut
996 1139 1185 1219 vidit,
1224 1140 1364 1207 acsi
1415 1159 1643 1227 ipsum
1677 1138 2018 1207 Christum
2061 1137 2128 1205 in
2173 1150 2456 1206 mortem
2492 1137 2928 1214 vendidisset,
2968 1160 3172 1206 ama-

622 1230 935 1299 rissimas
967 1229 1109 1298 lacr
1164 1250 1310 1296 mas
1343 1226 1650 1307 fundere,
1695 1239 1885 1315 rapto
1918 1247 2131 1296 cursu
2167 1240 2232 1295 et
2263 1225 2546 1306 fiducia,
2580 1226 2870 1315 pedibus
2898 1226 3052 1313 ejus
3089 1248 3169 1296 se

624 1332 1072 1419 prosternere,
1130 1317 1295 1384 ateri
1321 1316 1972 1405 culpam,excusare
1999 1316 2454 1405 ignorantiam
2488 1329 2553 1384 et
2589 1328 2808 1404 petere
2841 1316 3161 1384 veniam:

619 1407 932 1493 illudque
984 1407 1335 1495 cogitans,
1389 1405 1731 1495 sanguine
1771 1404 2180 1493 sanguinem
2235 1403 2490 1483 lavari,
2549 1403 2871 1493 forpicem
2924 1419 2988 1474 et
3039 1404 3173 1472 fla-

618 1496 875 1585 gellum
923 1495 989 1562 in
1046 1494 1366 1564 manibus
1397 1494 1549 1580 ejus
1588 1515 1858 1582 ponere,
1900 1507 1974 1562 ut
2006 1493 2380 1561 vindicaret
2412 1493 2480 1562 in
2514 1493 2932 1562 venditorem
2962 1492 3170 1562 Chri-

617 1585 820 1652 stiani
872 1584 1258 1672 sanguinis,
1310 1583 1523 1651 sacris
1575 1581 1796 1651 verbis
1857 1581 2238 1652 obsecrare.
2295 1587 2540 1651 Servus
2587 1603 2624 1650 e
2670 1594 2906 1651 contra
2963 1588 3170 1651 recu-

617 1694 792 1749 sare,
843 1687 1191 1761 peccatum
1229 1695 1304 1741 ex
1351 1671 1577 1750 corde,
1622 1669 1803 1757 quod
1860 1672 1922 1737 in
1977 1693 2048 1740 se
2094 1683 2259 1748 erat,
2300 1670 2713 1749 condonare,
2756 1670 3045 1738 libenter
3093 1672 3166 1740 ei

622 1783 976 1848 nunquam
1031 1762 1444 1830 serviturum
1511 1759 1848 1849 spondere
1885 1760 1951 1827 in
1995 1758 2482 1829 contumeliam
2533 1761 2640 1828 sui
2689 1759 3041 1845 quondam
3094 1773 3171 1830 et

616 1850 845 1919 adbuc
875 1850 1163 1929 domini,
1221 1872 1343 1918 nec
1396 1849 1459 1917 id
1512 1870 1817 1935 unquam
1869 1848 2092 1935 ajebat
2139 1848 2272 1917 sibi
2326 1868 2520 1937 posse
2559 1848 2976 1937 persuaderi.
3019 1848 3172 1918 .llle

617 1961 772 2008 vero
800 1939 1051 2028 (utqui
1088 1960 1440 2025 nunquam
1477 1950 1775 2008 cessaret
1802 1936 2189 2005 desiderare
2225 1937 2662 2025 passionibus
2694 1936 2939 2007 Christi
2969 1959 3172 2006 com-

620 2027 1024 2115 municare),
1068 2049 1198 2095 non
1237 2026 1585 2107 desistere,
1621 2025 1789 2095 ilum
1824 2026 1996 2093 mira
2030 2026 2417 2111 eloquentia
2462 2039 2884 2115 expugnaret
2920 2026 3170 2096 nolen-

619 2117 703 2185 tis
745 2118 1083 2191 animum,
1122 2128 1186 2184 et
1218 2128 1486 2203 cogeret
1535 2116 1755 2203 magis
1787 2136 1994 2201 quam
2036 2126 2309 2200 peteret,
2349 2115 2418 2183 in
2453 2136 2655 2182 suum
2700 2114 3166 2204 supplicium.

617 2206 790 2287 Quid
838 2204 1094 2274 multa?
1133 2206 1440 2273 Vincitur
1490 2225 1762 2281 manus,
1817 2204 2071 2292 ligatur
2111 2203 2337 2292 pedeS,
2380 2216 2593 2272 totum
2626 2224 2877 2292 corpus
2917 2204 2983 2271 in
3037 2226 3172 2272 su-

621 2293 829 2362 blime
860 2294 1140 2372 levatur,
1187 2316 1402 2383 poena
1423 2291 1902 2363 crudelissima
1929 2290 2249 2372 afficitur,
2287 2303 2352 2360 et
2382 2291 2581 2377 quasi
2615 2291 2680 2359 in
2723 2291 2958 2381 pilam,
2988 2314 3169 2363 cum

621 2381 714 2450 nil
777 2383 906 2450 nisi
968 2387 1096 2450 Deo
1144 2383 1400 2473 gratias
1440 2394 1690 2470 ageret,
1730 2380 2214 2450 contunditur:
2271 2395 2612 2470 postremo
2647 2380 2712 2448 in
2757 2402 3013 2449 morem
3057 2380 3171 2450 la-

538 2531 544 2539 .
618 2483 887 2541 tronum
930 2484 1144 2540 totum
1178 2485 1384 2571 caput
1414 2470 1843 2540 detondetur.
1877 2474 2056 2539 Haec
2089 2483 2205 2540 tua
2238 2481 2422 2549 sunt,
2464 2474 2629 2538 Jesu
2662 2469 2858 2542 bone.
2898 2491 3109 2558 opera
3140 2495 3158 2539 ε

618 2560 728 2628 bic
778 2573 939 2628 tuus
984 2573 1086 2628 est
1134 2561 1394 2650 ignitus
1441 2582 1657 2638 amor,
1697 2581 1834 2645 quo
1882 2560 2199 2629 ardentes
2237 2581 2477 2627 omnes
2524 2557 2716 2628 electi
2763 2559 2883 2636 tui,
2928 2559 2947 2627 i
3001 2582 3163 2628 sam

610 2650 928 2734 quamvis
965 2670 1184 2717 raram
1221 2663 1648 2738 peccatorum
1685 2648 2074 2737 rubiginem
2111 2648 2504 2734 decoquunt
2539 2647 2810 2716 fornace
2859 2582 3172 2717 tribula-

616 2738 863 2815 tionis,
923 2759 1170 2806 aurum
1230 2737 1567 2806 mundum
1610 2736 1821 2806 futuri
1881 2738 1948 2805 in
1999 2737 2109 2805 die
2159 2736 2549 2806 tremendae
2596 2736 3162 2806 examinationis.

612 2831 798 2895 Tunc
859 2826 925 2894 in
989 2826 1162 2895 libro
1218 2826 1530 2895 dexterae
1584 2838 1740 2894 tuae
1789 2827 2174 2894 invenietur
2213 2830 2493 2894 Carmen
2545 2839 2610 2895 et
2643 2830 2809 2893 Vae:
2865 2829 3164 2896 Carmen

612 2915 924 2986 videlicet
979 2914 1376 2994 electorum,
1420 2914 1541 3001 qui
1591 2915 2014 3003 triumphato
2066 2913 2319 2993 secu10,
2383 2913 2765 2983 laudabunt
2815 2914 3165 2985 viventem

614 3004 683 3071 in
722 3003 948 3072 secula
1003 3003 1433 3073 seculorum:
1494 3008 1621 3072 Vae
1673 3003 2105 3083 miserorum,
2152 3024 2446 3090 quorum
2505 3024 2691 3071 mors
2739 3002 2807 3070 in
2861 3016 3159 3072 mortem

613 3092 938 3180 pessima,
972 3113 1266 3179 quorum
1297 3091 1778 3177 quotidianum
1822 3104 1888 3160 et
1924 3093 2116 3159 omni
2168 3095 2392 3162 massa
2424 3089 2638 3159 ferrea
2688 3091 2966 3178 gravius
3000 3114 3163 3181 pec-

613 3191 840 3247 catum
901 3202 982 3247 ne
1027 3203 1164 3248 una
1203 3181 1482 3267 quidem
1526 3180 1748 3250 abluit
1804 3179 2207 3268 lacrymula,
2254 3201 2378 3248 nec
2426 3201 2564 3248 una
2612 3180 2948 3269 extinguit
3005 3180 3166 3249 fru-

612 3280 847 3336 ctuosa
878 3267 1331 3356 eleemosyna,
1365 3270 1617 3338 nedum
1655 3280 2029 3357 spontanea
2060 3289 2182 3356 pro
2213 3269 2476 3338 Christo
2510 3267 2877 3358 supplicia.
2915 3272 3163 3355 Itaque

615 3354 682 3423 in
738 3356 946 3445 hujus
999 3370 1266 3426 nostrae
1326 3357 1747 3426 infirmitatis
1806 3356 2352 3426 consideratione
2411 3357 2571 3426 libet
2624 3379 2779 3425 cum
2831 3358 3162 3446 Apostolo

610 3443 1025 3513 exclamare:
1080 3448 1338 3534 Infelim
1385 3470 1504 3536 eqo
1539 3447 1752 3527 homo,
1805 3448 1956 3537 quis
1991 3468 2096 3514 me
2146 3447 2451 3515 liberabit
2491 3447 2570 3516 de
2600 3469 2868 3535 corpore
2915 3451 3160 3516 mortis

612 3533 817 3622 hujus
859 3534 1077 3622 (Rom.
1125 3534 1295 3622 v11)'?
1344 3540 1419 3604 Et
1469 3535 1632 3622 quia
1691 3534 2165 3624 imperfectum
2229 3548 2537 3604 nostrum
2596 3535 2915 3603 viderunt
2963 3535 3160 3605 oculi

611 3625 735 3701 tui,
787 3623 1087 3701 Domine,
1126 3622 1442 3692 dicamus
1485 3624 1666 3711 quod
1706 3625 2019 3711 sequitur
2068 3645 2148 3692 ex
2195 3623 2696 3693 consolatione:
2756 3623 2987 3692 Gratia
3033 3626 3160 3694 Dei

608 3731 731 3799 per
758 3715 996 3778 ‚lesum
1049 3710 1417 3781 Christum.

692 3800 728 3885 ξ
778 3805 918 3869 ¹5.
974 3799 1268 3869 Tandem
1304 3799 1646 3888 gloriosus
1684 3801 1797 3871 Dei
1832 3801 2084 3870 athleta
2117 3799 2491 3881 Allowinus
2521 3799 2605 3870 de
2654 3800 2781 3870 boc
2816 3822 2941 3869 suo
2985 3822 3159 3871 ecu-

605 3885 711 3956 leo
740 3887 1118 3975 depositus‚
1157 3888 1503 3958 confracta
1533 3901 1597 3958 et
1626 3890 2021 3959 excruciata
2063 3890 2372 3958 membra
2411 3889 2609 3978 jubet
2648 3890 2860 3978 recipi
2910 3890 2976 3957 in
3029 3888 3161 3960 illa

605 3995 733 4043 sua
783 3976 995 4045 nobili
1030 3999 1199 4047 nova
1251 3977 1525 4058 cellula,
1562 4000 1738 4064 quae
1772 3979 1837 4045 in
1876 3977 2301 4048 fundationis
2336 3999 2501 4047 suae
2551 3979 2891 4067 principio
2936 3978 3155 4048 hono-

604 4075 750 4133 rata
798 4077 900 4134 est
950 4067 1345 4136 revivificati
1395 4065 1698 4137 bominis
1751 4066 2107 4148 miraculo,
2160 4081 2225 4136 et
2273 4068 2340 4136 in
2393 4067 2988 4137 consummatione
3036 4089 3160 4137 ve-

606 4153 897 4222 nerabili
929 4168 994 4222 et
1043 4177 1193 4225 vere
1234 4155 1683 4245 praedicabili
1732 4155 2098 4244 supplicio.
2139 4155 2391 4225 Dehinc
2435 4155 2786 4245 paulisper
2818 4155 3152 4245 spiritum

604 4261 759 4309 cum
800 4243 1184 4332 recepisset,
1224 4244 1422 4331 quasi
1461 4244 1752 4314 necdum
1790 4243 1875 4312 ad
1913 4266 2160 4333 purum
2211 4245 2477 4333 argenti
2527 4244 2635 4313 sui
2685 4245 2976 4315 scoriam
3029 4267 3156 4314 ex-

603 4330 913 4406 coxisset,
956 4332 1265 4419 nihilque
1299 4333 1723 4403 satisfactum
1760 4355 2083 4434 sperans:
2115 4332 2344 4402 adhuc
2371 4332 2570 4420 jubet
2603 4333 2950 4403 admoveri
2988 4355 3152 4402 ner-

600 4439 788 4501 vum,
842 4443 1046 4508 quem
1097 4421 1299 4512 vulgo
1348 4421 1699 4513 appellant
1752 4445 2062 4512 cippum,
2121 4435 2186 4492 et
2244 4422 2311 4490 in
2369 4444 2447 4491 eo
2505 4422 2927 4493 venerabiles
2988 4422 3160 4493 illos
