<?xml version="1.0" encoding="UTF-8"?>
<!DOCTYPE html PUBLIC "-//W3C//DTD XHTML 1.0 Transitional//EN"
    "http://www.w3.org/TR/xhtml1/DTD/xhtml1-transitional.dtd">
<html xmlns="http://www.w3.org/1999/xhtml" xml:lang="en" lang="en">
 <head>
  <title>
</title>
<meta http-equiv="Content-Type" content="text/html;charset=utf-8" />
  <meta name='ocr-system' content='tesseract 3.04.00' />
  <meta name='ocr-capabilities' content='ocr_page ocr_carea ocr_par ocr_line ocrx_word'/>
</head>
<body>
  <div class='ocr_page' id='page_1' title='image "./historiaeseuvit03lippgoog_0143.png"; bbox 0 0 3347 4999; ppageno 0'>
   <div class='ocr_carea' id='block_1_1' title="bbox 171 337 2623 419">
    <p class='ocr_par' dir='ltr' id='par_1_1' title="bbox 171 337 2623 419">
     <span class='ocr_line' id='line_1_1' title="bbox 171 337 2623 419; baseline 0 -1"><span class='ocrx_word' id='word_1_1' title='bbox 171 352 346 418; x_wconf 89' lang='lat' dir='ltr'>OCT.</span> <span class='ocrx_word' id='word_1_2' title='bbox 402 353 440 416; x_wconf 73' lang='lat'><strong>4</strong></span> <span class='ocrx_word' id='word_1_3' title='bbox 1040 371 1117 416; x_wconf 77' lang='lat' dir='ltr'>m:</span> <span class='ocrx_word' id='word_1_4' title='bbox 1167 371 1222 417; x_wconf 88' lang='lat' dir='ltr'>s.</span> <span class='ocrx_word' id='word_1_5' title='bbox 1276 370 1620 419; x_wconf 55' lang='lat' dir='ltr'>Fasncisco</span> <span class='ocrx_word' id='word_1_6' title='bbox 1670 340 1850 417; x_wconf 51' lang='lat' dir='ltr'>eost.</span> <span class='ocrx_word' id='word_1_7' title='bbox 2385 337 2388 338; x_wconf 36' lang='lat'><em>⁷</em></span> <span class='ocrx_word' id='word_1_8' title='bbox 2513 355 2623 418; x_wconf 66' lang='lat' dir='ltr'>tet</span> 
     </span>
    </p>
   </div>
   <div class='ocr_carea' id='block_1_2' title="bbox 95 454 2728 3121">
    <p class='ocr_par' dir='ltr' id='par_1_2' title="bbox 95 454 2727 1433">
     <span class='ocr_line' id='line_1_2' title="bbox 171 454 2718 544; baseline -0 -18"><span class='ocrx_word' id='word_1_9' title='bbox 171 454 614 526; x_wconf 80' lang='lat' dir='ltr'>beatissimae</span> <span class='ocrx_word' id='word_1_10' title='bbox 654 455 955 544; x_wconf 79' lang='lat' dir='ltr'>Virginis</span> <span class='ocrx_word' id='word_1_11' title='bbox 1005 455 1361 544; x_wconf 82' lang='lat' dir='ltr'>genitricis</span> <span class='ocrx_word' id='word_1_12' title='bbox 1409 456 1526 523; x_wconf 89' lang='lat' dir='ltr'>Dei</span> <span class='ocrx_word' id='word_1_13' title='bbox 1574 456 1958 542; x_wconf 89' lang='lat' dir='ltr'>antiquitus</span> <span class='ocrx_word' id='word_1_14' title='bbox 2008 455 2340 526; x_wconf 88' lang='lat' dir='ltr'>fabricata</span> <span class='ocrx_word' id='word_1_15' title='bbox 2388 457 2718 534; x_wconf 76' lang='lat' dir='ltr'>extiterat,</span> 
     </span>
     <span class='ocr_line' id='line_1_3' title="bbox 173 543 2727 627; baseline 0 -13"><span class='ocrx_word' id='word_1_16' title='bbox 173 543 293 614; x_wconf 92' lang='lat' dir='ltr'>sed</span> <span class='ocrx_word' id='word_1_17' title='bbox 332 543 598 614; x_wconf 91' lang='lat' dir='ltr'>deserta</span> <span class='ocrx_word' id='word_1_18' title='bbox 648 554 812 612; x_wconf 92' lang='lat' dir='ltr'>tunc</span> <span class='ocrx_word' id='word_1_19' title='bbox 861 566 896 612; x_wconf 91' lang='lat' dir='ltr'>a</span> <span class='ocrx_word' id='word_1_20' title='bbox 934 543 1212 612; x_wconf 90' lang='lat' dir='ltr'>nemine</span> <span class='ocrx_word' id='word_1_21' title='bbox 1242 544 1637 613; x_wconf 80' lang='lat' dir='ltr'>curabatur.</span> <span class='ocrx_word' id='word_1_22' title='bbox 1682 549 1896 627; x_wconf 84' lang='lat' dir='ltr'>Quam</span> <span class='ocrx_word' id='word_1_23' title='bbox 1934 567 2091 614; x_wconf 91' lang='lat' dir='ltr'>cum</span> <span class='ocrx_word' id='word_1_24' title='bbox 2127 545 2230 613; x_wconf 90' lang='lat' dir='ltr'>vir</span> <span class='ocrx_word' id='word_1_25' title='bbox 2264 544 2377 612; x_wconf 91' lang='lat' dir='ltr'>Dei</span> <span class='ocrx_word' id='word_1_26' title='bbox 2412 544 2510 613; x_wconf 92' lang='lat' dir='ltr'>sic</span> <span class='ocrx_word' id='word_1_27' title='bbox 2538 544 2727 614; x_wconf 92' lang='lat' dir='ltr'>dere-</span> 
     </span>
     <span class='ocr_line' id='line_1_4' title="bbox 173 630 2724 722; baseline 0 -20"><span class='ocrx_word' id='word_1_28' title='bbox 173 634 406 702; x_wconf 91' lang='lat' dir='ltr'>lictam</span> <span class='ocrx_word' id='word_1_29' title='bbox 432 632 879 722; x_wconf 82' lang='lat' dir='ltr'>conspiceret,</span> <span class='ocrx_word' id='word_1_30' title='bbox 912 633 999 701; x_wconf 95' lang='lat' dir='ltr'>ob</span> <span class='ocrx_word' id='word_1_31' title='bbox 1026 630 1452 702; x_wconf 87' lang='lat' dir='ltr'>devotionem</span> <span class='ocrx_word' id='word_1_32' title='bbox 1484 631 1878 703; x_wconf 83' lang='lat' dir='ltr'>ferventem.</span> <span class='ocrx_word' id='word_1_33' title='bbox 1911 655 2119 720; x_wconf 88' lang='lat' dir='ltr'>quam</span> <span class='ocrx_word' id='word_1_34' title='bbox 2159 632 2453 702; x_wconf 89' lang='lat' dir='ltr'>habebat</span> <span class='ocrx_word' id='word_1_35' title='bbox 2486 633 2572 702; x_wconf 88' lang='lat' dir='ltr'>ad</span> <span class='ocrx_word' id='word_1_36' title='bbox 2603 639 2724 703; x_wconf 88' lang='lat' dir='ltr'>Do-</span> 
     </span>
     <span class='ocr_line' id='line_1_5' title="bbox 95 720 2724 812; baseline 0 -21"><span class='ocrx_word' id='word_1_37' title='bbox 95 725 107 730; x_wconf 77' lang='grc'><em>“</em></span> <span class='ocrx_word' id='word_1_38' title='bbox 172 721 438 791; x_wconf 89' lang='lat' dir='ltr'>minam</span> <span class='ocrx_word' id='word_1_39' title='bbox 493 720 786 802; x_wconf 90' lang='lat' dir='ltr'>mundi,</span> <span class='ocrx_word' id='word_1_40' title='bbox 840 721 1065 812; x_wconf 88' lang='lat' dir='ltr'>coepit</span> <span class='ocrx_word' id='word_1_41' title='bbox 1114 720 1255 790; x_wconf 89' lang='lat' dir='ltr'>illic</span> <span class='ocrx_word' id='word_1_42' title='bbox 1304 720 1583 791; x_wconf 85' lang='lat' dir='ltr'>assidue</span> <span class='ocrx_word' id='word_1_43' title='bbox 1635 744 1757 811; x_wconf 92' lang='lat' dir='ltr'>pro</span> <span class='ocrx_word' id='word_1_44' title='bbox 1806 722 2030 812; x_wconf 91' lang='lat' dir='ltr'>ipsius</span> <span class='ocrx_word' id='word_1_45' title='bbox 2089 722 2517 812; x_wconf 83' lang='lat' dir='ltr'>reparatione</span> <span class='ocrx_word' id='word_1_46' title='bbox 2579 744 2724 792; x_wconf 91' lang='lat' dir='ltr'>mo-</span> 
     </span>
     <span class='ocr_line' id='line_1_6' title="bbox 170 809 2720 900; baseline 0 -20"><span class='ocrx_word' id='word_1_47' title='bbox 170 811 339 880; x_wconf 87' lang='lat' dir='ltr'>rari.</span> <span class='ocrx_word' id='word_1_48' title='bbox 373 810 684 880; x_wconf 88' lang='lat' dir='ltr'>Sentiens</span> <span class='ocrx_word' id='word_1_49' title='bbox 712 821 966 889; x_wconf 90' lang='lat' dir='ltr'>autem,</span> <span class='ocrx_word' id='word_1_50' title='bbox 1005 809 1188 895; x_wconf 84' lang='lat' dir='ltr'>juxta</span> <span class='ocrx_word' id='word_1_51' title='bbox 1214 831 1463 879; x_wconf 89' lang='lat' dir='ltr'>nomen</span> <span class='ocrx_word' id='word_1_52' title='bbox 1495 809 1717 900; x_wconf 90' lang='lat' dir='ltr'>ipsius</span> <span class='ocrx_word' id='word_1_53' title='bbox 1743 810 2094 891; x_wconf 90' lang='lat' dir='ltr'>ecclesiae,</span> <span class='ocrx_word' id='word_1_54' title='bbox 2133 831 2269 897; x_wconf 91' lang='lat' dir='ltr'>quo</span> <span class='ocrx_word' id='word_1_55' title='bbox 2295 809 2381 879; x_wconf 91' lang='lat' dir='ltr'>ab</span> <span class='ocrx_word' id='word_1_56' title='bbox 2415 810 2720 898; x_wconf 88' lang='lat' dir='ltr'>antiquo,</span> 
     </span>
     <span class='ocr_line' id='line_1_7' title="bbox 175 897 2720 989; baseline -0.001 -20"><span class='ocrx_word' id='word_1_57' title='bbox 175 912 413 970; x_wconf 88' lang='lat' dir='ltr'>sancta</span> <span class='ocrx_word' id='word_1_58' title='bbox 451 898 662 968; x_wconf 84' lang='lat' dir='ltr'>Maria</span> <span class='ocrx_word' id='word_1_59' title='bbox 692 898 776 968; x_wconf 90' lang='lat' dir='ltr'>de</span> <span class='ocrx_word' id='word_1_60' title='bbox 806 897 1104 989; x_wconf 81' lang='lat' dir='ltr'>Angelis,</span> <span class='ocrx_word' id='word_1_61' title='bbox 1143 898 1535 981; x_wconf 89' lang='lat' dir='ltr'>vocabatur,</span> <span class='ocrx_word' id='word_1_62' title='bbox 1591 898 2069 989; x_wconf 81' lang='lat' dir='ltr'>Angelicarum</span> <span class='ocrx_word' id='word_1_63' title='bbox 2106 899 2202 968; x_wconf 93' lang='lat' dir='ltr'>ibi</span> <span class='ocrx_word' id='word_1_64' title='bbox 2253 898 2720 968; x_wconf 84' lang='lat' dir='ltr'>visitationum</span> 
     </span>
     <span class='ocr_line' id='line_1_8' title="bbox 172 986 2715 1078; baseline -0 -22"><span class='ocrx_word' id='word_1_65' title='bbox 172 987 659 1076; x_wconf 85' lang='lat' dir='ltr'>frequentiam,</span> <span class='ocrx_word' id='word_1_66' title='bbox 715 987 958 1077; x_wconf 88' lang='lat' dir='ltr'>pedem</span> <span class='ocrx_word' id='word_1_67' title='bbox 997 987 1141 1058; x_wconf 83' lang='lat' dir='ltr'>fixit</span> <span class='ocrx_word' id='word_1_68' title='bbox 1174 987 1428 1056; x_wconf 87' lang='lat' dir='ltr'>ibidem</span> <span class='ocrx_word' id='word_1_69' title='bbox 1481 1001 1758 1078; x_wconf 89' lang='lat' dir='ltr'>propter</span> <span class='ocrx_word' id='word_1_70' title='bbox 1792 988 2239 1059; x_wconf 88' lang='lat' dir='ltr'>reverentiam</span> <span class='ocrx_word' id='word_1_71' title='bbox 2275 986 2715 1078; x_wconf 81' lang='lat' dir='ltr'>Angelorum,</span> 
     </span>
     <span class='ocr_line' id='line_1_9' title="bbox 174 1076 2726 1168; baseline -0.001 -21"><span class='ocrx_word' id='word_1_72' title='bbox 174 1098 622 1168; x_wconf 78' lang='lat' dir='ltr'>amoremque</span> <span class='ocrx_word' id='word_1_73' title='bbox 665 1078 1112 1168; x_wconf 88' lang='lat' dir='ltr'>praecipuum</span> <span class='ocrx_word' id='word_1_74' title='bbox 1162 1076 1398 1146; x_wconf 89' lang='lat' dir='ltr'>matris</span> <span class='ocrx_word' id='word_1_75' title='bbox 1448 1076 1722 1146; x_wconf 87' lang='lat' dir='ltr'>Christi.</span> <span class='ocrx_word' id='word_1_76' title='bbox 1777 1082 1975 1147; x_wconf 91' lang='lat' dir='ltr'>Hunc</span> <span class='ocrx_word' id='word_1_77' title='bbox 2026 1076 2253 1147; x_wconf 89' lang='lat' dir='ltr'>locum</span> <span class='ocrx_word' id='word_1_78' title='bbox 2303 1076 2406 1146; x_wconf 89' lang='lat' dir='ltr'>vir</span> <span class='ocrx_word' id='word_1_79' title='bbox 2444 1089 2726 1146; x_wconf 87' lang='lat' dir='ltr'>sanctus</span> 
     </span>
     <span class='ocr_line' id='line_1_10' title="bbox 172 1164 2714 1256; baseline -0.001 -22"><span class='ocrx_word' id='word_1_80' title='bbox 172 1167 432 1236; x_wconf 89' lang='lat' dir='ltr'>amavit</span> <span class='ocrx_word' id='word_1_81' title='bbox 482 1169 643 1256; x_wconf 86' lang='lat' dir='ltr'>prae</span> <span class='ocrx_word' id='word_1_82' title='bbox 692 1166 976 1236; x_wconf 88' lang='lat' dir='ltr'>caeteris</span> <span class='ocrx_word' id='word_1_83' title='bbox 1028 1164 1270 1235; x_wconf 89' lang='lat' dir='ltr'>mundi</span> <span class='ocrx_word' id='word_1_84' title='bbox 1324 1164 1513 1235; x_wconf 89' lang='lat' dir='ltr'>locis.</span> <span class='ocrx_word' id='word_1_85' title='bbox 1568 1166 1693 1235; x_wconf 91' lang='lat' dir='ltr'>Hic</span> <span class='ocrx_word' id='word_1_86' title='bbox 1741 1167 1991 1236; x_wconf 90' lang='lat' dir='ltr'>etenim</span> <span class='ocrx_word' id='word_1_87' title='bbox 2045 1164 2402 1234; x_wconf 89' lang='lat' dir='ltr'>humiliter</span> <span class='ocrx_word' id='word_1_88' title='bbox 2448 1165 2714 1254; x_wconf 89' lang='lat' dir='ltr'>coepit,</span> 
     </span>
     <span class='ocr_line' id='line_1_11' title="bbox 174 1254 2720 1344; baseline -0 -21"><span class='ocrx_word' id='word_1_89' title='bbox 174 1255 289 1324; x_wconf 91' lang='lat' dir='ltr'>hic</span> <span class='ocrx_word' id='word_1_90' title='bbox 341 1256 640 1324; x_wconf 90' lang='lat' dir='ltr'>virtuose</span> <span class='ocrx_word' id='word_1_91' title='bbox 690 1255 994 1344; x_wconf 86' lang='lat' dir='ltr'>profecit,</span> <span class='ocrx_word' id='word_1_92' title='bbox 1048 1254 1163 1324; x_wconf 91' lang='lat' dir='ltr'>hic</span> <span class='ocrx_word' id='word_1_93' title='bbox 1211 1254 1500 1323; x_wconf 71' lang='lat' dir='ltr'>feliciter</span> <span class='ocrx_word' id='word_1_94' title='bbox 1545 1255 2078 1335; x_wconf 88' lang='lat' dir='ltr'>consummavit,</span> <span class='ocrx_word' id='word_1_95' title='bbox 2132 1255 2320 1323; x_wconf 91' lang='lat' dir='ltr'>hunc</span> <span class='ocrx_word' id='word_1_96' title='bbox 2371 1255 2438 1322; x_wconf 90' lang='lat' dir='ltr'>in</span> <span class='ocrx_word' id='word_1_97' title='bbox 2485 1266 2720 1330; x_wconf 85' lang='lat' dir='ltr'>morte,</span> 
     </span>
     <span class='ocr_line' id='line_1_12' title="bbox 170 1342 2418 1433; baseline -0.001 -22"><span class='ocrx_word' id='word_1_98' title='bbox 170 1342 528 1426; x_wconf 81' lang='lat' dir='ltr'>fratribuS,</span> <span class='ocrx_word' id='word_1_99' title='bbox 584 1357 931 1431; x_wconf 88' lang='lat' dir='ltr'>tamquam</span> <span class='ocrx_word' id='word_1_100' title='bbox 982 1343 1245 1433; x_wconf 87' lang='lat' dir='ltr'>Virgini</span> <span class='ocrx_word' id='word_1_101' title='bbox 1300 1343 1768 1425; x_wconf 89' lang='lat' dir='ltr'>carissimum,</span> <span class='ocrx_word' id='word_1_102' title='bbox 1813 1342 2344 1413; x_wconf 89' lang='lat' dir='ltr'>commendavit.</span> <span class='ocrx_word' id='word_1_103' title='bbox 2412 1417 2418 1423; x_wconf 50' lang='grc'>,</span> 
     </span>
    </p>

    <p class='ocr_par' dir='ltr' id='par_1_3' title="bbox 163 1431 2728 3121">
     <span class='ocr_line' id='line_1_13' title="bbox 265 1431 2721 1519; baseline -0.002 -14"><span class='ocrx_word' id='word_1_104' title='bbox 265 1435 301 1519; x_wconf 68' lang='grc' dir='ltr'><strong>ξ</strong></span> <span class='ocrx_word' id='word_1_105' title='bbox 346 1438 487 1507; x_wconf 69' lang='grc'>14.</span> <span class='ocrx_word' id='word_1_106' title='bbox 544 1437 635 1502; x_wconf 93' lang='lat' dir='ltr'>De</span> <span class='ocrx_word' id='word_1_107' title='bbox 684 1433 811 1502; x_wconf 91' lang='lat' dir='ltr'>hoc</span> <span class='ocrx_word' id='word_1_108' title='bbox 861 1431 1068 1502; x_wconf 89' lang='lat' dir='ltr'>frater</span> <span class='ocrx_word' id='word_1_109' title='bbox 1114 1431 1397 1519; x_wconf 89' lang='lat' dir='ltr'>quidam</span> <span class='ocrx_word' id='word_1_110' title='bbox 1450 1437 1580 1501; x_wconf 90' lang='lat' dir='ltr'>Deo</span> <span class='ocrx_word' id='word_1_111' title='bbox 1643 1432 1929 1503; x_wconf 89' lang='lat' dir='ltr'>devotus</span> <span class='ocrx_word' id='word_1_112' title='bbox 1999 1445 2154 1502; x_wconf 90' lang='lat' dir='ltr'>ante</span> <span class='ocrx_word' id='word_1_113' title='bbox 2206 1431 2721 1502; x_wconf 86' lang='lat' dir='ltr'>conversionem</span> 
     </span>
     <span class='ocr_line' id='line_1_14' title="bbox 176 1519 2726 1611; baseline -0.002 -19"><span class='ocrx_word' id='word_1_114' title='bbox 176 1543 402 1602; x_wconf 90' lang='lat' dir='ltr'>suam,</span> <span class='ocrx_word' id='word_1_115' title='bbox 451 1522 782 1591; x_wconf 80' lang='lat' dir='ltr'>visionem</span> <span class='ocrx_word' id='word_1_116' title='bbox 814 1522 1076 1591; x_wconf 91' lang='lat' dir='ltr'>viderat</span> <span class='ocrx_word' id='word_1_117' title='bbox 1106 1520 1433 1591; x_wconf 86' lang='lat' dir='ltr'>relatione</span> <span class='ocrx_word' id='word_1_118' title='bbox 1473 1521 1915 1611; x_wconf 85' lang='lat' dir='ltr'>condignam.</span> <span class='ocrx_word' id='word_1_119' title='bbox 1960 1526 2371 1591; x_wconf 87' lang='lat' dir='ltr'>Innumeros</span> <span class='ocrx_word' id='word_1_120' title='bbox 2403 1519 2726 1589; x_wconf 88' lang='lat' dir='ltr'>cernebat</span> 
     </span>
     <span class='ocr_line' id='line_1_15' title="bbox 176 1607 2726 1704; baseline -0.001 -25"><span class='ocrx_word' id='word_1_121' title='bbox 176 1611 495 1680; x_wconf 89' lang='lat' dir='ltr'>homines</span> <span class='ocrx_word' id='word_1_122' title='bbox 528 1610 851 1704; x_wconf 83' lang='lat' dir='ltr'>caecitate</span> <span class='ocrx_word' id='word_1_123' title='bbox 901 1632 1287 1701; x_wconf 87' lang='lat' dir='ltr'>percussos,</span> <span class='ocrx_word' id='word_1_124' title='bbox 1343 1609 1513 1679; x_wconf 89' lang='lat' dir='ltr'>facie</span> <span class='ocrx_word' id='word_1_125' title='bbox 1562 1610 1630 1678; x_wconf 93' lang='lat' dir='ltr'>in</span> <span class='ocrx_word' id='word_1_126' title='bbox 1682 1610 1951 1680; x_wconf 90' lang='lat' dir='ltr'>coelum</span> <span class='ocrx_word' id='word_1_127' title='bbox 2003 1610 2285 1690; x_wconf 90' lang='lat' dir='ltr'>directa,</span> <span class='ocrx_word' id='word_1_128' title='bbox 2330 1622 2395 1678; x_wconf 94' lang='lat' dir='ltr'>et</span> <span class='ocrx_word' id='word_1_129' title='bbox 2432 1607 2726 1699; x_wconf 87' lang='lat' dir='ltr'>genibus</span> 
     </span>
     <span class='ocr_line' id='line_1_16' title="bbox 179 1697 2727 1788; baseline -0.001 -20"><span class='ocrx_word' id='word_1_130' title='bbox 179 1698 374 1769; x_wconf 84' lang='lat' dir='ltr'>flexis</span> <span class='ocrx_word' id='word_1_131' title='bbox 413 1754 428 1780; x_wconf 91' lang='lat'>,</span> <span class='ocrx_word' id='word_1_132' title='bbox 484 1700 551 1768; x_wconf 89' lang='lat' dir='ltr'>in</span> <span class='ocrx_word' id='word_1_133' title='bbox 606 1700 835 1788; x_wconf 77' lang='lat' dir='ltr'>huJus</span> <span class='ocrx_word' id='word_1_134' title='bbox 886 1698 1214 1769; x_wconf 92' lang='lat' dir='ltr'>ecclesiae</span> <span class='ocrx_word' id='word_1_135' title='bbox 1275 1707 1465 1767; x_wconf 75' lang='lat' dir='ltr'>stare·</span> <span class='ocrx_word' id='word_1_136' title='bbox 1514 1699 1808 1769; x_wconf 90' lang='lat' dir='ltr'>circuitu</span> <span class='ocrx_word' id='word_1_137' title='bbox 1851 1754 1864 1780; x_wconf 94' lang='lat'>,</span> <span class='ocrx_word' id='word_1_138' title='bbox 1917 1700 2033 1785; x_wconf 90' lang='lat' dir='ltr'>qui</span> <span class='ocrx_word' id='word_1_139' title='bbox 2086 1720 2325 1769; x_wconf 88' lang='lat' dir='ltr'>omnes</span> <span class='ocrx_word' id='word_1_140' title='bbox 2390 1697 2727 1787; x_wconf 89' lang='lat' dir='ltr'>protensis</span> 
     </span>
     <span class='ocr_line' id='line_1_17' title="bbox 179 1785 2724 1877; baseline -0.001 -21"><span class='ocrx_word' id='word_1_141' title='bbox 179 1789 505 1859; x_wconf 90' lang='lat' dir='ltr'>manibus</span> <span class='ocrx_word' id='word_1_142' title='bbox 569 1789 637 1856; x_wconf 93' lang='lat' dir='ltr'>in</span> <span class='ocrx_word' id='word_1_143' title='bbox 691 1787 935 1868; x_wconf 87' lang='lat' dir='ltr'>altum,</span> <span class='ocrx_word' id='word_1_144' title='bbox 1002 1785 1539 1877; x_wconf 83' lang='lat' dir='ltr'>lacrymabiliter</span> <span class='ocrx_word' id='word_1_145' title='bbox 1585 1788 1979 1858; x_wconf 88' lang='lat' dir='ltr'>clamabant</span> <span class='ocrx_word' id='word_1_146' title='bbox 2024 1787 2107 1858; x_wconf 93' lang='lat' dir='ltr'>ad</span> <span class='ocrx_word' id='word_1_147' title='bbox 2162 1793 2398 1867; x_wconf 91' lang='lat' dir='ltr'>Deum,</span> <span class='ocrx_word' id='word_1_148' title='bbox 2455 1787 2724 1855; x_wconf 90' lang='lat' dir='ltr'>miseri-</span> 
     </span>
     <span class='ocr_line' id='line_1_18' title="bbox 175 1874 2728 1967; baseline -0.002 -21"><span class='ocrx_word' id='word_1_149' title='bbox 175 1877 484 1946; x_wconf 89' lang='lat' dir='ltr'>cordiam</span> <span class='ocrx_word' id='word_1_150' title='bbox 539 1876 964 1967; x_wconf 86' lang='lat' dir='ltr'>postulantes</span> <span class='ocrx_word' id='word_1_151' title='bbox 1012 1890 1077 1946; x_wconf 90' lang='lat' dir='ltr'>et</span> <span class='ocrx_word' id='word_1_152' title='bbox 1123 1876 1385 1945; x_wconf 91' lang='lat' dir='ltr'>lumen.</span> <span class='ocrx_word' id='word_1_153' title='bbox 1439 1880 1517 1946; x_wconf 90' lang='lat' dir='ltr'>Et</span> <span class='ocrx_word' id='word_1_154' title='bbox 1563 1898 1720 1946; x_wconf 90' lang='lat' dir='ltr'>ecce</span> <span class='ocrx_word' id='word_1_155' title='bbox 1758 1877 2005 1967; x_wconf 89' lang='lat' dir='ltr'>ingens</span> <span class='ocrx_word' id='word_1_156' title='bbox 2039 1877 2125 1947; x_wconf 90' lang='lat' dir='ltr'>de</span> <span class='ocrx_word' id='word_1_157' title='bbox 2162 1875 2351 1946; x_wconf 89' lang='lat' dir='ltr'>coelo</span> <span class='ocrx_word' id='word_1_158' title='bbox 2400 1874 2728 1965; x_wconf 85' lang='lat' dir='ltr'>splendor</span> 
     </span>
     <span class='ocr_line' id='line_1_19' title="bbox 180 1963 2719 2052; baseline -0 -19"><span class='ocrx_word' id='word_1_159' title='bbox 180 1964 482 2045; x_wconf 88' lang='lat' dir='ltr'>advenit,</span> <span class='ocrx_word' id='word_1_160' title='bbox 537 1987 609 2034; x_wconf 91' lang='lat' dir='ltr'>se</span> <span class='ocrx_word' id='word_1_161' title='bbox 706 1986 779 2034; x_wconf 91' lang='lat' dir='ltr'>er</span> <span class='ocrx_word' id='word_1_162' title='bbox 823 1986 1064 2035; x_wconf 92' lang='lat' dir='ltr'>omnes</span> <span class='ocrx_word' id='word_1_163' title='bbox 1113 1964 1533 2046; x_wconf 80' lang='lat' dir='ltr'>diffundenS,</span> <span class='ocrx_word' id='word_1_164' title='bbox 1575 1966 1695 2052; x_wconf 90' lang='lat' dir='ltr'>qui</span> <span class='ocrx_word' id='word_1_165' title='bbox 1748 1965 1978 2036; x_wconf 91' lang='lat' dir='ltr'>lumen</span> <span class='ocrx_word' id='word_1_166' title='bbox 2030 1965 2408 2052; x_wconf 89' lang='lat' dir='ltr'>unicuique</span> <span class='ocrx_word' id='word_1_167' title='bbox 2458 1963 2719 2043; x_wconf 91' lang='lat' dir='ltr'>tribuit,</span> 
     </span>
     <span class='ocr_line' id='line_1_20' title="bbox 177 2052 2722 2140; baseline 0 -21"><span class='ocrx_word' id='word_1_168' title='bbox 177 2066 243 2121; x_wconf 92' lang='lat' dir='ltr'>et</span> <span class='ocrx_word' id='word_1_169' title='bbox 293 2052 581 2123; x_wconf 89' lang='lat' dir='ltr'>salutem</span> <span class='ocrx_word' id='word_1_170' title='bbox 682 2053 1086 2124; x_wconf 89' lang='lat' dir='ltr'>esideratam</span> <span class='ocrx_word' id='word_1_171' title='bbox 1139 2054 1502 2123; x_wconf 88' lang='lat' dir='ltr'>concessit.</span> <span class='ocrx_word' id='word_1_172' title='bbox 1555 2055 1682 2124; x_wconf 88' lang='lat' dir='ltr'>Hic</span> <span class='ocrx_word' id='word_1_173' title='bbox 1730 2068 1831 2124; x_wconf 89' lang='lat' dir='ltr'>est</span> <span class='ocrx_word' id='word_1_174' title='bbox 1880 2055 2094 2134; x_wconf 89' lang='lat' dir='ltr'>locus,</span> <span class='ocrx_word' id='word_1_175' title='bbox 2147 2055 2211 2122; x_wconf 91' lang='lat' dir='ltr'>in</span> <span class='ocrx_word' id='word_1_176' title='bbox 2263 2075 2399 2140; x_wconf 90' lang='lat' dir='ltr'>quo</span> <span class='ocrx_word' id='word_1_177' title='bbox 2433 2052 2722 2122; x_wconf 84' lang='lat' dir='ltr'>fratrum</span> 
     </span>
     <span class='ocr_line' id='line_1_21' title="bbox 178 2141 2721 2232; baseline -0.001 -23"><span class='ocrx_word' id='word_1_178' title='bbox 178 2141 522 2211; x_wconf 89' lang='lat' dir='ltr'>Minorum</span> <span class='ocrx_word' id='word_1_179' title='bbox 573 2142 740 2212; x_wconf 92' lang='lat' dir='ltr'>ordo</span> <span class='ocrx_word' id='word_1_180' title='bbox 779 2166 818 2212; x_wconf 91' lang='lat' dir='ltr'>a</span> <span class='ocrx_word' id='word_1_181' title='bbox 867 2156 1102 2213; x_wconf 89' lang='lat' dir='ltr'>sancto</span> <span class='ocrx_word' id='word_1_182' title='bbox 1137 2143 1499 2212; x_wconf 81' lang='lat' dir='ltr'>Francisco</span> <span class='ocrx_word' id='word_1_183' title='bbox 1534 2164 1656 2232; x_wconf 91' lang='lat' dir='ltr'>per</span> <span class='ocrx_word' id='word_1_184' title='bbox 1703 2143 1975 2212; x_wconf 90' lang='lat' dir='ltr'>divinae</span> <span class='ocrx_word' id='word_1_185' title='bbox 2010 2142 2443 2213; x_wconf 90' lang='lat' dir='ltr'>revelationis</span> <span class='ocrx_word' id='word_1_186' title='bbox 2482 2141 2721 2209; x_wconf 91' lang='lat' dir='ltr'>instin-</span> 
     </span>
     <span class='ocr_line' id='line_1_22' title="bbox 169 2229 2722 2321; baseline -0 -24"><span class='ocrx_word' id='word_1_187' title='bbox 169 2243 364 2299; x_wconf 90' lang='lat' dir='ltr'>ctum</span> <span class='ocrx_word' id='word_1_188' title='bbox 394 2229 756 2302; x_wconf 80' lang='lat' dir='ltr'>inchoatus</span> <span class='ocrx_word' id='word_1_189' title='bbox 781 2245 904 2302; x_wconf 92' lang='lat' dir='ltr'>est.</span> <span class='ocrx_word' id='word_1_190' title='bbox 939 2232 1216 2301; x_wconf 90' lang='lat' dir='ltr'>Divinae</span> <span class='ocrx_word' id='word_1_191' title='bbox 1246 2254 1543 2319; x_wconf 88' lang='lat' dir='ltr'>namque</span> <span class='ocrx_word' id='word_1_192' title='bbox 1577 2232 2041 2321; x_wconf 89' lang='lat' dir='ltr'>providentiae</span> <span class='ocrx_word' id='word_1_193' title='bbox 2077 2245 2271 2312; x_wconf 90' lang='lat' dir='ltr'>nutu,</span> <span class='ocrx_word' id='word_1_194' title='bbox 2307 2252 2443 2319; x_wconf 91' lang='lat' dir='ltr'>qua</span> <span class='ocrx_word' id='word_1_195' title='bbox 2477 2229 2722 2299; x_wconf 89' lang='lat' dir='ltr'>Christi</span> 
     </span>
     <span class='ocr_line' id='line_1_23' title="bbox 171 2318 2716 2410; baseline -0 -23"><span class='ocrx_word' id='word_1_196' title='bbox 171 2339 419 2389; x_wconf 90' lang='lat' dir='ltr'>servus</span> <span class='ocrx_word' id='word_1_197' title='bbox 465 2319 890 2410; x_wconf 87' lang='lat' dir='ltr'>dirigebatur</span> <span class='ocrx_word' id='word_1_198' title='bbox 935 2322 1005 2390; x_wconf 91' lang='lat' dir='ltr'>in</span> <span class='ocrx_word' id='word_1_199' title='bbox 1059 2320 1410 2402; x_wconf 84' lang='lat' dir='ltr'>omnibus,</span> <span class='ocrx_word' id='word_1_200' title='bbox 1468 2332 1601 2390; x_wconf 89' lang='lat' dir='ltr'>tres</span> <span class='ocrx_word' id='word_1_201' title='bbox 1653 2321 2039 2391; x_wconf 89' lang='lat' dir='ltr'>materiales</span> <span class='ocrx_word' id='word_1_202' title='bbox 2085 2322 2295 2394; x_wconf 86' lang='lat' dir='ltr'>erexit</span> <span class='ocrx_word' id='word_1_203' title='bbox 2342 2318 2667 2389; x_wconf 90' lang='lat' dir='ltr'>ecclesias</span> <span class='ocrx_word' id='word_1_204' title='bbox 2698 2370 2716 2398; x_wconf 92' lang='lat'>,</span> 
     </span>
     <span class='ocr_line' id='line_1_24' title="bbox 163 2408 2722 2499; baseline -0.001 -23"><span class='ocrx_word' id='word_1_205' title='bbox 163 2421 543 2495; x_wconf 83' lang='lat' dir='ltr'>antequam</span> <span class='ocrx_word' id='word_1_206' title='bbox 596 2408 919 2479; x_wconf 89' lang='lat' dir='ltr'>Ordinem</span> <span class='ocrx_word' id='word_1_207' title='bbox 973 2409 1362 2488; x_wconf 91' lang='lat' dir='ltr'>inchoans,</span> <span class='ocrx_word' id='word_1_208' title='bbox 1433 2409 1880 2498; x_wconf 90' lang='lat' dir='ltr'>Evangelium</span> <span class='ocrx_word' id='word_1_209' title='bbox 1935 2410 2407 2499; x_wconf 89' lang='lat' dir='ltr'>praedicaret:</span> <span class='ocrx_word' id='word_1_210' title='bbox 2462 2420 2539 2478; x_wconf 92' lang='lat' dir='ltr'>ut</span> <span class='ocrx_word' id='word_1_211' title='bbox 2588 2428 2722 2476; x_wconf 90' lang='lat' dir='ltr'>non</span> 
     </span>
     <span class='ocr_line' id='line_1_25' title="bbox 170 2496 2721 2588; baseline -0.001 -21"><span class='ocrx_word' id='word_1_212' title='bbox 170 2496 405 2567; x_wconf 85' lang='lat' dir='ltr'>solum</span> <span class='ocrx_word' id='word_1_213' title='bbox 456 2522 493 2567; x_wconf 91' lang='lat' dir='ltr'>a</span> <span class='ocrx_word' id='word_1_214' title='bbox 545 2497 994 2571; x_wconf 80' lang='lat' dir='ltr'>sensibilibus</span> <span class='ocrx_word' id='word_1_215' title='bbox 1044 2498 1130 2567; x_wconf 92' lang='lat' dir='ltr'>ad</span> <span class='ocrx_word' id='word_1_216' title='bbox 1183 2497 1647 2588; x_wconf 82' lang='lat' dir='ltr'>intelligibilia</span> <span class='ocrx_word' id='word_1_217' title='bbox 1683 2554 1697 2580; x_wconf 95' lang='lat'>,</span> <span class='ocrx_word' id='word_1_218' title='bbox 1751 2523 1788 2569; x_wconf 92' lang='lat' dir='ltr'>a</span> <span class='ocrx_word' id='word_1_219' title='bbox 1842 2499 2228 2571; x_wconf 90' lang='lat' dir='ltr'>minoribus</span> <span class='ocrx_word' id='word_1_220' title='bbox 2276 2498 2362 2570; x_wconf 88' lang='lat' dir='ltr'>ad</span> <span class='ocrx_word' id='word_1_221' title='bbox 2415 2496 2721 2587; x_wconf 86' lang='lat' dir='ltr'>majora,</span> 
     </span>
     <span class='ocr_line' id='line_1_26' title="bbox 175 2584 2727 2678; baseline -0.001 -23"><span class='ocrx_word' id='word_1_222' title='bbox 175 2586 493 2657; x_wconf 89' lang='lat' dir='ltr'>ordinato</span> <span class='ocrx_word' id='word_1_223' title='bbox 558 2609 929 2678; x_wconf 90' lang='lat' dir='ltr'>progressu</span> <span class='ocrx_word' id='word_1_224' title='bbox 976 2588 1507 2657; x_wconf 89' lang='lat' dir='ltr'>conscenderet:</span> <span class='ocrx_word' id='word_1_225' title='bbox 1561 2589 2008 2660; x_wconf 89' lang='lat' dir='ltr'>verumetiam</span> <span class='ocrx_word' id='word_1_226' title='bbox 2059 2602 2139 2660; x_wconf 91' lang='lat' dir='ltr'>ut</span> <span class='ocrx_word' id='word_1_227' title='bbox 2184 2588 2347 2677; x_wconf 90' lang='lat' dir='ltr'>quid</span> <span class='ocrx_word' id='word_1_228' title='bbox 2402 2599 2580 2657; x_wconf 84' lang='lat' dir='ltr'>esset</span> <span class='ocrx_word' id='word_1_229' title='bbox 2627 2584 2727 2654; x_wconf 92' lang='lat' dir='ltr'>fa-</span> 
     </span>
     <span class='ocr_line' id='line_1_27' title="bbox 176 2675 2726 2768; baseline -0.001 -25"><span class='ocrx_word' id='word_1_230' title='bbox 176 2687 417 2745; x_wconf 90' lang='lat' dir='ltr'>cturus</span> <span class='ocrx_word' id='word_1_231' title='bbox 466 2676 534 2744; x_wconf 90' lang='lat' dir='ltr'>in</span> <span class='ocrx_word' id='word_1_232' title='bbox 592 2689 965 2765; x_wconf 91' lang='lat' dir='ltr'>posterum,</span> <span class='ocrx_word' id='word_1_233' title='bbox 1006 2677 1314 2748; x_wconf 89' lang='lat' dir='ltr'>sensibili</span> <span class='ocrx_word' id='word_1_234' title='bbox 1368 2676 1532 2745; x_wconf 90' lang='lat' dir='ltr'>foris</span> <span class='ocrx_word' id='word_1_235' title='bbox 1565 2699 1769 2767; x_wconf 90' lang='lat' dir='ltr'>opere</span> <span class='ocrx_word' id='word_1_236' title='bbox 1807 2678 2288 2768; x_wconf 69' lang='lat' dir='ltr'>mysterialiter</span> <span class='ocrx_word' id='word_1_237' title='bbox 2328 2675 2726 2768; x_wconf 88' lang='lat' dir='ltr'>praesigna-</span> 
     </span>
     <span class='ocr_line' id='line_1_28' title="bbox 180 2762 2723 2857; baseline -0.001 -25"><span class='ocrx_word' id='word_1_238' title='bbox 180 2776 299 2832; x_wconf 90' lang='lat' dir='ltr'>ret.</span> <span class='ocrx_word' id='word_1_239' title='bbox 353 2769 516 2834; x_wconf 89' lang='lat' dir='ltr'>Nam</span> <span class='ocrx_word' id='word_1_240' title='bbox 572 2765 788 2835; x_wconf 90' lang='lat' dir='ltr'>instar</span> <span class='ocrx_word' id='word_1_241' title='bbox 840 2777 1192 2855; x_wconf 89' lang='lat' dir='ltr'>reparatae</span> <span class='ocrx_word' id='word_1_242' title='bbox 1242 2764 1534 2855; x_wconf 86' lang='lat' dir='ltr'>triplicis</span> <span class='ocrx_word' id='word_1_243' title='bbox 1582 2766 1885 2837; x_wconf 91' lang='lat' dir='ltr'>fabricae</span> <span class='ocrx_word' id='word_1_244' title='bbox 1915 2767 2140 2857; x_wconf 89' lang='lat' dir='ltr'>ipsius</span> <span class='ocrx_word' id='word_1_245' title='bbox 2174 2767 2392 2836; x_wconf 88' lang='lat' dir='ltr'>sancti</span> <span class='ocrx_word' id='word_1_246' title='bbox 2426 2763 2553 2832; x_wconf 86' lang='lat' dir='ltr'>viri</span> <span class='ocrx_word' id='word_1_247' title='bbox 2595 2762 2723 2831; x_wconf 91' lang='lat' dir='ltr'>du-</span> 
     </span>
     <span class='ocr_line' id='line_1_29' title="bbox 174 2851 2717 2947; baseline -0.002 -25"><span class='ocrx_word' id='word_1_248' title='bbox 174 2864 376 2933; x_wconf 88' lang='lat' dir='ltr'>catu,</span> <span class='ocrx_word' id='word_1_249' title='bbox 431 2853 812 2924; x_wconf 90' lang='lat' dir='ltr'>secundum</span> <span class='ocrx_word' id='word_1_250' title='bbox 866 2854 1094 2923; x_wconf 91' lang='lat' dir='ltr'>datam</span> <span class='ocrx_word' id='word_1_251' title='bbox 1148 2853 1234 2923; x_wconf 90' lang='lat' dir='ltr'>ab</span> <span class='ocrx_word' id='word_1_252' title='bbox 1292 2875 1370 2924; x_wconf 93' lang='lat' dir='ltr'>eo</span> <span class='ocrx_word' id='word_1_253' title='bbox 1434 2853 1750 2936; x_wconf 91' lang='lat' dir='ltr'>formam,</span> <span class='ocrx_word' id='word_1_254' title='bbox 1806 2856 2119 2947; x_wconf 88' lang='lat' dir='ltr'>regulam</span> <span class='ocrx_word' id='word_1_255' title='bbox 2170 2870 2235 2925; x_wconf 92' lang='lat' dir='ltr'>et</span> <span class='ocrx_word' id='word_1_256' title='bbox 2282 2851 2717 2931; x_wconf 87' lang='lat' dir='ltr'>doctrinam,</span> 
     </span>
     <span class='ocr_line' id='line_1_30' title="bbox 176 2939 2727 3031; baseline -0.001 -22"><span class='ocrx_word' id='word_1_257' title='bbox 176 2941 421 3011; x_wconf 88' lang='lat' dir='ltr'>Christi</span> <span class='ocrx_word' id='word_1_258' title='bbox 474 2941 870 3012; x_wconf 88' lang='lat' dir='ltr'>triformiter</span> <span class='ocrx_word' id='word_1_259' title='bbox 935 2942 1327 3013; x_wconf 89' lang='lat' dir='ltr'>renovanda</span> <span class='ocrx_word' id='word_1_260' title='bbox 1374 2958 1518 3014; x_wconf 90' lang='lat' dir='ltr'>erat</span> <span class='ocrx_word' id='word_1_261' title='bbox 1567 2944 1912 3024; x_wconf 90' lang='lat' dir='ltr'>Ecclesia,</span> <span class='ocrx_word' id='word_1_262' title='bbox 1968 2948 2282 3031; x_wconf 84' lang='lat' dir='ltr'>trinaque</span> <span class='ocrx_word' id='word_1_263' title='bbox 2337 2939 2727 3028; x_wconf 92' lang='lat' dir='ltr'>triumpha-</span> 
     </span>
     <span class='ocr_line' id='line_1_31' title="bbox 178 3029 2718 3121; baseline -0.002 -22"><span class='ocrx_word' id='word_1_264' title='bbox 178 3042 326 3099; x_wconf 88' lang='lat' dir='ltr'>tura</span> <span class='ocrx_word' id='word_1_265' title='bbox 353 3030 599 3101; x_wconf 88' lang='lat' dir='ltr'>militia</span> <span class='ocrx_word' id='word_1_266' title='bbox 627 3030 1117 3103; x_wconf 87' lang='lat' dir='ltr'>salvandorum</span> <span class='ocrx_word' id='word_1_267' title='bbox 1146 3056 1160 3099; x_wconf 91' lang='lat'><strong>:</strong></span> <span class='ocrx_word' id='word_1_268' title='bbox 1192 3033 1371 3102; x_wconf 91' lang='lat' dir='ltr'>sicut</span> <span class='ocrx_word' id='word_1_269' title='bbox 1399 3045 1465 3102; x_wconf 91' lang='lat' dir='ltr'>et</span> <span class='ocrx_word' id='word_1_270' title='bbox 1495 3054 1682 3103; x_wconf 90' lang='lat' dir='ltr'>nunc</span> <span class='ocrx_word' id='word_1_271' title='bbox 1709 3034 2060 3103; x_wconf 90' lang='lat' dir='ltr'>cernimus</span> <span class='ocrx_word' id='word_1_272' title='bbox 2093 3053 2242 3103; x_wconf 89' lang='lat' dir='ltr'>esse</span> <span class='ocrx_word' id='word_1_273' title='bbox 2273 3029 2718 3121; x_wconf 89' lang='lat' dir='ltr'>completum.</span> 
     </span>
    </p>
   </div>
   <div class='ocr_carea' id='block_1_3' title="bbox 458 3228 2428 3320">
    <p class='ocr_par' dir='ltr' id='par_1_4' title="bbox 458 3228 2428 3320">
     <span class='ocr_line' id='line_1_32' title="bbox 458 3228 2428 3320; baseline -0.002 -25"><span class='ocrx_word' id='word_1_274' title='bbox 458 3232 550 3295; x_wconf 89' lang='lat' dir='ltr'>De</span> <span class='ocrx_word' id='word_1_275' title='bbox 588 3229 1002 3297; x_wconf 79' lang='lat' dir='ltr'>institutione</span> <span class='ocrx_word' id='word_1_276' title='bbox 1050 3229 1443 3318; x_wconf 71' lang='lat' dir='ltr'>Reliyz&#39;onis,</span> <span class='ocrx_word' id='word_1_277' title='bbox 1494 3240 1554 3299; x_wconf 78' lang='lat' dir='ltr'>et</span> <span class='ocrx_word' id='word_1_278' title='bbox 1590 3228 2071 3320; x_wconf 81' lang='lat' dir='ltr'>approbatione</span> <span class='ocrx_word' id='word_1_279' title='bbox 2102 3231 2428 3319; x_wconf 61' lang='lat' dir='ltr'>Regulae.</span> 
     </span>
    </p>
   </div>
   <div class='ocr_carea' id='block_1_4' title="bbox 171 3339 2726 4543">
    <p class='ocr_par' dir='ltr' id='par_1_5' title="bbox 1967 3339 1987 3363">
     <span class='ocr_line' id='line_1_33' title="bbox 1967 3339 1987 3363; baseline 0 -2"><span class='ocrx_word' id='word_1_280' title='bbox 1967 3339 1987 3363; x_wconf 72' lang='lat'><em>0</em></span> 
     </span>
    </p>

    <p class='ocr_par' dir='ltr' id='par_1_6' title="bbox 171 3386 2726 4543">
     <span class='ocr_line' id='line_1_34' title="bbox 257 3386 2726 3478; baseline 0 -19"><span class='ocrx_word' id='word_1_281' title='bbox 257 3389 294 3474; x_wconf 69' lang='grc' dir='ltr'>ἓ</span> <span class='ocrx_word' id='word_1_282' title='bbox 345 3391 488 3459; x_wconf 75' lang='lat'>15.</span> <span class='ocrx_word' id='word_1_283' title='bbox 546 3391 618 3455; x_wconf 90' lang='lat' dir='ltr'>ln</span> <span class='ocrx_word' id='word_1_284' title='bbox 672 3386 961 3458; x_wconf 89' lang='lat' dir='ltr'>ecclesia</span> <span class='ocrx_word' id='word_1_285' title='bbox 1028 3387 1240 3478; x_wconf 88' lang='lat' dir='ltr'>igitur</span> <span class='ocrx_word' id='word_1_286' title='bbox 1287 3388 1588 3478; x_wconf 89' lang='lat' dir='ltr'>Virginis</span> <span class='ocrx_word' id='word_1_287' title='bbox 1638 3388 1878 3458; x_wconf 88' lang='lat' dir='ltr'>matris</span> <span class='ocrx_word' id='word_1_288' title='bbox 1946 3388 2060 3457; x_wconf 92' lang='lat' dir='ltr'>Dei</span> <span class='ocrx_word' id='word_1_289' title='bbox 2113 3409 2376 3458; x_wconf 89' lang='lat' dir='ltr'>moram</span> <span class='ocrx_word' id='word_1_290' title='bbox 2436 3390 2726 3460; x_wconf 89' lang='lat' dir='ltr'>faciente</span> 
     </span>
     <span class='ocr_line' id='line_1_35' title="bbox 171 3475 2726 3575; baseline 0.002 -31"><span class='ocrx_word' id='word_1_291' title='bbox 171 3496 366 3544; x_wconf 90' lang='lat' dir='ltr'>servo</span> <span class='ocrx_word' id='word_1_292' title='bbox 417 3475 638 3575; x_wconf 74' lang='lat' dir='ltr'>ipsius</span> <span class='ocrx_word' id='word_1_293' title='bbox 679 3477 1065 3557; x_wconf 82' lang='lat' dir='ltr'>FranciscO,</span> <span class='ocrx_word' id='word_1_294' title='bbox 1103 3491 1170 3546; x_wconf 88' lang='lat' dir='ltr'>et</span> <span class='ocrx_word' id='word_1_295' title='bbox 1217 3476 1401 3566; x_wconf 90' lang='lat' dir='ltr'>apud</span> <span class='ocrx_word' id='word_1_296' title='bbox 1446 3498 1623 3557; x_wconf 86' lang='lat' dir='ltr'>eam,</span> <span class='ocrx_word' id='word_1_297' title='bbox 1681 3498 1856 3563; x_wconf 89' lang='lat' dir='ltr'>quae</span> <span class='ocrx_word' id='word_1_298' title='bbox 1891 3478 2205 3566; x_wconf 88' lang='lat' dir='ltr'>concepit</span> <span class='ocrx_word' id='word_1_299' title='bbox 2239 3478 2535 3549; x_wconf 85' lang='lat' dir='ltr'>Verbum</span> <span class='ocrx_word' id='word_1_300' title='bbox 2633 3478 2726 3548; x_wconf 92' lang='lat' dir='ltr'>le-</span> 
     </span>
     <span class='ocr_line' id='line_1_36' title="bbox 173 3565 2722 3655; baseline 0.002 -22"><span class='ocrx_word' id='word_1_301' title='bbox 173 3586 340 3634; x_wconf 90' lang='lat' dir='ltr'>num</span> <span class='ocrx_word' id='word_1_302' title='bbox 393 3576 653 3654; x_wconf 79' lang='lat' dir='ltr'>gratiae</span> <span class='ocrx_word' id='word_1_303' title='bbox 700 3579 764 3633; x_wconf 92' lang='lat' dir='ltr'>et</span> <span class='ocrx_word' id='word_1_304' title='bbox 814 3565 1137 3647; x_wconf 88' lang='lat' dir='ltr'>veritatis,</span> <span class='ocrx_word' id='word_1_305' title='bbox 1191 3565 1542 3636; x_wconf 88' lang='lat' dir='ltr'>continuis</span> <span class='ocrx_word' id='word_1_306' title='bbox 1591 3566 1950 3635; x_wconf 87' lang='lat' dir='ltr'>insistente</span> <span class='ocrx_word' id='word_1_307' title='bbox 1997 3566 2396 3655; x_wconf 83' lang='lat' dir='ltr'>gemitibuS,</span> <span class='ocrx_word' id='word_1_308' title='bbox 2454 3581 2528 3636; x_wconf 92' lang='lat' dir='ltr'>ut</span> <span class='ocrx_word' id='word_1_309' title='bbox 2626 3568 2722 3638; x_wconf 91' lang='lat' dir='ltr'>eri</span> 
     </span>
     <span class='ocr_line' id='line_1_37' title="bbox 173 3652 2726 3747; baseline 0.002 -26"><span class='ocrx_word' id='word_1_310' title='bbox 173 3652 578 3742; x_wconf 86' lang='lat' dir='ltr'>dignaretur</span> <span class='ocrx_word' id='word_1_311' title='bbox 615 3652 941 3723; x_wconf 90' lang='lat' dir='ltr'>advocata</span> <span class='ocrx_word' id='word_1_312' title='bbox 975 3654 1223 3745; x_wconf 80' lang='lat' dir='ltr'>ipsiuS,</span> <span class='ocrx_word' id='word_1_313' title='bbox 1280 3654 1542 3724; x_wconf 90' lang='lat' dir='ltr'>meritis</span> <span class='ocrx_word' id='word_1_314' title='bbox 1589 3655 1823 3723; x_wconf 89' lang='lat' dir='ltr'>Matris</span> <span class='ocrx_word' id='word_1_315' title='bbox 1872 3655 2379 3725; x_wconf 88' lang='lat' dir='ltr'>Misericordiae</span> <span class='ocrx_word' id='word_1_316' title='bbox 2410 3657 2726 3747; x_wconf 90' lang='lat' dir='ltr'>concepit</span> 
     </span>
     <span class='ocr_line' id='line_1_38' title="bbox 172 3741 2718 3833; baseline 0.002 -23"><span class='ocrx_word' id='word_1_317' title='bbox 172 3764 250 3810; x_wconf 91' lang='lat' dir='ltr'>ac</span> <span class='ocrx_word' id='word_1_318' title='bbox 301 3741 566 3831; x_wconf 91' lang='lat' dir='ltr'>peperit</span> <span class='ocrx_word' id='word_1_319' title='bbox 611 3742 931 3831; x_wconf 90' lang='lat' dir='ltr'>spiritum</span> <span class='ocrx_word' id='word_1_320' title='bbox 984 3742 1432 3833; x_wconf 89' lang='lat' dir='ltr'>Evangelicae</span> <span class='ocrx_word' id='word_1_321' title='bbox 1467 3743 1791 3812; x_wconf 82' lang='lat' dir='ltr'>veritatis,</span> <span class='ocrx_word' id='word_1_322' title='bbox 1840 3748 2012 3814; x_wconf 92' lang='lat' dir='ltr'>Dum</span> <span class='ocrx_word' id='word_1_323' title='bbox 2049 3744 2232 3813; x_wconf 90' lang='lat' dir='ltr'>enim</span> <span class='ocrx_word' id='word_1_324' title='bbox 2267 3744 2380 3813; x_wconf 93' lang='lat' dir='ltr'>die</span> <span class='ocrx_word' id='word_1_325' title='bbox 2418 3744 2718 3832; x_wconf 85' lang='lat' dir='ltr'>quodam</span> 
     </span>
     <span class='ocr_line' id='line_1_39' title="bbox 174 3828 2720 3924; baseline 0.002 -26"><span class='ocrx_word' id='word_1_326' title='bbox 174 3830 449 3900; x_wconf 86' lang='lat' dir='ltr'>Missam</span> <span class='ocrx_word' id='word_1_327' title='bbox 502 3828 586 3899; x_wconf 92' lang='lat' dir='ltr'>de</span> <span class='ocrx_word' id='word_1_328' title='bbox 633 3831 970 3921; x_wconf 81' lang='lat' dir='ltr'>Apostolis</span> <span class='ocrx_word' id='word_1_329' title='bbox 1019 3831 1304 3901; x_wconf 89' lang='lat' dir='ltr'>devotus</span> <span class='ocrx_word' id='word_1_330' title='bbox 1343 3831 1636 3911; x_wconf 90' lang='lat' dir='ltr'>audiret,</span> <span class='ocrx_word' id='word_1_331' title='bbox 1694 3832 2071 3922; x_wconf 85' lang='lat' dir='ltr'>perlectum</span> <span class='ocrx_word' id='word_1_332' title='bbox 2122 3845 2226 3901; x_wconf 90' lang='lat' dir='ltr'>est</span> <span class='ocrx_word' id='word_1_333' title='bbox 2273 3834 2720 3924; x_wconf 87' lang='lat' dir='ltr'>Evangelium</span> 
     </span>
     <span class='ocr_line' id='line_1_40' title="bbox 173 3918 2724 4022; baseline 0.003 -37"><span class='ocrx_word' id='word_1_334' title='bbox 173 3918 339 3988; x_wconf 91' lang='lat' dir='ltr'>illud</span> <span class='ocrx_word' id='word_1_335' title='bbox 393 3918 661 4008; x_wconf 81' lang='lat' dir='ltr'>(Matth.</span> <span class='ocrx_word' id='word_1_336' title='bbox 694 3918 788 4008; x_wconf 73' lang='lat' dir='ltr'>x)</span> <span class='ocrx_word' id='word_1_337' title='bbox 833 3919 903 3988; x_wconf 90' lang='lat' dir='ltr'>in</span> <span class='ocrx_word' id='word_1_338' title='bbox 939 3941 1077 4007; x_wconf 93' lang='lat' dir='ltr'>quo</span> <span class='ocrx_word' id='word_1_339' title='bbox 1111 3920 1422 3991; x_wconf 89' lang='lat' dir='ltr'>Christus</span> <span class='ocrx_word' id='word_1_340' title='bbox 1455 3920 1822 4022; x_wconf 90' lang='lat' dir='ltr'>discipulis</span> <span class='ocrx_word' id='word_1_341' title='bbox 1857 3921 1942 3991; x_wconf 89' lang='lat' dir='ltr'>ad</span> <span class='ocrx_word' id='word_1_342' title='bbox 1982 3920 2525 4011; x_wconf 91' lang='lat' dir='ltr'>praedicandum</span> <span class='ocrx_word' id='word_1_343' title='bbox 2566 3923 2724 3993; x_wconf 90' lang='lat' dir='ltr'>mit-</span> 
     </span>
     <span class='ocr_line' id='line_1_41' title="bbox 179 4005 2724 4101; baseline 0.002 -26"><span class='ocrx_word' id='word_1_344' title='bbox 179 4007 422 4087; x_wconf 81' lang='lat' dir='ltr'>tendiS,</span> <span class='ocrx_word' id='word_1_345' title='bbox 480 4005 772 4077; x_wconf 89' lang='lat' dir='ltr'>formam</span> <span class='ocrx_word' id='word_1_346' title='bbox 828 4009 1067 4078; x_wconf 88' lang='lat' dir='ltr'>tribuit</span> <span class='ocrx_word' id='word_1_347' title='bbox 1116 4009 1592 4098; x_wconf 84' lang='lat' dir='ltr'>Evangelicam</span> <span class='ocrx_word' id='word_1_348' title='bbox 1637 4032 1707 4078; x_wconf 78' lang='lat' dir='ltr'>in</span> <span class='ocrx_word' id='word_1_349' title='bbox 1747 4009 2058 4091; x_wconf 91' lang='lat' dir='ltr'>vivendo,</span> <span class='ocrx_word' id='word_1_350' title='bbox 2101 4031 2185 4079; x_wconf 91' lang='lat' dir='ltr'>ne</span> <span class='ocrx_word' id='word_1_351' title='bbox 2216 4010 2531 4080; x_wconf 90' lang='lat' dir='ltr'>videlicet</span> <span class='ocrx_word' id='word_1_352' title='bbox 2566 4033 2724 4101; x_wconf 91' lang='lat' dir='ltr'>pos·</span> 
     </span>
     <span class='ocr_line' id='line_1_42' title="bbox 178 4094 2720 4193; baseline 0.002 -29"><span class='ocrx_word' id='word_1_353' title='bbox 178 4094 439 4193; x_wconf 78' lang='lat' dir='ltr'>sideant</span> <span class='ocrx_word' id='word_1_354' title='bbox 487 4118 766 4175; x_wconf 89' lang='lat' dir='ltr'>aurum,</span> <span class='ocrx_word' id='word_1_355' title='bbox 815 4095 915 4165; x_wconf 91' lang='lat' dir='ltr'>vel</span> <span class='ocrx_word' id='word_1_356' title='bbox 952 4113 1360 4188; x_wconf 89' lang='lat' dir='ltr'>argentum:</span> <span class='ocrx_word' id='word_1_357' title='bbox 1400 4120 1525 4169; x_wconf 89' lang='lat' dir='ltr'>nec</span> <span class='ocrx_word' id='word_1_358' title='bbox 1560 4099 1629 4168; x_wconf 91' lang='lat' dir='ltr'>in</span> <span class='ocrx_word' id='word_1_359' title='bbox 1666 4100 1855 4169; x_wconf 88' lang='lat' dir='ltr'>zonis</span> <span class='ocrx_word' id='word_1_360' title='bbox 1899 4099 2289 4189; x_wconf 89' lang='lat' dir='ltr'>pecuniam,</span> <span class='ocrx_word' id='word_1_361' title='bbox 2330 4121 2454 4169; x_wconf 90' lang='lat' dir='ltr'>nec</span> <span class='ocrx_word' id='word_1_362' title='bbox 2485 4121 2720 4189; x_wconf 89' lang='lat' dir='ltr'>peram</span> 
     </span>
     <span class='ocr_line' id='line_1_43' title="bbox 177 4184 2724 4275; baseline 0.004 -26"><span class='ocrx_word' id='word_1_363' title='bbox 177 4204 241 4251; x_wconf 82' lang='grc' dir='ltr'>ιη</span> <span class='ocrx_word' id='word_1_364' title='bbox 277 4185 404 4266; x_wconf 88' lang='lat' dir='ltr'>via,</span> <span class='ocrx_word' id='word_1_365' title='bbox 446 4207 571 4255; x_wconf 89' lang='lat' dir='ltr'>nec</span> <span class='ocrx_word' id='word_1_366' title='bbox 610 4184 786 4255; x_wconf 91' lang='lat' dir='ltr'>duas</span> <span class='ocrx_word' id='word_1_367' title='bbox 818 4186 1089 4254; x_wconf 87' lang='lat' dir='ltr'>tunicas</span> <span class='ocrx_word' id='word_1_368' title='bbox 1120 4186 1437 4269; x_wconf 87' lang='lat' dir='ltr'>babeant,</span> <span class='ocrx_word' id='word_1_369' title='bbox 1480 4210 1603 4259; x_wconf 90' lang='lat' dir='ltr'>nec</span> <span class='ocrx_word' id='word_1_370' title='bbox 1633 4188 2104 4275; x_wconf 84' lang='lat' dir='ltr'>calceamenta</span> <span class='ocrx_word' id='word_1_371' title='bbox 2132 4186 2463 4268; x_wconf 88' lang='lat' dir='ltr'>deferant,</span> <span class='ocrx_word' id='word_1_372' title='bbox 2505 4210 2724 4275; x_wconf 90' lang='lat' dir='ltr'>neque</span> 
     </span>
     <span class='ocr_line' id='line_1_44' title="bbox 182 4271 2724 4367; baseline 0.004 -33"><span class='ocrx_word' id='word_1_373' title='bbox 182 4271 462 4363; x_wconf 89' lang='lat' dir='ltr'>virgam.</span> <span class='ocrx_word' id='word_1_374' title='bbox 518 4273 707 4356; x_wconf 87' lang='lat' dir='ltr'>Quod</span> <span class='ocrx_word' id='word_1_375' title='bbox 763 4273 1056 4344; x_wconf 89' lang='lat' dir='ltr'>audiens</span> <span class='ocrx_word' id='word_1_376' title='bbox 1105 4288 1170 4344; x_wconf 87' lang='lat' dir='ltr'>et</span> <span class='ocrx_word' id='word_1_377' title='bbox 1213 4275 1630 4367; x_wconf 89' lang='lat' dir='ltr'>intelligens,</span> <span class='ocrx_word' id='word_1_378' title='bbox 1686 4299 1765 4346; x_wconf 92' lang='lat' dir='ltr'>ac</span> <span class='ocrx_word' id='word_1_379' title='bbox 1809 4276 2177 4347; x_wconf 89' lang='lat' dir='ltr'>memoriae</span> <span class='ocrx_word' id='word_1_380' title='bbox 2224 4277 2724 4346; x_wconf 90' lang='lat' dir='ltr'>commendans</span> 
     </span>
     <span class='ocr_line' id='line_1_45' title="bbox 181 4361 2718 4454; baseline 0.002 -28"><span class='ocrx_word' id='word_1_381' title='bbox 181 4361 593 4447; x_wconf 82' lang='lat' dir='ltr'>Apostolicae</span> <span class='ocrx_word' id='word_1_382' title='bbox 644 4364 1067 4453; x_wconf 88' lang='lat' dir='ltr'>paupertatis</span> <span class='ocrx_word' id='word_1_383' title='bbox 1114 4364 1405 4445; x_wconf 77' lang='lat' dir='ltr'>amicuS,</span> <span class='ocrx_word' id='word_1_384' title='bbox 1463 4365 1804 4434; x_wconf 90' lang='lat' dir='ltr'>indicibili</span> <span class='ocrx_word' id='word_1_385' title='bbox 1860 4387 2014 4434; x_wconf 83' lang='lat' dir='ltr'>mox</span> <span class='ocrx_word' id='word_1_386' title='bbox 2067 4363 2386 4454; x_wconf 88' lang='lat' dir='ltr'>perfusus</span> <span class='ocrx_word' id='word_1_387' title='bbox 2435 4364 2718 4434; x_wconf 90' lang='lat' dir='ltr'>laetitia:</span> 
     </span>
     <span class='ocr_line' id='line_1_46' title="bbox 185 4449 2720 4543; baseline 0.002 -27"><span class='ocrx_word' id='word_1_388' title='bbox 185 4449 316 4518; x_wconf 92' lang='lat' dir='ltr'>Hoc</span> <span class='ocrx_word' id='word_1_389' title='bbox 348 4463 470 4530; x_wconf 88' lang='lat' dir='ltr'>est,</span> <span class='ocrx_word' id='word_1_390' title='bbox 501 4451 749 4537; x_wconf 90' lang='lat' dir='ltr'>inquit,</span> <span class='ocrx_word' id='word_1_391' title='bbox 774 4452 955 4538; x_wconf 92' lang='lat' dir='ltr'>quod</span> <span class='ocrx_word' id='word_1_392' title='bbox 994 4453 1224 4543; x_wconf 91' lang='lat' dir='ltr'>cupi0,</span> <span class='ocrx_word' id='word_1_393' title='bbox 1264 4454 1391 4523; x_wconf 84' lang='lat' dir='ltr'>hoc</span> <span class='ocrx_word' id='word_1_394' title='bbox 1424 4453 1605 4541; x_wconf 92' lang='lat' dir='ltr'>quod</span> <span class='ocrx_word' id='word_1_395' title='bbox 1646 4454 1802 4522; x_wconf 89' lang='lat' dir='ltr'>totis</span> <span class='ocrx_word' id='word_1_396' title='bbox 1834 4454 2252 4542; x_wconf 88' lang='lat' dir='ltr'>praecordiis</span> <span class='ocrx_word' id='word_1_397' title='bbox 2279 4454 2720 4541; x_wconf 79' lang='lat' dir='ltr'>concupiscO.</span> 
     </span>
    </p>
   </div>
  </div>
 </body>
</html>
