3347 4999
197 292 370 359 OCT.
428 294 510 358 24
2525 298 2651 361 677

806 496 1430 601 MARTYRlUM
1508 502 1588 601 S.
1662 500 2141 601 ARETHAE

260 719 358 784 ΕΤ
404 718 688 785 EORUM
759 719 901 797 QUI
950 719 1113 784 CUM
1166 719 1268 785 EO
1317 720 1941 796 DECERTARUNT,
2001 721 2111 785 SS.
2168 720 2618 785 MARTYRUH
2648 740 2662 795 ;

493 841 593 905 ET
641 839 1033 906 HISTORIA
1078 840 1363 907 EORUM
1413 842 1626 921 QUAE
1676 843 1884 909 TUNC
1934 842 2180 909 FACTA
2231 842 2438 908 SUNT

442 960 538 1025 IN
607 959 1046 1027 REGIONE
1117 958 1800 1040 HOMERI'I'IDE,
1877 963 2053 1028 VEL
2127 962 2490 1029 SABAEA

970 1175 1253 1224 AUCTORE
1301 1178 1428 1225 SlU.
1481 1178 1643 1225 nu
1652 1178 1954 1224 PHRASTE.

860 1349 1052 1404 Pausi
1094 1353 1258 1406 aunt
1298 1364 1477 1407 anno
1519 1353 1639 1406 523
1693 1382 1759 1390 —
1801 1351 2077 1406 Arabes.

282 1553 319 1637 ξ
373 1552 442 1618 Ι.
497 1549 801 1619 Instabat
838 1549 984 1638 Jam
1035 1548 1321 1635 quintus
1368 1571 1633 1631 annus,
1687 1572 1767 1619 ex
1822 1571 1959 1637 quo
2005 1548 2319 1619 lustinus
2378 1565 2736 1642 acceperat

194 1662 308 1711 sce
363 1651 462 1706 tra
513 1638 802 1708 Romani
851 1637 1162 1728 imperii:
1215 1658 1351 1724 quo
1399 1637 1679 1724 quidem
1734 1652 2036 1727 tempore
2086 1638 2467 1726 imperabat
2524 1640 2730 1710 etiam

194 1662 640 1816 Aetbiopibus
698 1726 1070 1807 Elesbaan,
1129 1726 1266 1807 vir,
1319 1729 1439 1813 qui
1518 1741 1795 1827 propter
1846 1727 2156 1815 pietatem
2227 1738 2291 1795 et
2338 1724 2730 1815 justitiam,

197 1815 382 1907 apud
434 1836 677 1886 omnes
728 1815 1106 1885 maximum
1161 1836 1409 1884 nomen
1448 1814 1573 1884 fuit
1621 1831 2071 1886 consecutus:
2109 1815 2177 1882 in
2210 1816 2479 1886 civitate
2505 1830 2736 1888 autem

197 1912 460 1976 Auxum
514 1904 547 1938 ⁴*
584 1905 839 1993 regiam
891 1916 1386 1975 construxerat.
1436 1904 1697 1974 Ditione
1748 1905 2016 1974 tenebat
2067 1904 2381 1973 Arabiam
2441 1904 2735 1988 felicem,

196 2016 373 2081 quae
422 1992 585 2061 olim
637 1993 917 2078 quidem
949 1993 1146 2072 Saba,
1190 2015 1373 2063 nunc
1405 2005 1630 2062 autem
1686 2008 1963 2063 vocatur
1998 1994 2389 2073 HomeritiS,
2445 1999 2732 2064 Dunaan

200 2082 578 2160 Hebraeus,
633 2082 735 2151 vir
782 2082 1073 2173 impiuS,
1140 2094 1204 2149 et
1267 2081 1809 2151 Christianorum
1862 2081 2094 2169 generi
2145 2082 2726 2153 inimicissimus:

196 2170 320 2258 qui
354 2171 558 2240 etiam
608 2192 873 2248 omnes,
926 2170 1044 2257 qui
1094 2184 1288 2240 erant
1320 2171 1386 2237 iu
1439 2193 1566 2239 sua
1619 2183 1965 2260 potestate,
2024 2170 2317 2241 habebat
2364 2172 2732 2242 circumci-

199 2283 335 2339 sos,
394 2259 640 2347 partim
691 2259 970 2345 quidem
1017 2258 1371 2346 ‚judaicam
1428 2271 1788 2345 sequentes
1835 2260 2419 2349 superstitionem,
2483 2261 2730 2350 partim

198 2361 425 2426 autem
478 2346 684 2448 plane
732 2347 1044 2437 gentileS,
1086 2346 1221 2417 Soli
1247 2361 1311 2416 et
1344 2352 1570 2417 Lunae
1609 2347 2099 2429 sacrificante8‚
2153 2365 2218 2418 et
2246 2348 2726 2431 daemonibuS,

194 2458 367 2526 quos
406 2449 609 2507 etiam
666 2458 852 2507 more
900 2436 1123 2528 gentis
1177 2436 1607 2508 honorabant
1670 2437 1914 2507 statuis
1971 2450 2035 2508 et
2099 2437 2467 2508 columnis.
2524 2444 2734 2509 Porro

194 2542 424 2597 autem
473 2527 561 2596 ab
594 2525 923 2596 Elesbaan
956 2525 1114 2595 odio
1141 2526 1522 2596 habebatur
1551 2526 1927 2608 Hebraeus,
1970 2528 2153 2614 quod
2203 2527 2532 2598 omnibus
2568 2528 2734 2609 fere,

194 2616 317 2704 qui
365 2629 530 2685 sunt
588 2614 719 2685 sub
768 2614 997 2694 coelo,
1052 2615 1395 2685 Christum
1457 2620 1668 2685 Deum
1723 2615 2319 2705 praedicantibus,
2372 2627 2438 2684 et
2493 2637 2732 2685 verum

201 2705 314 2775 Dei
353 2704 600 2784 filium,
654 2717 720 2773 et
747 2704 945 2773 nobis
992 2703 1249 2773 sactum
1286 2726 1492 2775 carne
1540 2703 1866 2785 similem,
1900 2706 2047 2795 ipse
2075 2728 2231 2776 eum
2278 2703 2736 2794 vilipendens,

197 2793 691 2863 inficiabantur
740 2794 907 2862 haec
947 2793 1203 2872 omnia,
1243 2792 1475 2863 velans
1505 2806 1570 2863 et
1594 2792 2023 2864 adumbrans
2071 2815 2354 2864 suorum
2394 2793 2734 2882 majorum

196 2882 445 2961 scelus,
499 2881 680 2969 quod
737 2882 804 2950 in
856 2887 1067 2952 Cruce
1096 2882 1559 2951 admiserant:
1613 2881 1783 2952 adeo
1823 2896 1896 2951 ut
1944 2887 2082 2952 Rex
2170 2881 2281 2950 ius
2322 2902 2523 2971 saepe
2569 2903 2732 2950 cum

195 2994 275 3041 eo
328 2971 503 3040 bello
549 2993 985 3062 congressuS,
1046 2971 1107 3039 vi
1158 2970 1409 3041 fuderit
1455 2993 1535 3040 ac
1584 2970 1862 3061 fugarit,
1918 2983 1983 3041 et
2039 2971 2122 3041 tri
2177 2983 2373 3041 utum
2441 2969 2740 3061 pendere

193 3061 512 3149 coegerit.
566 3064 816 3130 Verum
859 3059 972 3129 ille
1019 3059 1301 3147 quidem
1356 3081 1488 3128 non
1540 3071 1731 3130 stans
1783 3063 2000 3148 pactis
2057 3059 2457 3141 conventis,
2511 3059 2737 3129 insur-

195 3150 363 3218 rexit
396 3161 634 3218 contra
683 3154 934 3239 Regem
975 3147 1336 3220 Elesbaan.
1369 3147 1701 3218 Elesbaan
1753 3159 1981 3217 autem
2023 3170 2181 3218 eum
2234 3169 2475 3218 rursus
2511 3146 2740 3217 valido

192 3237 476 3307 adortus
521 3237 822 3306 exercitu
872 3236 1133 3306 sortiter
1177 3236 1635 3326 expugnavit,
1692 3236 1863 3306 etin
1917 3235 2153 3327 sugam
2206 3236 2559 3307 convertit.
2617 3240 2741 3304 De·-

195 3324 547 3427 niquead
610 3323 807 3394 illum
863 3324 1246 3395 cavendum
1301 3325 1532 3395 relicto
1587 3325 1911 3405 exercitu,
1974 3325 2045 3394 in
2104 3347 2301 3395 suam
2363 3325 2588 3397 rediit⁴
2625 3323 2731 3393 di-

196 3428 480 3484 tionem.

279 3505 317 3589 §
369 3506 457 3572 8.
503 3500 782 3570 Interim
828 3523 960 3570 non
1000 3514 1259 3592 poterat
1298 3502 1648 3572 Hebraeus
1683 3503 2058 3589 quiescere,
2106 3503 2219 3572 sed
2276 3515 2350 3573 ut
2408 3515 2734 3592 acceptae

191 3591 413 3661 cladis
458 3589 714 3659 deleret
741 3590 1222 3681 ignominiam,
1257 3615 1413 3660 cum
1449 3613 1611 3661 suos
1649 3591 2060 3680 collegisset,
2103 3606 2169 3662 et
2196 3613 2336 3671 θος,
2389 3592 2736 3679 quierant

192 3680 259 3749 in
316 3678 682 3770 praesidio,
739 3678 1121 3758 invasisset,
1182 3700 1424 3749 omnes
1473 3679 1650 3750 bello
1711 3680 2028 3769 perdidit,
2073 3694 2138 3750 et
2173 3681 2385 3770 jussit
2437 3702 2725 3758 omneS,

187 3770 307 3857 qui
360 3768 888 3837 inveniebantur
924 3768 1268 3838 Christum
1319 3791 1468 3839 esse
1531 3774 1737 3839 Deum
1789 3769 2225 3851 confitentes,
2278 3770 2448 3838 citra
2514 3767 2726 3837 ullam

189 3858 470 3930 interire
523 3856 1089 3927 misericordiam.
1136 3857 1382 3928 Nullus
1430 3871 1659 3928 autem
1712 3857 1841 3929 suit
1886 3880 1968 3928 ex
2016 3858 2138 3937 iis,
2185 3858 2307 3945 qui
2355 3869 2550 3926 erant
2598 3855 2730 3927 sub

193 3946 366 4036 ipso,
406 3946 835 4026 Christianis,
889 3946 1009 4033 qui
1060 3969 1131 4015 se
1181 3970 1313 4017 non
1369 3948 1530 4017 huic
1573 3947 1790 4038 impio
1819 3946 2039 4016 edicto
2071 3946 2492 4026 submiserit,
2541 3944 2732 4015 illius

192 4036 404 4104 animi
449 4034 830 4106 formidans
878 4036 1256 4107 saevitiam.
1302 4035 1651 4118 Quaedam
1690 4049 1914 4106 tamen
1964 4036 2205 4105 civitas
2251 4035 2574 4121 frequens
2611 4056 2732 4122 po-

197 4123 379 4211 pulo,
434 4126 564 4194 sita
598 4124 668 4195 in
732 4124 1174 4205 Homeritide,
1219 4134 1396 4211 quae
1442 4137 1726 4195 vocatur
1772 4130 2067 4215 Nagran,
2119 4147 2279 4195 cum
2315 4123 2460 4211 jam
2529 4122 2736 4213 longo

193 4211 449 4283 abhinc
520 4227 823 4303 tempore
888 4214 1181 4283 venisset
1240 4214 1327 4283 ad
1397 4213 1818 4304 agnitionem
1881 4214 2228 4293 veritatis,
2284 4225 2350 4282 et
2413 4213 2728 4301 pietatem

194 4373 280 4466 ’ὦ
302 4374 543 4466 ιὲκέωηοε.
561 4374 868 4468 Aethiopibus
888 4378 1068 4422 ΑΙεεκηι.
1087 4360 1180 4415 fult
1197 4376 1334 4415 sedes
1354 4379 1568 4416 veterum
1587 4385 1750 4425 regum
1774 4376 2042 4424 Aethiopiae
2061 4372 2334 4424 superioris,
2352 4384 2471 4425 quae
2492 4372 2732 4425 Δὸμιείκὲο

283 4437 313 4476 g
394 4437 580 4477 unoupa
604 4440 674 4471 ur.
