3347 4999
738 338 853 400 160
1498 350 1574 396 ne
1622 350 1677 396 s.
1733 347 2074 396 raanctsco
2124 345 2306 395 conr.
2909 331 3107 397 OCT.
3167 333 3202 397 t

638 438 1015 508 adveniunt
1064 434 1325 526 populi,
1385 435 1701 523 personat
1762 432 1932 502 silva
1975 454 2190 513 voces,
2246 443 2311 501 et
2364 431 2772 502 venerabilis
2834 432 2961 501 illa
3005 455 3199 512 nox,
3289 473 3290 476 =

640 527 1028 597 luminibus
1076 523 1372 612 copiosis
1401 536 1465 591 et
1511 521 1743 603 claris,
1800 520 2260 608 laudibusque
2301 522 2571 592 sonoris
2617 535 2682 590 et
2729 523 3097 602 consonis,
3141 539 3205 591 et

636 615 1007 705 splendens
1053 612 1369 691 efficitur,
1424 609 1888 681 etsolemnis.
1945 610 2186 679 Stabat*
2215 610 2329 679 Vir
2376 610 2490 678 Dei
2529 632 2759 680 coram
2822 611 3204 700 praesepio

688 705 884 773 ietate
915 701 1237 790 repletuS,
1292 721 1651 789 respersus
1700 698 2051 787 lacrymiS,
2087 711 2196 768 et·
2255 698 2463 768 audio
2514 698 2958 789 superfusus.
3009 699 3203 769 Cele-

635 727 924 865 Erantur
972 793 1333 860 Missarum
1378 786 1713 859 solemnia
1761 809 1972 876 super
2007 809 2203 877 praes
2253 810 2353 877 pe,
2401 788 2624 857 Levita
2673 787 2923 858 Christi
2980 793 3204 858 Fran-

637 882 822 951 cisco
888 902 1161 950 sacrum
1216 875 1660 976 Evangelium
1731 876 2158 945 decantante.
2213 876 2566 946 Praedicat
2618 875 2872 946 deinde
2933 877 3205 967 populo

635 969 1113 1040 circumstanti
1144 967 1227 1035 de
1278 966 1626 1035 nativitate
1676 966 1880 1055 Regis
1950 965 2296 1054 pauperis,
2350 986 2554 1052 quem
2604 987 2763 1034 cum
2825 967 3206 1036 nominare

636 1058 858 1138 vellet,
909 1079 1195 1148 puerum
1229 1056 1309 1124 de
1342 1055 1677 1124 Bethleem
1716 1075 1875 1142 prae
1922 1054 2178 1123 amoris
2216 1053 2671 1123 teneritudine
2706 1055 3200 1145 nuncupabat.

638 1147 829 1218 Miles
878 1161 1104 1216 autem
1145 1143 1428 1231 quidam
1475 1142 1819 1211 virtuosus
1866 1156 1930 1213 et
1978 1164 2199 1222 verax,
2240 1142 2354 1230 qui
2402 1155 2679 1233 propter
2713 1143 2978 1212 Christi
3016 1166 3207 1212 amo·

642 1258 779 1305 rem
817 1290 832 1315 ,
877 1233 1172 1304 seculari
1222 1231 1453 1301 relicta
1517 1230 1802 1311 militm,
1861 1234 2011 1299 Viro
2078 1230 2186 1298 Dei
2242 1252 2492 1320 magna
2544 1230 2673 1301 fuit
2720 1230 3207 1310 familiaritate

640 1325 1081 1412 conjunctus,
1124 1321 1454 1390 Dominus
1478 1319 1788 1389 Joannes
1814 1318 1898 1387 de
1946 1319 2249 1398 Graecia,
2289 1341 2360 1389 se
2409 1319 2662 1390 vidisse
2693 1322 3010 1391 asseruit
3041 1343 3209 1411 pue-

643 1413 875 1483 rulum
929 1410 1297 1499 quemdam
1352 1407 1546 1478 valde
1594 1405 1970 1477 formosum
2023 1409 2092 1476 in
2130 1407 2248 1477 illo
2300 1409 2654 1497 praesepio
2697 1408 3200 1488 dormientem,

639 1524 844 1590 quem
887 1501 1126 1569 beatus
1176 1511 1366 1588 pater
1405 1497 1811 1566 Franciscus
1858 1496 2199 1565 ambobus
2232 1496 2675 1585 complexans
2713 1498 3066 1578 brachiis,
3103 1521 3210 1567 ex·

639 1592 849 1660 citare
898 1589 1255 1659 videbatur
1291 1609 1329 1656 a
1366 1606 1631 1655 somno.
1687 1590 1877 1654 Hanc
1927 1584 2269 1672 siquidem
2306 1585 2529 1656 devoti
2579 1586 2821 1657 militis
2858 1588 3206 1657 visionem

643 1700 779 1748 non
823 1677 1043 1748 solum
1103 1676 1397 1745 videntis
1447 1673 1771 1745 sanctitas
1820 1673 2218 1744 credibilem
2281 1673 2483 1752 facit,
2550 1675 2664 1745 sed
2717 1687 2783 1746 et
2828 1676 3208 1767 designata

641 1769 887 1837 veritas
906 1766 1329 1854 comprobat,
1361 1776 1425 1832 et
1460 1762 1796 1832 miracula
1818 1763 2185 1832 subsecuta
2206 1762 2622 1834 confirmant
2653 1763 2711 1833 ²⁶.
2755 1769 2926 1834 Nam
2970 1787 3204 1836 exem·

645 1857 834 1958 plum
874 1854 1217 1924 Francisci
1252 1851 1763 1922 consideratum
1808 1873 1847 1918 a
1889 1851 2173 1932 mundo,
2228 1852 2663 1922 excitativum
2721 1865 2822 1922 est
2871 1855 3207 1924 cordium

642 1967 710 2015 tn
750 1945 885 2014 side
933 1943 1180 2013 Christi
1232 1940 1672 2030 torpentium;
1707 1951 1772 2009 et
1812 1938 2088 2009 foenum
2145 1941 2484 2030 praesepii
2535 1955 2960 2011 reservatum
3005 1965 3050 2012 a
3094 1965 3209 2030 po·

643 2033 830 2124 pulo,
876 2031 1277 2101 mirabiliter
1311 2028 1693 2100 sanativum
1746 2027 1875 2098 suit
1924 2028 2282 2097 brutorum
2339 2028 2843 2119 languentium,
2899 2043 2972 2101 et
3038 2031 3209 2102 alia-

643 2144 797 2192 rum
855 2119 1272 2211 repulsivum
1328 2118 1621 2206 pestium
1675 2117 2131 2198 diversarum,
2218 2116 2595 2187 lorificante
2637 2123 2765 2187 Deo
2808 2140 2934 2208 per
2962 2123 3208 2189 omnia

647 2215 927 2280 Servum
982 2229 1228 2286 suum,
1285 2220 1696 2292 sanctaeque
1744 2205 2075 2276 orationis
2135 2227 2171 2275 e
2227 2207 2510 2275 tcaciam
2570 2206 3023 2278 evidentibus
3083 2209 3206 2278 rni-

648 2297 1039 2384 raculorum
1084 2295 1416 2387 prodigiis
1450 2295 1989 2364 demonstrante.

916 2499 1001 2563 De
1051 2496 1499 2587 z'ntellz'yentia
1536 2497 2045 2587 Scripta-ramam
2093 2507 2154 2564 et
2201 2496 2447 2586 spiritu
2495 2494 2920 2586 prophetiae.

732 2657 767 2742 ξ
812 2658 943 2727 u.
985 2655 1078 2725 Ad
1114 2668 1369 2725 tantam
1412 2669 1636 2724 autem
1678 2656 1925 2725 mentis
1974 2656 2404 2726 serenitatem
2468 2653 2893 2723 indefessum
2949 2655 3210 2722 oratio·

646 2744 753 2812 nis
792 2743 1095 2815 studium
1150 2766 1306 2814 cum
1345 2745 1672 2814 continua
1703 2745 2180 2814 exercitatione
2217 2745 2574 2823 virtutum,
2613 2743 2848 2810 Virum
2893 2744 3020 2810 Dei
3063 2764 3208 2831 per·

643 2832 952 2913 duxerat,
997 2834 1418 2920 utquamvis
1466 2853 1600 2903 non
1656 2833 1974 2902 habuerit
2022 2855 2372 2903 sacrarum
2415 2833 2818 2902 Litterarum
2873 2831 3205 2920 peritiam

645 2944 766 3011 per
795 2921 1201 2999 doctrinam,
1256 2934 1569 2991 aeternae
1621 2933 1846 2991 tamen
1892 2921 2067 2992 lucis
2114 2920 2489 2991 irradiatus
2539 2918 2963 3010 fulgoribus,
3028 2921 3208 2988 Scri-

644 3023 1005 3100 pturarum
1059 3010 1399 3100 profunda
1443 3011 1618 3080 miro
1666 3008 2054 3080 intellectus
2104 3021 2532 3080 scrutaretur
2578 3008 2931 3078 acumine.
2990 3012 3210 3077 Pene-

646 3098 866 3169 trabat
910 3099 1094 3168 enim
1144 3100 1231 3168 ab
1269 3100 1457 3169 omni
1488 3099 1639 3168 labe
1670 3121 1927 3189 purum
1980 3099 2336 3190 ingenium
2376 3098 2859 3188 mysteriorum
2901 3096 3210 3167 abscon-

646 3186 814 3272 dita;
866 3200 932 3256 et
961 3187 1080 3256 ubi
1117 3187 1534 3277 magistralis
1566 3187 1854 3257 scientia
1880 3185 2044 3257 foris
2076 3200 2228 3269 stat,
2272 3187 2556 3258 affectus
2585 3184 2921 3256 introibat
2961 3207 3209 3255 aman-

645 3275 755 3343 tis.
809 3276 1098 3364 Legebat
1157 3275 1569 3364 quandoque
1610 3277 1679 3344 in
1735 3276 1954 3347 Libris
2002 3277 2243 3357 sacris,
2299 3288 2385 3356 et,
2439 3275 2621 3362 quod
2671 3274 2906 3343 animo
2980 3274 3204 3344 semel

647 3363 995 3442 in'ecerat‚
1052 3363 1376 3433 tenaciter
1406 3365 1848 3452 imprimebat
1885 3365 2288 3434 memoriae:
2324 3365 2488 3452 quia
2522 3385 2655 3433 non
2706 3362 2968 3432 frustra
3009 3385 3205 3432 men-

650 3385 804 3551 talis
852 3451 1244 3521 attentionis
1281 3453 1700 3542 percipiebat
1724 3452 1992 3531 auditu,
2034 3453 2220 3541 quod
2265 3454 2633 3523 continuae
2660 3451 3058 3522 devotionis
3087 3474 3206 3551 ruf

650 3541 958 3610 minabat
1005 3540 1273 3609 affectu.
1339 3541 1842 3624 Quaerentibus
1911 3541 2285 3629 aliquando
2349 3541 2700 3619 fratribus,
2770 3553 3009 3609 utrum
3068 3540 3205 3610 sibi

650 3628 966 3717 placeret,
1022 3628 1204 3716 quod
1242 3627 1513 3699 litterati
1540 3631 1686 3720 jam
1713 3632 1962 3721 recepti
1998 3630 2081 3700 ad
2116 3631 2467 3712 Ordinem,
2495 3628 2930 3699 intenderent
2961 3628 3206 3698 studio

648 3739 881 3788 sacrae
920 3719 1334 3808 Scripturae‚
1390 3718 1778 3808 respondit:
1833 3719 2062 3788 «Mihi
2112 3719 2390 3806 quidem
2448 3718 2689 3809 placet,
2750 3716 2921 3786 dum
2967 3729 3207 3787 tamen

646 3807 958 3897 exemplo
998 3807 1268 3887 Christi,
1304 3807 1422 3893 qui
1461 3808 1682 3898 magis
1728 3830 1961 3878 orasse
1996 3807 2268 3898 legitur,
2299 3830 2505 3896 quam
2546 3807 2812 3899 legisse,
2860 3806 3210 3877 orationis

646 3895 953 3964 studium
1007 3917 1137 3964 non
1172 3896 1528 3965 omittant:
1583 3917 1709 3965 nec
1757 3910 2024 3967 tantum
2077 3896 2437 3978 studeant,
2481 3909 2557 3965 ut
2596 3895 2840 3975 sciant,
2894 3894 3207 3981 qualiter

646 3983 940 4053 debeant
964 3983 1175 4071 loqui,
1230 3984 1346 4054 sed
1383 3997 1458 4054 ut
1496 3984 1735 4055 audita
1759 3985 2036 4066 faciant,
2072 3999 2314 4055 etcum
2347 3983 2844 4065 fecerint‚·aliis
2879 3983 3210 4053 facienda

646 4086 1053 4163 proponant.
1091 4071 1272 4154 Volo,
1314 4073 1560 4160 inquit,
1607 4073 1850 4143 fratres
1885 4096 2070 4145 meos
2119 4074 2504 4164 discipulos
2539 4073 2988 4164 Evangelicos
3022 4094 3204 4151 esse,

650 4161 884 4248 sicque
918 4162 985 4229 in
1040 4162 1274 4231 notitia
1308 4163 1610 4232 veritatis
1660 4162 2012 4251 proficere,
2048 4163 2230 4250 quod
2271 4164 2338 4231 in
2382 4162 2847 4251 simplicitatis
2895 4163 3208 4250 puritate

650 4263 1120 4330 concrescant,
1161 4264 1233 4320 ut
1266 4251 1775 4339 simplicitatem
1811 4252 2285 4322 columbinam
2330 4274 2364 4320 a
2405 4250 2768 4342 prudentia
2800 4252 3216 4340 serpentina

654 4359 786 4407 non
820 4353 1158 4428 separent,
1190 4361 1364 4426 quas
1398 4341 1716 4430 Magister
1747 4341 2042 4413 eximius
2072 4363 2188 4411 ore
2214 4363 2341 4413 suo
2367 4339 2724 4410 benedicto
2763 4340 3214 4428 conjunxit.»

703 4466 726 4487 ⁴·
755 4466 917 4505 Hoetu
940 4465 1056 4512 loco,
1076 4465 1132 4506 ad
1154 4463 1218 4506 rei
1242 4466 1398 4516 gestae
1417 4463 1691 4509 memoriam
1711 4467 2088 4516 confirmandam.
2106 4465 2309 4512 ecelesia
2326 4468 2418 4511 ruit
2438 4466 2691 4509 aedificata.
