3347 4999
183 370 361 437 OCT.
417 370 500 434 30
856 387 933 433 nn
981 382 1074 433 ss.
1118 384 1385 433 zenomo
1431 385 1508 431 nr
1555 382 1824 432 zmtoma
1872 384 2058 430 ιιΑιιτ.
2513 369 2640 434 747

192 474 499 553 morbuS,
553 471 674 559 qui
708 470 932 540 solum
984 469 1294 561 implevit
1341 468 1567 539 sanie:
1622 468 1910 539 solvitur
1952 481 2181 538 autem
2232 467 2485 539 mulier
2532 492 2571 539 a
2609 470 2731 541 do-

188 561 478 644 loribus,
517 573 582 629 et
629 559 992 631 revertitur
1038 580 1207 628 sana
1255 557 1711 627 Antiochiam.

286 657 325 731 §
372 656 459 722 ὅ.
520 654 706 732 Quae
754 661 980 718 autem
1038 661 1187 736 post
1235 646 1402 717 baec
1449 658 1860 733 sequuntur,
1915 656 2079 714 sunt
2126 643 2526 715 Diocletiani
2578 668 2732 737 per-

191 739 453 809 secutio
512 735 846 808 adversus
905 737 1268 825 pietatem,
1344 749 1409 805 et
1474 740 1602 804 Deo
1662 734 2025 803 inimicum
2076 734 2164 804 ab
2225 754 2304 803 eo
2354 734 2730 823 profectum

185 827 518 908 edictum,
548 839 614 896 et
639 826 875 916 Lysias
908 824 1099 895 illius
1124 824 1443 894 saevitiae
1468 837 1533 893 et
1559 822 2091 894 inhumanitatis
2132 821 2446 893 minister
2481 825 2731 895 acerri-

193 937 370 985 mus.
427 915 557 998 Qui
606 936 765 985 cum
815 914 1192 1004 accepisset
1239 913 1552 983 divinum
1622 911 1994 983 Zenobium
2052 910 2453 1002 praedicare
2514 934 2730 983 unum

189 1004 415 1075 solum
470 1009 708 1086 Deum,
761 1004 1049 1093 eJusque
1111 1013 1471 1094 praecepta
1518 1014 1582 1071 et
1634 1001 2052 1071 voluntatem
2105 998 2414 1071 studiose
2459 1015 2524 1072 et
2572 1001 2732 1070 dili-

189 1107 429 1184 genter
466 1092 814 1184 amplecti,
849 1104 914 1162 et
949 1092 1103 1180 ejus
1143 1091 1569 1161 invocatione
1618 1090 1894 1159 morbos
1924 1109 2165 1158 omnes
2199 1088 2400 1159 facile
2447 1089 2729 1172 solvere,

186 1194 256 1253 et
304 1203 589 1252 manum
634 1179 910 1252 abunde
958 1180 1513 1272 suppeditantem
1567 1179 1918 1270 porrigere
1963 1175 2329 1266 egentibus
2375 1200 2534 1250 eum
2599 1193 2737 1249 sta-

194 1272 320 1341 tim
397 1269 962 1360 comprehendit,
1029 1281 1093 1338 et
1138 1291 1298 1339 cum
1369 1269 1438 1337 in
1499 1266 1726 1338 media
1840 1265 2244 1337 raesedisset
2291 1267 2598 1350 civitate,
2671 1281 2738 1338 et

187 1381 348 1430 eum
400 1380 631 1429 coram
681 1359 835 1450 ipso
881 1370 1189 1428 curasset
1237 1355 1656 1433 sistendum:
1714 1379 1751 1423 a
1835 1378 2024 1513 aepe,
2078 1355 2328 1443 inquit,
2368 1379 2408 1426 o
2455 1357 2727 1437 Zenobi,

187 1471 232 1519 a
287 1469 392 1517 me
439 1447 525 1518 de
573 1460 635 1517 te
672 1459 775 1517 est
820 1447 1180 1517 auditum:
1234 1445 1351 1518 sed
1388 1467 1548 1516 curn
1587 1467 1721 1516 non
1775 1444 1976 1516 facie
2026 1466 2294 1535 possem
2347 1445 2477 1515 soli
2514 1446 2737 1516 famae

188 1536 492 1618 credere,
550 1548 906 1627 propterea
971 1549 1035 1606 te
1083 1536 1153 1605 in
1206 1555 1435 1605 meum
1486 1534 1744 1604 adduxi
1808 1546 2299 1623 conspectum,
2384 1548 2458 1604 ιιι
2525 1536 2730 1605 etiam

185 1625 429 1696 oculos
480 1625 797 1696 haberem
850 1638 1050 1696 testes
1098 1645 1334 1694 eorum
1397 1645 1575 1711 quae
1622 1623 1889 1694 audivi:
1958 1635 2023 1692 et
2070 1635 2147 1692 ut
2220 1624 2463 1712 paucis
2510 1624 2736 1695 absol-

196 1736 375 1796 vam,
420 1714 589 1784 haec
629 1714 769 1784 duo
818 1714 941 1784 tibi
984 1734 1312 1805 propono,
1367 1725 1440 1782 ut
1489 1711 1585 1783 vel
1635 1733 1876 1803 pareas
1926 1712 2040 1801 pio
2089 1710 2313 1781 edicto
2360 1716 2735 1803 Imperato-

193 1824 390 1884 rum,
443 1817 509 1873 et
555 1802 691 1873 diis
740 1803 1101 1874 nobiscum
1169 1801 1551 1872 sacrifices:
1619 1801 1803 1888 quod
1851 1801 2132 1888 quidem
2199 1798 2486 1883 efficiet,
2540 1815 2615 1871 ut
2665 1814 2737 1871 tu

196 1893 575 1962 maximum
630 1892 956 1961 honorem
1008 1891 1421 1978 assequaris,
1474 1902 1540 1960 et
1589 1912 1880 1981 magnas
1926 1910 2115 1980 opes,
2168 1902 2234 1958 et
2280 1889 2454 1958 vitae
2501 1890 2735 1982 splen-

189 1980 457 2062 dorem,
507 1993 572 2050 et
616 1981 910 2051 aliorum
963 1981 1301 2050 bonorum
1354 1979 1943 2049 remunerationes
1978 1976 2100 2047 tibi
2146 1977 2544 2049 conciliabit
2576 1980 2738 2069 (boc

194 2070 546 2160 tibipotes
579 2082 763 2139 certo
800 2068 1265 2159 persuadere),
1304 2067 1405 2137 vel
1449 2079 1527 2137 ut
1571 2066 1926 2136 damneris
1973 2065 2055 2135 ad
2113 2066 2376 2157 plagas,
2433 2067 2733 2148 vincula,

192 2160 570 2242 cruciatuS,
623 2171 687 2228 et
733 2170 999 2228 caetera
1049 2168 1404 2227 tormenta.
1459 2159 1765 2237 Quorum
1816 2156 2136 2242 quisnam
2186 2170 2290 2225 est
2333 2156 2516 2226 alius
2548 2157 2732 2236 finis,

197 2247 333 2316 nisi
387 2269 571 2317 mors
601 2248 886 2317 omnino
919 2246 1341 2327 saevissima,
1378 2258 1446 2314 et
1487 2243 1685 2335 plena
1725 2244 2024 2314 maximo
2057 2243 2338 2314 dolore?
2379 2269 2414 2311 »
2440 2244 2529 2315 Ad
2572 2247 2736 2316 haec

191 2357 234 2405 e
287 2336 518 2425 regius
573 2336 948 2406 Zenobius:
1003 2357 1039 2401 «
1077 2333 1285 2414 Mihi,
1340 2333 1605 2421 inquit,
1658 2354 1843 2404 unus
1904 2345 2007 2403 est
2055 2354 2254 2403 verus
2316 2338 2492 2403 Deus
2536 2339 2738 2404 ,lesus

194 2358 528 2506 Cffiristus,
583 2423 651 2491 in
703 2445 840 2512 quo
872 2445 997 2513 ego
1046 2422 1342 2506 confido,
1380 2445 1421 2492 a
1467 2443 1605 2510 quo
1650 2434 1752 2492 est
1801 2421 1951 2513 ipsa
1997 2423 2297 2492 essentia
2342 2436 2408 2493 et
2457 2423 2616 2505 vita,
2669 2439 2733 2493 et

196 2526 475 2614 propter
512 2533 714 2600 quem
765 2526 868 2582 est
916 2512 1086 2581 mihi
1138 2512 1310 2581 mori
1362 2513 1675 2581 lucrum:
1731 2534 1951 2600 neque
1998 2512 2181 2581 enim
2234 2512 2606 2600 quicquam
2657 2536 2731 2582 ex

191 2601 282 2670 iis
328 2623 504 2688 quae
547 2602 656 2670 hic
703 2613 867 2671 sunt
902 2600 1221 2691 jucunda
1266 2613 1333 2671 et
1378 2600 1833 2681 delectabilia,
1887 2613 1987 2670 est
2027 2600 2519 2671 conferendum
2574 2624 2731 2672 cum

191 2711 275 2760 ea
322 2711 500 2778 quae
553 2702 656 2760 est
702 2689 871 2770 illic,
918 2690 1491 2760 remuneratione.
1546 2713 1582 2757 »
1632 2689 2089 2772 Quamobrem
2131 2711 2376 2759 saevus
2424 2689 2733 2780 indigna·

194 2791 309 2849 tus
359 2780 617 2869 LysiaS,
674 2779 974 2850 sublime
1022 2780 1090 2848 in
1161 2778 1349 2870 ligno
1402 2779 1573 2849 tollit
1617 2779 1978 2858 Athletam,
2031 2790 2097 2847 et
2144 2790 2485 2849 tormenta
2538 2777 2738 2848 infert

187 2868 343 2969 ejus
391 2868 700 2959 corpori:
755 2891 792 2935 «
834 2868 1228 2950 Videamus,
1279 2867 1551 2949 dicens,
1605 2889 1692 2936 an
1742 2866 2052 2937 Christus
2101 2867 2188 2935 sit
2239 2879 2609 2947 venturus,
2660 2882 2738 2938 ιιι

186 2978 257 3027 ei
294 2979 491 3048 opem
543 2958 735 3048 ferat.
779 2981 815 3025 »

284 3048 452 3133 §⁶-
507 3051 771 3117 Interea
820 3067 1001 3127 vero,
1070 3066 1357 3115 currens
1425 3043 1780 3123 alicunde,
1847 3044 2030 3112 venit
2093 3043 2179 3112 ad
2228 3064 2388 3113 eum
2448 3044 2737 3114 Zenobia

191 3156 388 3205 soror
432 3136 605 3225 ejus.
650 3141 836 3219 Quae
883 3156 1043 3205 cum
1092 3155 1250 3204 eum
1302 3133 1727 3223 adspexisset
1787 3132 1852 3199 in
1910 3131 1956 3200 li
2010 3154 2121 3213 n0,
2173 3145 2239 3202 et
2289 3131 2388 3201 vel
2444 3154 2523 3202 ex
2583 3134 2734 3234 ipso

192 3223 587 3312 spectaculo
628 3224 882 3315 repleta
930 3222 1171 3295 fuisset
1218 3222 1532 3303 audacia,
1585 3236 1672 3302 et,
1728 3220 1785 3289 si
1834 3220 1955 3307 qui
2040 3233 2143 3292 est
2176 3220 2403 3302 molle,
2459 3234 2577 3291 aut
2613 3244 2736 3291 tm·

191 3311 548 3393 becillum,
603 3326 722 3382 aut
770 3312 1130 3392 muliebre,
1187 3309 1251 3379 id
1292 3324 1503 3380 totum
1548 3309 1935 3398 abiecisset,
1987 3322 2156 3381 etse
2205 3332 2359 3380 vere
2405 3331 2555 3380 esse
2587 3312 2735 3401 eJus

192 3420 496 3469 sororem
549 3400 997 3471 ostendisset:
1045 3422 1080 3466 «
1119 3399 1444 3488 Superbe,
1498 3399 1747 3486 inquit,
1802 3403 2140 3488 Tyranne,
2201 3398 2536 3486 quidnam
2591 3421 2735 3471 sce-

193 3487 357 3558 leris
405 3487 688 3559 admisit
733 3488 961 3568 frater,
1006 3487 1185 3575 quod
1223 3500 1297 3557 tu
1328 3509 1488 3556 eum
1525 3487 1623 3559 sic
1657 3491 1982 3575 torques?
2022 3510 2058 3554 »
2094 3487 2217 3557 Ille
2262 3501 2490 3557 autem
2529 3488 2601 3578 (o
2649 3488 2740 3558 si-

195 3576 511 3656 nistram,
549 3589 614 3646 et
646 3577 981 3657 dolosam,
1019 3589 1084 3645 et
1113 3574 1518 3645 illiberalem
1556 3577 1860 3646 animam
1895 3576 1945 3665 l)
1991 3575 2077 3646 ad
2116 3576 2427 3647 mulieris
2457 3576 2738 3648 dicendi

192 3666 577 3736 libertatem
634 3664 1100 3757 placidissime
1141 3663 1494 3755 respondit
1539 3679 1604 3734 et
1651 3664 2026 3747 lenissime,
2067 3677 2144 3734 ut
2186 3678 2252 3735 et
2285 3666 2352 3734 in
2396 3687 2573 3746 eam,
2628 3678 2737 3734 ιιι-

192 3766 350 3847 pote
383 3753 710 3824 feminam
750 3776 820 3825 se
852 3752 1128 3823 blandis
1167 3754 1393 3823 verbis
1432 3753 1842 3833 insinuaret,
1881 3766 1947 3823 et
1978 3753 2360 3834 induceret,
2399 3766 2475 3823 ut
2523 3754 2738 3823 imbe-

189 3843 558 3915 cilliorem.
600 3842 983 3912 «Sacrifica
1020 3842 1231 3925 enim,
1278 3842 1523 3930 inquit,
1568 3842 1882 3923 Zenobia,
1943 3855 2017 3913 tu
2055 3863 2352 3930 quoque,
2399 3841 2559 3924 diis,
2613 3864 2739 3913 nec

193 3933 539 4004 sustineas
590 3931 817 4001 videre
855 3932 1151 4021 speciem
1193 3954 1275 4001 ac
1316 3932 1615 4021 vigorem
1665 3944 1732 4001 et
1792 3931 2028 4001 florem
2077 3930 2172 4000 tui
2222 3931 2555 4021 corporis,
2616 3931 2737 3999 mi·

196 4020 582 4093 serabiliter
634 4020 870 4091 multis
909 4042 987 4089 ac
1047 4020 1253 4090 variis
1308 4019 1482 4090 tradi
1533 4020 1946 4110 suppliciis:
1999 4042 2324 4108 quorum,
2370 4041 2411 4089 o
2462 4018 2732 4101 mulier,

196 4108 496 4180 dedecus
534 4122 636 4179 est
685 4108 882 4200 longe
923 4109 1074 4199 ipso
1121 4108 1354 4179 dolore
1402 4109 1707 4199 gravius.
1753 4132 1790 4176 »
1844 4108 1973 4178 Illa
2030 4121 2259 4178 autem
2318 4107 2528 4178 simul
2577 4130 2739 4179 cum

196 4196 404 4268 fratre
443 4199 629 4286 loqui
664 4199 1029 4288 incipiens,
1063 4197 1274 4268 veluti
1300 4220 1442 4268 uno
1474 4196 1775 4286 quodam
1815 4209 2004 4267 motu
2033 4196 2252 4267 animi
2275 4209 2341 4267 et
2368 4218 2736 4267 consensu:

197 4308 236 4352 ι
273 4289 413 4357 Non
459 4287 682 4369 nobis,
729 4286 1096 4367 dixerunt,
1164 4286 1635 4388 persuadebis,
1672 4308 1715 4356 o
1747 4291 2085 4375 Tyranne,
2132 4290 2343 4354 Deum
2385 4307 2621 4355 verum
2670 4298 2736 4355 et

194 4374 423 4444 vivum
473 4390 865 4465 permutare
924 4398 1084 4446 cum
1128 4375 1522 4445 S1mulacris
1588 4375 1981 4444 mortalium
2047 4374 2449 4454 hominum,
2512 4397 2633 4443 nec
2681 4375 2741 4444 si

197 4463 346 4534 fieri
379 4464 661 4552 quidem
702 4480 949 4557 posset,
991 4478 1066 4535 ut
1097 4478 1171 4535 tu
1213 4463 1757 4535 innumerabiles
1805 4462 2004 4536 nobis
2043 4477 2292 4534 mortes
2325 4463 2626 4545 afferreS‚
2677 4477 2744 4533 et
