3347 4999
699 314 826 378 2114
1112 329 1191 376 na·
1238 329 1294 377 s.
1348 327 1641 376 BRUNONE
1690 327 2194 375 cAarnusmxoa.
2253 324 2650 374 parennem
2886 306 3062 372 OCT.
3129 310 3176 374 6

611 435 1055 504 summopere
1086 412 1510 482 studentem:
1549 435 1673 482 nec
1725 412 2048 491 dubium,
2093 412 2260 500 quin
2298 410 2752 480 libentissime
2802 431 2925 478 nos
2972 432 3179 480 acce-

614 518 862 607 pturus
911 503 1022 583 sit,
1060 515 1124 571 et
1160 502 1383 572 modis
1417 501 1745 570 omnibus
1797 501 1995 571 nobis
2042 522 2241 591 opem
2293 499 2655 570 allaturus.
2710 503 2783 567 Et
2835 497 2988 568 licet
3035 522 3178 591 ego

602 599 749 685 Jar‘n
801 592 1038 661 affecta
1089 603 1306 660 aetate
1361 602 1427 659 et
1467 590 1749 661 infirma
1803 591 1931 660 sim
1985 589 2398 670 valetudine,
2446 589 2689 674 viaque
2730 589 2896 658 haec
2944 588 3180 659 ardua

610 698 677 753 et
722 679 1049 762 difficilis,
1102 679 1382 767 quando
1432 692 1656 748 tamen
1708 693 1898 749 arcta
1955 679 2061 748 via
2113 693 2246 758 est,
2300 699 2476 766 quae
2524 677 2716 747 ducit
2763 677 2847 746 ad
2901 677 3113 747 vitam
3151 734 3169 760 ,

610 794 735 842 nec
771 770 914 841 ulla
947 783 1133 839 aetas
1167 791 1320 839 sera
1350 780 1451 837 est
1483 768 1569 837 ad
1609 767 2124 858 poenitentiam,
2158 769 2216 837 si
2251 767 2629 837 statueritis
2668 787 2745 835 eo
2784 765 3164 855 proficisci,

607 883 735 962 ego
785 881 894 928 me
950 858 1143 928 vobis
1193 857 1514 928 comitem
1567 857 1953 947 praebebo:
2010 879 2130 928 nec
2171 857 2545 944 quicquam
2600 877 2723 924 nos
2758 855 3165 944 separabit,

610 949 747 1020 nisi
795 948 942 1019 sola
994 968 1202 1026 morS,
1257 945 1501 1016 Christi
1552 946 1883 1016 charitate
1939 946 2326 1035 perenniter
2362 943 2720 1034 copulatos
2759 956 2963 1031 atque
2996 967 3170 1014 con·

604 1038 972 1126 junctos.»
1009 1035 1332 1105 Eamdem
1362 1034 1579 1103 animi
1606 1035 2025 1104 alacritatem
2054 1048 2117 1104 et
2147 1033 2761 1136 promptitudinem
2793 1034 3170 1103 exhibuere

605 1128 812 1198 etiam
861 1125 1165 1194 Andreas
1197 1136 1262 1193 et
1295 1123 1667 1204 GuarinuS‚
1723 1124 2038 1193 homines
2074 1123 2230 1193 laici
2265 1137 2328 1193 et
2362 1123 2636 1203 idiotae,
2680 1122 3168 1211 petieruntque

608 1215 905 1286 breviter
951 1213 1207 1294 doceri,
1258 1234 1395 1299 quo
1445 1225 1638 1301 pacto
1684 1212 1932 1302 dignos
1986 1213 2439 1302 poenitentiae
2479 1211 2745 1281 fructus
2787 1216 2917 1281 Deo
2956 1212 3167 1281 offer-

609 1315 782 1374 rent.
836 1303 1027 1386 Quod
1078 1325 1238 1372 cum
1276 1324 1314 1371 a
1346 1301 1543 1370 beato
1586 1306 1903 1370 Brunone
1936 1300 2188 1372 factum
2228 1314 2426 1381 esset,
2461 1314 2526 1369 et
2571 1299 2918 1386 quaedam·
2947 1302 3162 1370 etiam

607 1393 694 1463 de
732 1393 908 1462 vitae
957 1391 1169 1479 hujus
1200 1389 1301 1460 fra
1354 1390 1565 1459 ilitate
1605 1403 1671 1458 et
1707 1391 2186 1471 inconstantia,
2222 1391 2306 1460 de
2336 1388 2580 1459 mundi
2610 1388 2902 1458 vanitate
2932 1404 2994 1459 et
3025 1388 3163 1458 fal-

608 1482 811 1564 lacia‚
847 1480 932 1550 de
970 1481 1228 1550 incerto
1261 1502 1300 1548 a
1384 1479 1511 1548 bac
1549 1479 1681 1547 vita
1720 1479 1927 1559 exitu,
1968 1479 2052 1550 de
2087 1481 2385 1549 Doctoris
2423 1478 2676 1548 recenti
2709 1477 3165 1548 damnatione

608 1571 728 1640 ille
773 1580 1429 1646 commemorasset,
1485 1568 1574 1637 ab
1622 1568 1934 1639 omnium
1988 1569 2208 1639 oculis
2257 1567 2495 1638 dulces
2544 1567 3012 1656 lacrymarum
3065 1568 3165 1636 ri-

608 1658 754 1728 vuli
803 1659 1288 1737 dimanarunt;
1347 1678 1637 1742 moxque
1688 1657 1754 1725 in
1807 1679 2047 1726 novam
2116 1658 2361 1727 Christi
2412 1656 2668 1726 aeterni
2719 1656 2924 1746 Regis
2975 1656 3164 1724 mili-

607 1749 771 1818 tiam
825 1747 1032 1817 simul
1097 1767 1337 1815 omnes
1404 1745 1813 1832 conjurant,
1872 1759 2122 1836 rogant.
2157 1747 2693 1834 omnipotentem
2766 1750 2973 1815 Deum
3009 1799 3024 1824 ‚
3079 1758 3158 1814 ut

606 1838 796 1927 ipsos
846 1837 914 1905 in
967 1848 1205 1905 sancto
1257 1835 1603 1925 proposito
1663 1834 2068 1915 confirmet,
2129 1848 2195 1905 et
2250 1835 2582 1924 Angelum
2635 1856 2840 1903 suum
2893 1833 3158 1903 bonum

606 1926 692 1995 ad
737 1926 924 2016 ipsos
976 1925 1219 2003 mittat,
1322 1927 1390 1991 ui
1443 1922 1531 1993 sit
1580 1923 1846 1993 itineris
1893 1923 2057 2005 dux,
2111 1938 2175 1993 et
2207 1923 2290 1992 ad
2333 1924 2556 1993 locum
2602 1944 2768 1992 suae
2812 1923 3158 2010 majestati

608 2027 882 2105 gratum
937 2013 1124 2102 ipsos
1160 2034 1280 2102 per
1333 2024 1511 2082 ucat.
1569 2012 1823 2082 Deinde
1870 2035 2027 2082 cum
2066 2013 2151 2082 de
2187 2013 2389 2081 rebus
2422 2024 2486 2081 et
2526 2011 2970 2081 facultatibus
3004 2011 3157 2080 suis

607 2101 1148 2182 constituissent,
1180 2114 1244 2170 et
1284 2099 1515 2171 omnia
1552 2124 1678 2172 sua
1719 2114 1898 2171 recte
1927 2102 2454 2202 expedivissent,
2495 2100 3158 2171 valedicuntamicis

604 2204 669 2261 et
704 2191 906 2271 notis,
952 2205 1016 2260 et
1066 2202 1302 2259 sancto
1348 2211 1463 2260 eos
1511 2189 1804 2260 ducente
1854 2191 2136 2280 Spiritu,
2191 2203 2394 2277 atque
2443 2189 2695 2279 Angelo
2733 2189 3003 2258 Domini
3036 2211 3158 2257 an-

605 2279 976 2360 tecedente,
1030 2277 1368 2369 dirigente
1416 2301 1495 2348 ac
1538 2292 1952 2369 protegente,
2009 2279 2212 2370 longo
2258 2295 2323 2348 et
2376 2277 2655 2358 molesto
2705 2301 2783 2347 ac
2818 2276 2995 2348 duro
3046 2279 3156 2347 iti-

604 2389 769 2437 nere
816 2368 902 2436 ad
954 2368 1427 2439 beatissimum
1480 2373 1836 2457 Hugonem
1880 2369 2293 2458 Episcopum
2330 2366 3042 2456 Gratianopolitanum
3081 2389 3154 2436 se

604 2456 994 2528 conferunt.
1047 2462 1120 2527 In
1175 2457 1323 2548 ipso
1362 2469 1591 2527 autem
1645 2458 1887 2527 itinere
1919 2456 2003 2528 ad
2040 2457 2408 2544 quemdam
2463 2478 2572 2527 ma
2629 2476 2754 2526 nae
2802 2455 3156 2546 religionis

603 2546 960 2616 eremitam
1003 2544 1390 2627 divertunt,
1447 2560 1519 2617 ut
1566 2547 1651 2616 ab
1683 2568 1761 2616 eo
1802 2560 2153 2634 tamquam
2204 2558 2511 2635 experte,
2620 2546 2836 2615 iscant
2884 2546 2969 2614 de
3019 2547 3154 2615 vita

604 2634 934 2705 solitaria.
969 2636 1130 2736 Ejus
1161 2647 1390 2704 autem
1424 2636 1860 2706 sermonibus
1889 2650 1952 2706 et
1986 2636 2119 2726 piis
2153 2634 2750 2705 adhortationibus
2783 2633 3154 2704 alacriores

603 2724 849 2804 effecti,
898 2724 1277 2814 majorique
1310 2746 1610 2793 amorem
1652 2725 1722 2793 in
1772 2748 1920 2793 eam
1967 2725 2170 2794 vitam
2213 2724 2649 2803 inflammati,
2708 2737 3003 2814 pergunt
3055 2724 3152 2793 ire

608 2812 1149 2902 Gratianopolim
1200 2812 1255 2878 ⁴.

692 2904 729 2989 ξ
777 2906 872 2971 θ.
927 2908 1052 2971 Per
1099 2901 1279 2970 idem
1332 2911 1558 2970 autem
1595 2913 1868 2990 tempus
1919 2901 2086 2971 vidit
2116 2916 2397 2972 sanctus
2431 2908 2630 2992 Hugo
2666 2900 3047 2992 Episcopus
3083 2902 3155 2971 in

607 2991 896 3073 somniS,
939 2996 1147 3060 Deum
1200 2990 1267 3058 in
1318 3010 1396 3058 ea
1430 2991 1683 3070 eremo,
1718 3012 1896 3077 quae
1925 2991 2280 3061 Carthusia
2318 2990 2698 3070 dicebatur,
2731 3013 2898 3059 suae
2938 2990 3153 3079 maje-

601 3079 759 3150 stati
789 3078 1073 3149 domum
1110 3077 1696 3159 exaedificantem,
1746 3093 2004 3169 septem
2055 3102 2326 3166 quoque
2374 3079 2606 3148 stellas
2654 3078 2880 3148 colore
2916 3080 3147 3160 ruti10,

601 3169 673 3237 in
706 3167 942 3238 orbem
992 3167 1387 3258 dispositaS,
1441 3180 1506 3236 et
1551 3189 1589 3236 a
1624 3180 1803 3236 terra
1855 3167 2214 3258 paululum
2250 3168 2662 3249 sublevataS‚
2698 3167 2784 3237 ab
2817 3167 2957 3238 illis
2995 3190 3150 3237 coe-

603 3255 893 3326 lestibus
923 3256 1083 3336 situ,
1138 3269 1351 3335 motu,
1406 3256 1630 3325 colore
1678 3269 1742 3326 et
1792 3256 2156 3347 splendore
2184 3256 2677 3346 discrepantes,
2718 3256 2981 3327 itineris
3018 3255 3151 3324 du-

606 3357 837 3414 catum
890 3343 1023 3412 sibi
1074 3357 1517 3434 praestantes.
1573 3350 1649 3414 Et
1695 3368 1855 3415 cum
1908 3346 1992 3415 de
2038 3367 2113 3415 ea
2157 3345 2414 3415 visione
2460 3346 2834 3436 cogitaret,
2887 3357 3143 3434 septem

606 3432 760 3513 viri,
816 3432 1057 3501 beatus
1090 3438 1316 3502 Bruno
1349 3455 1504 3502 cum
1543 3456 1656 3503 sex
1699 3435 1926 3516 sociiS,
1963 3434 2045 3504 ad
2083 3433 2264 3505 fores
2314 3434 2544 3525 palatii
2581 3435 2944 3505 adsistunt.
2977 3433 3147 3517 >Ejus

603 3520 701 3590 rei
740 3520 1056 3589 meminit
1095 3522 1197 3590 vir
1233 3522 1638 3593 venerabilis
1688 3524 1905 3616 Guigo
1947 3524 2015 3593 in
2054 3525 2222 3605 Vita,
2258 3546 2463 3610 quam
2501 3523 2801 3613 scripsit,
2840 3520 3146 3613 ejusdem

601 3608 782 3680 beati
813 3609 962 3678 viri.
998 3608 1224 3691 Adest,
1260 3611 1508 3698 inquit,
1543 3614 1865 3713 magister
1898 3619 2150 3693 Brun0,
2195 3612 2295 3681 vir
2334 3612 2687 3701 religione,
2726 3611 3148 3696 scientiaque

602 3698 935 3781 famosus,
991 3699 1366 3769 honestatis
1396 3712 1460 3769 et
1498 3703 1850 3790 gravitatis
1884 3725 1963 3772 ac
1995 3702 2201 3771 totius
2252 3702 2665 3771 maturitatis
2695 3701 2893 3788 quasi
2933 3697 3154 3788 quod-

601 3786 763 3857 dam
817 3786 1299 3859 simulacrum.
1338 3788 1643 3858 Habebat
1677 3804 1902 3860 autem
1940 3790 2161 3861 socios
2210 3806 2422 3878 supra
2458 3802 2910 3870 memoratos;
2947 3809 3154 3876 quae-

602 3876 851 3946 rebant
900 3900 1056 3948 vero
1105 3878 1332 3947 locum
1384 3878 1775 3948 eremiticae
1815 3879 1988 3948 vitae
2019 3900 2434 3969 congruum,
2479 3878 2915 3965 necdumque
2963 3899 3154 3966 repe—

601 3978 857 4035 rerant.
921 3971 1102 4037 Haec
1159 3966 1401 4057 Guigo.
1457 3971 1624 4036 Cum
1672 3990 1837 4058 ergo
1878 3967 2282 4037 nunciatum
2318 3980 2495 4037 esset
2543 3967 2923 4056 Episcopo,
2978 3967 3156 4034 viros

601 4066 863 4144 septem
900 4069 1078 4125 stare
1124 4077 1284 4144 prae
1326 4054 1613 4134 foribus,
1652 4059 1774 4143 qui
1809 4057 2098 4146 cupiant
2142 4079 2302 4125 cum
2355 4057 2508 4147 ipso
2546 4055 2871 4143 colloqui,
2928 4054 3160 4126 conse-

595 4144 759 4214 stim
791 4166 905 4213 eos
928 4144 1125 4231 jubet
1160 4144 1528 4214 introduci.
1575 4146 1918 4235 Ingressis
1955 4144 2114 4225 illis,
2158 4145 2340 4215 etad
2381 4144 2586 4235 pedes
2611 4146 2763 4235 ejus
2807 4143 3160 4215 humiliter

609 4231 991 4322 prostratiS,
1031 4243 1332 4323 optatam
1365 4234 1671 4324 impertit
1705 4234 2279 4304 benedictionem.
2311 4240 2615 4322 Cumque
2654 4234 2739 4303 ab
2779 4256 2858 4304 eo
2891 4232 3156 4314 elevati,

646 4392 673 4416 ¹⁵
703 4392 1053 4443 Gratianopolis
1086 4404 1130 4434 *a
1160 4395 1382 4436 Gratiano
1411 4394 1744 4447 Imperatore),
1783 4394 1893 4445 gall.
1933 4396 2157 4441 Grenoble,
2189 4397 2392 4446 antiqua
2429 4396 2742 4444 Delphtnatus
2776 4393 3080 4444 metropolis,
3110 4394 3164 4435 ln

592 4446 759 4489 thlls.
779 4450 846 4489 Ab
866 4448 1214 4499 Allobrogibus,
1232 4450 1314 4498 qut
1334 4460 1438 4489 eam
1458 4451 1725 4498 condtdere.
1745 4452 1908 4490 Cularo
1927 4449 2195 4490 vocabatur.
