3347 4999
162 347 371 414 OCT.
423 347 506 412 24
821 365 900 410 na
951 365 1005 410 s.
1062 364 1310 411 Auerna
1357 365 1546 412 naar.
1601 365 1678 410 nr
1726 363 1925 412 socus
1971 364 2125 414 mus
2526 347 2654 412 687

160 463 242 519 et
299 447 680 538 Aethiopia,
732 462 799 518 et
845 462 1003 519 ante
1050 462 1112 518 te
1163 449 1227 516 in
1281 447 1748 519 Homeritide:
1800 471 1973 537 quos
2006 471 2158 518 vera
2199 449 2530 529 dicenteS,
2573 461 2638 518 et
2671 472 2745 520 se

164 538 493 627 benigne
539 553 851 628 gerentes
900 538 969 607 in
1021 538 1411 627 subjectos,
1470 561 1601 608 non
1637 592 1652 618 ,
1714 550 1789 607 ut
1832 552 1900 608 tu
1952 541 2114 615 Rex,
2172 539 2574 629 pejerantes.
2621 539 2740 608 sed

164 626 353 699 aliis
390 627 727 716 promissa
778 626 1166 715 implentes,
1218 627 1415 715 quasi
1467 642 1542 697 ut
1591 632 1802 696 Deum
1858 626 2238 696 honorabat
2287 626 2610 716 populuS.
2663 632 2743 697 Et

162 722 373 786 Deus
417 714 697 815 quidem
748 737 985 785 eorum
1037 737 1213 803 quae
1246 738 1285 785 a
1319 730 1381 785 te
1428 715 1628 797 fiunt,
1681 716 1838 785 odio
1887 715 2151 786 babens
2196 714 2734 805 improbitatem,

164 819 265 885 te,
332 826 457 891 qul
510 804 575 871 in
627 825 784 873 eum
818 802 1006 874 fuisti
1054 805 1144 874 im
1206 805 1315 876 ius
1360 818 1425 874 et
1473 804 1798 880 infidelis,
1855 826 2009 874 mox
2057 804 2351 894 deponet
2397 804 2485 873 ab
2527 805 2618 873 im
2713 844 2742 857 -

166 896 314 973 rio,
377 891 587 980 idque
620 892 837 961 tradet
885 893 1028 962 viro
1076 895 1122 963 fi
1173 894 1262 963 eli
1310 907 1375 963 et
1424 893 1648 963 bono:
1705 894 2051 963 roborabit
2097 907 2323 963 autem
2360 907 2426 963 et
2470 906 2622 961 exto
2654 893 2744 964 let

164 1002 424 1074 genus
466 980 1036 1061 Christianorum,
1079 1004 1541 1073 magnamque
1575 1004 1771 1052 suam
1807 981 2054 1051 efficiet
2085 980 2484 1060 Ecclesiam,
2530 1003 2739 1067 quam

164 1088 248 1142 tu
308 1070 475 1161 igne
521 1071 1041 1159 consumpsisti,
1080 1086 1145 1140 et
1185 1071 1379 1140 humi
1430 1071 1761 1161 dejecisti.
1815 1076 1953 1160 Ego
2000 1085 2227 1140 autem
2263 1092 2416 1141 sum
2470 1069 2736 1148 beatus,

165 1182 325 1229 non
368 1157 457 1228 ob
496 1157 563 1226 id
605 1160 1027 1246 praesertim,
1063 1159 1244 1247 quod
1290 1160 1356 1228 in
1404 1159 1532 1228 hac
1568 1160 1699 1229 vita
1751 1160 1816 1227 in
1860 1163 2033 1230 bona
2069 1159 2166 1230 fui
2200 1159 2734 1228 existimatione:

166 1249 301 1320 sed
371 1247 534 1333 quia
586 1248 655 1315 in
712 1246 1047 1336 profunda
1103 1262 1446 1319 senectute
1490 1250 1681 1340 (jam
1733 1249 1917 1318 enim
1986 1270 2117 1339 ago
2176 1248 2740 1339 nonagesimum-

168 1338 521 1426 quintum
574 1357 864 1415 annum,
921 1336 1157 1407 videns
1205 1337 1761 1416 filiosfiliorum,
1813 1351 1875 1407 et
1925 1336 2105 1406 filias
2155 1336 2486 1418 filiarum)
2526 1337 2741 1407 subeo

170 1424 636 1513 martyrium,
679 1438 747 1494 et
779 1437 915 1493 tam
955 1448 1274 1516 magnam
1319 1440 1382 1495 et
1417 1426 1671 1516 populo
1719 1439 1853 1495 tam
1907 1425 2327 1514 frequentem
2364 1425 2732 1503 civitatem,

166 1531 243 1585 et
298 1528 515 1582 totam
570 1514 870 1600 regionis
916 1514 1133 1604 ipsius
1181 1529 1448 1606 gentem
1496 1521 1626 1585 Deo
1668 1516 1923 1585 offero:
1976 1515 2098 1602 qui
2144 1515 2346 1584 etiam
2401 1515 2533 1584 mei
2587 1537 2739 1604 per-

170 1615 472 1695 petuam
514 1603 1021 1673 conservabunt
1062 1605 1489 1684 memoriam,
1531 1626 1842 1675 summas
1875 1603 1977 1673 illi
2010 1616 2288 1694 agentes
2327 1603 2672 1694 gratias.»

266 1694 308 1778 §
361 1696 515 1762 19.
570 1689 660 1759 Ad
740 1691 1072 1781 populum
1141 1705 1368 1761 autem
1434 1715 1850 1771 conversus,
1913 1706 1977 1762 et
2036 1693 2118 1761 ad
2189 1705 2733 1781 commartyreS,

161 1783 421 1872 (erant
466 1780 648 1848 enim
718 1801 850 1849 non
920 1779 1142 1850 solum
1203 1783 1351 1850 visu
1390 1782 1981 1869 jucundissimus,
2028 1781 2143 1850 sed
2194 1781 2397 1850 etiam
2452 1781 2519 1849 in
2572 1802 2737 1849 con-

164 1866 516 1939 cionibus
562 1867 645 1936 ad
709 1869 1041 1958 populum
1091 1868 1688 1959 facundissimus),
1744 1871 1842 1939 sic
1889 1869 2099 1939 dixit:
2149 1893 2183 1936 «
2222 1870 2358 1938 Viri
2409 1869 2616 1949 cives,
2669 1884 2737 1938 et

160 1955 426 2034 amici,
479 1970 544 2025 et
589 1958 887 2045 cognati,
920 1970 984 2027 et
1016 1959 1440 2045 quicumque
1491 1971 1766 2049 propter
1802 1959 2371 2029 consuetudinem
2405 1972 2471 2028 et
2505 1979 2731 2027 rerum

161 2044 752 2117 communionem
804 2045 888 2114 ad
942 2068 1066 2116 nos
1135 2049 1433 2117 attinetis
1466 2103 1481 2128 ,
1533 2070 1711 2135 quae
1771 2048 2027 2136 patriae
2072 2047 2350 2136 quidem
2410 2061 2476 2115 et
2535 2047 2738 2116 nobis

157 2133 462 2205 civibus
507 2148 901 2214 evenerunt,
934 2157 1091 2204 cum
1125 2157 1257 2205 non
1292 2137 1484 2226 prius
1530 2135 2218 2217 consideraverimus,
2277 2157 2496 2222 neque
2536 2157 2733 2205 scru-

162 2222 293 2295 tati
350 2220 703 2292 fuerimus
766 2222 831 2292 id
884 2224 1065 2310 quod
1126 2236 1268 2293 erat
1323 2225 1662 2299 futurum,
1716 2226 1832 2295 sed
1889 2225 2116 2294 fallaci
2167 2225 2454 2305 homini,
2502 2239 2567 2293 et
2613 2225 2734 2310 qui

169 2333 306 2381 nos
369 2309 620 2380 fraude
676 2310 996 2382 studebat
1048 2335 1312 2404 capere,
1372 2313 1895 2395 crediderimus,
1943 2315 2094 2400 ipsa
2143 2315 2462 2384 novimus
2529 2334 2734 2402 expe-

178 2398 438 2471 rientia
470 2455 484 2479 ,
540 2414 614 2468 ut
660 2402 776 2486 qui
827 2422 983 2471 cum
1041 2402 1124 2470 iis
1177 2404 1293 2488 qui
1346 2402 1511 2473 foris
1569 2418 1809 2483 erant,
1867 2404 2334 2473 molestiarum
2398 2402 2738 2472 fuerimus

182 2488 593 2582 participes
658 2495 843 2573 Quae
893 2512 1046 2560 vero
1101 2492 1167 2559 in
1225 2497 1430 2561 Deum
1489 2492 1793 2582 linguam
1845 2514 2122 2562 movens
2159 2492 2427 2562 locutus
2473 2506 2573 2562 est
2625 2492 2734 2560 hic

176 2577 566 2669 superbus,
631 2579 799 2669 ipsis
839 2580 1128 2650 auribus
1188 2581 1570 2651 audivistis.
1627 2581 1819 2663 Quod
1869 2596 2095 2651 autem
2156 2582 2236 2650 ad
2301 2581 2546 2651 Christi
2613 2581 2726 2649 Dei

181 2681 514 2760 provocet
572 2669 1047 2758 negationem,
1123 2683 1454 2740 testantur
1512 2672 1794 2758 quidem
1856 2691 2093 2740 eorum
2158 2670 2279 2757 qui
2346 2691 2733 2758 praecesse-

179 2770 397 2834 runt,
457 2756 800 2845 plurimae
859 2770 923 2825 et
977 2780 1180 2828 omne
1248 2780 1469 2848 genus
1528 2759 1813 2828 caedes:
1885 2772 2221 2828 testantur
2279 2773 2505 2828 autem
2562 2757 2729 2826 haec

174 2866 467 2935 quoque
518 2844 813 2926 vincula,
858 2868 1036 2933 quae
1087 2870 1208 2935 pro
1261 2848 1503 2937 pietate
1554 2849 1751 2918 nobis
1783 2860 1947 2916 sunt
1989 2848 2329 2938 imposita.
2379 2851 2449 2915 Et
2492 2845 2736 2915 fuisset

174 2934 469 3024 quidem
542 2934 985 3022 sapientium,
1058 2958 1189 3005 non
1240 2958 1387 3006 esse
1436 2936 1737 3014 timidos,
1798 2949 1863 3005 et
1915 2936 2089 3005 vitae
2142 2935 2350 3004 nimis
2396 2934 2725 3024 cupidos,

177 3044 414 3110 neque
463 3022 626 3091 huic
675 3023 927 3093 callido
977 3039 1043 3093 et
1103 3027 1417 3115 improbo
1476 3025 1828 3095 veteratori
1899 3025 2212 3101 credere,
2269 3023 2473 3091 fidem
2534 3023 2735 3092 adbi·
2802 3068 2823 3089 .

180 3116 428 3183 bentes
451 3110 897 3200 jusjurando,
936 3114 1118 3200 quod
1155 3128 1256 3184 est
1292 3115 1885 3204 promptissimum
1928 3114 2265 3183 malorum
2307 3113 2678 3181 artificium
2712 3136 2727 3179 ε

180 3201 300 3273 sed
339 3199 601 3269 bellum
644 3201 976 3271 adversus
1027 3204 1253 3293 ipsum
1292 3204 1663 3293 suscipere,
1703 3216 1790 3281 et,
1830 3207 1960 3271 Deo
2011 3222 2312 3293 pugnam
2368 3201 2731 3270 nobiscum

178 3301 613 3380 capessente,
650 3288 895 3359 ulcisci
934 3289 1119 3360 bunc
1150 3291 1469 3380 impium.
1507 3295 1673 3360 Cum
1727 3303 1954 3359 autem
2000 3312 2105 3360 res
2142 3304 2410 3359 nostrae
2457 3289 2539 3358 ad
2578 3311 2727 3358 eam

180 3377 531 3448 adductae
580 3390 741 3446 sunt
792 3379 1307 3458 necessitatem,
1361 3394 1436 3448 ut
1508 3378 1605 3447 vel
1680 3384 1999 3468 Tyranno
2063 3392 2419 3471 parentes,
2471 3392 2537 3447 et
2610 3400 2737 3448 nos

181 3465 403 3556 impie
476 3477 812 3554 gerenteS,
890 3466 1093 3535 vitam
1146 3489 1434 3557 agamus
1484 3469 1847 3537 miseram:
1917 3467 2016 3538 vel
2071 3490 2204 3539 non
2268 3482 2608 3559 parentes,
2669 3481 2734 3537 et

182 3556 511 3646 pietatem
563 3567 973 3635 exercentes,
1021 3555 1292 3625 beatum
1346 3555 1548 3624 finem
1608 3556 2103 3646 adipiscamur,
2157 3557 2559 3627 studeamus
2602 3557 2730 3625 im-

181 3641 548 3713 mortalem
600 3640 890 3731 gloriam
952 3645 1281 3731 consequi
1335 3667 1452 3733 per
1510 3645 1944 3734 martyrium.
2011 3651 2140 3716 Nec
2212 3668 2316 3716 me
2396 3646 2738 3715 existimet

180 3731 466 3819 aliquis,
510 3745 856 3817 tamquam
890 3731 1036 3820 jam
1088 3755 1344 3814 senem,
1384 3748 1448 3803 et
1497 3733 1778 3824 plenum
1830 3734 2128 3816 dierum,
2182 3734 2389 3804 finem
2443 3754 2722 3834 cupere,

180 3835 248 3891 et
313 3821 468 3890 ideo
531 3818 704 3889 alios
764 3820 847 3888 ad
905 3834 1188 3891 mortem
1252 3822 1573 3892 incitare:
1628 3823 1746 3891 sed
1797 3823 2186 3894 consideret
2244 3843 2733 3910 unusquisque

182 3924 517 3987 vestrum,
576 3923 857 3977 mortem
914 3931 1063 3978 esse
1118 3931 1490 3982 commune
1536 3911 1845 3981 debitum
1887 3924 1953 3981 et
1994 3912 2258 4001 Juveni,
2311 3923 2377 3981 et
2424 3911 2597 3993 seni,
2666 3924 2731 3980 et

182 4020 332 4068 esse
382 3996 846 4068 inevitabilem
882 4000 1190 4089 corporis
1222 4000 1773 4071 dissolutionem.
1825 4004 2061 4087 ltaque
2113 4022 2245 4069 non
2296 4022 2413 4070 exs
2465 4011 2729 4069 ectetur

184 4084 347 4155 finis
375 4088 794 4167 communis,
832 4100 897 4155 et
942 4088 1060 4174 qui
1093 4111 1218 4157 sua
1250 4103 1494 4179 sponte
1545 4089 1765 4158 venit:
1819 4088 1935 4158 sed
1978 4090 2246 4159 studeat
2291 4023 2606 4176 quilibet,
2653 4101 2734 4159 ut

188 4172 513 4274 sit-quam
549 4175 698 4245 fieri
736 4176 979 4265 poterit
1011 4176 1354 4266 gloriosus
1386 4191 1451 4248 et
1481 4180 1747 4248 beatuS.
1792 4177 2135 4259 Quidnam
2196 4191 2422 4248 autem
2483 4178 2732 4248 dixerit

187 4266 533 4353 qulspiam
590 4264 920 4354 martyrio
948 4265 1341 4355 gloriosius,
1380 4282 1500 4338 aut
1534 4268 2042 4354 quaestuosius,
2092 4281 2213 4338 aut
2261 4268 2394 4357 piis
2428 4267 2731 4338 homini-

189 4347 323 4420 bus
371 4353 681 4424 beatius?
725 4359 865 4457 Ego
919 4354 1130 4437 enim,
1185 4355 1241 4424 si
1274 4355 1443 4425 .fieri
1494 4367 1764 4447 posset,
1834 4371 2110 4459 propter
2156 4356 2500 4428 Christum
2551 4355 2730 4427 mori

191 4458 393 4528 saepe
425 4454 489 4511 et
528 4443 675 4532 ipse
721 4444 1069 4534 eligerem,
1109 4457 1174 4515 et
1206 4443 1361 4516 aliis
1400 4445 1877 4520 consulerem:
1915 4468 2152 4537 sicque
2197 4459 2374 4519 esset
2406 4458 2473 4517 et
2511 4446 2732 4536 major
