3347 4999
203 161 374 227 OCT.
434 161 511 225 14
936 179 1013 224 na
1063 180 1117 225 s.
1174 176 1544 224 ausemano
1594 181 1842 226 naama.
1897 182 1994 226 Er.
2518 163 2645 227 389

198 262 764 420 prudentissima,
821 264 1018 333 nobis
1074 264 1307 334 lumen
1361 278 1671 332 nostrum
1728 265 2151 352 primitivum
2202 264 2567 335 destinavit
2624 266 2738 333 Ki-

232 354 494 431 ianum,
528 351 922 442 Burgundis
956 352 1483 430 Columbanum,
1528 353 1927 422 Alamannis
1954 352 2219 423 Gallum
2255 376 2269 434 ;
2309 352 2548 423 Anaua
2584 376 2740 424 vero

195 441 563 511 universae
614 441 1017 509 Germaniae
1081 462 1412 529 magnum
1466 441 1887 510 Bonifacium
1929 442 1994 521 ⁸,
2051 455 2112 510 et
2161 406 2475 511 orienta‘li
2528 447 2741 512 Fran-

194 530 343 599 ciae
395 529 746 617 primurn,
825 530 1128 616 satisque
1195 529 1518 598 idoneum
1574 544 1912 619 pastorem
1947 584 1961 609 ‚
2015 541 2077 598 et
2131 530 2308 616 quod
2386 532 2740 600 verissime

195 616 529 696 creditur,
585 617 811 687 adhuc
866 618 1162 688 incultae
1198 618 1406 686 nimis
1456 619 1795 688 Ecclesiae
1836 618 2028 686 valde
2079 619 2536 687 necessarium
2591 641 2742 719 spe-

195 705 529 776 culum*
561 707 1061 776 Burchardum.
1094 706 1357 788 Quibus
1395 708 1775 795 spiritualis
1804 707 2087 776 militiae
2115 706 2411 777 ducibus
2444 708 2736 791 eximtiS‚

193 795 450 882 cuique
486 796 594 866 sui
648 796 1019 885 magisterii
1071 818 1323 882 sequax
1374 796 1791 866 adhaerebat
1839 797 1907 864 in
1949 800 2074 865 Deo
2110 794 2303 863 fortis
2350 796 2731 879 exercitus;

193 906 493 971 quorum
547 883 819 971 singula
869 885 1030 972 quia
1081 906 1215 953 non
1258 899 1445 953 vacat
1494 886 1800 954 invenire
1848 884 2203 964 vocabula,
2259 883 2465 954 libeat
2494 906 2731 953 eorum

196 971 533 1061 exemplis
577 973 802 1061 potius
837 974 1112 1042 studere
1164 973 1637 1061 poenitentiae,
1691 996 1897 1060 quam
1962 973 2384 1042 nominibus.
2421 974 2558 1043 ‚His
2609 972 2735 1042 ita-

196 1083 334 1148 que
376 1082 497 1149 pro
540 1062 831 1129 stamine
870 1062 1039 1131 telae
1070 1063 1453 1151 propositae
1506 1065 1887 1151 praetextiS,
1929 1062 2190 1131 Christo
2232 1063 2537 1148 juvante,
2606 1062 2738 1130 'am

197 1162 475 1237 tempus
507 1149 714 1238 exigit
760 1163 1138 1238 utcumque
1187 1152 1318 1220 sub
1364 1163 1631 1241 tegmen
1688 1164 2182 1236 consequenter
2245 1152 2557 1239 innecten
2617 1172 2730 1219 um

199 1238 559 1318 innodare,
614 1238 697 1307 ad
751 1239 1210 1308 renovandam
1250 1239 1508 1309 scilicet
1538 1255 1883 1309 aeternam
1924 1239 2322 1308 memoriam
2376 1239 2583 1328 primi
2620 1261 2738 1308 no-

199 1327 322 1397 stri
390 1325 765 1397 Mandritae
835 1328 1381 1418 praenominati,
1436 1330 1850 1420 saepiusque
1901 1327 2305 1396 nominandi
2356 1327 2739 1397 Burchardi

196 1415 568 1485 Praesulis.

287 1506 323 1590 ξ
372 1510 445 1576 1.
504 1505 693 1574 Sicut
739 1504 1005 1574 diversa
1056 1503 1479 1574 diversorum
1528 1510 1803 1574 Patrum
1863 1516 2191 1573 testantur
2239 1504 2517 1594 scripta,
2571 1504 2738 1572 dum

201 1592 660 1662 Greoorianae
709 1593 986 1683 signum
1042 1593 1510 1682 plantationis,
1558 1594 1929 1683 Anglorum
1962 1592 2222 1661 novella
2253 1593 2731 1682 germinasset,

199 1644 638 1771 pulfulasset‚
700 1696 1032 1750 cresceret
1094 1694 1296 1768 atque
1346 1683 1731 1751 floresceret
1777 1682 2075 1751 Ecclesia
2108 1737 2122 1759 ,
2178 1702 2480 1769 semper,
2533 1695 2606 1750 ut
2654 1682 2740 1750 de

199 1769 440 1839 eodem
486 1768 738 1839 dicitur
786 1770 1083 1845 doctore,
1140 1770 1521 1840 venerabile
1588 1771 1901 1841 meritum
1975 1772 2125 1858 ejus
2177 1769 2427 1839 ibidem
2481 1770 2742 1858 accepit

199 1859 707 1927 incrementum
747 1883 760 1942 ;
841 1859 1294 1928 fructificante
1365 1859 1693 1928 nimirum
1770 1858 2076 1948 ejusdem
2157 1860 2378 1949 gentis
2426 1858 2561 1927 fide
2671 1880 2745 1927 er

200 1946 458 2015 multas
510 1962 895 2036 temporum
934 1949 1403 2017 successiones
1452 1950 1640 2016 omni
1687 1948 2036 2039 religionis
2095 1947 2473 2027 devotione,
2515 1958 2577 2015 et
2635 1968 2740 2015 er·-

203 2035 447 2104 tilitate
494 2035 831 2104 bonorum
885 2058 1195 2126 operum.
1252 2036 1559 2105 Florebat
1609 2037 1860 2106 interea
1927 2036 2162 2104 eadem
2227 2036 2292 2103 in
2350 2036 2574 2105 insula
2639 2034 2738 2103 vel

199 2124 426 2214 patria
475 2123 605 2192 sub
646 2146 801 2213 rege
853 2125 1434 2193 Christianissimo
1480 2126 1851 2194 aromatica
1886 2125 2222 2210 quaedam
2275 2124 2519 2193 Christi
2584 2124 2737 2193 boni

200 2212 432 2281 odoris
481 2212 751 2293 areola,
811 2214 1061 2284 nobilis
1119 2214 1353 2300 utique
1422 2213 1834 2285 nobilissimi
1898 2212 2275 2282 Burchardi
2342 2212 2736 2313 parentela;

207 2323 385 2387 quae
434 2313 567 2369 tam
616 2302 842 2381 rebuS,
897 2324 1101 2388 quam
1163 2324 1408 2391 genere
1456 2302 1685 2382 clara,
1740 2303 1953 2370 divini
2007 2302 2270 2371 timoris
2341 2302 2476 2371 insi
2535 2301 2741 2371 nibus

203 2390 573 2458 notabatur
619 2390 705 2458 ab
739 2392 1062 2460 omnibus
1098 2391 1468 2480 praeclara;
1524 2413 1809 2477 seseque
1864 2391 2229 2481 praecipue
2278 2412 2400 2481 per
2457 2391 2473 2458 i
2534 2446 2548 2471 ,
2605 2413 2739 2459 non

205 2490 468 2548 tantum
523 2479 956 2550 convicaneis
990 2493 1053 2550 et
1100 2480 1628 2562 contributibus,
1676 2480 1791 2550 sed
1842 2493 1906 2551 et
1939 2480 2256 2550 universo
2286 2501 2495 2569 regno
2546 2503 2742 2570 prae-

200 2567 356 2637 buit
389 2565 950 2650 famosissimam,
1005 2569 1186 2655 quod
1224 2569 1292 2651 in
1344 2569 1543 2638 bonis
1591 2569 1860 2638 actibus
1913 2569 2085 2638 nulli
2135 2569 2554 2658 generationi
2615 2581 2742 2637 ter-

201 2677 318 2724 rae
373 2655 582 2734 itlius,
638 2678 707 2724 se
759 2658 1141 2747 patiebatur
1187 2679 1333 2726 esse
1394 2658 1793 2727 secundam.
1850 2663 1996 2741 Qua
2051 2658 2135 2725 de
2187 2680 2255 2726 re
2306 2678 2436 2724 non
2501 2658 2739 2724 incon-

202 2767 373 2835 grue
433 2744 829 2814 Davidicum
883 2745 1054 2814 illud
1110 2746 1409 2836 elogium
1460 2747 1792 2816 divinitus
1841 2748 1935 2816 ibi
1989 2745 2438 2834 implebatur:
2507 2750 2745 2813 Potens

204 2836 273 2901 in
310 2844 491 2902 terra
530 2836 655 2902 erit
702 2857 921 2903 semen
976 2837 1167 2925 ejus:
1215 2839 1559 2926 qeneracz'o
1608 2847 1936 2905 rectorum
1987 2836 2406 2904 benedicetur
2436 2833 2587 2921 (Ps.
2631 2832 2736 2920 3).

204 2922 450 2991 Ditavit
497 2923 755 3012 quippe
802 2945 918 2992 eos
966 2923 1348 2993 benedictio
1396 2924 1627 2993 divina
1670 2925 1857 3014 prole
1887 2925 2160 3015 gemina
2214 2922 2422 2990 nimis
2463 2921 2735 3002 eximia,

204 3032 380 3097 quae
431 3012 642 3100 patris
676 3011 884 3081 simul
920 3034 998 3082 ac
1042 3014 1302 3095 matris,
1352 3013 1561 3081 immo
1614 3015 1819 3082 totius
1867 3010 2326 3101 generationis
2369 3009 2556 3079 illius
2606 3009 2741 3078 uti-

204 3122 337 3185 que
390 3100 737 3188 praeclara
785 3100 1139 3169 excelleret
1190 3102 1452 3182 merita,
1500 3100 1895 3170 Burchardo
1947 3098 2257 3168 videlicet
2303 3111 2506 3185 atque
2556 3097 2742 3167 swit-

204 3187 419 3268 hun0‚
477 3203 764 3274 utroque
835 3189 1122 3259 coelitus
1194 3190 1325 3260 sibi
1391 3190 1765 3258 destinatae
1832 3189 1931 3257 vel
1995 3187 2301 3278 provisae
2372 3185 2740 3255 cathedrae

205 3289 439 3376 postea
479 3276 800 3365 pontifice
844 3277 1097 3347 sutum.
1144 3281 1195 3347 Ο
1227 3299 1432 3364 quam
1470 3277 1872 3347 benedictus
1917 3277 2180 3345 fructus
2212 3276 2467 3344 ventris
2504 3276 2742 3344 matris

204 3364 440 3446 nlius,
501 3365 621 3451 qui
700 3366 1110 3434 medicinam
1181 3379 1491 3435 aeternae
1567 3365 1809 3436 salutis
1861 3366 2280 3436 sufficienter
2330 3364 2743 3434 ministravit

207 3453 483 3523 duabus
532 3475 839 3523 seorsum
895 3455 1313 3536 nationibus,
1367 3454 1644 3545 Angliae
1683 3477 1802 3544 per
1852 3455 2244 3545 indigenam
2299 3475 2503 3522 suum
2558 3452 2744 3523 Swit-

204 3540 502 3622 hunum,
551 3541 877 3611 Orientali
908 3543 1363 3612 nihilominus
1391 3544 1714 3612 Franciae
1743 3543 1845 3579 Μ*
1885 3566 2004 3645 per
2041 3542 2374 3612 advenam
2405 3541 2743 3610 Burchar-

205 3631 410 3700 duml
450 3636 654 3700 Porro
703 3643 1068 3732 antequam
1129 3631 1209 3700 de
1270 3631 1581 3717 ejusdem
1636 3645 1903 3722 patroni
1969 3632 2180 3701 nostri
2230 3631 2744 3699 conversatione

205 3720 607 3801 narrationi,
639 3719 846 3806 cujus
878 3742 1019 3806 Jam
1064 3719 1511 3789 fundamenta
1536 3721 1861 3809 jecimus,
1896 3733 2309 3792 structuram
2357 3718 2742 3808 praemedi-

207 3820 408 3877 tatam
463 3829 1038 3899 superponamu8‚
1073 3830 1287 3898 pauca
1323 3830 1500 3895 quae
1550 3809 1633 3878 de
1682 3831 2010 3900 germano
2057 3809 2207 3898 ejus
2247 3806 2735 3896 comperimu5‚

204 3918 416 3985 aeque
445 3896 882 3966 sanctissimo
908 3898 1262 3986 Episcop0‚
1297 3897 1567 3966 silentio
1605 3899 1879 3987 penitus
1916 3921 2047 3968 non
2087 3896 2735 3998 praetermittamus

207 3990 298 4055 Ex
364 3987 601 4077 Anglia
667 3986 807 4055 nati
855 3984 1095 4056 fratres
1144 3986 1404 4056 Gotwin
1455 3999 1518 4055 et
1564 3986 1924 4070 Adelmar‚
1987 3987 2242 4072 alitque
2291 3983 2743 4073 quamplures

259 4184 282 4204 ⁴*
303 4181 411 4221 Vita
431 4182 471 4221 S.
501 4182 728 4222 But-isacii
749 4181 806 4221 M.
827 4181 1028 4222 habetur
1046 4182 1095 4220 in
1114 4182 1256 4228 Surio,
1277 4182 1378 4223 Vol.
1401 4182 1475 4228 VI,
1494 4193 1595 4232 pag.
1625 4185 1713 4228 112,
1733 4184 1820 4222 etc.

262 4236 316 4262 ⁸¹*
345 4236 614 4282 Legendum
634 4237 769 4279 forte.
789 4237 1111 4286 speculatorem.

260 4288 344 4315 *¹⁸*
372 4288 568 4327 francia
587 4289 818 4329 orientalis
838 4292 1004 4330 vocata
1022 4291 1095 4329 est
1113 4289 1275 4330 seculo
1295 4290 1476 4335 octavo,
1495 4298 1614 4337 quae
1635 4290 1798 4338 postes
1815 4288 2081 4328 Francorum.
