3347 4999
717 346 843 409 362
1527 366 1601 411 na
1649 367 1705 412 s.
1758 366 2049 413 Romano
2099 366 2256 413 aeos
2850 345 3025 411 OCT.
3104 345 3186 410 13

625 451 979 525 Dominus,
1024 448 1143 535 qui
1194 461 1355 517 sunt
1400 448 1572 534 ejas,
1617 464 1683 518 et
1715 451 2074 519 miseretur
2124 451 2236 519 cui
2291 449 2602 530 voluerit,
2655 464 2718 518 et
2771 449 3184 518 misericor-

623 538 831 629 diam·
864 552 1177 628 praestat,
1232 537 1301 605 in
1352 558 1554 623 quem
1606 539 1736 607 sibi
1781 539 2135 629 placuerit.
2189 544 2417 625 Neque
2455 539 2639 607 enim
2676 560 2756 607 ex
2797 539 2904 608 sui
2939 538 3188 628 ipsius

624 644 890 707 natura,
947 626 1044 694 vel
1101 641 1465 717 paupertas
1509 642 1826 716 praestat,
1879 627 1976 696 vel
2018 628 2336 696 adimunt
2377 626 2655 696 divitiae
2696 628 3175 706 sanctitatem;

623 739 745 787 nec
783 715 1156 806 perfectum
1194 716 1601 795 obscuritas,
1634 738 1758 785 nec
1790 717 2156 806 reprobum
2195 716 2473 787 claritas
2503 716 2696 797 facit;
2743 736 2866 784 nec
2904 714 3191 785 claudit

622 806 924 886 libertas,
971 826 1092 874 nec
1142 817 1393 873 reserat
1426 806 1720 874 servitus
1755 806 2179 894 paradisum.
2226 807 2496 875 Primus
2534 805 2916 895 patriarcba
2954 804 3191 874 Abra·

625 895 781 964 bam
834 910 898 963 et
942 893 1133 964 dives
1200 893 1551 974 scribitur,
1602 906 1667 963 et
1720 894 2080 984 persectuS‚
2134 895 2340 982 cujus
2389 894 2562 963 fides
2608 892 3042 962 admirabilis
3108 906 3186 963 et

622 983 1009 1055 obedientia
1062 983 1496 1051 inimitabilis
1546 984 1612 1052 in
1666 1005 1893 1052 rerum
1947 984 2260 1053 omnium
2297 984 2497 1072 eopia
2547 982 3004 1073 praedicatur.
3038 988 3176 1052 Jo-

626 1075 822 1163 seph,
861 1072 1188 1142 dominus
1220 1072 1501 1162 Aegypti
1543 1074 1960 1142 constitutus
1993 1094 2033 1142 a
2068 1095 2247 1161 rege,
2290 1074 2608 1141 universo
2656 1072 2805 1141 orbi
2844 1071 3183 1161 praebuit

625 1162 959 1233 castitatis
1005 1160 1421 1250 exemplum.
1478 1166 1769 1230 Sanctus
1814 1162 1937 1232 lob
1984 1161 2212 1247 qualis
2240 1162 2306 1230 in
2343 1161 2603 1231 divitiis
2651 1160 2877 1241 suerit,
2915 1182 3179 1230 earum

628 1250 940 1342 probavit
987 1250 1374 1339 ademptio:
1418 1271 1621 1336 quem
1662 1251 1946 1320 morbus
1978 1250 2306 1339 corporiS,
2363 1251 2641 1319 tentatio
2689 1250 2946 1328 uxoris,
2984 1251 3184 1318 ami-

625 1361 863 1409 corum
914 1339 1808 1429 exprobratiouspectabili
1865 1340 2186 1428 patientia
2240 1337 2537 1408 reddidit
2584 1338 2969 1408 clariorem.
3023 1343 3183 1407 Rex

632 1428 863 1509 David,
915 1450 1052 1515 quo
1102 1450 1302 1497 nemo
1351 1427 1597 1507 ditior,
1653 1428 1767 1497 sed
1833 1450 2032 1497 nemo
2080 1442 2144 1497 et
2191 1428 2516 1508 sanctior,
2569 1448 2706 1514 quo
2757 1426 2995 1496 nullus
3047 1448 3186 1496 su-

626 1517 930 1599 blimior,
983 1517 1096 1586 sed
1151 1517 1482 1585 humilior
1531 1516 1792 1595 nullus,
1845 1532 1911 1585 et
1958 1518 2133 1586 inter
2193 1517 2553 1586 thesauros
2611 1517 3013 1585 innumeros
3065 1538 3185 1585 se-

628 1606 902 1697 pelitur,
954 1618 1018 1675 et
1066 1612 1243 1675 inter
1295 1607 1403 1674 Dei
1453 1607 1714 1674 amicos
1784 1606 2068 1676 caeteris
2130 1605 2388 1695 gratior
2448 1619 2910 1694 computatur.
2955 1609 3182 1675 Nemo

627 1694 914 1785 proinde
964 1696 1270 1774 miretur,
1328 1695 1385 1763 si
1438 1708 1664 1763 noster
1721 1694 2081 1765 Eduardus
2128 1709 2192 1763 et
2242 1717 2353 1763 rex
2386 1694 2678 1774 dicatur,
2734 1709 2799 1761 et
2837 1707 3174 1763 sanctus:

624 1806 827 1870 quein
879 1785 1232 1853 cernimus
1263 1796 1326 1852 et
1361 1784 1427 1851 in
1479 1782 1739 1851 divitiis
1786 1805 2104 1871 egenum,
2157 1798 2222 1852 et
2272 1784 2338 1852 in
2392 1783 2660 1853 deliciis
2706 1781 3041 1861 sobrium,
3098 1785 3176 1852 in

627 1895 935 1963 purpura
989 1872 1348 1951 humilem,
1402 1885 1464 1939 et
1513 1872 1643 1941 sub
1678 1894 1927 1941 corona
1968 1894 2177 1941 aurea
2220 1872 2463 1941 mundi
2503 1884 3070 1961 contemptorem.

710 1965 747 2049 ξ
798 1966 884 2031 ².
931 1965 1093 2029 Cum
1146 1961 1328 2029 enim
1384 1980 1493 2029 rex
1530 1960 1931 2030 Ethelredus
1980 1983 2056 2029 ex
2106 1961 2247 2030 filia
2296 1961 2568 2030 comitis
2616 1960 2885 2029 Thoreti
2936 1957 3174 2029 filium

626 2052 1042 2138 suscepisset
1088 2047 1530 2118 Edmundum
1581 2050 1634 2129 ²⁴²,
1691 2063 2145 2139 cognomento
2177 2055 2492 2119 Ferreum
2550 2047 2752 2129 latus,
2805 2071 2885 2116 ex
2925 2049 3177 2139 regina

624 2153 851 2209 autem
890 2144 1126 2207 Emma
1169 2137 1553 2207 Alfredum:
1611 2138 1848 2208 beatus
1891 2138 2276 2218 Eduardus,
2320 2140 2500 2207 intra
2555 2139 2812 2207 viscera
2855 2152 3176 2207 materna

622 2227 1018 2307 conclusuS,
1077 2226 1453 2315 praefertur
1499 2228 1772 2314 utrique
1820 2228 2061 2316 agente
2108 2250 2209 2308 e0‚
2263 2229 2382 2314 qui
2430 2239 2755 2316 operatur
2791 2226 3026 2295 omnia
3062 2248 3176 2295 se·

622 2314 931 2386 cundum
983 2315 1349 2385 consilium
1401 2316 1770 2385 voluntatis
1819 2338 2009 2397 suae,
2059 2317 2178 2402 qui
2228 2316 2626 2386 dominatur
2672 2317 2741 2384 in
2794 2336 3004 2405 regno
3039 2314 3175 2383 ho·

629 2404 920 2484 minum,
973 2418 1037 2473 et
1082 2406 1498 2491 cuicumque
1561 2404 1871 2478 voluerit.
1923 2405 2039 2474 dat
2102 2405 2295 2474 illud.
2351 2405 2454 2473 Fit
2494 2405 2678 2474 enim
2731 2425 2959 2473 coram
3007 2423 3176 2493 rege

627 2514 732 2560 ma
792 2514 921 2563 nus
955 2494 1312 2583 procerum
1349 2510 1415 2562 et
1442 2494 1921 2584 episcoporum
1972 2509 2374 2574 conventus,
2414 2508 2477 2563 et
2509 2494 2670 2582 quia
2711 2493 2853 2582 jam
2889 2492 3175 2564 futurae

623 2581 726 2650 cla
786 2583 842 2651 is
893 2582 1147 2651 indicia
1196 2604 1391 2652 saeva
1446 2595 1936 2672 processerant,
1974 2584 2204 2683 agitur
2236 2584 2412 2653 inter
2457 2606 2572 2655 eos
2619 2586 2705 2652 de
2752 2583 2944 2674 regni
2981 2596 3175 2654 statu

622 2684 973 2740 tractatus.
1026 2671 1152 2740 Alti
1203 2694 1359 2741 vero
1409 2671 1851 2742 Edmundum
1886 2673 1975 2742 ob
2026 2673 2555 2743 invictissimum
2602 2673 2815 2742 robur
2851 2674 3172 2760 corporis

619 2761 985 2830 aestimant
1048 2760 1596 2850 praeferendum,
1650 2761 1767 2829 alii
1817 2762 1903 2830 ob
1952 2762 2267 2831 virtutem
2319 2767 2896 2831 Nortmannorum
2949 2760 3175 2830 All're-

618 2849 785 2919 dum
840 2850 1378 2938 promovendum
1436 2849 1647 2918 tutius
1702 2850 2148 2919 arbitrantur.
2205 2851 2329 2919 Sed
2392 2850 2778 2920 futurorum
2841 2849 3169 2917 omnium

622 2938 998 3028 praescius,
1034 2938 1281 3028 prioris
1313 2938 1786 3008 brevissimam
1820 2939 2050 3019 vitain,
2080 2938 2361 3008 alterius
2391 2953 2672 3008 mortem
2713 2939 3171 3006 immaturam

628 3027 1078 3117 prospiciens,
1135 3028 1200 3095 in
1259 3049 1544 3115 puerum
1600 3026 1892 3096 necdum
1949 3041 2210 3106 natum,
2271 3029 2748 3097 universorum
2805 3038 2954 3094 vota
2995 3047 3171 3095 con-

621 3117 840 3184 vertit.
914 3120 1109 3184 Utero
1175 3115 1405 3185 adbuc
1474 3114 1846 3197 clauditur,
1899 3129 1963 3185 et
2013 3115 2079 3185 in
2134 3137 2359 3206 regem
2416 3138 2585 3205 puer
2640 3115 2961 3205 eligitur:
3019 3136 3168 3183 non

619 3218 846 3283 natuS,
889 3204 1066 3272 natis
1100 3204 1512 3292 praefertur;
1565 3218 1629 3273 et
1660 3227 1863 3291 quem
1917 3206 2210 3274 necdum
2255 3218 2428 3274 terra
2474 3216 2891 3294 susceperat,
2936 3216 3173 3272 terrae

617 3292 943 3360 dominus
983 3291 1424 3381 designatur;
1476 3308 1541 3360 et
1575 3293 1731 3362 laeti
1786 3296 2097 3383 proceres
2132 3306 2636 3363 sacramentum
2677 3292 3021 3362 fidelitatis
3048 3291 3172 3361 illi

605 3380 871 3467 jurant,
926 3381 1045 3466 qui
1097 3396 1326 3449 utrum
1395 3397 1809 3463 nasceretur,
1862 3382 1880 3449 i
1943 3395 2205 3451 norant.
2262 3382 2472 3452 Paulo
2536 3383 2767 3468 itaque
2834 3393 2980 3471 post
3031 3401 3171 3449 na-

615 3469 936 3538 tivitatem
991 3470 1207 3538 sancti
1259 3469 1555 3539 Eduardi
1599 3404 2022 3541 irruentibus
2059 3472 2124 3539 in
2163 3470 2474 3560 Angliam
2526 3470 2863 3550 barbaris,
2902 3482 2967 3537 et
3007 3491 3171 3538 ma-

612 3557 865 3627 ximam
922 3557 1189 3627 insulae
1239 3559 1613 3647 portionem
1657 3559 1865 3628 caede
1914 3558 2370 3646 incendioque
2405 3560 2855 3638 vastantibuS,
2915 3558 3170 3648 regina

613 3669 772 3715 cum
826 3644 990 3716 siliis
1030 3647 1099 3714 in
1152 3648 1666 3716 Nortmanniam
1705 3649 2117 3738 transposita
2150 3662 2273 3718 est.
2320 3648 2596 3718 Vivebat
2635 3649 2701 3716 in
2739 3648 2916 3716 avita
2948 3646 3170 3718 domo

608 3734 787 3803 inter
832 3757 1084 3834 pueros
1150 3758 1362 3836 puer,
1428 3736 1767 3805 immunis
1829 3749 2053 3807 tamen
2105 3759 2146 3805 a
2195 3737 2412 3818 vitiis,
2468 3737 2724 3823 quibus
2787 3748 2972 3805 aetas
3033 3735 3170 3806 illa

608 3822 777 3893 solet
828 3823 1196 3913 implicari.
1232 3831 1469 3894 Castus
1494 3838 1645 3894 erat
1675 3847 1982 3916 corpore,
2017 3848 2333 3895 sermone
2382 3848 2604 3907 rarus,
2641 3824 2931 3914 simplex
2965 3838 3163 3904 acm,

605 3928 670 3981 et
724 3934 938 4000 purus
987 3914 1258 3983 affectu.
1314 3919 1768 4000 Frequentare
1829 3915 2188 3984 ecclesiam
2227 3914 2459 4006 ,dulce
2517 3914 2778 3994 babuit,
2841 3912 3171 3984 crebrius

599 4001 1027 4071 orationibus
1079 4002 1502 4082 incumbere,
1550 4004 1765 4072 sacris
1806 4005 2166 4072 Missarum
2205 4003 2530 4073 interesse
2566 4001 2945 4088 solemniis,
2990 4002 3169 4071 visi-

609 4089 837 4158 tandis
889 4092 1324 4160 monasteriis
1373 4113 1650 4181 operam
1703 4092 1890 4173 dare,
1942 4109 2007 4161 et
2053 4113 2226 4179 quos
2273 4093 2647 4163 sanctiores
2696 4092 2976 4170 sciebat,
3025 4092 3175 4162 sibi

612 4178 985 4249 monachos
1038 4180 1104 4248 in
1158 4181 1532 4250 amicitiam
1583 4181 1934 4270 copulare.

695 4269 729 4354 ἓ
777 4272 868 4337 8.
925 4269 1276 4339 Saeviebat
1314 4270 1585 4339 interim
1643 4269 1920 4360 gladius
1977 4268 2248 4339 hostilis
2290 4271 2357 4339 in
2399 4269 2664 4360 anglia,
2710 4267 3048 4338 caedibus
3101 4282 3177 4338 et

658 4484 684 4510 ¹¹¹
717 4482 1015 4524 Edmundurn
1039 4483 1095 4528 11,
1116 4483 1211 4524 σὸν
1227 4485 1275 4521 ἄι-
1297 4484 1380 4524 far.
