3347 4999
160 321 375 388 OCT.
430 324 509 394 4.
1066 339 1143 385 DE
1190 339 1248 386 s.
1301 337 1645 386 FRANmsco
1694 337 1880 386 conr.
2536 324 2662 387 ⁴15

160 426 525 502 tribuere,
567 424 862 493 maxime
898 425 954 491 si
983 422 1298 498 divinum
1335 421 1663 513 allegaret
1693 445 2024 493 amorem.
2066 428 2228 493 Cum
2271 436 2499 494 autem
2540 425 2749 495 semel

159 514 683 614 negotiationis
715 513 1019 582 intentus
1050 510 1492 592 tumultibus,
1536 533 1905 601 pauperem
1941 511 2308 599 quemdam
2356 534 2478 604 pro
2520 536 2752 585 amore

159 607 311 672 Dei
369 616 701 692 petentem
755 601 1261 689 eleemosynam
1332 614 1598 690 praeter
1652 622 1909 670 rnorem
1963 600 2241 670 solitum
2296 624 2588 671 vacuum
2643 624 2750 672 re-

156 691 509 779 pulisset,
563 691 792 760 statim
845 689 929 758 ad
983 712 1100 758 cor
1150 710 1484 770 reversuS,
1518 688 1828 759 cucurrit
1863 702 2015 780 post
2063 690 2412 777 ipsum,et
2459 691 2752 761 eleemo-

154 785 369 868 syna
412 780 508 849 illi
563 779 935 848 clementer
984 779 1323 867 impensa,
1379 779 1700 867 promisit
1762 779 2050 848 Domino
2102 783 2257 858 Dec,
2316 780 2499 866 quod
2545 803 2750 850 nurn-

153 891 402 956 quam
454 891 532 939 ex
583 882 770 946 tunc,
824 868 993 937 dum
1044 867 1310 936 adesset
1369 867 1816 955 possibilitas,
1882 866 2274 956 petentibus
2327 890 2449 957 pro
2513 891 2746 939 amore

164 959 469 1029 Domini
519 980 591 1027 se
627 971 924 1046 negaret.
979 955 1170 1038 Quod
1223 977 1444 1042 usque
1491 955 1576 1024 ad
1632 970 1918 1025 mortem
1957 955 2300 1025 indefessa
2351 958 2598 1046 pietate
2631 959 2752 1027 ob-

156 1068 501 1128 servans,
556 1047 833 1136 copiosa
875 1047 943 1115 in
992 1050 1203 1114 Deum
1247 1044 1640 1114 dilectionis
1687 1059 1754 1113 et
1800 1046 2059 1134 gratiae
2110 1045 2536 1114 incrementa
2593 1066 2752 1134 pro-

163 1137 470 1205 meruit.
508 1136 741 1225 Ajebat
786 1135 970 1203 enim
1027 1147 1198 1224 post,
1251 1155 1410 1203 cum
1452 1134 1600 1222 jam
1656 1132 1947 1222 perfecte
1997 1133 2342 1203 Christum
2396 1135 2740 1214 induerat,

158 1225 376 1311 quod
428 1225 633 1293 etiam
682 1224 980 1294 existens
1012 1224 1080 1291 in
1133 1223 1372 1292 habitu
1403 1222 1726 1302 seculari,
1772 1244 2003 1292 vocem
2038 1223 2252 1292 divini
2285 1224 2750 1312 expressivam

162 1315 483 1392 amoris,
540 1313 783 1382 audire
854 1313 962 1381 vix
1022 1333 1331 1398 unquam
1403 1313 1548 1380 sine
1616 1310 1846 1381 cordis
1910 1312 2391 1381 immutatione
2456 1312 2748 1382 valebat.

166 1409 403 1472 Porro
440 1401 994 1472 mansuetudinis
1046 1400 1287 1469 lenitas
1334 1420 1493 1469 cum
1556 1399 1894 1491 elegantia
1956 1421 2252 1481 morum,
2312 1401 2637 1489 patientia
2688 1414 2754 1471 et

171 1490 648 1560 tractabilitas
674 1512 885 1578 supra
920 1490 1302 1559 humanum
1344 1488 1653 1570 modum,
1697 1489 2209 1559 munificentiae
2259 1490 2541 1580 largitas
2569 1489 2755 1559 ultra

175 1581 703 1670 suppetentiam
758 1577 1188 1657 facultatum,
1242 1576 1499 1664 quibus
1549 1578 1767 1647 bonae
1816 1576 2072 1647 indolis
2110 1577 2509 1648 adolescens
2547 1579 2752 1649 certis

176 1671 440 1738 florere
488 1668 1046 1757 conspiciebatur
1095 1666 1397 1747 indiciis,
1450 1667 1791 1753 quaedam
1833 1667 2242 1737 videbantur
2288 1689 2438 1738 esse
2479 1666 2752 1757 praelu-

187 1759 342 1836 dia,
397 1758 581 1844 quod
634 1757 979 1846 copiosior
1011 1777 1220 1843 super
1266 1777 1423 1824 eum
1476 1754 1646 1830 foret
1701 1756 1768 1824 in
1832 1769 2180 1845 posterum
2225 1756 2499 1825 divinae
2546 1757 2752 1825 bene-

188 1847 527 1915 dictionis
576 1845 1003 1914 abundantia
1052 1843 1530 1914 diffundenda.

292 1939 326 2019 ξ
374 1939 456 2005 2.
510 1934 802 2016 Quidam
857 1956 1021 2002 sane
1075 1934 1176 2000 vir
1224 1932 1309 2002 de
1356 1933 1647 2013 Assisio‚
1697 1931 1892 2003 valde
1938 1933 2225 2023 simplex
2272 1936 2404 2023 (ut
2449 1932 2755 2003 creditur

189 2023 510 2092 eruditus
536 2045 575 2091 a
614 2023 773 2110 Deo)
803 2045 959 2092 cum
1012 2021 1389 2109 aliquando
1420 2044 1537 2111 per
1583 2023 1925 2091 civitatem
1963 2023 2149 2092 eunti
2202 2022 2507 2092 obviaret
2545 2027 2753 2090 Fran-

198 2113 406 2192 cisc0‚
462 2111 845 2201 deponebat
895 2110 1209 2201 pallium,
1251 2111 1597 2181 sternebat
1646 2111 1869 2201 ipsius
1902 2111 2196 2200 pedibus
2230 2113 2742 2190 vestimentum,

204 2203 520 2270 asserens
568 2202 758 2269 omni
808 2199 949 2269 sore
1013 2199 1459 2270 Franciscum
1521 2201 1897 2268 reverentia
1946 2200 2013 2269 di
2073 2222 2282 2279 num,
2339 2212 2572 2290 utpote
2629 2200 2750 2285 qui

202 2302 381 2360 esset
433 2289 499 2357 in
538 2290 848 2378 proximo
898 2311 1149 2380 magna
1191 2287 1524 2369 facturus„
1572 2301 1636 2357 et
1685 2289 1770 2358 ob
1805 2288 1934 2358 boc
1982 2313 2016 2357 a
2105 2289 2549 2358 universitate
2585 2288 2752 2358 fide-

203 2377 373 2447 lium
431 2378 797 2468 magnifice
848 2378 1320 2447 honorandus.
1377 2377 1745 2468 Ignorabat
1792 2391 2020 2449 autem
2081 2378 2309 2448 adhuc
2346 2377 2752 2448 Franciscus

200 2469 385 2537 circa
435 2488 506 2537 se
545 2467 917 2539 consilium
969 2467 1108 2546 Dei,
1164 2487 1286 2557 pro
1334 2487 1413 2537 eo
1460 2466 1644 2555 quod
1689 2481 1825 2538 tam
1877 2467 2194 2556 jussione
2244 2469 2458 2558 patris
2505 2466 2588 2538 ad
2641 2489 2753 2537 ex-

201 2558 448 2627 teriora
498 2556 894 2636 distractus,
945 2578 1154 2643 quam
1215 2556 1657 2646 corruptione
1710 2556 2045 2628 naturalis
2101 2557 2392 2648 originis
2439 2558 2525 2627 ad
2577 2556 2753 2625 infe-

195 2647 377 2714 riora
435 2645 844 2736 depressuS,
903 2645 1213 2714 nondum
1277 2644 1610 2715 didicerat
1682 2646 2136 2732 contemplari
2199 2646 2561 2726 coelestia,
2617 2667 2742 2713 nec

195 2746 585 2805 assueverat
618 2734 984 2824 degustare
1032 2733 1286 2802 divina.
1345 2739 1421 2803 Et
1467 2736 1630 2821 quia
1665 2734 2012 2825 spirituali
2059 2734 2330 2804 auditui
2380 2735 2494 2803 dat
2545 2733 2742 2802 intel-

192 2823 446 2892 lectum
502 2823 764 2891 inflicta
814 2823 1095 2903 vexati0‚
1150 2822 1326 2903 facta
1375 2835 1476 2892 est
1525 2825 1737 2912 super
1789 2846 1948 2893 eum
2002 2846 2253 2892 manus
2314 2823 2626 2901 Domini,
2681 2835 2745 2889 et

193 2912 582 2981 immutatio
632 2911 944 2981 dexterae
1005 2911 1308 2992 Excelsi,
1363 2912 1656 2980 diutinis
1707 2912 2163 3003 languoribus
2220 2911 2444 2999 ipsius
2491 2932 2749 3000 corpus

193 3000 526 3090 affligens,
581 3013 658 3070 ut
705 3014 1051 3088 coaptaret
1098 3001 1402 3069 animam
1457 3001 1539 3069 ad
1595 3002 1825 3071 Sancti
1862 3001 2158 3089 Spiritus
2192 3000 2612 3069 unctionem.

278 3092 313 3176 ξ
358 3093 450 3160 8.
505 3095 812 3176 Cumque
861 3090 1236 3179 resumptis
1269 3090 1616 3179 corporeis
1653 3090 1939 3168 viribus,
1995 3089 2130 3157 sibi
2186 3089 2591 3158 vestimenta
2630 3088 2747 3157 de-

194 3179 416 3247 centia
460 3199 645 3247 more
692 3178 892 3248 solito
965 3192 1462 3279 praeparasset,
1516 3178 1796 3249 obvium
1850 3176 2093 3247 habuit
2155 3177 2443 3247 militem
2509 3199 2749 3264 quem-

198 3266 382 3346 dam,
423 3289 830 3355 generosum
868 3267 1177 3355 quidem,
1220 3267 1337 3336 sed
1392 3289 1528 3356 pau
1582 3288 1765 3336 erem
1815 3279 1883 3335 et
1932 3265 2108 3335 male
2144 3267 2489 3347 vestitum,
2545 3267 2747 3355 cujus

195 3356 592 3445 pauperiem
632 3356 743 3456 pio
779 3356 1147 3426 miseratus
1177 3356 1448 3435 affectu,
1480 3354 1525 3423 il
1562 3377 1677 3424 um
1721 3356 2057 3445 protinus,
2083 3377 2154 3425 se
2187 3359 2410 3436 exutO,
2448 3355 2741 3435 vestivit;

190 3458 268 3513 ut
315 3443 577 3513 scilicet
632 3467 700 3512 in
751 3467 890 3513 uno
940 3446 1295 3534 geminum
1376 3444 1695 3531 impleret
1764 3444 2034 3534 pietatis
2091 3442 2396 3515 officium
2428 3499 2443 3524 ,
2496 3466 2635 3531 quo
2683 3455 2751 3512 et

192 3532 444 3602 nobilis
488 3531 727 3601 militis
776 3534 1259 3603 verecundiam
1315 3545 1611 3622 tegerer,
1664 3546 1730 3602 et
1779 3535 2109 3624 pauperis
2159 3533 2463 3603 hominis
2524 3555 2745 3622 penu-

189 3624 361 3690 riam
416 3621 761 3689 relevaret.
816 3628 1017 3691 Nocte
1069 3644 1224 3691 vero
1291 3622 1653 3707 sequenti,
1708 3644 1866 3692 cum
1937 3645 2010 3691 se
2077 3621 2309 3711 sopori
2387 3622 2736 3701 dedisset,

194 3709 523 3800 palatium
578 3711 966 3799 speciosum
1016 3724 1081 3779 et
1132 3730 1462 3800 magnum
1512 3732 1670 3778 cum
1731 3709 2151 3780 militaribus
2213 3710 2449 3789 armis,
2506 3710 2747 3780 Crucis

190 3798 435 3868 Christi
483 3798 843 3868 sitrnaculo
885 3800 1256 3888 insignitis,
1310 3798 1676 3867 clementia
1708 3800 1843 3868 sibi
1894 3799 2131 3869 divina
2181 3800 2612 3879 monstravit,
2669 3810 2749 3869 ut

189 3853 730 3958 misericordiam
770 3909 889 3977 pro
930 3889 1187 3957 summi
1238 3888 1443 3976 Regis
1481 3910 1714 3956 amore
1765 3889 2048 3979 pauperi
2092 3888 2465 3958 exhibitam
2504 3886 2736 3967 militi,

188 3976 765 4067 praeostenderet,
798 3976 1325 4066 incomparabili
1351 3977 1940 4065 compensandam
1975 4000 2125 4048 esse
2166 3976 2504 4056 mercede.
2543 3976 2736 4045 Unde
2775 4012 2778 4014 >

110 4128 151 4166 v
189 4080 253 4134 et
288 4088 452 4143 cum,
486 4079 865 4153 quaereret,
921 4067 1124 4153 quus
1171 4077 1397 4134 essent
1446 4065 1562 4134 illa
1601 4068 1860 4145 omnia,
1910 4090 2037 4136 sua
2084 4065 2251 4146 sore,
2296 4066 2739 4151 militumque

196 4176 503 4235 suorum,
581 4175 887 4243 superna
949 4153 1077 4223 fuit
1145 4156 1520 4246 assertione
1601 4176 2045 4245 responsum.
2101 4154 2447 4243 Evigilans
2514 4154 2746 4240 itaque

199 4265 419 4321 mane,
473 4266 631 4312 curn
689 4242 994 4312 nondum
1030 4243 1309 4313 haberet
1356 4244 1800 4314 exercitatum
1853 4244 2165 4313 animum
2200 4244 2287 4311 ad
2327 4242 2559 4311 divina
2598 4264 2748 4330 per-

198 4333 564 4400 scrutanda
600 4332 951 4422 mysteria,
994 4334 1422 4418 nesciretque
1458 4354 1580 4422 pei·
1611 4331 1986 4403 visibilium
2042 4333 2303 4420 species
2337 4330 2626 4400 transire
2659 4330 2747 4397 ad

198 4421 658 4490 contuendam
730 4420 1188 4493 invisibilium
1241 4423 1637 4501 veritatem,
1711 4443 2001 4511 magnae
2065 4421 2205 4491 sore
2274 4418 2749 4511 prosperitatis
