3347 4999
656 312 785 375 356
1319 325 1398 371 ns
1446 326 1500 372 s.
1548 326 1862 372 wrm-'iuno
1911 325 2109 373 episc.
2164 326 2348 373 anon.
2797 308 2969 374 OCT.
3027 311 3111 374 12

564 412 781 481 multa
830 432 1007 498 quae
1054 410 1121 478 in
1160 408 1379 499 patria
1427 409 1844 496 nequiverat,
1892 406 2387 480 Ecclesiasticis
2412 408 2807 500 disciplinis
2840 433 3115 481 accom-

565 500 794 580 moda,
847 499 1085 568 eodem
1123 499 1452 587 magistro
1486 497 1819 579 tradente,
1858 498 2182 588 percepit.
2230 504 2494 567 Etcum
2547 520 2817 568 menses
2850 500 3116 587 aliquot

568 589 668 658 ibi
716 588 965 658 studiis
1003 601 1384 675 occupatus
1432 585 1750 657 felicibus
1810 587 2166 676 exegisset,
2247 585 2446 657 rediit
2494 586 2577 656 ad
2631 588 2972 658 Delfinum
3038 590 3112 658 in

568 677 885 757 Galliam,
924 689 988 745 et
1028 689 1163 745 tres
1212 697 1431 745 annos
1471 674 1655 765 apud
1703 677 1929 766 ipsum
1967 689 2455 754 commoratus,
2501 690 2814 747 attonsus
2861 693 2963 748 est
3024 680 3116 747 ab

565 788 670 843 eo,
722 779 785 834 et
837 765 901 833 in
949 777 1134 834 tanto
1181 764 1459 833 habitus
1490 787 1746 847 amore,
1787 781 1860 833 ut
1909 764 2267 833 haeredem
2322 764 2452 833 sibi
2495 764 2691 834 illum
2743 765 2965 836 facere
2997 789 3116 835 co-

566 855 829 945 gitaret.
879 854 1006 924 Sed
1059 875 1143 921 ne
1192 852 1319 921 hoc
1377 853 1524 922 fieri
1564 864 1810 942 posset,
1864 855 2155 923 Antistes
2201 852 2465 922 crudeli
2520 866 2734 923 morte
2803 877 3114 944 praeere-

566 958 727 1033 ptus
757 956 882 1023 est;
919 957 985 1012 et
1034 940 1390 1011 wilfridus
1422 941 1508 1010 ad
1559 964 1726 1011 suae
1768 942 2017 1031 potiuS,
2074 941 2201 1011 hoc
2247 957 2371 1022 est,
2431 941 2851 1031 Anglorum„
2888 945 3117 1043 gentis

565 1033 1051 1122 Episcopatum
1089 1043 1495 1100 reservatus.
1534 1036 1841 1117 Namque
1890 1030 2347 1100 Brunechilda
2387 1032 2672 1119 Regina,
2715 1032 2947 1107 missis
2985 1033 3119 1101 mi-

566 1121 831 1202 litibus,
868 1119 1284 1210 Episcopum
1320 1119 1533 1206 jussit
1583 1119 1916 1188 interfici:
1962 1140 2166 1206 quem
2216 1118 2302 1188 ad
2345 1118 2572 1189 locum
2626 1120 2933 1206 quidem,
2973 1143 3120 1208 quo

565 1209 1014 1279 decollandus
1061 1219 1228 1289 erat,
1283 1222 1616 1295 sequutus
1662 1221 1766 1277 est
1795 1207 2175 1288 Wilsridus,
2230 1207 2526 1278 clericus
2577 1206 2789 1290 illius,
2843 1209 3117 1279 deside-

567 1321 731 1367 rans
756 1321 914 1368 cum
944 1319 1045 1377 eo,
1088 1297 1357 1367 tametsi
1389 1298 1539 1386 ipso
1575 1296 1870 1365 multum
1913 1296 2336 1386 prohibente,
2380 1296 2633 1387 pariter
2673 1298 3111 1368 occumbere.

569 1388 695 1457 Sed
748 1388 930 1456 hunc
980 1386 1099 1456 ubi
1153 1387 1845 1475 peregrinum-atque
1892 1385 2266 1454 oriundum
2295 1386 2379 1454 de
2431 1385 2703 1454 natione
2736 1385 3113 1477 Anglorum

565 1499 645 1546 co
700 1498 943 1546 novere
974 1474 1359 1555 carnifices,
1399 1496 1762 1575 pepercere
1793 1473 1915 1553 illi,
1967 1496 2186 1560 neque
2215 1497 2373 1542 eum
2411 1474 2760 1544 trucidare
2788 1497 2948 1543 cum
2987 1498 3115 1546 suo

567 1500 841 1635 voiguere
876 1564 1218 1654 pontifice.
1273 1568 1348 1633 At
1396 1563 1511 1632 llle
1558 1563 1626 1631 in
1691 1563 2110 1632 Britanniam
2180 1564 2486 1642 veniens,
2552 1564 2964 1652 conjunctus
3012 1579 3117 1634 est

567 1653 894 1723 amicitiis
942 1652 1229 1723 Aldfridi
1284 1658 1377 1721 Re
1432 1651 1511 1732 is,
1565 1650 1682 1738 qui
1747 1652 2121 1721 catholicas
2168 1651 2509 1721 Ecclesiae
2572 1651 2848 1741 regulas
2917 1654 3116 1741 sequi

567 1764 840 1833 semper
887 1755 953 1812 et
1009 1763 1245 1812 amare
1299 1741 1368 1809 di
1424 1741 1655 1810 icerat.
1714 1740 1904 1809 Unde
1965 1754 2029 1810 et
2094 1739 2221 1821 illi,
2273 1742 2434 1827 quia
2484 1740 2901 1811 catholicum
2952 1763 3114 1811 eum

566 1853 716 1901 esse
748 1831 1104 1920 comperit,
1162 1852 1319 1898 mox
1385 1829 1663 1898 donavit
1730 1843 1975 1898 terram
2043 1829 2277 1899 decem
2327 1828 2750 1899 familiarum
2800 1829 2870 1898 in
2914 1830 3061 1900 loco
3092 1886 3107 1913 ,

565 1921 684 2006 qui
735 1920 988 1990 dicitur
1038 1917 1330 1999 Staford,
1368 1931 1433 1987 et
1469 1939 1602 1986 non
1648 1918 1866 1987 multo
1910 1931 2060 2007 post
2110 1918 2604 1987 monasterium
2673 1918 2952 2007 triginta
3013 1918 3113 1988 fa-

570 2009 953 2089 miliarum,
1008 2008 1077 2076 in
1130 2007 1301 2083 loco,
1356 2008 1474 2093 qui
1511 2019 1794 2075 vocatur
1845 2008 1910 2074 in
1963 2007 2334 2095 Hriphum‚
2389 2028 2593 2093 quem
2648 2006 2963 2077 videlicet
3012 2007 3112 2077 lo-

568 2120 729 2167 cum
763 2097 1042 2166 dederat
1086 2095 1347 2183 pridem
1385 2095 1470 2164 ad
1503 2095 2047 2165 construendum
2077 2095 2248 2164 inibi
2288 2095 2780 2166 monasterium
2834 2095 2943 2165 his
2990 2097 3112 2183 qui

570 2191 801 2256 Scotos
850 2184 1337 2271 sequebantur.
1394 2190 1642 2253 Verum
1690 2184 1853 2271 quia
1895 2183 1994 2252 illi
2049 2183 2511 2272 postmodum,
2563 2184 2840 2274 optione
2901 2192 3106 2263 data,

568 2275 964 2343 maluerunt
1001 2272 1148 2343 loco
1194 2273 1456 2353 cedere,
1495 2295 1704 2360 quam
1757 2273 2018 2342 Pascha
2050 2273 2494 2351 catholicum,
2549 2286 2988 2360 caeterosque
3025 2275 3111 2342 ri-

571 2377 683 2431 tus
732 2362 1129 2437 canonicos,
1173 2362 1369 2451 juxta
1418 2367 1764 2430 Romanae
1823 2384 1903 2430 ac
1951 2361 2371 2448 Apostolicae
2437 2361 2775 2431 Ecclesiae
2824 2384 3110 2432 consue·

572 2449 882 2520 tudinem
937 2450 1264 2542 recipere,
1318 2450 1505 2520 dedit
1544 2449 1672 2520 hoc
1709 2450 1834 2532 illi,
1894 2472 2098 2537 quem
2146 2451 2548 2521 melioribus
2598 2450 2943 2520 imbutum
3005 2451 3110 2520 di-

570 2540 888 2628 sciplinis
920 2563 1000 2610 ac
1052 2541 1360 2610 moribus
1410 2539 1600 2608 vidit.
1655 2544 1802 2622 Quo
1853 2540 1920 2608 in
1977 2553 2277 2629 tempore
2333 2540 2415 2608 ad
2475 2540 2861 2627 jussionem
2919 2563 3110 2628 prae-

569 2627 689 2698 fati
738 2630 965 2718 Regis,
1027 2631 1381 2718 presbyter
1413 2628 1776 2698 ordinatus
1824 2642 1925 2698 est
1966 2629 2032 2696 in
2068 2627 2305 2698 eodem
2346 2630 2756 2700 monasterio
2795 2628 2883 2697 ab
2933 2631 3110 2721 Agil-

568 2718 783 2796 berto‚
840 2718 1176 2807 Episcopo
1236 2718 1669 2788 Gevissorum
1728 2717 1785 2797 *,
1851 2717 2284 2787 desiderante
2333 2723 2426 2787 Re
2477 2740 2554 2797 e,
2611 2730 2688 2787 ut
2737 2717 2838 2785 vir
2887 2731 3112 2788 tantae

568 2805 980 2877 eruditionis
1013 2828 1093 2875 ac
1142 2806 1520 2896 religionis,
1574 2805 1707 2875 sibi
1750 2805 2139 2895 specialiter
2190 2805 2406 2875 indivi
2462 2828 2550 2876 uo
2610 2804 2940 2876 comitatu
3005 2829 3109 2877 sa-

567 2896 808 2965 cerdos
836 2907 1013 2966 esset
1050 2916 1129 2964 ac
1166 2895 1423 2966 doctor.
1463 2900 1681 2978 Quem
1722 2917 1857 2964 non
1902 2895 2119 2964 multo
2154 2907 2328 2995 post,
2368 2896 2624 2965 detecta
2658 2906 2722 2965 et
2755 2893 3114 2966 eliminata

566 2985 676 3073 (ut
723 3006 935 3073 supra
1000 2984 1414 3074 docuimus)
1483 2990 1836 3054 Scotorum
1888 2986 2103 3064 secta,
2158 3007 2227 3052 in
2280 2983 2570 3054 Galliam
2623 2983 2901 3053 mittens
2949 3006 3110 3055 cum

569 3073 859 3143 consilio
892 3087 1095 3160 atque
1126 3095 1471 3144 consensu
1542 3073 1754 3162 patris
1803 3073 1907 3142 sui
1952 3072 2149 3152 Oswi,
2207 3074 2622 3174 Episcopum
2660 3071 2794 3141 sibi
2853 3074 3112 3164 rogavit

569 3162 900 3242 ordinari,
951 3184 1111 3231 cum
1174 3175 1350 3232 esset
1397 3183 1740 3231 annorum
1800 3161 2072 3231 circiter
2121 3162 2422 3250 triginta,
2476 3161 2714 3232 eodem
2766 3159 3110 3251 Agilberto

572 3264 738 3319 tunc
769 3252 1255 3340 Episcopatum
1306 3274 1341 3320 a
1395 3263 1549 3320 ente
1582 3250 1963 3320 Parisiacae
1994 3250 2312 3319 civitatis.
2353 3256 2518 3320 Cum
2552 3271 2689 3335 quo
2737 3261 2803 3318 et
2832 3249 2948 3318 alii
2974 3273 3112 3320 un-

569 3338 792 3407 decim
843 3339 1159 3427 Episcopi
1209 3339 1291 3408 ad
1390 3340 1839 3409 edicationem
1878 3339 2209 3410 Antistitis
2241 3340 2746 3419 convenientes,
2806 3339 3105 3411 multum

569 3426 949 3496 honorifice
990 3427 1448 3497 ministerium
1500 3426 1984 3517 impleverunt.

660 3521 699 3596 ἓ
768 3517 848 3586 S.
903 3519 1049 3597 Quo
1079 3515 1309 3586 adhuc
1357 3518 1424 3584 in
1465 3517 1973 3597 transmarinis,
2046 3516 2312 3587 artibus
2368 3515 2808 3602 demorante,
2871 3539 3110 3588 conse-

569 3615 804 3672 cratus
838 3615 940 3673 est
972 3604 1039 3672 in
1091 3604 1577 3705 Episcopatum
1630 3606 1916 3675 Eboraci
2023 3660 2037 3685 ‚
2076 3605 2359 3693 jubente
2393 3611 2573 3694 Rege
2606 3609 2804 3691 Oswi,
2846 3605 3113 3677 Ceadda

569 3692 675 3761 vir
722 3704 1043 3762 sanctus:
1099 3693 1219 3779 qui
1269 3694 1489 3762 tribus
1538 3694 1743 3764 annis
1790 3693 2162 3764 Ecclesiam
2227 3694 2617 3764 sublimiter
2665 3718 2934 3787 regenS,
2996 3693 3114 3777 deff

568 3780 734 3850 hinc
782 3780 868 3850 ad
917 3803 1157 3851 curam
1211 3783 1608 3851 monasterii
1657 3782 1807 3864 sui,
1859 3783 2044 3870 quod
2092 3795 2193 3853 est
2240 3783 2311 3851 in
2363 3784 2676 3873 Lestinga
2713 3841 2728 3867 ,
2783 3783 3109 3857 secessit:

568 3870 950 3970 accipiente
996 3869 1308 3941 Wilfrido
1357 3870 1843 3960 Episcopatum
1897 3873 2104 3942 totius
2138 3871 2917 3966 Nordan-Humbrorum
2957 3893 3117 3960 pro-

569 3958 861 4029 vinciae.
901 3960 1030 4042 Qui
1064 3958 1338 4041 deinde,
1396 3972 1722 4050 regnante
1756 3960 2096 4050 EcgfridO,
2151 3960 2397 4050 pulsus
2435 3975 2536 4031 est
2584 3964 3022 4052 Episcopatu,
3054 3974 3122 4031 et

569 4047 689 4115 alii
730 4060 892 4116 sunt
942 4070 1063 4138 pro
1113 4049 1229 4118 illo
1261 4049 1642 4119 consecrati
1683 4049 2029 4119 Antistites
2055 4070 2352 4135 quorum
2390 4072 2602 4139 supra
2635 4052 3116 4121 meminimus.

572 4140 858 4205 Romam
895 4136 1125 4224 itaque
1172 4138 1419 4217 iturus,
1458 4149 1523 4206 et
1554 4159 1787 4207 coram
1838 4137 2218 4228 Apostolico
2252 4143 2430 4226 Papa
2459 4161 2740 4209 causam
2769 4140 3115 4220 dicturus,

569 4224 693 4293 ubi
745 4246 984 4293 navem
1043 4225 1485 4305 conscendit,
1563 4227 1773 4294 flante
1821 4225 2090 4296 favonio
2122 4281 2136 4307 ,
2191 4226 2439 4315 pulsus
2496 4239 2596 4297 est
2646 4229 2712 4296 in
2781 4228 3068 4297 Frisiam
3100 4283 3117 4308 ,

569 4326 637 4383 et
685 4313 1060 4385 honorifice
1129 4329 1492 4405 susceptus
1540 4337 1581 4384 a
1639 4315 2005 4396 BarbariS,
2062 4337 2142 4384 ac
2205 4321 2386 4405 Rege
2433 4314 2707 4387 illorum
2755 4316 3062 4408 Aldgislo
3091 4371 3112 4397 ,

622 4440 646 4463 “
674 4440 810 4492 Angl.
836 4442 1021 4483 Wesm.
1838 4441 1891 4470 ’θ’
1918 4441 2053 4493 Angl.
2076 4443 2213 4482 York.
