3347 4999
711 354 840 422 668
1346 374 1423 420 ns
1470 373 1526 420 s.
1564 371 1908 420 evenatsto
1955 370 2176 420 eonon.
2228 371 2427 420 zrtsc.
2843 352 3017 420 ocT.
3071 355 3164 421 24

618 457 1074 560 ille-aetatula
1125 456 1437 537 tenellus,
1485 457 1812 546 religione
1859 458 2313 548 grandaevus,
2371 455 2611 527 mundi
2666 456 2952 549 gloriam
3014 457 3158 527 cal-

617 562 819 617 cavtl.

706 639 742 722 ξ)
794 641 881 706 2.
936 639 1197 704 Interea
1235 634 1337 703 vir
1372 635 1481 703 Dei
1519 636 1904 710 Severinus.
1948 633 2369 703 Coloniensis
2415 634 2709 704 civitatis
2743 634 3155 721 Episcopus.

618 723 920 794 nominis
953 737 1017 791 et
1052 728 1446 793 meritorum
1486 722 1848 812 splendore
1882 722 2194 803 illustris,
2233 739 2298 792 et
2329 745 2446 812 per
2475 740 2723 793 cuncta
2754 722 3152 802 laudabilis,

619 834 741 903 pro
790 812 1231 882 sacerdotalis
1266 811 1623 880 ministerii
1661 814 1890 882 debito
1922 811 2170 888 officio,
2215 833 2381 880 suae
2432 814 2781 900 paroeciae
2827 811 3162 881 ecclesias

616 902 956 981 visitabat,
993 915 1173 970 etex
1222 921 1571 969 sacrorum
1622 923 1964 971 canonum
2021 901 2605 988 praescriptione,
2662 900 2988 971 salutaris
3032 902 3153 968 do-

612 990 871 1059 ctrinae
917 1002 984 1058 et
1034 988 1521 1058 exhortationis
1580 995 1780 1059 verba
1843 989 2142 1078 singulis
2198 992 2637 1078 proponebat.
2695 989 3158 1059 Grassabatur
3227 1033 3230 1040 -

612 1079 793 1148 enim
836 1093 976 1147 tuin
1010 1079 1211 1147 etiam
1251 1078 1318 1146 in
1356 1077 1593 1147 Galliis
1634 1080 1911 1148 Arriana
1953 1079 2274 1159 haeresis,
2313 1100 2517 1164 quam
2562 1078 3001 1146 beatissimus
3036 1081 3156 1147 Se·

615 1168 891 1236 verinus
943 1167 1196 1257 passim
1253 1166 1615 1267 profligare
1666 1167 2033 1244 nitebatur,
2086 1182 2150 1234 et
2197 1167 2533 1235 conficere
2568 1166 2798 1256 gladio
2836 1168 2976 1235 oris
3007 1167 3146 1234 sui.

611 1259 917 1341 Cumque
947 1259 1021 1323 etl
1055 1255 1267 1323 animi
1318 1255 1689 1325 intentione
1734 1256 1936 1325 etiam
1981 1260 2124 1323 Tun
2186 1276 2294 1323 ros
2330 1256 2670 1335 inviseret,
2723 1254 2906 1341 apud
2945 1276 3146 1339 quOS,

611 1344 780 1433 proh
817 1342 1051 1412 dolorl
1105 1343 1512 1433 perfidiosus
1542 1345 1732 1434 Euph
1748 1359 1886 1412 rata
1917 1343 2105 1433 impii
2135 1278 2477 1432 {oguinus
2502 1344 2755 1412 zizania
2788 1365 2997 1412 sanae
3028 1342 3153 1411 do-

608 1434 869 1501 ctrinae
904 1433 1125 1499 tritico
1175 1434 1862 1518 superseminaverat,
1907 1432 2203 1520 primum
2240 1452 2316 1500 ex
2354 1430 2701 1507 fratribus,
2745 1433 2862 1517 qui
2909 1431 3004 1498 illi
3040 1452 3151 1499 ec-

609 1520 857 1590 clesiae
885 1524 1049 1588 cura
1085 1533 1148 1589 et
1175 1519 1506 1609 dignitate
1541 1532 1919 1611 praeerant,
1958 1520 2039 1587 ad
2079 1541 2148 1588 se
2190 1522 2456 1600 accivit,
2493 1541 2570 1588 ex
2625 1519 2741 1588 illo
2785 1520 3154 1608 diligenter

609 1608 966 1695 inquirens
1001 1609 1085 1677 de
1120 1608 1254 1676 fide
1290 1626 1525 1676 eorum
1563 1627 1628 1678 et
1662 1609 1890 1678 studio
1936 1609 2166 1678 cultus
2212 1609 2450 1676 divini.
2505 1608 2880 1696 Respondit
2917 1609 3028 1677 ille
3060 1608 3148 1676 ad

608 1697 910 1784 singula,
951 1696 1132 1784 quod
1174 1718 1278 1766 res
1327 1718 1604 1785 poscere
1652 1698 2029 1776 videbatur,
2081 1711 2147 1766 et
2193 1697 2370 1766 inter
2407 1711 2667 1766 caetera
2703 1699 2908 1765 etiam
2949 1702 3152 1766 Ever-

607 1786 763 1874 gisli
820 1785 1117 1873 religiosi
1173 1786 1364 1875 pueri
1417 1786 1625 1855 miras
1669 1789 1994 1855 virtutum
2052 1786 2390 1875 primitias
2443 1801 2758 1855 accurate
2804 1785 3146 1874 exposuit.

607 1879 751 1942 Mox
795 1874 1173 1964 Episcopus
1214 1874 1575 1945 Severinus
1606 1875 2048 1951 exhilaratus,
2086 1874 2282 1960 jubet
2318 1895 2603 1962 puerum
2637 1873 2720 1942 ad
2764 1895 2835 1942 se
2869 1896 2903 1942 a
2938 1873 3148 1955 ²duci,

605 1978 857 2031 etcum
896 1984 975 2031 eo
1007 1962 1413 2038 collocutus,
1453 1984 1574 2052 spe
1606 1978 1670 2033 et
1704 1964 2202 2051 exspectatione
2249 1967 2372 2031 sua
2430 1962 2680 2048 majora
2728 1963 2793 2031 in
2849 1962 2966 2031 illo
3000 1984 3155 2030 san·

604 2051 858 2121 ctitatis
900 2051 1157 2120 indicia
1188 2051 1658 2140 deprehendit.
1701 2058 1937 2137 ltaque
1973 2052 2336 2120 tenerrime
2379 2050 2573 2120 illum
2611 2050 2935 2138 diligenS,
2973 2051 3157 2119 inter

603 2153 923 2230 paternos
970 2139 1371 2237 complexus
1420 2153 1483 2209 et
1542 2141 1775 2210 oscula
1830 2140 2140 2208 hortatur
2185 2161 2342 2208 euin
2382 2193 2398 2219 ‚
2451 2154 2524 2207 ut
2576 2161 2807 2207 secum
2870 2139 3151 2226 profici-

603 2241 857 2296 scatur.
911 2232 1052 2296 Non
1108 2243 1374 2297 recusat
1423 2251 1614 2298 sacer
1662 2229 1909 2297 Christi
1947 2228 2380 2317 tyrunculus,
2436 2242 2511 2296 ut
2560 2228 2772 2316 possit
2807 2228 2949 2296 lieri
2988 2249 3151 2309 pars

604 2316 871 2384 Domini
920 2329 984 2384 et
1032 2314 1387 2385 funiculus
1430 2316 1867 2387 haereditatis
1913 2317 2087 2406 ejus,
2143 2317 2531 2385 nuindanas
2579 2316 2906 2406 gloriolas
2950 2314 3151 2384 falla-

602 2423 854 2491 cesque
898 2403 1175 2473 divitias
1234 2405 1517 2474 omnino
1580 2419 2071 2478 contemnens.
2134 2405 2668 2491 divinorumque
2714 2405 3151 2475 obedientiae

603 2492 1083 2562 mandatorum
1138 2515 1283 2564 sese
1317 2494 1871 2573 accommodans,
1910 2492 2347 2583 simplicique
2390 2493 2567 2563 victu
2601 2507 2666 2563 et
2708 2493 2948 2563 vestitu
2985 2515 3147 2564 ron-

605 2593 873 2659 tentus,
937 2580 1110 2649 nihil
1173 2598 1355 2651 extra
1410 2587 1619 2654 Deum
1679 2583 2024 2672 possidere
2069 2597 2288 2652 curat.
2346 2587 2564 2650 lmmo
2602 2583 2745 2672 jam
2801 2583 3156 2672 sapienter

601 2669 1024 2749 discernens,
1078 2670 1242 2756 quid
1307 2670 1601 2759 placeret
1651 2678 1804 2752 Deo,
1851 2671 2103 2757 quidve
2151 2670 2568 2757 displiceret,
2610 2673 2806 2759 juxta
2869 2678 3152 2759 Aposto-

602 2758 773 2841 lum,
837 2759 1165 2828 rationale
1219 2761 1502 2829 Domino
1565 2761 2004 2851 impendebat
2057 2760 2516 2846 obsequium,
2570 2772 2928 2847 totumque
2973 2761 3152 2830 vitae

599 2868 881 2917 cursum
928 2847 1011 2916 ad
1046 2849 1196 2937 eJus
1239 2848 1636 2918 instituebat
1673 2864 1738 2918 et
1775 2850 2086 2936 exigebat
2121 2848 2559 2916 voluntatem.
2615 2854 2828 2934 Atque
2863 2849 3145 2918 interim

599 2937 817 3007 bonae
865 2936 1401 3006 conversationis
1450 2939 1887 3007 successibus
1919 2950 2288 3037 vegetatuS,
2339 2950 2405 3003 et
2442 2935 2814 3006 diuturnae
2845 2958 3144 3007 consue-

599 3025 860 3095 tudinis
890 3025 1218 3095 beneficio
1242 3027 1716 3107 confirmatus,
1755 3047 1987 3096 amore
2023 3025 2390 3094 insatiabili
2417 3024 2730 3093 coelestis
2753 3026 3144 3115 sapientiae

596 3111 904 3183 sontibus
947 3114 1278 3195 inhiabat,
1330 3128 1395 3183 et
1446 3116 1662 3184 instar
1709 3116 1863 3201 apis
1912 3114 2215 3193 sedulae,
2260 3114 2649 3182 divinorum
2700 3113 3139 3200 eloquiorum

597 3202 889 3271 floribus
927 3203 1262 3284 insidens,
1306 3203 1486 3273 intra
1525 3205 1818 3294 pectoris
1857 3204 1964 3273 sui
2013 3204 2415 3283 alvearium,
2475 3202 2631 3271 lidei
2671 3202 3148 3291 virtutumque

597 3290 800 3359 mella
852 3290 1213 3360 condebat.

683 3380 720 3464 ξ
764 3384 856 3449 8.
910 3382 1208 3447 Cernens
1257 3391 1484 3448 autem
1538 3380 1781 3449 beatus
1830 3379 2194 3450 Severinus
2244 3379 2624 3468 Episcopus
2658 3432 2673 3459 ,
2710 3391 2776 3448 et
2813 3392 3033 3449 aetate
3077 3392 3144 3448 et

597 3467 909 3536 moribus
947 3467 1117 3536 bene
1148 3468 1467 3537 idoneum
1501 3490 1658 3538 eum
1696 3490 1845 3537 esse
1896 3469 2175 3555 maj0ris
2224 3470 2482 3555 gratiae
2522 3468 2974 3556 capessendis
3018 3468 3138 3536 hn-

596 3556 927 3636 noribuS,
977 3577 1059 3625 ne
1113 3556 1245 3626 sub
1298 3557 1527 3627 modio
1594 3570 1778 3626 tanta
1838 3556 2115 3625 lucerna
2169 3557 2436 3625 diutius
2488 3555 2757 3634 lateret,
2816 3555 3134 3644 prudenti

594 3664 760 3714 sane
787 3644 1079 3714 consilio
1106 3646 1280 3715 sacri
1306 3644 1542 3714 altaris
1571 3646 1952 3713 ministerio
1976 3667 2133 3713 eum
2163 3646 2525 3714 admovere
2553 3645 2875 3727 decrevit,
2908 3647 3144 3730 sicque

591 3754 715 3824 per
761 3733 1077 3824 singulos
1125 3733 1384 3823 gradus
1433 3735 1514 3802 ad
1573 3736 2017 3803 Diaconatum
2061 3756 2281 3820 usque.
2318 3756 2475 3803 eum
2519 3735 2845 3822 provexit.
2886 3740 3037 3817 Quo
3073 3735 3143 3803 in

592 3822 974 3893 ministerio
1019 3823 1294 3909 quatem
1357 3822 1472 3891 ille
1510 3842 1583 3891 se
1640 3824 2074 3912 praebuerit,
2121 3822 2256 3891 dici
2315 3824 2422 3891 vix
2469 3837 2718 3908 queat:
2777 3825 3148 3891 verebatur

589 3912 826 3993 enim,
898 3934 983 3981 ne
1022 3924 1277 3981 tantam
1345 3911 1633 4001 gratiam
1704 3913 1998 3980 inaniter
2055 3911 2402 3999 accepisse
2467 3911 2835 3980 videretur.
2890 3916 2966 3980 In
3027 3913 3146 3981 Dei

588 4000 843 4089 templo
881 4014 1072 4070 nocte
1103 4023 1183 4068 ar.
1224 3999 1335 4068 die
1377 4000 1681 4092 vigilare,
1721 4014 1783 4068 et
1825 4022 2098 4069 mensae
2136 4000 2526 4069 Dominicae
2558 4002 2726 4068 citra
2771 4000 3144 4087 reprehen-

588 4087 850 4158 sionem
896 4090 1225 4159 inservire
1259 4102 1560 4169 noverat,
1619 4090 1947 4158 virtutum
1983 4089 2464 4158 exercitatione
2501 4088 2924 4174 praeclarus,
2986 4111 3148 4177 per·

585 4193 781 4264 cepto
823 4199 1108 4247 munere
1164 4177 1463 4267 dignus,
1517 4191 1725 4265 atque
1773 4179 1960 4247 omni
2022 4200 2098 4247 ex
2164 4196 2354 4265 parte
2405 4177 2771 4266 perfectus.
2826 4177 3145 4260 Quodam

586 4266 940 4335 Dominico
987 4267 1100 4337 die
1146 4267 1504 4336 nocturnis
1558 4267 1747 4336 horis
1799 4287 1921 4353 pro
1968 4266 2471 4338 consuetudine
2511 4289 2667 4335 cum
2705 4281 2945 4354 sancto
2983 4269 3150 4355 Epi-

585 4374 701 4421 sco
755 4375 794 4421 o
835 4357 1153 4424 Severino
1204 4355 1348 4425 loca
1404 4370 1640 4425 sancta
1697 4356 2036 4436 invisens,
2095 4378 2253 4424 cum
2302 4356 2417 4425 illo
2459 4355 2649 4424 humi
2707 4369 3142 4445 prostratus,

583 4463 703 4512 coe
734 4459 942 4512 estem
1009 4444 1257 4513 meruit
1306 4445 1550 4515 audire
1600 4444 2013 4515 melodiam:
2065 4444 2182 4514 sed
2233 4468 2394 4514 cuin
2452 4445 2779 4525 nesciret,
2830 4443 3008 4531 quid
3060 4465 3147 4515 ea
