<?xml version="1.0" encoding="UTF-8"?>
<!DOCTYPE html PUBLIC "-//W3C//DTD XHTML 1.0 Transitional//EN"
    "http://www.w3.org/TR/xhtml1/DTD/xhtml1-transitional.dtd">
<html xmlns="http://www.w3.org/1999/xhtml" xml:lang="en" lang="en">
 <head>
  <title>
</title>
<meta http-equiv="Content-Type" content="text/html;charset=utf-8" />
  <meta name='ocr-system' content='tesseract 3.04.00' />
  <meta name='ocr-capabilities' content='ocr_page ocr_carea ocr_par ocr_line ocrx_word'/>
</head>
<body>
  <div class='ocr_page' id='page_1' title='image "./historiaeseuvit03lippgoog_0615.png"; bbox 0 0 3347 4999; ppageno 0'>
   <div class='ocr_carea' id='block_1_1' title="bbox 194 361 2626 427">
    <p class='ocr_par' dir='ltr' id='par_1_1' title="bbox 194 361 2626 427">
     <span class='ocr_line' id='line_1_1' title="bbox 194 361 2626 427; baseline 0 0"><span class='ocrx_word' id='word_1_1' title='bbox 194 361 368 427; x_wconf 83' lang='lat' dir='ltr'>OCT.</span> <span class='ocrx_word' id='word_1_2' title='bbox 431 361 504 424; x_wconf 75' lang='lat'>17</span> <span class='ocrx_word' id='word_1_3' title='bbox 1084 379 1160 423; x_wconf 79' lang='lat' dir='ltr'>DE</span> <span class='ocrx_word' id='word_1_4' title='bbox 1210 378 1265 423; x_wconf 86' lang='lat' dir='ltr'>s.</span> <span class='ocrx_word' id='word_1_5' title='bbox 1320 377 1611 423; x_wconf 69' lang='lat' dir='ltr'>unowiess</span> <span class='ocrx_word' id='word_1_6' title='bbox 1664 378 1852 424; x_wconf 57' lang='lat' dir='ltr'>vluna</span> <span class='ocrx_word' id='word_1_7' title='bbox 2514 364 2626 427; x_wconf 68' lang='lat'>511</span> 
     </span>
    </p>
   </div>
   <div class='ocr_carea' id='block_1_2' title="bbox 194 461 2731 4540">
    <p class='ocr_par' dir='ltr' id='par_1_2' title="bbox 196 461 2729 1436">
     <span class='ocr_line' id='line_1_2' title="bbox 196 461 2729 553; baseline 0 -22"><span class='ocrx_word' id='word_1_8' title='bbox 196 463 499 531; x_wconf 89' lang='lat' dir='ltr'>alienum</span> <span class='ocrx_word' id='word_1_9' title='bbox 540 476 965 542; x_wconf 77' lang='lat' dir='ltr'>vexarentur,</span> <span class='ocrx_word' id='word_1_10' title='bbox 1020 474 1138 530; x_wconf 90' lang='lat' dir='ltr'>aut</span> <span class='ocrx_word' id='word_1_11' title='bbox 1186 461 1254 528; x_wconf 91' lang='lat' dir='ltr'>in</span> <span class='ocrx_word' id='word_1_12' title='bbox 1318 461 1627 530; x_wconf 89' lang='lat' dir='ltr'>custodia</span> <span class='ocrx_word' id='word_1_13' title='bbox 1678 461 2186 544; x_wconf 85' lang='lat' dir='ltr'>detinerentur,</span> <span class='ocrx_word' id='word_1_14' title='bbox 2249 466 2376 533; x_wconf 74' lang='lat' dir='ltr'>sua</span> <span class='ocrx_word' id='word_1_15' title='bbox 2433 464 2729 553; x_wconf 72' lang='lat' dir='ltr'>pecunia</span> 
     </span>
     <span class='ocr_line' id='line_1_3' title="bbox 198 549 2729 640; baseline 0.001 -19"><span class='ocrx_word' id='word_1_16' title='bbox 198 551 577 621; x_wconf 80' lang='lat' dir='ltr'>redimebat</span> <span class='ocrx_word' id='word_1_17' title='bbox 623 562 825 636; x_wconf 89' lang='lat' dir='ltr'>atque</span> <span class='ocrx_word' id='word_1_18' title='bbox 874 550 1297 620; x_wconf 87' lang='lat' dir='ltr'>sublevabat.</span> <span class='ocrx_word' id='word_1_19' title='bbox 1354 550 1544 618; x_wconf 88' lang='lat' dir='ltr'>Morti</span> <span class='ocrx_word' id='word_1_20' title='bbox 1579 549 2030 640; x_wconf 81' lang='lat' dir='ltr'>adjudicatOS,</span> <span class='ocrx_word' id='word_1_21' title='bbox 2084 567 2200 620; x_wconf 90' lang='lat' dir='ltr'>aut</span> <span class='ocrx_word' id='word_1_22' title='bbox 2264 551 2419 621; x_wconf 86' lang='lat' dir='ltr'>aliis</span> <span class='ocrx_word' id='word_1_23' title='bbox 2468 553 2553 622; x_wconf 92' lang='lat' dir='ltr'>ob</span> <span class='ocrx_word' id='word_1_24' title='bbox 2602 576 2729 623; x_wconf 87' lang='lat' dir='ltr'>sua</span> 
     </span>
     <span class='ocr_line' id='line_1_4' title="bbox 197 637 2729 728; baseline 0 -19"><span class='ocrx_word' id='word_1_25' title='bbox 197 639 535 710; x_wconf 83' lang='lat' dir='ltr'>maleficia</span> <span class='ocrx_word' id='word_1_26' title='bbox 585 637 982 709; x_wconf 86' lang='lat' dir='ltr'>afficiendos</span> <span class='ocrx_word' id='word_1_27' title='bbox 1034 639 1293 727; x_wconf 76' lang='lat' dir='ltr'>poeniS,</span> <span class='ocrx_word' id='word_1_28' title='bbox 1334 659 1468 706; x_wconf 89' lang='lat' dir='ltr'>non</span> <span class='ocrx_word' id='word_1_29' title='bbox 1518 660 1670 707; x_wconf 90' lang='lat' dir='ltr'>raro</span> <span class='ocrx_word' id='word_1_30' title='bbox 1697 639 1842 709; x_wconf 90' lang='lat' dir='ltr'>suis</span> <span class='ocrx_word' id='word_1_31' title='bbox 1884 640 2203 728; x_wconf 90' lang='lat' dir='ltr'>precibus</span> <span class='ocrx_word' id='word_1_32' title='bbox 2250 640 2526 728; x_wconf 87' lang='lat' dir='ltr'>eripuit.</span> <span class='ocrx_word' id='word_1_33' title='bbox 2568 642 2729 723; x_wconf 88' lang='lat' dir='ltr'>Qui-</span> 
     </span>
     <span class='ocr_line' id='line_1_5' title="bbox 199 725 2729 819; baseline 0 -21"><span class='ocrx_word' id='word_1_34' title='bbox 199 729 357 798; x_wconf 89' lang='lat' dir='ltr'>dam</span> <span class='ocrx_word' id='word_1_35' title='bbox 410 750 446 797; x_wconf 94' lang='lat' dir='ltr'>e</span> <span class='ocrx_word' id='word_1_36' title='bbox 494 728 705 808; x_wconf 85' lang='lat' dir='ltr'>Clero,</span> <span class='ocrx_word' id='word_1_37' title='bbox 745 726 980 796; x_wconf 84' lang='lat' dir='ltr'><strong>Gallus</strong></span> <span class='ocrx_word' id='word_1_38' title='bbox 1029 748 1295 815; x_wconf 80' lang='lat' dir='ltr'>genere,</span> <span class='ocrx_word' id='word_1_39' title='bbox 1333 725 1419 795; x_wconf 92' lang='lat' dir='ltr'>ob</span> <span class='ocrx_word' id='word_1_40' title='bbox 1459 727 1719 796; x_wconf 84' lang='lat' dir='ltr'>crimen</span> <span class='ocrx_word' id='word_1_41' title='bbox 1777 727 2117 819; x_wconf 90' lang='lat' dir='ltr'>sacrilegii</span> <span class='ocrx_word' id='word_1_42' title='bbox 2156 750 2234 797; x_wconf 82' lang='lat' dir='ltr'>ex</span> <span class='ocrx_word' id='word_1_43' title='bbox 2273 728 2535 818; x_wconf 86' lang='lat' dir='ltr'>judicis</span> <span class='ocrx_word' id='word_1_44' title='bbox 2576 752 2729 798; x_wconf 91' lang='lat' dir='ltr'>sen-</span> 
     </span>
     <span class='ocr_line' id='line_1_6' title="bbox 198 813 2726 907; baseline 0 -20"><span class='ocrx_word' id='word_1_45' title='bbox 198 817 409 887; x_wconf 76' lang='lat' dir='ltr'>tentia</span> <span class='ocrx_word' id='word_1_46' title='bbox 449 830 745 885; x_wconf 85' lang='lat' dir='ltr'>extremo</span> <span class='ocrx_word' id='word_1_47' title='bbox 795 813 1135 904; x_wconf 89' lang='lat' dir='ltr'>supplicio</span> <span class='ocrx_word' id='word_1_48' title='bbox 1183 814 1590 886; x_wconf 84' lang='lat' dir='ltr'>afficiendus</span> <span class='ocrx_word' id='word_1_49' title='bbox 1660 829 1826 884; x_wconf 91' lang='lat' dir='ltr'>erat.</span> <span class='ocrx_word' id='word_1_50' title='bbox 1893 816 2015 885; x_wconf 89' lang='lat' dir='ltr'>Ubi</span> <span class='ocrx_word' id='word_1_51' title='bbox 2067 816 2184 886; x_wconf 90' lang='lat' dir='ltr'>illa</span> <span class='ocrx_word' id='word_1_52' title='bbox 2250 817 2363 907; x_wconf 93' lang='lat' dir='ltr'>pia</span> <span class='ocrx_word' id='word_1_53' title='bbox 2414 829 2726 887; x_wconf 87' lang='lat' dir='ltr'>matrona</span> 
     </span>
     <span class='ocr_line' id='line_1_7' title="bbox 196 903 2725 1005; baseline -0 -30"><span class='ocrx_word' id='word_1_54' title='bbox 196 905 571 1005; x_wconf 79' lang='lat' dir='ltr'>comperit,</span> <span class='ocrx_word' id='word_1_55' title='bbox 630 903 961 974; x_wconf 86' lang='lat' dir='ltr'>Clericum</span> <span class='ocrx_word' id='word_1_56' title='bbox 1032 904 1097 971; x_wconf 92' lang='lat' dir='ltr'>in</span> <span class='ocrx_word' id='word_1_57' title='bbox 1143 917 1389 973; x_wconf 89' lang='lat' dir='ltr'>sortem</span> <span class='ocrx_word' id='word_1_58' title='bbox 1446 904 1713 973; x_wconf 80' lang='lat' dir='ltr'>Domini</span> <span class='ocrx_word' id='word_1_59' title='bbox 1780 904 2108 986; x_wconf 90' lang='lat' dir='ltr'>electum,</span> <span class='ocrx_word' id='word_1_60' title='bbox 2167 917 2304 974; x_wconf 90' lang='lat' dir='ltr'>tam</span> <span class='ocrx_word' id='word_1_61' title='bbox 2348 906 2725 975; x_wconf 81' lang='lat' dir='ltr'>miserabili</span> 
     </span>
     <span class='ocr_line' id='line_1_8' title="bbox 201 992 2722 1082; baseline 0 -19"><span class='ocrx_word' id='word_1_62' title='bbox 201 995 617 1066; x_wconf 78' lang='lat' dir='ltr'>destinatum</span> <span class='ocrx_word' id='word_1_63' title='bbox 672 992 843 1072; x_wconf 88' lang='lat' dir='ltr'>neci,</span> <span class='ocrx_word' id='word_1_64' title='bbox 899 993 1119 1081; x_wconf 89' lang='lat' dir='ltr'>magis</span> <span class='ocrx_word' id='word_1_65' title='bbox 1165 993 1367 1061; x_wconf 88' lang='lat' dir='ltr'>etiam</span> <span class='ocrx_word' id='word_1_66' title='bbox 1412 992 1884 1063; x_wconf 63' lang='lat' dir='ltr'>misericordia</span> <span class='ocrx_word' id='word_1_67' title='bbox 1936 1008 2238 1082; x_wconf 90' lang='lat' dir='ltr'>permota</span> <span class='ocrx_word' id='word_1_68' title='bbox 2280 995 2722 1064; x_wconf 88' lang='lat' dir='ltr'>suntviscera</span> 
     </span>
     <span class='ocr_line' id='line_1_9' title="bbox 197 1080 2720 1172; baseline -0.001 -21"><span class='ocrx_word' id='word_1_69' title='bbox 197 1083 370 1171; x_wconf 80' lang='lat' dir='ltr'>ejuS,</span> <span class='ocrx_word' id='word_1_70' title='bbox 404 1081 665 1151; x_wconf 89' lang='lat' dir='ltr'>ratione</span> <span class='ocrx_word' id='word_1_71' title='bbox 698 1080 894 1160; x_wconf 89' lang='lat' dir='ltr'>Cleri,</span> <span class='ocrx_word' id='word_1_72' title='bbox 931 1102 1137 1167; x_wconf 91' lang='lat' dir='ltr'>quem</span> <span class='ocrx_word' id='word_1_73' title='bbox 1167 1080 1487 1151; x_wconf 89' lang='lat' dir='ltr'>censebat</span> <span class='ocrx_word' id='word_1_74' title='bbox 1520 1082 1710 1149; x_wconf 89' lang='lat' dir='ltr'>omni</span> <span class='ocrx_word' id='word_1_75' title='bbox 1741 1083 2168 1152; x_wconf 89' lang='lat' dir='ltr'>veneratione</span> <span class='ocrx_word' id='word_1_76' title='bbox 2206 1081 2720 1172; x_wconf 90' lang='lat' dir='ltr'>dignissimum.</span> 
     </span>
     <span class='ocr_line' id='line_1_10' title="bbox 199 1169 2725 1261; baseline -0 -20"><span class='ocrx_word' id='word_1_77' title='bbox 199 1177 436 1258; x_wconf 89' lang='lat' dir='ltr'>Itaque</span> <span class='ocrx_word' id='word_1_78' title='bbox 482 1169 666 1260; x_wconf 90' lang='lat' dir='ltr'>apud</span> <span class='ocrx_word' id='word_1_79' title='bbox 717 1171 920 1251; x_wconf 79' lang='lat' dir='ltr'>euml,</span> <span class='ocrx_word' id='word_1_80' title='bbox 975 1169 1093 1256; x_wconf 91' lang='lat' dir='ltr'>qui</span> <span class='ocrx_word' id='word_1_81' title='bbox 1142 1181 1286 1238; x_wconf 88' lang='lat' dir='ltr'>erat</span> <span class='ocrx_word' id='word_1_82' title='bbox 1335 1169 1401 1237; x_wconf 92' lang='lat' dir='ltr'>in</span> <span class='ocrx_word' id='word_1_83' title='bbox 1453 1182 1779 1258; x_wconf 77' lang='lat' dir='ltr'>potestate</span> <span class='ocrx_word' id='word_1_84' title='bbox 1808 1225 1823 1251; x_wconf 98' lang='lat'>,</span> <span class='ocrx_word' id='word_1_85' title='bbox 1880 1171 2198 1261; x_wconf 87' lang='lat' dir='ltr'>precibus</span> <span class='ocrx_word' id='word_1_86' title='bbox 2246 1171 2530 1250; x_wconf 90' lang='lat' dir='ltr'>institit,</span> <span class='ocrx_word' id='word_1_87' title='bbox 2602 1193 2725 1240; x_wconf 91' lang='lat' dir='ltr'>nec</span> 
     </span>
     <span class='ocr_line' id='line_1_11' title="bbox 206 1257 2716 1350; baseline 0 -22"><span class='ocrx_word' id='word_1_88' title='bbox 206 1260 398 1350; x_wconf 88' lang='lat' dir='ltr'>prius</span> <span class='ocrx_word' id='word_1_89' title='bbox 446 1280 640 1328; x_wconf 89' lang='lat' dir='ltr'>orare</span> <span class='ocrx_word' id='word_1_90' title='bbox 679 1257 957 1338; x_wconf 81' lang='lat' dir='ltr'>destitit,</span> <span class='ocrx_word' id='word_1_91' title='bbox 1010 1280 1217 1345; x_wconf 87' lang='lat' dir='ltr'>quam</span> <span class='ocrx_word' id='word_1_92' title='bbox 1263 1258 1592 1327; x_wconf 89' lang='lat' dir='ltr'>Clericum</span> <span class='ocrx_word' id='word_1_93' title='bbox 1629 1258 1828 1329; x_wconf 91' lang='lat' dir='ltr'>illum</span> <span class='ocrx_word' id='word_1_94' title='bbox 1882 1282 1922 1328; x_wconf 88' lang='lat' dir='ltr'>a</span> <span class='ocrx_word' id='word_1_95' title='bbox 1961 1273 2097 1330; x_wconf 88' lang='lat' dir='ltr'>tam</span> <span class='ocrx_word' id='word_1_96' title='bbox 2151 1260 2482 1348; x_wconf 81' lang='lat' dir='ltr'>praesenti</span> <span class='ocrx_word' id='word_1_97' title='bbox 2543 1260 2716 1350; x_wconf 88' lang='lat' dir='ltr'>peri—</span> 
     </span>
     <span class='ocr_line' id='line_1_12' title="bbox 199 1345 1679 1436; baseline -0.004 -18"><span class='ocrx_word' id='word_1_98' title='bbox 199 1349 356 1418; x_wconf 90' lang='lat' dir='ltr'>culo</span> <span class='ocrx_word' id='word_1_99' title='bbox 404 1360 739 1436; x_wconf 89' lang='lat' dir='ltr'>ereptum,</span> <span class='ocrx_word' id='word_1_100' title='bbox 779 1345 1194 1416; x_wconf 87' lang='lat' dir='ltr'>incolumem</span> <span class='ocrx_word' id='word_1_101' title='bbox 1230 1358 1679 1417; x_wconf 83' lang='lat' dir='ltr'>conservaret.</span> 
     </span>
    </p>

    <p class='ocr_par' dir='ltr' id='par_1_3' title="bbox 194 1435 2731 4540">
     <span class='ocr_line' id='line_1_13' title="bbox 288 1435 2724 1527; baseline -0 -20"><span class='ocrx_word' id='word_1_102' title='bbox 288 1439 510 1523; x_wconf 46' lang='lat'>§81</span> <span class='ocrx_word' id='word_1_103' title='bbox 567 1439 772 1505; x_wconf 88' lang='lat' dir='ltr'>Mater</span> <span class='ocrx_word' id='word_1_104' title='bbox 819 1447 964 1504; x_wconf 87' lang='lat' dir='ltr'>erat</span> <span class='ocrx_word' id='word_1_105' title='bbox 1013 1435 1324 1504; x_wconf 88' lang='lat' dir='ltr'>omnium</span> <span class='ocrx_word' id='word_1_106' title='bbox 1387 1457 1792 1525; x_wconf 89' lang='lat' dir='ltr'>pauperum,</span> <span class='ocrx_word' id='word_1_107' title='bbox 1829 1448 1894 1505; x_wconf 91' lang='lat' dir='ltr'>et</span> <span class='ocrx_word' id='word_1_108' title='bbox 1947 1436 2312 1527; x_wconf 81' lang='lat' dir='ltr'>praecipue</span> <span class='ocrx_word' id='word_1_109' title='bbox 2356 1436 2724 1506; x_wconf 86' lang='lat' dir='ltr'>viduarum</span> 
     </span>
     <span class='ocr_line' id='line_1_14' title="bbox 203 1523 2718 1614; baseline -0 -20"><span class='ocrx_word' id='word_1_110' title='bbox 203 1540 406 1612; x_wconf 88' lang='lat' dir='ltr'>atque</span> <span class='ocrx_word' id='word_1_111' title='bbox 445 1524 916 1613; x_wconf 81' lang='lat' dir='ltr'>orphanorum</span> <span class='ocrx_word' id='word_1_112' title='bbox 951 1523 1197 1592; x_wconf 85' lang='lat' dir='ltr'>eximia</span> <span class='ocrx_word' id='word_1_113' title='bbox 1233 1523 1680 1593; x_wconf 81' lang='lat' dir='ltr'>consolatrix:</span> <span class='ocrx_word' id='word_1_114' title='bbox 1719 1546 2012 1610; x_wconf 88' lang='lat' dir='ltr'>quorum</span> <span class='ocrx_word' id='word_1_115' title='bbox 2050 1546 2295 1594; x_wconf 87' lang='lat' dir='ltr'>causas</span> <span class='ocrx_word' id='word_1_116' title='bbox 2327 1537 2392 1593; x_wconf 92' lang='lat' dir='ltr'>et</span> <span class='ocrx_word' id='word_1_117' title='bbox 2426 1526 2718 1614; x_wconf 88' lang='lat' dir='ltr'>negotia,</span> 
     </span>
     <span class='ocr_line' id='line_1_15' title="bbox 203 1612 2728 1702; baseline -0 -19"><span class='ocrx_word' id='word_1_118' title='bbox 203 1636 364 1683; x_wconf 91' lang='lat' dir='ltr'>cum</span> <span class='ocrx_word' id='word_1_119' title='bbox 416 1612 484 1681; x_wconf 90' lang='lat' dir='ltr'>id</span> <span class='ocrx_word' id='word_1_120' title='bbox 539 1635 644 1682; x_wconf 90' lang='lat' dir='ltr'>res</span> <span class='ocrx_word' id='word_1_121' title='bbox 697 1624 1021 1701; x_wconf 90' lang='lat' dir='ltr'>posceret,</span> <span class='ocrx_word' id='word_1_122' title='bbox 1075 1612 1258 1702; x_wconf 90' lang='lat' dir='ltr'>apud</span> <span class='ocrx_word' id='word_1_123' title='bbox 1311 1617 1562 1681; x_wconf 91' lang='lat' dir='ltr'>Ducem</span> <span class='ocrx_word' id='word_1_124' title='bbox 1603 1614 2061 1701; x_wconf 80' lang='lat' dir='ltr'>promovebat,</span> <span class='ocrx_word' id='word_1_125' title='bbox 2115 1613 2606 1700; x_wconf 79' lang='lat' dir='ltr'>exhibebatque</span> <span class='ocrx_word' id='word_1_126' title='bbox 2657 1636 2728 1684; x_wconf 92' lang='lat' dir='ltr'>se</span> 
     </span>
     <span class='ocr_line' id='line_1_16' title="bbox 201 1700 2728 1793; baseline -0.001 -22"><span class='ocrx_word' id='word_1_127' title='bbox 201 1702 342 1772; x_wconf 90' lang='lat' dir='ltr'>illis</span> <span class='ocrx_word' id='word_1_128' title='bbox 391 1700 868 1771; x_wconf 87' lang='lat' dir='ltr'>fidelissimam</span> <span class='ocrx_word' id='word_1_129' title='bbox 904 1700 1327 1769; x_wconf 89' lang='lat' dir='ltr'>advocatam.</span> <span class='ocrx_word' id='word_1_130' title='bbox 1372 1706 1511 1772; x_wconf 88' lang='lat' dir='ltr'>Non</span> <span class='ocrx_word' id='word_1_131' title='bbox 1567 1723 1821 1791; x_wconf 89' lang='lat' dir='ltr'>paucas</span> <span class='ocrx_word' id='word_1_132' title='bbox 1852 1723 2123 1789; x_wconf 90' lang='lat' dir='ltr'>quoque</span> <span class='ocrx_word' id='word_1_133' title='bbox 2159 1701 2442 1792; x_wconf 87' lang='lat' dir='ltr'>puellas,</span> <span class='ocrx_word' id='word_1_134' title='bbox 2483 1724 2728 1793; x_wconf 89' lang='lat' dir='ltr'>paren-</span> 
     </span>
     <span class='ocr_line' id='line_1_17' title="bbox 201 1789 2723 1881; baseline -0.001 -20"><span class='ocrx_word' id='word_1_135' title='bbox 201 1792 385 1862; x_wconf 85' lang='lat' dir='ltr'>tibus</span> <span class='ocrx_word' id='word_1_136' title='bbox 418 1805 481 1860; x_wconf 90' lang='lat' dir='ltr'>et</span> <span class='ocrx_word' id='word_1_137' title='bbox 529 1789 772 1859; x_wconf 90' lang='lat' dir='ltr'>amicis</span> <span class='ocrx_word' id='word_1_138' title='bbox 819 1789 1116 1870; x_wconf 79' lang='lat' dir='ltr'>orbataS,</span> <span class='ocrx_word' id='word_1_139' title='bbox 1162 1813 1199 1858; x_wconf 89' lang='lat' dir='ltr'>a</span> <span class='ocrx_word' id='word_1_140' title='bbox 1252 1789 1341 1858; x_wconf 92' lang='lat' dir='ltr'>ud</span> <span class='ocrx_word' id='word_1_141' title='bbox 1380 1811 1450 1859; x_wconf 90' lang='lat' dir='ltr'>se</span> <span class='ocrx_word' id='word_1_142' title='bbox 1485 1790 1877 1860; x_wconf 86' lang='lat' dir='ltr'>humaniter</span> <span class='ocrx_word' id='word_1_143' title='bbox 1909 1790 2196 1866; x_wconf 86' lang='lat' dir='ltr'>fovebat,</span> <span class='ocrx_word' id='word_1_144' title='bbox 2234 1790 2529 1881; x_wconf 90' lang='lat' dir='ltr'>singulis</span> <span class='ocrx_word' id='word_1_145' title='bbox 2566 1794 2723 1880; x_wconf 81' lang='lat' dir='ltr'>pro-</span> 
     </span>
     <span class='ocr_line' id='line_1_18' title="bbox 205 1877 2721 1980; baseline 0 -32"><span class='ocrx_word' id='word_1_146' title='bbox 205 1879 470 1963; x_wconf 64' lang='lat' dir='ltr'>videm,</span> <span class='ocrx_word' id='word_1_147' title='bbox 534 1890 735 1968; x_wconf 88' lang='lat' dir='ltr'>prout</span> <span class='ocrx_word' id='word_1_148' title='bbox 781 1877 838 1946; x_wconf 92' lang='lat' dir='ltr'>ei</span> <span class='ocrx_word' id='word_1_149' title='bbox 910 1878 1131 1946; x_wconf 90' lang='lat' dir='ltr'>visum</span> <span class='ocrx_word' id='word_1_150' title='bbox 1225 1877 1323 1947; x_wconf 92' lang='lat' dir='ltr'>uit</span> <span class='ocrx_word' id='word_1_151' title='bbox 1370 1878 1576 1947; x_wconf 87' lang='lat' dir='ltr'>saluti</span> <span class='ocrx_word' id='word_1_152' title='bbox 1627 1878 1903 1948; x_wconf 87' lang='lat' dir='ltr'>illarum</span> <span class='ocrx_word' id='word_1_153' title='bbox 1972 1880 2334 1980; x_wconf 86' lang='lat' dir='ltr'>praecipue</span> <span class='ocrx_word' id='word_1_154' title='bbox 2380 1879 2721 1969; x_wconf 83' lang='lat' dir='ltr'>expedire,</span> 
     </span>
     <span class='ocr_line' id='line_1_19' title="bbox 203 1964 2727 2058; baseline -0 -21"><span class='ocrx_word' id='word_1_155' title='bbox 203 1968 378 2038; x_wconf 89' lang='lat' dir='ltr'>alias</span> <span class='ocrx_word' id='word_1_156' title='bbox 430 1966 892 2046; x_wconf 89' lang='lat' dir='ltr'>matrimoni0‚</span> <span class='ocrx_word' id='word_1_157' title='bbox 927 1964 1099 2034; x_wconf 89' lang='lat' dir='ltr'>alias</span> <span class='ocrx_word' id='word_1_158' title='bbox 1151 1967 1582 2036; x_wconf 89' lang='lat' dir='ltr'>monasteriis</span> <span class='ocrx_word' id='word_1_159' title='bbox 1614 1967 1911 2038; x_wconf 90' lang='lat' dir='ltr'>tradens.</span> <span class='ocrx_word' id='word_1_160' title='bbox 1951 1973 2114 2038; x_wconf 86' lang='lat' dir='ltr'>Cum</span> <span class='ocrx_word' id='word_1_161' title='bbox 2166 1991 2264 2037; x_wconf 77' lang='lat' dir='ltr'>sic</span> <span class='ocrx_word' id='word_1_162' title='bbox 2311 1982 2537 2038; x_wconf 88' lang='lat' dir='ltr'>autem</span> <span class='ocrx_word' id='word_1_163' title='bbox 2577 1990 2727 2058; x_wconf 86' lang='lat' dir='ltr'>per-</span> 
     </span>
     <span class='ocr_line' id='line_1_20' title="bbox 208 2054 2731 2147; baseline -0 -22"><span class='ocrx_word' id='word_1_164' title='bbox 208 2055 430 2147; x_wconf 88' lang='lat' dir='ltr'>petuis</span> <span class='ocrx_word' id='word_1_165' title='bbox 478 2054 729 2124; x_wconf 86' lang='lat' dir='ltr'>foveret</span> <span class='ocrx_word' id='word_1_166' title='bbox 776 2054 1127 2124; x_wconf 88' lang='lat' dir='ltr'>beneficiis</span> <span class='ocrx_word' id='word_1_167' title='bbox 1172 2077 1527 2145; x_wconf 89' lang='lat' dir='ltr'>pauperes,</span> <span class='ocrx_word' id='word_1_168' title='bbox 1582 2077 2017 2143; x_wconf 89' lang='lat' dir='ltr'>quocumque</span> <span class='ocrx_word' id='word_1_169' title='bbox 2065 2057 2228 2136; x_wconf 90' lang='lat' dir='ltr'>ibat,</span> <span class='ocrx_word' id='word_1_170' title='bbox 2266 2058 2731 2144; x_wconf 83' lang='lat' dir='ltr'>sequebantur</span> 
     </span>
     <span class='ocr_line' id='line_1_21' title="bbox 202 2143 2729 2245; baseline 0 -31"><span class='ocrx_word' id='word_1_171' title='bbox 202 2167 352 2214; x_wconf 89' lang='lat' dir='ltr'>eam</span> <span class='ocrx_word' id='word_1_172' title='bbox 405 2156 477 2212; x_wconf 88' lang='lat' dir='ltr'>ut</span> <span class='ocrx_word' id='word_1_173' title='bbox 527 2157 839 2213; x_wconf 90' lang='lat' dir='ltr'>matrem.</span> <span class='ocrx_word' id='word_1_174' title='bbox 881 2149 1162 2233; x_wconf 88' lang='lat' dir='ltr'>Semper</span> <span class='ocrx_word' id='word_1_175' title='bbox 1192 2145 1373 2212; x_wconf 90' lang='lat' dir='ltr'>enim</span> <span class='ocrx_word' id='word_1_176' title='bbox 1413 2145 1482 2213; x_wconf 92' lang='lat' dir='ltr'>in</span> <span class='ocrx_word' id='word_1_177' title='bbox 1514 2143 1800 2214; x_wconf 87' lang='lat' dir='ltr'>ecclesia</span> <span class='ocrx_word' id='word_1_178' title='bbox 1856 2167 2087 2215; x_wconf 88' lang='lat' dir='ltr'>coram</span> <span class='ocrx_word' id='word_1_179' title='bbox 2145 2168 2225 2215; x_wconf 88' lang='lat' dir='ltr'>ea</span> <span class='ocrx_word' id='word_1_180' title='bbox 2280 2146 2540 2245; x_wconf 87' lang='lat' dir='ltr'>positus</span> <span class='ocrx_word' id='word_1_181' title='bbox 2584 2157 2729 2215; x_wconf 89' lang='lat' dir='ltr'>erat</span> 
     </span>
     <span class='ocr_line' id='line_1_22' title="bbox 204 2232 2727 2324; baseline -0 -21"><span class='ocrx_word' id='word_1_182' title='bbox 204 2254 490 2303; x_wconf 90' lang='lat' dir='ltr'>acervus</span> <span class='ocrx_word' id='word_1_183' title='bbox 542 2253 1015 2311; x_wconf 89' lang='lat' dir='ltr'>nummorum,</span> <span class='ocrx_word' id='word_1_184' title='bbox 1060 2232 1177 2318; x_wconf 93' lang='lat' dir='ltr'>qui</span> <span class='ocrx_word' id='word_1_185' title='bbox 1212 2232 1788 2302; x_wconf 84' lang='lat' dir='ltr'>distribuerentur</span> <span class='ocrx_word' id='word_1_186' title='bbox 1817 2235 2075 2324; x_wconf 83' lang='lat' dir='ltr'>egenis,</span> <span class='ocrx_word' id='word_1_187' title='bbox 2114 2256 2150 2302; x_wconf 93' lang='lat' dir='ltr'>e</span> <span class='ocrx_word' id='word_1_188' title='bbox 2182 2235 2439 2320; x_wconf 80' lang='lat' dir='ltr'>quibus</span> <span class='ocrx_word' id='word_1_189' title='bbox 2475 2233 2727 2303; x_wconf 89' lang='lat' dir='ltr'>multos</span> 
     </span>
     <span class='ocr_line' id='line_1_23' title="bbox 204 2320 2730 2410; baseline 0 -20"><span class='ocrx_word' id='word_1_190' title='bbox 204 2323 358 2410; x_wconf 72' lang='lat' dir='ltr'>ipsa</span> <span class='ocrx_word' id='word_1_191' title='bbox 390 2342 515 2389; x_wconf 89' lang='lat' dir='ltr'>sua</span> <span class='ocrx_word' id='word_1_192' title='bbox 551 2342 763 2390; x_wconf 88' lang='lat' dir='ltr'>manu</span> <span class='ocrx_word' id='word_1_193' title='bbox 800 2320 1282 2410; x_wconf 89' lang='lat' dir='ltr'>elargiebatur.</span> <span class='ocrx_word' id='word_1_194' title='bbox 1328 2326 1460 2390; x_wconf 91' lang='lat' dir='ltr'>Nec</span> <span class='ocrx_word' id='word_1_195' title='bbox 1499 2344 1715 2391; x_wconf 90' lang='lat' dir='ltr'>ausus</span> <span class='ocrx_word' id='word_1_196' title='bbox 1760 2337 1904 2391; x_wconf 90' lang='lat' dir='ltr'>erat</span> <span class='ocrx_word' id='word_1_197' title='bbox 1936 2322 2302 2409; x_wconf 87' lang='lat' dir='ltr'>quisquam</span> <span class='ocrx_word' id='word_1_198' title='bbox 2339 2345 2419 2392; x_wconf 80' lang='lat' dir='ltr'>ex</span> <span class='ocrx_word' id='word_1_199' title='bbox 2448 2324 2598 2392; x_wconf 87' lang='lat' dir='ltr'>e&#39;us</span> <span class='ocrx_word' id='word_1_200' title='bbox 2632 2322 2730 2391; x_wconf 87' lang='lat' dir='ltr'>fa-</span> 
     </span>
     <span class='ocr_line' id='line_1_24' title="bbox 203 2345 2727 2501; baseline 0 -22"><span class='ocrx_word' id='word_1_201' title='bbox 203 2407 420 2486; x_wconf 86' lang='lat' dir='ltr'>milia,</span> <span class='ocrx_word' id='word_1_202' title='bbox 452 2432 598 2477; x_wconf 87' lang='lat' dir='ltr'>eam</span> <span class='ocrx_word' id='word_1_203' title='bbox 631 2408 1123 2496; x_wconf 88' lang='lat' dir='ltr'>subsequentes</span> <span class='ocrx_word' id='word_1_204' title='bbox 1146 2409 1473 2499; x_wconf 88' lang='lat' dir='ltr'>repellere</span> <span class='ocrx_word' id='word_1_205' title='bbox 1500 2431 1854 2501; x_wconf 87' lang='lat' dir='ltr'>pauperes,</span> <span class='ocrx_word' id='word_1_206' title='bbox 1911 2412 2177 2481; x_wconf 88' lang='lat' dir='ltr'>tametsi</span> <span class='ocrx_word' id='word_1_207' title='bbox 2209 2412 2421 2481; x_wconf 88' lang='lat' dir='ltr'>nimia</span> <span class='ocrx_word' id='word_1_208' title='bbox 2450 2345 2727 2481; x_wconf 58' lang='lat' dir='ltr'>illlorum</span> 
     </span>
     <span class='ocr_line' id='line_1_25' title="bbox 203 2496 2729 2591; baseline 0 -24"><span class='ocrx_word' id='word_1_209' title='bbox 203 2497 597 2577; x_wconf 86' lang='lat' dir='ltr'>multitud0‚</span> <span class='ocrx_word' id='word_1_210' title='bbox 648 2520 778 2567; x_wconf 89' lang='lat' dir='ltr'>non</span> <span class='ocrx_word' id='word_1_211' title='bbox 833 2496 1241 2568; x_wconf 87' lang='lat' dir='ltr'>mediocrem</span> <span class='ocrx_word' id='word_1_212' title='bbox 1294 2521 1788 2590; x_wconf 83' lang='lat' dir='ltr'>saepenumero</span> <span class='ocrx_word' id='word_1_213' title='bbox 1839 2501 2219 2570; x_wconf 88' lang='lat' dir='ltr'>molestiam</span> <span class='ocrx_word' id='word_1_214' title='bbox 2269 2502 2537 2572; x_wconf 83' lang='lat' dir='ltr'>afferret</span> <span class='ocrx_word' id='word_1_215' title='bbox 2589 2502 2729 2591; x_wconf 89' lang='lat' dir='ltr'>ple-</span> 
     </span>
     <span class='ocr_line' id='line_1_26' title="bbox 202 2586 2727 2676; baseline 0 -20"><span class='ocrx_word' id='word_1_216' title='bbox 202 2588 434 2674; x_wconf 88' lang='lat' dir='ltr'>risque</span> <span class='ocrx_word' id='word_1_217' title='bbox 483 2586 818 2662; x_wconf 86' lang='lat' dir='ltr'>ministris</span> <span class='ocrx_word' id='word_1_218' title='bbox 863 2586 1038 2676; x_wconf 80' lang='lat' dir='ltr'>ejus,</span> <span class='ocrx_word' id='word_1_219' title='bbox 1100 2591 1264 2656; x_wconf 86' lang='lat' dir='ltr'>Cum</span> <span class='ocrx_word' id='word_1_220' title='bbox 1314 2587 1425 2656; x_wconf 91' lang='lat' dir='ltr'>die</span> <span class='ocrx_word' id='word_1_221' title='bbox 1475 2588 1774 2675; x_wconf 87' lang='lat' dir='ltr'>quodam</span> <span class='ocrx_word' id='word_1_222' title='bbox 1832 2611 2059 2658; x_wconf 88' lang='lat' dir='ltr'>coram</span> <span class='ocrx_word' id='word_1_223' title='bbox 2111 2589 2333 2671; x_wconf 88' lang='lat' dir='ltr'>altari,</span> <span class='ocrx_word' id='word_1_224' title='bbox 2369 2589 2549 2676; x_wconf 88' lang='lat' dir='ltr'>quod</span> <span class='ocrx_word' id='word_1_225' title='bbox 2585 2603 2727 2658; x_wconf 90' lang='lat' dir='ltr'>erat</span> 
     </span>
     <span class='ocr_line' id='line_1_27' title="bbox 201 2674 2729 2766; baseline 0 -22"><span class='ocrx_word' id='word_1_226' title='bbox 201 2677 272 2744; x_wconf 88' lang='lat' dir='ltr'>in</span> <span class='ocrx_word' id='word_1_227' title='bbox 336 2675 641 2745; x_wconf 89' lang='lat' dir='ltr'>conclavi</span> <span class='ocrx_word' id='word_1_228' title='bbox 707 2674 908 2763; x_wconf 79' lang='lat' dir='ltr'>erS,</span> <span class='ocrx_word' id='word_1_229' title='bbox 988 2675 1317 2764; x_wconf 84' lang='lat' dir='ltr'>prolixius</span> <span class='ocrx_word' id='word_1_230' title='bbox 1372 2691 1641 2759; x_wconf 87' lang='lat' dir='ltr'>oraret,</span> <span class='ocrx_word' id='word_1_231' title='bbox 1726 2678 2021 2746; x_wconf 90' lang='lat' dir='ltr'>mendici</span> <span class='ocrx_word' id='word_1_232' title='bbox 2074 2700 2258 2747; x_wconf 91' lang='lat' dir='ltr'>more</span> <span class='ocrx_word' id='word_1_233' title='bbox 2316 2701 2440 2749; x_wconf 88' lang='lat' dir='ltr'>suo</span> <span class='ocrx_word' id='word_1_234' title='bbox 2491 2699 2729 2766; x_wconf 84' lang='lat' dir='ltr'>exspe-</span> 
     </span>
     <span class='ocr_line' id='line_1_28' title="bbox 200 2764 2728 2856; baseline 0.001 -22"><span class='ocrx_word' id='word_1_235' title='bbox 200 2776 462 2834; x_wconf 89' lang='lat' dir='ltr'>ctantes</span> <span class='ocrx_word' id='word_1_236' title='bbox 511 2764 757 2855; x_wconf 88' lang='lat' dir='ltr'>stipem</span> <span class='ocrx_word' id='word_1_237' title='bbox 793 2819 808 2845; x_wconf 92' lang='lat'>,</span> <span class='ocrx_word' id='word_1_238' title='bbox 868 2764 1249 2846; x_wconf 82' lang='lat' dir='ltr'>exclamare</span> <span class='ocrx_word' id='word_1_239' title='bbox 1294 2779 1710 2856; x_wconf 85' lang='lat' dir='ltr'>coeperunt:</span> <span class='ocrx_word' id='word_1_240' title='bbox 1779 2788 1814 2832; x_wconf 84' lang='lat'>«</span> <span class='ocrx_word' id='word_1_241' title='bbox 1852 2766 2066 2836; x_wconf 89' lang='lat' dir='ltr'>Hodie</span> <span class='ocrx_word' id='word_1_242' title='bbox 2121 2766 2403 2835; x_wconf 88' lang='lat' dir='ltr'>domina</span> <span class='ocrx_word' id='word_1_243' title='bbox 2479 2765 2728 2836; x_wconf 89' lang='lat' dir='ltr'>nostris</span> 
     </span>
     <span class='ocr_line' id='line_1_29' title="bbox 199 2852 2725 2945; baseline 0 -23"><span class='ocrx_word' id='word_1_244' title='bbox 199 2865 303 2922; x_wconf 91' lang='lat' dir='ltr'>est</span> <span class='ocrx_word' id='word_1_245' title='bbox 349 2852 688 2923; x_wconf 89' lang='lat' dir='ltr'>subducta</span> <span class='ocrx_word' id='word_1_246' title='bbox 769 2875 934 2923; x_wconf 90' lang='lat' dir='ltr'>cons</span> <span class='ocrx_word' id='word_1_247' title='bbox 986 2853 1291 2936; x_wconf 91' lang='lat' dir='ltr'>ectibus;</span> <span class='ocrx_word' id='word_1_248' title='bbox 1350 2855 1552 2924; x_wconf 90' lang='lat' dir='ltr'>hodie</span> <span class='ocrx_word' id='word_1_249' title='bbox 1603 2876 1984 2945; x_wconf 88' lang='lat' dir='ltr'>pauperum</span> <span class='ocrx_word' id='word_1_250' title='bbox 2047 2854 2460 2924; x_wconf 80' lang='lat' dir='ltr'>consolatrix</span> <span class='ocrx_word' id='word_1_251' title='bbox 2525 2854 2725 2922; x_wconf 89' lang='lat' dir='ltr'>nobis</span> 
     </span>
     <span class='ocr_line' id='line_1_30' title="bbox 199 2940 2722 3031; baseline -0 -21"><span class='ocrx_word' id='word_1_252' title='bbox 199 2940 464 3012; x_wconf 88' lang='lat' dir='ltr'>vultum</span> <span class='ocrx_word' id='word_1_253' title='bbox 531 2963 666 3010; x_wconf 91' lang='lat' dir='ltr'>non</span> <span class='ocrx_word' id='word_1_254' title='bbox 718 2954 908 3013; x_wconf 83' lang='lat' dir='ltr'>osten</span> <span class='ocrx_word' id='word_1_255' title='bbox 966 2943 1015 3011; x_wconf 94' lang='lat' dir='ltr'>it</span> <span class='ocrx_word' id='word_1_256' title='bbox 1061 2963 1294 3023; x_wconf 92' lang='lat' dir='ltr'>suum,</span> <span class='ocrx_word' id='word_1_257' title='bbox 1351 2942 1912 3031; x_wconf 88' lang='lat' dir='ltr'>quandoquidem</span> <span class='ocrx_word' id='word_1_258' title='bbox 1972 2941 2240 3013; x_wconf 86' lang='lat' dir='ltr'>nullum</span> <span class='ocrx_word' id='word_1_259' title='bbox 2299 2943 2530 3011; x_wconf 91' lang='lat' dir='ltr'>adhuc</span> <span class='ocrx_word' id='word_1_260' title='bbox 2569 2941 2722 3029; x_wconf 86' lang='lat' dir='ltr'>ejus</span> 
     </span>
     <span class='ocr_line' id='line_1_31' title="bbox 201 3030 2727 3120; baseline 0 -21"><span class='ocrx_word' id='word_1_261' title='bbox 201 3030 637 3120; x_wconf 88' lang='lat' dir='ltr'>percepimus</span> <span class='ocrx_word' id='word_1_262' title='bbox 675 3030 1112 3101; x_wconf 86' lang='lat' dir='ltr'>beneficium.</span> <span class='ocrx_word' id='word_1_263' title='bbox 1155 3054 1188 3098; x_wconf 86' lang='lat'>»</span> <span class='ocrx_word' id='word_1_264' title='bbox 1246 3031 1321 3100; x_wconf 92' lang='lat' dir='ltr'>Id</span> <span class='ocrx_word' id='word_1_265' title='bbox 1371 3054 1532 3102; x_wconf 92' lang='lat' dir='ltr'>cum</span> <span class='ocrx_word' id='word_1_266' title='bbox 1581 3034 1641 3101; x_wconf 86' lang='lat' dir='ltr'>ei</span> <span class='ocrx_word' id='word_1_267' title='bbox 1693 3053 1846 3101; x_wconf 87' lang='lat' dir='ltr'>mox</span> <span class='ocrx_word' id='word_1_268' title='bbox 1903 3031 2273 3102; x_wconf 90' lang='lat' dir='ltr'>indicasset</span> <span class='ocrx_word' id='word_1_269' title='bbox 2321 3053 2460 3100; x_wconf 89' lang='lat' dir='ltr'>una</span> <span class='ocrx_word' id='word_1_270' title='bbox 2500 3052 2580 3100; x_wconf 83' lang='lat' dir='ltr'>ex</span> <span class='ocrx_word' id='word_1_271' title='bbox 2630 3030 2727 3099; x_wconf 88' lang='lat' dir='ltr'>fa-</span> 
     </span>
     <span class='ocr_line' id='line_1_32' title="bbox 200 3118 2724 3210; baseline -0 -22"><span class='ocrx_word' id='word_1_272' title='bbox 200 3118 592 3189; x_wconf 88' lang='lat' dir='ltr'>miliaribus</span> <span class='ocrx_word' id='word_1_273' title='bbox 639 3119 816 3206; x_wconf 79' lang='lat' dir='ltr'>eju5,</span> <span class='ocrx_word' id='word_1_274' title='bbox 870 3119 1081 3207; x_wconf 87' lang='lat' dir='ltr'>jussit</span> <span class='ocrx_word' id='word_1_275' title='bbox 1124 3141 1273 3188; x_wconf 90' lang='lat' dir='ltr'>eam</span> <span class='ocrx_word' id='word_1_276' title='bbox 1325 3121 1513 3190; x_wconf 90' lang='lat' dir='ltr'>abire</span> <span class='ocrx_word' id='word_1_277' title='bbox 1556 3141 1861 3210; x_wconf 90' lang='lat' dir='ltr'>propere,</span> <span class='ocrx_word' id='word_1_278' title='bbox 1935 3118 2167 3188; x_wconf 92' lang='lat' dir='ltr'>tollere</span> <span class='ocrx_word' id='word_1_279' title='bbox 2233 3142 2276 3209; x_wconf 93' lang='lat' dir='ltr'>p</span> <span class='ocrx_word' id='word_1_280' title='bbox 2308 3119 2598 3200; x_wconf 54' lang='lat' dir='ltr'>widem,</span> <span class='ocrx_word' id='word_1_281' title='bbox 2656 3120 2724 3187; x_wconf 92' lang='lat' dir='ltr'>in</span> 
     </span>
     <span class='ocr_line' id='line_1_33' title="bbox 196 3142 2717 3307; baseline 0 -30"><span class='ocrx_word' id='word_1_282' title='bbox 196 3229 335 3293; x_wconf 88' lang='lat' dir='ltr'>qua</span> <span class='ocrx_word' id='word_1_283' title='bbox 383 3222 576 3276; x_wconf 89' lang='lat' dir='ltr'>erant</span> <span class='ocrx_word' id='word_1_284' title='bbox 624 3228 746 3307; x_wconf 89' lang='lat' dir='ltr'>pro</span> <span class='ocrx_word' id='word_1_285' title='bbox 811 3208 1231 3297; x_wconf 87' lang='lat' dir='ltr'>pauperibus</span> <span class='ocrx_word' id='word_1_286' title='bbox 1272 3208 1542 3278; x_wconf 86' lang='lat' dir='ltr'>nummi</span> <span class='ocrx_word' id='word_1_287' title='bbox 1591 3206 1949 3288; x_wconf 86' lang='lat' dir='ltr'>reconditi,</span> <span class='ocrx_word' id='word_1_288' title='bbox 1990 3207 2153 3276; x_wconf 91' lang='lat' dir='ltr'>dare</span> <span class='ocrx_word' id='word_1_289' title='bbox 2194 3142 2353 3276; x_wconf 68' lang='lat' dir='ltr'>inde</span> <span class='ocrx_word' id='word_1_290' title='bbox 2393 3207 2717 3298; x_wconf 83' lang='lat' dir='ltr'>singuliS‚</span> 
     </span>
     <span class='ocr_line' id='line_1_34' title="bbox 196 3295 2726 3386; baseline -0 -22"><span class='ocrx_word' id='word_1_291' title='bbox 196 3295 383 3382; x_wconf 91' lang='lat' dir='ltr'>quod</span> <span class='ocrx_word' id='word_1_292' title='bbox 424 3296 756 3365; x_wconf 81' lang='lat' dir='ltr'>divinitus</span> <span class='ocrx_word' id='word_1_293' title='bbox 802 3297 865 3364; x_wconf 89' lang='lat' dir='ltr'>ei</span> <span class='ocrx_word' id='word_1_294' title='bbox 911 3309 1086 3368; x_wconf 89' lang='lat' dir='ltr'>esset</span> <span class='ocrx_word' id='word_1_295' title='bbox 1133 3297 1570 3386; x_wconf 88' lang='lat' dir='ltr'>inspiratum.</span> <span class='ocrx_word' id='word_1_296' title='bbox 1611 3302 1711 3366; x_wconf 89' lang='lat' dir='ltr'>Ita</span> <span class='ocrx_word' id='word_1_297' title='bbox 1743 3296 1926 3365; x_wconf 89' lang='lat' dir='ltr'>enim</span> <span class='ocrx_word' id='word_1_298' title='bbox 1981 3318 2100 3386; x_wconf 89' lang='lat' dir='ltr'>per</span> <span class='ocrx_word' id='word_1_299' title='bbox 2137 3295 2309 3367; x_wconf 91' lang='lat' dir='ltr'>alios</span> <span class='ocrx_word' id='word_1_300' title='bbox 2356 3296 2726 3367; x_wconf 89' lang='lat' dir='ltr'>distribue-</span> 
     </span>
     <span class='ocr_line' id='line_1_35' title="bbox 194 3383 2723 3476; baseline -0.001 -22"><span class='ocrx_word' id='word_1_301' title='bbox 194 3384 315 3454; x_wconf 88' lang='lat' dir='ltr'>bat</span> <span class='ocrx_word' id='word_1_302' title='bbox 357 3383 861 3473; x_wconf 82' lang='lat' dir='ltr'>eleemosynas:</span> <span class='ocrx_word' id='word_1_303' title='bbox 916 3385 1263 3455; x_wconf 87' lang='lat' dir='ltr'>interdum</span> <span class='ocrx_word' id='word_1_304' title='bbox 1335 3407 1454 3473; x_wconf 88' lang='lat' dir='ltr'>per</span> <span class='ocrx_word' id='word_1_305' title='bbox 1513 3385 1811 3474; x_wconf 89' lang='lat' dir='ltr'>seipsam</span> <span class='ocrx_word' id='word_1_306' title='bbox 1864 3386 2211 3476; x_wconf 86' lang='lat' dir='ltr'>erogabat.</span> <span class='ocrx_word' id='word_1_307' title='bbox 2288 3384 2434 3455; x_wconf 89' lang='lat' dir='ltr'>Illis</span> <span class='ocrx_word' id='word_1_308' title='bbox 2480 3386 2602 3471; x_wconf 92' lang='lat' dir='ltr'>qui</span> <span class='ocrx_word' id='word_1_309' title='bbox 2654 3385 2723 3453; x_wconf 90' lang='lat' dir='ltr'>in</span> 
     </span>
     <span class='ocr_line' id='line_1_36' title="bbox 199 3472 2726 3572; baseline 0 -30"><span class='ocrx_word' id='word_1_310' title='bbox 199 3472 387 3542; x_wconf 83' lang='lat' dir='ltr'>Clero</span> <span class='ocrx_word' id='word_1_311' title='bbox 435 3484 649 3553; x_wconf 89' lang='lat' dir='ltr'>erant,</span> <span class='ocrx_word' id='word_1_312' title='bbox 687 3472 989 3572; x_wconf 87' lang='lat' dir='ltr'>inopiam</span> <span class='ocrx_word' id='word_1_313' title='bbox 1042 3473 1481 3562; x_wconf 82' lang='lat' dir='ltr'>patientibuS,</span> <span class='ocrx_word' id='word_1_314' title='bbox 1523 3487 1870 3561; x_wconf 87' lang='lat' dir='ltr'>tamquam</span> <span class='ocrx_word' id='word_1_315' title='bbox 1909 3473 2138 3542; x_wconf 88' lang='lat' dir='ltr'>divino</span> <span class='ocrx_word' id='word_1_316' title='bbox 2172 3473 2390 3544; x_wconf 92' lang='lat' dir='ltr'>cultui</span> <span class='ocrx_word' id='word_1_317' title='bbox 2421 3473 2726 3564; x_wconf 86' lang='lat' dir='ltr'>amplius</span> 
     </span>
     <span class='ocr_line' id='line_1_37' title="bbox 198 3561 2723 3652; baseline 0 -22"><span class='ocrx_word' id='word_1_318' title='bbox 198 3561 534 3642; x_wconf 82' lang='lat' dir='ltr'>addictis,</span> <span class='ocrx_word' id='word_1_319' title='bbox 590 3574 655 3630; x_wconf 92' lang='lat' dir='ltr'>et</span> <span class='ocrx_word' id='word_1_320' title='bbox 701 3583 821 3647; x_wconf 77' lang='lat' dir='ltr'>qui</span> <span class='ocrx_word' id='word_1_321' title='bbox 875 3583 992 3650; x_wconf 91' lang='lat' dir='ltr'>per</span> <span class='ocrx_word' id='word_1_322' title='bbox 1041 3561 1211 3630; x_wconf 91' lang='lat' dir='ltr'>vitae</span> <span class='ocrx_word' id='word_1_323' title='bbox 1267 3561 1679 3631; x_wconf 88' lang='lat' dir='ltr'>munditiam</span> <span class='ocrx_word' id='word_1_324' title='bbox 1737 3584 1896 3650; x_wconf 88' lang='lat' dir='ltr'>prae</span> <span class='ocrx_word' id='word_1_325' title='bbox 1940 3561 2193 3652; x_wconf 89' lang='lat' dir='ltr'>populo</span> <span class='ocrx_word' id='word_1_326' title='bbox 2250 3562 2334 3631; x_wconf 88' lang='lat' dir='ltr'>ad</span> <span class='ocrx_word' id='word_1_327' title='bbox 2377 3561 2723 3632; x_wconf 85' lang='lat' dir='ltr'>Christum</span> 
     </span>
     <span class='ocr_line' id='line_1_38' title="bbox 201 3648 2725 3740; baseline 0 -22"><span class='ocrx_word' id='word_1_328' title='bbox 201 3651 491 3739; x_wconf 90' lang='lat' dir='ltr'>propius</span> <span class='ocrx_word' id='word_1_329' title='bbox 524 3648 847 3718; x_wconf 88' lang='lat' dir='ltr'>accedere</span> <span class='ocrx_word' id='word_1_330' title='bbox 879 3649 1193 3730; x_wconf 89' lang='lat' dir='ltr'>debeant,</span> <span class='ocrx_word' id='word_1_331' title='bbox 1236 3649 1451 3719; x_wconf 90' lang='lat' dir='ltr'>multa</span> <span class='ocrx_word' id='word_1_332' title='bbox 1500 3650 1837 3720; x_wconf 86' lang='lat' dir='ltr'>beneficia</span> <span class='ocrx_word' id='word_1_333' title='bbox 1891 3651 2327 3740; x_wconf 90' lang='lat' dir='ltr'>peculiariter</span> <span class='ocrx_word' id='word_1_334' title='bbox 2363 3650 2725 3720; x_wconf 88' lang='lat' dir='ltr'>tribuebat.</span> 
     </span>
     <span class='ocr_line' id='line_1_39' title="bbox 199 3737 2720 3826; baseline 0 -19"><span class='ocrx_word' id='word_1_335' title='bbox 199 3738 656 3821; x_wconf 85' lang='lat' dir='ltr'>Quamobrem</span> <span class='ocrx_word' id='word_1_336' title='bbox 710 3760 789 3807; x_wconf 84' lang='lat' dir='ltr'>ex</span> <span class='ocrx_word' id='word_1_337' title='bbox 847 3737 1017 3808; x_wconf 90' lang='lat' dir='ltr'>locis</span> <span class='ocrx_word' id='word_1_338' title='bbox 1056 3739 1536 3810; x_wconf 88' lang='lat' dir='ltr'>remotioribus</span> <span class='ocrx_word' id='word_1_339' title='bbox 1572 3739 1991 3826; x_wconf 90' lang='lat' dir='ltr'>quandoque</span> <span class='ocrx_word' id='word_1_340' title='bbox 2037 3740 2382 3808; x_wconf 87' lang='lat' dir='ltr'>venientes</span> <span class='ocrx_word' id='word_1_341' title='bbox 2429 3738 2514 3807; x_wconf 91' lang='lat' dir='ltr'>ad</span> <span class='ocrx_word' id='word_1_342' title='bbox 2571 3761 2720 3808; x_wconf 91' lang='lat' dir='ltr'>eam</span> 
     </span>
     <span class='ocr_line' id='line_1_40' title="bbox 198 3826 2724 3915; baseline 0 -19"><span class='ocrx_word' id='word_1_343' title='bbox 198 3849 240 3896; x_wconf 87' lang='lat' dir='ltr'>a</span> <span class='ocrx_word' id='word_1_344' title='bbox 287 3826 686 3897; x_wconf 88' lang='lat' dir='ltr'>Vratislavia</span> <span class='ocrx_word' id='word_1_345' title='bbox 735 3848 954 3913; x_wconf 91' lang='lat' dir='ltr'>usque</span> <span class='ocrx_word' id='word_1_346' title='bbox 1001 3826 1070 3896; x_wconf 91' lang='lat' dir='ltr'>in</span> <span class='ocrx_word' id='word_1_347' title='bbox 1121 3826 1551 3908; x_wconf 87' lang='lat' dir='ltr'>Rochetincz,</span> <span class='ocrx_word' id='word_1_348' title='bbox 1589 3826 1775 3915; x_wconf 90' lang='lat' dir='ltr'>quod</span> <span class='ocrx_word' id='word_1_349' title='bbox 1807 3840 1909 3897; x_wconf 91' lang='lat' dir='ltr'>est</span> <span class='ocrx_word' id='word_1_350' title='bbox 1957 3828 2279 3898; x_wconf 89' lang='lat' dir='ltr'>tredecim</span> <span class='ocrx_word' id='word_1_351' title='bbox 2322 3826 2724 3896; x_wconf 88' lang='lat' dir='ltr'>milliarium</span> 
     </span>
     <span class='ocr_line' id='line_1_41' title="bbox 197 3916 2722 4005; baseline -0.001 -20"><span class='ocrx_word' id='word_1_352' title='bbox 197 3917 345 3995; x_wconf 91' lang='lat' dir='ltr'>iter,</span> <span class='ocrx_word' id='word_1_353' title='bbox 396 3929 798 4005; x_wconf 88' lang='lat' dir='ltr'>receperunt</span> <span class='ocrx_word' id='word_1_354' title='bbox 831 3916 916 3985; x_wconf 92' lang='lat' dir='ltr'>ab</span> <span class='ocrx_word' id='word_1_355' title='bbox 947 3938 1021 3984; x_wconf 92' lang='lat' dir='ltr'>ea</span> <span class='ocrx_word' id='word_1_356' title='bbox 1058 3929 1443 4005; x_wconf 87' lang='lat' dir='ltr'>argentum,</span> <span class='ocrx_word' id='word_1_357' title='bbox 1481 3929 1697 3986; x_wconf 90' lang='lat' dir='ltr'>vestes</span> <span class='ocrx_word' id='word_1_358' title='bbox 1735 3929 1800 3986; x_wconf 93' lang='lat' dir='ltr'>et</span> <span class='ocrx_word' id='word_1_359' title='bbox 1838 3916 1976 3986; x_wconf 89' lang='lat' dir='ltr'>alia</span> <span class='ocrx_word' id='word_1_360' title='bbox 2009 3917 2183 3986; x_wconf 89' lang='lat' dir='ltr'>vitae</span> <span class='ocrx_word' id='word_1_361' title='bbox 2222 3916 2573 4005; x_wconf 86' lang='lat' dir='ltr'>degendae</span> <span class='ocrx_word' id='word_1_362' title='bbox 2607 3937 2722 3983; x_wconf 89' lang='lat' dir='ltr'>ne-</span> 
     </span>
     <span class='ocr_line' id='line_1_42' title="bbox 195 4003 2727 4094; baseline -0.001 -21"><span class='ocrx_word' id='word_1_363' title='bbox 195 4005 518 4074; x_wconf 89' lang='lat' dir='ltr'>cessaria.</span> <span class='ocrx_word' id='word_1_364' title='bbox 577 4004 907 4073; x_wconf 89' lang='lat' dir='ltr'>Dominus</span> <span class='ocrx_word' id='word_1_365' title='bbox 954 4004 1245 4074; x_wconf 89' lang='lat' dir='ltr'>Raslaus</span> <span class='ocrx_word' id='word_1_366' title='bbox 1296 4005 1671 4094; x_wconf 82' lang='lat' dir='ltr'>presbyter,</span> <span class='ocrx_word' id='word_1_367' title='bbox 1739 4018 1803 4074; x_wconf 92' lang='lat' dir='ltr'>et</span> <span class='ocrx_word' id='word_1_368' title='bbox 1852 4005 2056 4075; x_wconf 92' lang='lat' dir='ltr'>homo</span> <span class='ocrx_word' id='word_1_369' title='bbox 2110 4018 2448 4085; x_wconf 79' lang='lat' dir='ltr'>maturuS‚</span> <span class='ocrx_word' id='word_1_370' title='bbox 2511 4003 2727 4072; x_wconf 89' lang='lat' dir='ltr'>Vladi-</span> 
     </span>
     <span class='ocr_line' id='line_1_43' title="bbox 198 4091 2725 4184; baseline 0 -24"><span class='ocrx_word' id='word_1_371' title='bbox 198 4091 555 4163; x_wconf 83' lang='lat' dir='ltr'>slaviensis</span> <span class='ocrx_word' id='word_1_372' title='bbox 594 4094 993 4173; x_wconf 81' lang='lat' dir='ltr'>canonicuS,</span> <span class='ocrx_word' id='word_1_373' title='bbox 1053 4092 1238 4164; x_wconf 89' lang='lat' dir='ltr'>testis</span> <span class='ocrx_word' id='word_1_374' title='bbox 1300 4114 1587 4183; x_wconf 91' lang='lat' dir='ltr'>operum</span> <span class='ocrx_word' id='word_1_375' title='bbox 1636 4093 1908 4184; x_wconf 89' lang='lat' dir='ltr'>pietatis</span> <span class='ocrx_word' id='word_1_376' title='bbox 1948 4105 2013 4163; x_wconf 88' lang='lat' dir='ltr'>et</span> <span class='ocrx_word' id='word_1_377' title='bbox 2053 4093 2496 4184; x_wconf 88' lang='lat' dir='ltr'>benignitatis</span> <span class='ocrx_word' id='word_1_378' title='bbox 2563 4114 2725 4162; x_wconf 89' lang='lat' dir='ltr'>san-</span> 
     </span>
     <span class='ocr_line' id='line_1_44' title="bbox 197 4180 2720 4273; baseline 0.001 -25"><span class='ocrx_word' id='word_1_379' title='bbox 197 4193 344 4249; x_wconf 87' lang='lat' dir='ltr'>ctae</span> <span class='ocrx_word' id='word_1_380' title='bbox 382 4182 750 4273; x_wconf 85' lang='lat' dir='ltr'>Hedwigis,</span> <span class='ocrx_word' id='word_1_381' title='bbox 809 4182 893 4251; x_wconf 90' lang='lat' dir='ltr'>de</span> <span class='ocrx_word' id='word_1_382' title='bbox 943 4181 1168 4271; x_wconf 90' lang='lat' dir='ltr'>seipso</span> <span class='ocrx_word' id='word_1_383' title='bbox 1217 4181 1541 4269; x_wconf 85' lang='lat' dir='ltr'>loquens:</span> <span class='ocrx_word' id='word_1_384' title='bbox 1595 4205 1630 4249; x_wconf 90' lang='lat'>«</span> <span class='ocrx_word' id='word_1_385' title='bbox 1666 4187 1933 4272; x_wconf 89' lang='lat' dir='ltr'>Pauper</span> <span class='ocrx_word' id='word_1_386' title='bbox 1980 4195 2003 4252; x_wconf 90' lang='lat' dir='ltr'>t</span> <span class='ocrx_word' id='word_1_387' title='bbox 2057 4181 2416 4262; x_wconf 89' lang='lat' dir='ltr'>runculus,</span> <span class='ocrx_word' id='word_1_388' title='bbox 2473 4180 2720 4269; x_wconf 91' lang='lat' dir='ltr'>inquit,</span> 
     </span>
     <span class='ocr_line' id='line_1_45' title="bbox 196 4270 2728 4361; baseline 0.002 -26"><span class='ocrx_word' id='word_1_389' title='bbox 196 4270 659 4352; x_wconf 86' lang='lat' dir='ltr'>Vratislaviae,</span> <span class='ocrx_word' id='word_1_390' title='bbox 700 4270 948 4340; x_wconf 88' lang='lat' dir='ltr'>dabam</span> <span class='ocrx_word' id='word_1_391' title='bbox 986 4270 1228 4340; x_wconf 86' lang='lat' dir='ltr'>litteris</span> <span class='ocrx_word' id='word_1_392' title='bbox 1268 4292 1572 4361; x_wconf 89' lang='lat' dir='ltr'>operam.</span> <span class='ocrx_word' id='word_1_393' title='bbox 1612 4271 1913 4342; x_wconf 83' lang='lat' dir='ltr'>Audiens</span> <span class='ocrx_word' id='word_1_394' title='bbox 1949 4271 1993 4339; x_wconf 92' lang='lat' dir='ltr'>il</span> <span class='ocrx_word' id='word_1_395' title='bbox 2031 4272 2089 4341; x_wconf 91' lang='lat' dir='ltr'>ic</span> <span class='ocrx_word' id='word_1_396' title='bbox 2123 4270 2490 4351; x_wconf 78' lang='lat' dir='ltr'>beneficia,</span> <span class='ocrx_word' id='word_1_397' title='bbox 2551 4292 2728 4358; x_wconf 89' lang='lat' dir='ltr'>quae</span> 
     </span>
     <span class='ocr_line' id='line_1_46' title="bbox 198 4358 2727 4452; baseline 0.001 -28"><span class='ocrx_word' id='word_1_398' title='bbox 198 4378 324 4445; x_wconf 89' lang='lat' dir='ltr'>pro</span> <span class='ocrx_word' id='word_1_399' title='bbox 373 4358 618 4429; x_wconf 88' lang='lat' dir='ltr'>Christi</span> <span class='ocrx_word' id='word_1_400' title='bbox 677 4382 910 4430; x_wconf 89' lang='lat' dir='ltr'>amore</span> <span class='ocrx_word' id='word_1_401' title='bbox 954 4359 1145 4430; x_wconf 89' lang='lat' dir='ltr'>daret</span> <span class='ocrx_word' id='word_1_402' title='bbox 1202 4360 1436 4450; x_wconf 88' lang='lat' dir='ltr'>egenis</span> <span class='ocrx_word' id='word_1_403' title='bbox 1493 4361 1690 4431; x_wconf 87' lang='lat' dir='ltr'>beata</span> <span class='ocrx_word' id='word_1_404' title='bbox 1751 4360 2113 4452; x_wconf 81' lang='lat' dir='ltr'>Hedwigis,</span> <span class='ocrx_word' id='word_1_405' title='bbox 2158 4382 2319 4430; x_wconf 89' lang='lat' dir='ltr'>cum</span> <span class='ocrx_word' id='word_1_406' title='bbox 2369 4359 2571 4430; x_wconf 91' lang='lat' dir='ltr'>sociis</span> <span class='ocrx_word' id='word_1_407' title='bbox 2631 4373 2727 4429; x_wconf 90' lang='lat' dir='ltr'>ter</span> 
     </span>
     <span class='ocr_line' id='line_1_47' title="bbox 194 4446 2725 4540; baseline 0.001 -26"><span class='ocrx_word' id='word_1_408' title='bbox 194 4465 311 4515; x_wconf 89' lang='lat' dir='ltr'>me</span> <span class='ocrx_word' id='word_1_409' title='bbox 360 4447 617 4517; x_wconf 89' lang='lat' dir='ltr'>contuli</span> <span class='ocrx_word' id='word_1_410' title='bbox 671 4448 755 4518; x_wconf 90' lang='lat' dir='ltr'>ad</span> <span class='ocrx_word' id='word_1_411' title='bbox 808 4471 983 4532; x_wconf 89' lang='lat' dir='ltr'>eam,</span> <span class='ocrx_word' id='word_1_412' title='bbox 1043 4470 1446 4540; x_wconf 82' lang='lat' dir='ltr'>semperque</span> <span class='ocrx_word' id='word_1_413' title='bbox 1494 4459 1776 4540; x_wconf 88' lang='lat' dir='ltr'>argento</span> <span class='ocrx_word' id='word_1_414' title='bbox 1830 4450 1918 4521; x_wconf 91' lang='lat' dir='ltr'>ab</span> <span class='ocrx_word' id='word_1_415' title='bbox 1965 4471 2044 4520; x_wconf 87' lang='lat' dir='ltr'>ea</span> <span class='ocrx_word' id='word_1_416' title='bbox 2090 4461 2391 4540; x_wconf 84' lang='lat' dir='ltr'>acceptO,</span> <span class='ocrx_word' id='word_1_417' title='bbox 2441 4448 2598 4519; x_wconf 83' lang='lat' dir='ltr'>laeti</span> <span class='ocrx_word' id='word_1_418' title='bbox 2638 4446 2725 4517; x_wconf 89' lang='lat' dir='ltr'>ab</span> 
     </span>
    </p>
   </div>
  </div>
 </body>
</html>
