3347 4999
710 332 838 398 694
1243 348 1321 394 m:
1373 348 1430 394 s.
1483 348 1733 394 Anum
1781 345 1970 394 nar.
2023 347 2099 394 rr
2146 346 2347 396 socus
2391 347 2543 396 mus
2856 329 3041 398 OCT.
3092 332 3169 396 24

618 436 820 505 etiam
876 432 1179 502 validum
1233 431 1572 502 inducens
1595 432 1998 512 exercitum,
2041 432 2321 501 venitin
2355 453 2517 502 eum
2559 431 2815 514 locum,
2857 434 2928 503 in
2965 456 3167 521 quem

617 523 1139 613 exspectabatur
1188 532 1517 590 venturus
1562 542 1712 590 esse
1761 525 1898 590 Rex
1945 522 2378 611 Aethiopum.

705 615 953 700 §aa
1007 609 1131 681 Ille
1189 622 1417 680 autem
1469 631 1628 678 cum
1684 623 1882 679 vento
1924 631 2094 680 usus
2140 622 2317 680 esset
2366 609 2695 691 secundo,
2740 612 3047 681 accessit
3095 611 3173 681 ad

621 701 847 770 locum
901 698 1438 790 speculandum,
1492 711 1558 767 et
1608 699 1966 788 praemisit
2009 699 2242 768 decern
2298 720 2541 769 naves:
2594 721 2774 786 quae
2838 722 3010 768 cum
3064 700 3174 770 do·

619 789 764 858 lum
818 789 1216 868 nescirent,
1269 809 1349 857 ex
1400 787 1773 875 improviso
1843 788 1912 857 in
1970 809 2196 858 ressae
2244 801 2407 857 sunt
2456 788 2524 856 in
2582 788 3166 878 angustissimum

617 878 893 948 fretum.
949 882 1097 960 Quo
1146 876 1213 945 in
1259 876 1409 947 loco
1455 877 1660 945 etiam
1720 882 1892 948 Deus
1944 878 2080 946 acit
2112 876 2470 958 miracula,
2512 898 2723 966 parva
2754 899 2912 946 esse
2946 890 3170 947 osten·

616 967 790 1037 dens
839 966 1179 1057 potentiae
1226 965 1607 1035 humanam
1648 966 2136 1046 inventionem,
2175 965 2296 1035 ubi
2331 965 2479 1056 ipse
2513 965 2843 1054 adjuvare
2874 978 2944 1034 et
2970 989 3166 1056 opem

615 1056 793 1126 ferre
842 1054 1154 1130 voluerit.
1233 1060 1523 1145 Magnus
1582 1056 1767 1124 enim
1830 1055 2115 1142 quidam
2185 1055 2441 1125 fluctus
2504 1055 2958 1135 incurvatus,
3014 1078 3167 1125 cum

614 1145 827 1215 veluti
874 1144 1218 1214 refluxum
1266 1143 1639 1231 quemdam
1689 1143 1961 1214 fecisset
2008 1165 2252 1231 aquae,
2300 1157 2582 1234 portans
2637 1166 2856 1215 unum
2914 1166 3001 1214 ex
3056 1167 3169 1214 na-

616 1234 841 1326 vigiis,
900 1234 1131 1323 posuit
1180 1254 1390 1323 super
1424 1245 1765 1312 catenam,
1821 1232 1994 1304 adeo
2060 1244 2139 1301 ut
2185 1233 2530 1302 videretur
2577 1233 2773 1304 navis
2817 1255 2983 1303 esse
3029 1235 3167 1303 cui-

618 1324 777 1393 dam
831 1324 991 1413 rupi
1039 1321 1299 1391 innixa.
1357 1322 1655 1402 Deinde,
1710 1337 1941 1391 exorta
1986 1321 2326 1409 quaedam
2382 1322 2683 1411 procella
2730 1343 2895 1391 cum
2983 1344 3162 1392 mare

617 1426 893 1499 repente
938 1412 1464 1492 conturbasset,
1518 1410 1780 1480 extollit
1850 1412 2104 1481 fluctus
2155 1411 2508 1482 montibus
2559 1433 2756 1500 pares
2807 1433 2922 1480 ma
2986 1414 3162 1480 nitu·

614 1502 809 1571 dine:
859 1514 923 1570 et
957 1500 1307 1570 undarum
1343 1500 1518 1570 aliae
1542 1499 1823 1587 quidem
1876 1500 2284 1570 amovebant
2320 1500 2504 1591 ligna
2536 1513 2816 1570 catenae
2849 1500 2918 1568 al
2959 1503 3159 1590 igata,

614 1591 791 1660 aliae
819 1602 1048 1660 autem
1086 1589 1400 1659 tollentes
1436 1611 1641 1658 naves
1673 1589 1743 1658 in
1787 1588 2031 1670 altum,
2079 1590 2615 1659 transmiserunt
2657 1610 2906 1660 omnes
2956 1612 3167 1679 supra

616 1694 958 1749 catenam.
1000 1678 1125 1749 Illa
1159 1691 1389 1748 autem
1419 1691 1485 1747 et
1523 1701 1563 1747 a
1599 1679 1779 1747 venti
1830 1678 2254 1747 vehementia
2296 1690 2362 1747 et
2405 1701 2447 1748 a
2495 1678 2847 1757 fluctibus,
2924 1680 3053 1766 qui
3100 1680 3165 1748 in

613 1790 763 1839 eam
807 1767 1309 1857 irrumpebant,
1358 1767 1697 1855 disrupta,
1750 1767 2066 1857 praebuit
2100 1768 2387 1836 caeteris
2418 1767 2707 1837 navibus
2741 1767 3166 1838 inoffensum

613 1858 878 1927 aditum
922 1856 1253 1926 adversus
1285 1857 1734 1926 Homeritam.
1786 1859 2023 1926 Decem
2062 1857 2079 1924 i
2136 1856 2273 1926 itur
2310 1856 2698 1946 praedictae
2734 1855 3169 1946 appulerunt

618 1947 853 2026 littori,
908 1946 1091 2034 quod
1135 1945 1370 2014 aberat
1417 1944 1718 2014 ducenta
1764 1943 2009 2026 stadia,
2063 1967 2109 2014 u
2168 1946 2184 2013 i
2246 1950 2382 2014 Rex
2430 1959 2575 2015 erat
2625 1967 2784 2014 cum
2828 1946 3166 2016 exercitu.

616 2035 946 2122 Reliquae
995 2046 1222 2103 autem
1299 2055 1503 2103 naves
1553 2048 1749 2103 vento
1818 2047 2223 2114 retroactae,
2281 2035 2454 2103 nihil
2508 2046 2819 2123 poterant
2864 2033 3165 2104 efficere.

617 2124 908 2194 Emissis
958 2123 1236 2211 triginta
1288 2122 1602 2192 millibus
1647 2122 2245 2211 cataphractorum
2298 2123 2643 2210 equitum,
2697 2127 2995 2193 Dunaan
3062 2126 3171 2193 im·

622 2212 938 2299 pediebat
983 2233 1219 2281 eorum
1265 2212 1385 2298 qui
1433 2223 1627 2280 erant
1676 2212 1743 2279 in
1796 2211 2032 2281 decem
2087 2213 2404 2293 navibuS,
2448 2213 2707 2282 exitum
2742 2212 2813 2279 in
2876 2223 3162 2282 terram.

614 2300 872 2392 Viginti
912 2313 1140 2370 autem
1177 2322 1256 2369 ex
1287 2299 1621 2391 dispersis
1656 2301 1973 2381 navibuS,
2019 2301 2136 2370 ubi
2183 2316 2331 2372 erat
2363 2301 2508 2390 ipse
2546 2300 2916 2381 Elesbaan,
2977 2301 3164 2371 haud

616 2389 836 2459 multo
889 2401 1039 2480 post
1087 2387 1254 2458 illuc
1303 2390 1494 2479 ipsae
1525 2391 1728 2459 etiam
1780 2390 2225 2548 appulerunt.
2277 2391 2498 2460 Tertio
2530 2388 2822 2468 verodie
2856 2389 3169 2478 reliquae

608 2499 886 2566 quoque
912 2492 1322 2567 apparentes
1355 2499 1581 2560 naves,
1625 2502 1813 2570 appu
1844 2491 2047 2549 erunt
2079 2491 2145 2549 et
2179 2479 2367 2567 ipsae
2403 2478 2605 2571 longe
2646 2479 2972 2549 inferius,
3009 2481 3166 2571 Opi-

614 2580 817 2638 natus
863 2581 1093 2638 autem
1152 2573 1434 2637 Dunaan
1506 2569 1685 2638 inter
1738 2568 1971 2657 plures
2017 2590 2168 2638 esse
2218 2574 2515 2659 Regem,
2573 2569 2835 2659 maj0re
2882 2582 3168 2658 accepto

610 2658 915 2729 exercitu
963 2657 1132 2727 illuc
1183 2658 1389 2738 venit,
1451 2660 1660 2747 parva
1710 2657 1944 2727 relicta
1994 2657 2334 2736 custodia,
2387 2657 2511 2727 ubi
2544 2672 2691 2727 erat
2719 2678 2791 2725 re
2831 2662 3000 2728 vera
3039 2658 3168 2729 Ele·

611 2747 851 2817 sbaan.
897 2748 1063 2816 Cum
1115 2760 1342 2816 autem
1399 2759 1731 2816 tereretur
1771 2760 2067 2834 tempus,
2127 2767 2249 2815 nec
2287 2769 2324 2816 e
2365 2746 2656 2816 navibus
2696 2745 3168 2817 educerentur

609 2837 815 2916 acies,
870 2834 1207 2905 defecerat
1245 2834 1525 2922 quidem
1579 2856 1761 2922 aqua
1807 2849 1872 2905 et
1903 2836 2104 2904 cibus
2154 2835 2238 2906 iis
2286 2836 2404 2923 qui
2445 2849 2641 2904 erant
2689 2835 2756 2903 in
2815 2837 3154 2906 navibus:

606 2925 959 3011 equitibus
1007 2937 1233 2993 autem
1287 2924 1613 2994 Hebraeis
1665 2924 1773 2994 Sol
1826 2938 1973 2994 erat
2023 2923 2378 3006 molestus,
2418 2936 2690 3010 totoque
2746 2922 2861 2993 die
2896 2947 3025 2997 eos
3063 2948 3168 2994 ve-

612 3016 967 3084 hementer
1017 3013 1408 3101 impetebat.
2121 3038 2130 3048 ·

696 3105 732 3190 §
777 3107 927 3175 81.
982 3106 1331 3171 Caeterum
1368 3102 1721 3187 equitibus
1769 3101 1917 3171 suis
1955 3107 2236 3171 Dunaan
2274 3123 2527 3193 magna
2579 3100 3040 3171 machinatus
3073 3116 3172 3172 est

610 3191 1081 3265 tabernacula.
1116 3212 1497 3278 eorumque
1531 3193 1781 3262 umbra
1835 3190 2102 3281 depulit
2141 3204 2434 3272 aestum,
2476 3190 2599 3279 qui
2647 3189 2981 3261 afferebat
3031 3214 3174 3261 mo-

608 3280 901 3350 lestiam.
956 3285 1163 3349 Porro
1196 3292 1425 3350 autem
1469 3280 1656 3350 misit
1687 3280 1891 3349 etiam
1925 3279 2270 3366 quendam
2323 3301 2404 3349 ex
2451 3280 2598 3349 suis
2644 3281 2968 3369 cognatis
3002 3302 3166 3349 cum

609 3368 849 3459 viginti
912 3368 1220 3439 millibus
1265 3369 1578 3456 equitum
1627 3369 1713 3439 ad
1756 3368 2252 3458 speculandam
2305 3380 2565 3459 partem
2607 3367 2827 3449 illam,
2899 3369 2973 3437 iu
3029 3391 3171 3456 qua

607 3470 753 3527 erat
800 3456 1157 3527 Elesbaan.
1199 3457 1494 3540 Quidam
1545 3469 1773 3529 autem
1811 3480 1890 3527 ex
1932 3457 2287 3527 Eunuchis
2335 3458 2540 3546 Regis
2587 3456 2972 3527 arbitratus
3003 3480 3167 3527 eum

606 3546 791 3616 exire
822 3546 905 3615 ad
944 3567 1016 3615 se
1062 3546 1543 3627 exercendum,
1589 3548 1890 3635 acceptis
1935 3547 2245 3633 quinque
2300 3546 2530 3616 aureis
2579 3545 2941 3627 lanceolis,
2997 3569 3166 3615 cum

608 3657 688 3706 eo
735 3648 837 3705 est
882 3656 1227 3726 egressus.
1281 3640 1445 3706 Cum
1503 3636 1562 3705 is
1607 3649 1839 3707 autem
1889 3635 2220 3706 Elesbaan
2275 3635 2510 3724 copias
2560 3634 2942 3705 invenisset
2990 3636 3176 3726 vigi·

612 3724 854 3806 lanteS,
892 3745 1189 3813 quarum
1244 3746 1405 3814 pars
1429 3724 1574 3814 jam
1626 3746 1664 3794 e
1715 3724 2009 3794 navibus
2055 3746 2355 3815 egressa,
2394 3723 2620 3794 locum
2668 3725 2735 3791 in
2779 3722 3016 3793 littore
3056 3747 3176 3794 oc·

604 3827 933 3904 cuperat,
1008 3824 1285 3903 accepto
1333 3812 1710 3894 Eunucho,
1761 3826 1828 3883 et
1875 3813 2097 3883 tribus
2169 3834 2249 3882 ex
2298 3813 2480 3892 suis,
2534 3812 2703 3881 abiit
2753 3814 3001 3900 procul
3087 3811 3174 3882 ad

612 3904 1065 3973 venationem.
1119 3902 1410 3985 Quidam
1447 3915 1675 3972 autem
1707 3923 1789 3972 ex
1835 3902 2168 3972 Elesbaan
2218 3901 2519 3971 exercitu
2573 3902 2888 3992 oppressi
2952 3902 3175 3981 fame,

606 4013 820 4079 equos
868 4004 1075 4061 noctu
1115 3990 1682 4071 conscenderant,
1720 4003 1798 4061 ut
1845 3991 2070 4061 hostes
2108 3991 2509 4081 effugerent.
2545 3991 2674 4073 Qui
2720 4011 2880 4059 cum
2940 3992 3010 4059 in
3051 4013 3181 4060 eos

611 4079 1039 4162 incidissent,
1086 4080 1259 4149 alios
1306 4078 1585 4165 quidem
1637 4079 2063 4160 occiderunt,
2100 4080 2304 4171 Regis
2351 4090 2578 4148 autem
2622 4090 2998 4169 cognatum
3055 4102 3182 4149 ca-

611 4168 898 4257 pienteS,
936 4182 1001 4239 et
1048 4190 1295 4238 aureas
1330 4169 1606 4238 lanceas
1655 4180 2024 4258 portanteS‚
2064 4168 2149 4237 ad
2201 4188 2408 4238 naves
2443 4167 2817 4238 redierunt.
2871 4173 3008 4237 Eas
3041 4191 3182 4238 au-

613 4270 745 4326 tem
787 4278 947 4326 cum
999 4258 1377 4347 accepisset
1410 4262 1548 4327 Rex
1591 4258 1772 4347 piuS,
1825 4258 2050 4328 statim
2107 4263 2237 4326 Deo
2285 4257 2650 4327 dedicavit.
2711 4261 2866 4347 Ipse
2926 4270 3177 4327 autem

612 4343 876 4432 reliquo
907 4359 1172 4417 armato
1217 4346 1517 4416 exercitu
1549 4347 1864 4417 immisso
1914 4348 1981 4416 in
2035 4347 2378 4417 breviores
2423 4368 2650 4428 naveS,
2701 4366 3036 4436 egressus
3069 4360 3181 4415 est

607 4431 695 4503 ad
748 4433 1003 4517 hostes,
1037 4436 1155 4522 qui
1188 4447 1382 4504 erant
1412 4434 1482 4504 in
1513 4434 1758 4518 littore,
1801 4448 1866 4506 et
1915 4441 2149 4528 pugna
2185 4451 2358 4506 terra
2404 4435 2716 4522 marique
2746 4435 3171 4513 commissa,
