3347 4999
654 311 735 375 ⁴2
1410 329 1489 375 nn
1536 329 1592 376 s.
1645 329 1906 378 nummo
1944 329 2236 378 anemae.
2829 311 3000 378 OCT.
3053 313 3080 375 l

561 407 1112 497 concupiscebat.
1140 413 1218 477 Et
1248 430 1396 478 vere
1429 407 1589 478 felix
1625 423 1823 492 terra,
1858 433 2034 498 quae
2063 410 2260 483 talem
2292 411 2552 502 genuit,
2584 433 2662 481 ac
2694 410 2779 479 de
2805 409 3093 480 alumno

562 496 763 566 nobis
814 510 1173 586 patronum
1223 496 1307 566 de
1363 497 1640 566 homine
1688 501 2013 589 angelum
2065 522 2143 569 ac
2197 500 2538 570 doctorem
2591 500 2790 569 nobis
2836 499 3089 571 emisit.

560 590 738 654 Bene
788 586 996 676 igitur
1042 599 1107 655 et
1151 607 1477 676 congrue,
1516 588 1901 657 secundum
1955 588 2387 678 Prophetam‚
2435 588 2520 659 de
2567 588 2685 658 illo
2731 588 3087 658 dicamus:

559 678 641 742 In
686 677 1009 744 memoria
1046 686 1321 744 aeterna
1368 677 1493 745 erit
1530 678 1762 766 justus
1798 676 2081 766 (Psalm.
2125 678 2303 765 tlt).
2345 678 2560 767 Digne
2606 677 2790 747 enim
2832 677 2902 746 in
2955 698 3093 746 me·

560 762 777 831 moria
819 776 1128 833 versatur
1176 764 1563 844 hominum,
1607 766 1728 851 qui
1763 765 1845 833 ad
1883 765 2135 856 gaudia
2181 767 2451 836 transiit
2487 788 2571 835 an
2626 766 2916 836 elorum.
2962 765 3095 847 Qui

559 849 713 920 ideo
745 853 1035 941 gratiam
1088 853 1204 922 Dei
1253 851 1678 942 glorificatus
1727 854 2009 934 invenit,
2054 856 2217 941 quia
2256 854 2498 925 mundi
2540 878 2585 945 g
2614 856 2857 931 oriam,
2893 853 3094 942 adju-

558 951 668 1009 tus
714 940 831 1009 Dei
879 941 1098 1031 gratia
1134 995 1150 1022 ,
1203 963 1339 1011 non
1389 942 1750 1028 quaesivit.
1806 942 1934 1025 Qui
1984 943 2535 1033 gubernaculum
2589 943 2748 1013 fidei
2805 942 3093 1011 viriliter

559 1039 819 1110 tenens,
873 1050 1194 1098 ancoram
1248 1030 1393 1120 spei
1436 1030 1810 1117 tranquilla
1837 1032 1981 1119 jam
2052 1032 2120 1100 in
2155 1032 2444 1102 statione
2496 1032 2906 1122 composuit.
2960 1032 3092 1113 Qui

558 1129 798 1186 contra
832 1117 1166 1208 impetum
1203 1117 1495 1198 diaboli,
1542 1131 1817 1188 scutum
1885 1119 1994 1188 Dei
2048 1119 2567 1210 infatigabiliter
2607 1120 2848 1200 tenuit,
2889 1132 2966 1188 ut
3004 1119 3092 1188 ad

559 1205 910 1306 victoriam
964 1206 1367 1307 perveniret.
1413 1206 1862 1309 Habemus-in
1906 1229 1986 1278 eo
2024 1209 2367 1278 medicum
2418 1231 2454 1279 e
2501 1210 2713 1289 coelo,
2753 1230 2912 1278 cum
2953 1230 3091 1294 quo

559 1306 909 1375 sanctitaS,
964 1316 1179 1364 immo
1227 1317 1374 1385 ipse
1435 1309 1820 1365 sanct1tat1s
1874 1309 2111 1367 auctor
2150 1298 2490 1367 civitatem
2535 1312 2839 1370 nostram
2879 1298 3088 1365 intra-

557 1385 675 1452 vit.
733 1384 1019 1465 Quantis
1056 1384 1302 1465 caecis,
1345 1406 1386 1453 a
1420 1386 1526 1453 via
1561 1386 1861 1454 veritatis
1893 1387 2306 1467 errantibuS,
2348 1387 2569 1456 visum
2609 1408 2744 1475 quo
2779 1385 3090 1455 Christus

559 1472 853 1552 videtur,
910 1472 1225 1563 aperuit?
1257 1473 1328 1541 in
1367 1486 1783 1560 quantorum
1834 1475 2155 1551 auribus,
2211 1476 2644 1546 sermonibus
2691 1474 3091 1545 coelestium

558 1560 1044 1631 mandatorum
1078 1615 1093 1642 ‚
1157 1562 1530 1651 pretiosum
1581 1562 1838 1631 infudit
1893 1563 2254 1632 auditum?
2318 1568 2620 1646 Quantos
2670 1563 3091 1633 intrinsecus

557 1648 971 1729 vulneratos,
1017 1650 1309 1739 angelici
1358 1650 1498 1719 oris
1535 1666 1680 1720 arte
1712 1668 1777 1719 et
1809 1652 2138 1720 orationis
2171 1653 2415 1721 virtute
2453 1653 2761 1723 curavit?
2801 1662 3092 1738 quanto-

556 1759 712 1806 rum
761 1738 1055 1818 animas,
1110 1739 1405 1828 peccatis
1447 1739 1594 1827 jam
1646 1740 1715 1807 in
1766 1761 2051 1829 corpore
2098 1740 2478 1817 defunctas,
2531 1741 2618 1810 ad
2667 1738 3090 1810 emendatio-

557 1846 713 1894 nem
771 1840 1096 1914 tanquam
1148 1827 1232 1895 ad
1282 1827 1505 1896 lucem
1565 1828 1872 1898 vocando
1922 1831 2399 1900 resuscitavit?
2448 1832 2738 1899 Docebat
2784 1826 3092 1916 quotidie

558 1914 736 1984 filios
785 1936 969 1996 sum,
1019 1936 1101 1984 ne
1152 1938 1259 1986 res
1292 1916 1553 1985 alienas
1581 1917 2172 2007 concupiscerent,
2222 1939 2305 1986 ne
2353 1919 2454 1988 eis
2493 1920 2823 2008 conjuges
2869 1929 3089 1984 extra-

555 2025 723 2072 neae
758 2004 1038 2091 pulcrae
1068 2015 1331 2085 essent,
1377 2026 1463 2073 ne
1497 2006 1755 2095 peccati
1807 2009 2143 2074 venenum
2202 2028 2324 2096 per
2371 2021 2725 2094 aspectum
2781 2006 3087 2074 animam

555 2104 961 2182 penetraret.
1014 2097 1105 2162 De
1150 2105 1562 2180 quantorum
1631 2093 1959 2163 cordibus
2010 2093 2168 2174 ille,
2230 2115 2404 2182 quos
2458 2096 2786 2183 iniquitas
2839 2106 2903 2162 et
2960 2093 3090 2160 im-

556 2180 773 2270 pietas
820 2180 1233 2271 possidebat,
1284 2181 1546 2272 fugavit
1585 2183 1956 2262 luxuriam,
2010 2185 2297 2252 removit
2348 2184 2544 2264 iram,
2586 2182 2932 2252 restrinxit
2979 2181 3083 2249 in-

554 2268 835 2350 vidiam,
882 2270 1262 2340 revocando
1303 2271 1467 2340 illuc
1501 2271 1707 2340 fidem
1745 2285 1809 2342 et
1838 2273 2214 2343 castitatem
2257 2285 2460 2359 atque
2502 2269 3088 2341 misericordiam?

555 2362 858 2441 Quantos
899 2358 1001 2427 vir
1041 2358 1155 2427 ille
1200 2360 1630 2448 Apostolicus
1679 2362 2137 2450 poenitentiae
2186 2360 2706 2430 medicamentis
2760 2381 2797 2427 a
2850 2378 3090 2448 pecca-

556 2459 777 2517 torum
817 2460 1033 2518 morte
1069 2448 1517 2529 resuscitavit,
1563 2462 1795 2518 custos
1835 2450 2252 2531 animarum,
2292 2448 2703 2540 cupiditates
2746 2450 3083 2524 resecanS,

553 2536 728 2605 iram
777 2539 1267 2626 comprimenS,
1316 2537 1613 2608 malitias
1661 2539 2044 2628 extirpans?
2091 2540 2213 2607 His
2263 2540 2483 2629 magis
2533 2539 2635 2607 vir
2669 2538 2785 2606 ille
2833 2549 2965 2606 tem
3022 2556 3091 2604 o·

554 2626 748 2694 ribus
785 2626 1213 2695 necessarius
1245 2625 1490 2706 fuerat,
1525 2628 1781 2713 quibus
1820 2640 2007 2696 tanta
2050 2628 2378 2714 iniquitas
2417 2628 2714 2715 sumptis
2753 2625 2944 2713 quoti
3003 2624 3084 2702 ie,

555 2713 914 2782 deficiente
952 2714 1247 2803 justitia,
1304 2715 1590 2795 virihuS,
1643 2716 2084 2794 convalescit,
2121 2721 2198 2784 Et
2228 2716 2507 2803 quidem
2547 2715 2661 2785 ille
2701 2716 2769 2783 in
2813 2714 2940 2783 hac
2976 2733 3090 2801 pe-

555 2802 1017 2892 regrinatione
1056 2803 1271 2871 seculi
1311 2803 1457 2873 solo
1496 2826 1781 2893 corpore
1818 2805 2256 2882 constitutus,
2297 2804 2709 2894 cogitatione
2743 2815 2971 2871 tamen
3016 2802 3088 2868 in

554 2890 674 2959 illa
708 2904 983 2961 aeterna
1023 2892 1242 2980 patria
1274 2905 1716 2963 conversatus
1764 2906 1885 2962 est.
1933 2894 2060 2975 Qui
2101 2893 2266 2961 huic
2305 2892 2564 2961 mundo
2597 2890 2975 2960 crucifixus
3008 2911 3090 2958 ac

553 2993 892 3061 mortuuS,
932 2980 1261 3067 quicquid
1309 2980 1662 3061 laboravit,
1704 2981 1787 3049 de
1824 2982 1949 3050 hac
1984 2982 2119 3049 vita
2151 2981 2234 3049 ad
2275 2981 2462 3049 illam
2501 2979 2872 3052 transtulit,
2910 2977 3094 3047 etde

555 3069 836 3137 sinistra
880 3091 1153 3158 semper
1200 3070 1582 3140 transmisit
1629 3069 1711 3138 ad
1764 3070 2134 3148 dexteram,
2171 3081 2373 3155 atque
2422 3070 2489 3137 in
2542 3068 2731 3138 coelo
2781 3088 2942 3138 suos
2983 3088 3091 3135 re-

553 3156 785 3246 posuit
852 3156 1161 3228 sudores.
1238 3162 1316 3227 Et
1362 3159 1540 3228 inter
1588 3159 1753 3228 haec
1800 3159 2033 3228 omnia
2083 3158 2479 3228 intendebat
2543 3157 2643 3226 vir
2693 3159 2935 3226 beatus
2973 3157 3087 3245 ja-

549 3245 872 3313 ctantiam
930 3245 1255 3316 virtutum
1309 3246 1565 3336 fugere,
1619 3249 1690 3316 in
1742 3269 1878 3335 quo
1928 3268 2062 3316 non
2117 3260 2374 3336 poterat
2411 3247 2629 3337 gratia
2684 3244 2948 3314 excelsa
2997 3244 3086 3312 la·

550 3335 729 3402 tere:
766 3333 935 3402 adeo
990 3345 1068 3403 ut
1116 3356 1248 3402 non
1292 3334 1516 3404 solum
1563 3335 1772 3405 corda
1823 3337 2210 3415 hominum,
2265 3334 2575 3406 belluina
2617 3334 2878 3403 feritate
2925 3353 3084 3401 cru-

550 3421 753 3501 delia,
806 3422 891 3491 ad
945 3423 1543 3494 mansuetudinem
1598 3424 1845 3494 Christi
1894 3424 2203 3493 domaret
2251 3424 2477 3493 fidelis
2525 3445 2766 3492 servus
2813 3422 2967 3510 ejus
3013 3432 3081 3488 et

548 3510 880 3609 prudenS,
928 3511 1153 3580 sciens
1201 3513 1547 3581 conservis
1584 3514 1735 3602 ejus
1768 3513 1932 3581 dare
1965 3513 2030 3580 in
2071 3526 2373 3602 tempore
2408 3512 2615 3581 tritici
2648 3530 3074 3587 mensuram,

549 3598 617 3666 1d
652 3611 775 3677 est,
816 3621 938 3688 pro
974 3612 1183 3689 captu
1214 3600 1645 3670 audientium
1700 3614 2090 3671 mensurate
2123 3614 2186 3670 et
2218 3614 2602 3691 opportune
2635 3599 2853 3668 divini
2896 3597 3086 3665 verbi

550 3687 808 3777 pabula
859 3688 1288 3756 ministrare:
1332 3711 1569 3758 verum
1630 3690 1834 3758 etiam
1878 3712 2058 3771 aves,
2104 3702 2178 3759 ut
2239 3690 2632 3759 innocentia
2671 3700 2737 3758 et
2787 3697 3085 3776 potestas

547 3775 759 3931 primi
820 3776 1020 3856 Adae,
1075 3787 1440 3863 antequam
1494 3792 1825 3866 peccaret,
1879 3779 1989 3848 cui
2032 3777 2267 3848 omnia
2319 3776 2744 3847 irrationalia
2779 3775 3090 3865 subjecta

578 3878 847 3944 uerunt,
901 3879 976 3935 ut
1024 3865 1376 3954 Scriptura
1422 3864 1869 3946 demonstrat,
1911 3867 1977 3935 in
2033 3869 2160 3937 isto
2213 3879 2450 3956 sancto
2499 3867 2643 3935 viro
2678 3887 2798 3954 per
2846 3885 3089 3933 secun·

549 3951 717 4021 dum
768 3953 1015 4034 Adam,
1070 3954 1440 4024 Dominum
1491 3966 1798 4025 nostrum
1848 3960 2085 4026 Jesum
2138 3955 2519 4037 Christum,
2575 3953 2940 4024 reformata
2987 3952 3091 4020 in-

556 4040 1050 4130 telligerentur.

636 4131 673 4216 §
718 4134 876 4202 11).
932 4135 1098 4200 Cum
1148 4131 1328 4200 enim
1383 4132 1559 4200 inter
1596 4131 2005 4203 domesticos
2046 4154 2207 4203 suos
2246 4131 2690 4222 contingebat
2729 4128 2935 4198 illum
2990 4149 3093 4197 se-

548 4218 803 4288 cretius
850 4220 1103 4289 habere
1149 4220 1576 4301 convivium,
1628 4235 1696 4289 et
1742 4220 2190 4291 delectaretur
2237 4222 2308 4290 in
2345 4221 2690 4290 hilaritate
2728 4238 3082 4296 carorum,

548 4306 1055 4379 descendebant
1102 4308 1184 4376 ad
1237 4331 1392 4378 eum
1446 4309 1772 4397 intrepidi
1821 4331 2153 4398 passeres,
2199 4323 2268 4380 et
2314 4311 2382 4379 in
2437 4331 2650 4377 manu
2689 4307 2862 4397 ejus,
2912 4326 3091 4404 men·

552 4417 665 4465 sae
729 4397 1055 4483 reliquias
1103 4397 1539 4486 colligebant.
1588 4398 2037 4469 Discedehant
2067 4398 2186 4467 alii
2226 4399 2468 4478 saturi,
2505 4396 2921 4467 accedebant
2967 4393 3088 4462 alu
