3347 4999
251 349 427 416 OCT.
482 352 519 414 4
1116 368 1193 413 ni:
1243 367 1299 413 s.
1353 366 1696 413 rnascisco
1746 366 1927 414 coxa.
2585 351 2709 414 117

251 465 703 544 conspectum
738 451 1104 538 liquefacta
1134 465 1234 520 est
1267 452 1499 519 anima
1536 452 1709 538 ejuS,
1732 465 1796 520 et
1830 454 2154 521 memoria
2191 453 2533 542 passionis
2552 452 2800 522 Christi

249 542 630 613 visceribus
653 541 882 610 cordis
926 541 1146 628 ipsius
1180 540 1349 609 adeo
1386 539 1720 628 impressa
1751 540 2177 619 medullitus,
2207 555 2285 610 ut
2316 542 2402 610 ab
2452 540 2568 610 illa
2607 541 2794 619 hora,

245 654 408 702 cum
444 630 693 699 Christi
742 629 1103 699 crucifixio
1155 629 1409 698 veniret
1450 628 1518 696 in
1560 641 1893 707 mentem,
1953 631 2057 697 vix
2107 643 2333 720 posset
2381 652 2417 698 a
2471 629 2798 718 lacrymis

246 735 315 790 et
361 719 735 807 gemitibus
784 719 1082 787 exterius
1130 718 1514 787 contineri:
1577 719 1758 787 sicut
1809 718 1954 805 ipse
2019 718 2454 807 postmodum
2506 717 2802 787 familia·

251 811 414 879 riter
469 808 723 886 retulit,
777 829 936 877 cum
994 806 1584 897 appropinquaret
1650 805 1734 874 ad
1787 806 2021 876 finem.
2105 806 2439 876 Intellexit
2502 829 2623 897 per
2673 807 2800 876 hoc

252 919 502 987 nempe
544 898 645 966 vir
685 897 797 965 Dei
836 895 1006 966 illud
1059 895 1542 985 Evangelicum
1582 894 1716 965 sibi
1757 895 1933 964 dici:
1970 898 2047 965 St·
2089 896 2192 965 vis
2216 898 2443 965 venire
2487 906 2633 985 post
2667 918 2794 976 me,

248 989 511 1077 abnega
559 988 1001 1075 temetipsum,
1056 996 1118 1054 et
1159 988 1317 1054 tolle
1361 1007 1623 1053 crucem
1672 995 1885 1065 tuam,
1945 995 2006 1054 et
2055 1007 2329 1075 sequere
2375 1007 2479 1053 me
2507 984 2790 1073 (Manli.

247 1099 384 1154 xvi,
440 1075 578 1162 24).
618 1074 853 1145 Induit
881 1097 960 1144 ex
993 1089 1157 1143 tunc
1191 1074 1511 1163 spiritum
1557 1074 2005 1163 paupertatis
2044 1073 2457 1145 humilitatis
2486 1091 2795 1152 sensum,

246 1178 314 1235 et
361 1165 681 1233 affectum
717 1163 1000 1232 intimae
1030 1164 1321 1250 pietatis.
1360 1168 1528 1232 Nam
1578 1185 1739 1231 cum
1782 1163 1974 1250 prius
2002 1162 2458 1251 leprosorum,
2503 1184 2639 1232 non
2690 1182 2801 1231 so-

251 1254 397 1322 lum
432 1253 885 1332 consortium,
941 1273 1179 1322 verum
1213 1253 1418 1320 etiam
1455 1251 1915 1341 longinquum
1944 1251 2331 1321 contuitum
2369 1252 2802 1321 vehementer

248 1343 579 1420 horreret,
644 1342 791 1431 jam
843 1355 1122 1430 propter
1171 1341 1513 1410 Christum
1567 1341 2024 1419 crucifixum,
2076 1340 2195 1426 qui
2248 1341 2443 1429 juxta
2513 1341 2796 1409 verbum

252 1432 761 1521 propheticum,
796 1429 1339 1520 contemptibilis
1362 1441 1440 1498 ut
1487 1428 1804 1519 leprosus
1834 1430 2180 1518 apparuit,
2226 1441 2303 1499 ut
2350 1428 2798 1517 semetipsum

188 1577 193 1580 .
252 1521 459 1611 plane
507 1531 995 1600 contemneret,
1050 1517 1464 1587 humilitatis
1510 1530 1575 1588 et
1624 1519 2079 1588 humanitatis
2135 1517 2461 1604 obsequia
2509 1517 2801 1607 leprosis

249 1608 561 1679 benefica
602 1608 851 1698 pietate
878 1607 1289 1698 praestabat.
1336 1606 1868 1677 visitabatenim
1920 1607 2311 1695 frequenter
2347 1605 2589 1676 domos
2621 1607 2805 1696 ipso-

250 1720 434 1777 rum,
492 1697 868 1767 liberaliter
899 1697 999 1767 eis
1045 1696 1518 1785 eleemosynas
1557 1695 1906 1785 erogabat,
1943 1709 2008 1765 et
2041 1718 2199 1766 cum
2238 1694 2457 1765 multo
2489 1716 2802 1784 compas-

253 1788 473 1856 sionis
521 1786 773 1856 affectu
822 1807 1075 1855 manus
1104 1807 1342 1855 eorum
1384 1784 1832 1854 osculabatur
1858 1798 2092 1854 etiora.
2139 1784 2566 1874 Pauperibus
2596 1784 2801 1852 etiam

255 1875 824 1944 mendicantibus
884 1896 1018 1944 non
1092 1874 1317 1944 solum
1384 1897 1535 1952 sua,
1592 1873 2036 1944 verumetiam
2108 1875 2414 1963 seipsum
2481 1872 2805 1962 cupiebat

256 1963 700 2053 impendere:
746 1962 1119 2049 aliquando
1174 1964 1570 2032 vestimenta
1643 1985 1925 2043 exuens,
1979 1963 2355 2050 aliquando
2419 1961 2795 2041 dissuem,

254 2051 635 2139 aliquando
685 2052 1010 2121 scindens
1064 2051 1147 2120 ad
1195 2051 1629 2141 largiendum
1680 2051 1804 2130 eis,
1864 2074 2021 2121 cum
2082 2074 2245 2141 prae
2295 2050 2619 2120 manibus
2666 2049 2802 2118 alia

261 2163 395 2208 non
454 2140 752 2210 haberet.
810 2140 1291 2210 Sacerdotibus
1345 2141 1549 2209 etiam
1620 2141 2048 2230 pauperibus
2115 2154 2495 2210 reverenter
2556 2138 2803 2209 subve-

260 2228 489 2298 niebat
537 2243 599 2298 et
650 2231 783 2318 pie,
820 2231 1190 2319 praecipue
1242 2231 1306 2298 in
1358 2230 1787 2300 ornamentis
1833 2229 2093 2308 altariS‚
2145 2252 2283 2316 quo
2331 2243 2395 2299 et
2426 2229 2658 2298 cultus
2691 2226 2800 2295 di·-

254 2319 393 2385 vini
434 2319 776 2407 particeps
824 2319 1037 2400 fieret,
1074 2331 1139 2386 et
1186 2317 1530 2387 cultorum
1567 2318 1839 2407 inopiae
1888 2317 2369 2408 supplementa
2419 2317 2796 2407 praeberet.

342 2410 375 2492 ξ
424 2411 516 2478 θ.
558 2411 719 2475 Cum
760 2420 989 2476 autem
1027 2407 1343 2497 religiosa
1393 2406 1750 2477 devotione
1791 2418 1955 2477 tunc
2007 2407 2335 2497 temporis
2367 2407 2606 2477 limina
2640 2405 2803 2475 visi-

253 2508 424 2565 taret
464 2495 763 2585 Apostoli
813 2497 1013 2578 Petri‚
1065 2510 1430 2586 conspecta
1481 2495 1925 2566 multitudine
1983 2519 2368 2587 pauperum
2418 2510 2575 2566 ante
2622 2493 2801 2564 fores

249 2584 602 2665 ecclesiae,
659 2586 906 2674 partim
957 2586 1229 2674 pietatis
1275 2586 1527 2657 ductus
1593 2585 2005 2667 dulcedine,
2074 2588 2321 2673 partim
2375 2585 2802 2686 paupertatis

252 2672 539 2744 allectus
588 2696 858 2755 amore,
902 2675 1025 2744 uni
1078 2696 1158 2744 ex
1211 2674 1311 2745 eis
1390 2675 1611 2763 magis
1657 2676 1926 2765 egenti,
1980 2676 2295 2765 proprias
2362 2674 2464 2743 lar
2516 2688 2652 2743 itus
2700 2685 2802 2743 est

248 2776 488 2833 vestes:
526 2776 592 2832 et
638 2763 1087 2833 semicinctiis
1119 2776 1473 2833 contectus
1521 2763 1736 2845 illius,
1776 2764 1955 2834 diem
2000 2764 2199 2833 illum
2239 2766 2308 2832 in
2353 2784 2460 2831 me
2518 2764 2800 2857 ioqpau-

250 2873 490 2940 perum
541 2873 702 2921 cum
747 2852 1025 2922 insolita
1072 2852 1363 2941 spiritus
1412 2852 1840 2940 jucunditate
1876 2853 2230 2941 transegit,
2284 2863 2361 2921 ut
2406 2863 2472 2920 et
2528 2851 2798 2920 secula-

247 2962 389 3009 rem
440 2939 730 3031 gloriam
783 2953 1170 3031 sperneret,
1223 2955 1289 3010 et
1335 2925 1421 3009 ad
1476 2941 1957 3032 perfectionem
2019 2939 2494 3029 Evangelicam
2546 2939 2799 3029 grada-

247 3029 366 3097 tim
448 3029 979 3099 conscendendo
1040 3030 1446 3120 perveniret.
1528 3031 2032 3100 Mortificationi
2094 3029 2324 3097 carnis
2393 3028 2533 3096 invi
2590 3028 2801 3097 ilabat

245 3118 595 3197 attentius,
648 3131 726 3189 ut
766 3118 1011 3189 Christi
1063 3124 1374 3199 Crucem,
1412 3141 1619 3206 quam
1672 3120 1964 3190 interius
1996 3117 2251 3187 serebat
2293 3118 2362 3186 in
2406 3139 2523 3187 cor
2574 3139 2647 3196 e,
2686 3139 2800 3187 ex·-

247 3206 459 3277 terius
505 3208 707 3277 etiam
760 3206 1234 3279 circumferret
1269 3208 1338 3277 in
1390 3230 1510 3277 cor
1561 3229 1697 3277 ore.
1753 3209 2009 3296 Agebat
2063 3217 2292 3277 autem
2345 3206 2512 3277 haec
2563 3207 2801 3276 omnia

251 3296 353 3362 vir
401 3296 517 3453 lzei
577 3296 1008 3377 FranciscuS,
1048 3297 1357 3367 nondum
1408 3298 1496 3367 ha
1553 3298 1653 3366 itu
1705 3295 1805 3366 vel
1856 3296 2177 3366 convictu
2225 3309 2692 3384 sequestratus
2759 3318 2801 3365 a

246 3405 415 3453 mun
472 3406 532 3452 o.

724 3583 815 3647 De
887 3582 1190 3669 perfecta
1253 3582 1673 3648 conversione
1733 3582 1878 3670 ejus
1942 3581 2032 3649 ad
2085 3586 2315 3662 Deum,

804 3678 867 3735 et
914 3669 995 3737 de
1038 3670 1467 3758 reparatione
1517 3671 1723 3736 trium
1771 3671 2228 3739 ecclesiarum.

327 3829 362 3914 ξ
410 3829 486 3897 2.
541 3827 880 3908 Quoniam
931 3840 1160 3896 autem
1222 3844 1461 3899 servus
1508 3827 1841 3899 Altissimi
1903 3831 2250 3900 doctorem
2305 3851 2437 3899 non
2499 3829 2799 3899 habebat

240 3916 542 4002 aliquem
585 3915 649 3983 in
705 3914 1137 4002 hujusmodi,
1193 3916 1325 3985 nisi
1362 3916 1737 3998 Christum,
1794 3917 2064 3988 addidit
2113 3918 2341 3988 adhuc
2401 3919 2624 4008 ipsius
2658 3918 2797 3987 cle-

244 4003 503 4074 mentia
550 4025 709 4073 eum
762 4004 831 4073 in
912 4004 1122 4073 ratiae
1170 4004 1445 4074 visitare
1471 4005 1864 4077 dulcedine.
1920 4012 2089 4077 Dum
2115 4008 2300 4076 enim
2335 4007 2445 4076 die
2493 4006 2795 4094 quadam

237 4115 560 4193 egressus
592 4093 840 4193 adme
896 4092 1210 4193 itandum
1269 4093 1339 4163 in
1388 4115 1579 4184 agm,
1654 4094 2131 4166 deambularet
2166 4096 2366 4185 juxta
2431 4096 2792 4166 ecclesiam

240 4194 463 4281 sancti
513 4186 852 4282 Damiani,
905 4203 1083 4268 quae
1119 4182 1518 4255 minabatur
1559 4206 1721 4275 prae
1755 4185 1974 4255 nimia
2015 4196 2342 4256 vetustate
2378 4185 2651 4255 ruinam
2676 4240 2692 4265 ,
2730 4197 2797 4254 et

243 4293 311 4339 in
362 4292 540 4350 eam,
601 4270 969 4361 instigante
1018 4293 1087 4341 se
1136 4270 1410 4361 spiritu,
1467 4276 1677 4342 causa
1711 4272 2044 4344 orationis
2093 4273 2439 4356 intrasset,
2497 4288 2795 4363 prostra-

248 4372 358 4428 tus
396 4373 553 4428 ante
601 4359 976 4450 imaginem
1030 4361 1374 4441 Crucifixi‚
1409 4383 1540 4431 non
1581 4361 1852 4430 modica
1900 4361 2030 4432 fuit
2077 4363 2144 4430 in
2197 4363 2458 4432 orando
2507 4361 2800 4452 spiritus

247 4447 713 4517 consolatione
777 4447 1100 4539 repletus.
1179 4452 1484 4536 Cumque
1554 4449 1961 4535 lacrymosis
2023 4449 2242 4517 omnis
2293 4450 2672 4518 intenderet
2723 4450 2793 4516 in
