3347 4999
200 359 373 426 OCT.
430 359 501 423 31
871 376 948 422 nn
993 378 1048 422 s.
1092 373 1478 423 wowsmso
1517 375 1616 421 ιι».
1659 373 2070 422 nntsronan.
2521 359 2651 424 755

202 462 508 541 virtutes
552 473 620 530 et
650 459 1026 529 multarum
1063 459 1254 529 salus
1284 459 1706 539 animarum,
1763 457 2040 529 abunde
2076 457 2453 530 declarant.
2492 465 2739 533 Exacto

198 563 424 621 autem
480 549 792 639 tyrocinii
843 549 949 618 sui
1022 563 1346 637 tempore,
1420 547 1620 618 multi
1668 569 1707 616 e
1757 548 2003 617 vicinis
2068 549 2526 631 monasterii8‚
2585 572 2744 640 pro-

200 640 429 710 bitatis
474 639 626 728 ejus
674 637 851 707 fama
885 637 1118 717 illecti,
1155 637 1241 707 ad
1290 658 1450 709 eum
1503 649 1859 717 venerunt,
1914 658 2090 723 quos
2136 658 2379 707 omnes
2409 637 2551 721 ille,
2588 661 2746 729 per-

202 729 420 798 missu
469 728 769 808 Amatis,
828 727 1024 797 bonis
1077 726 1317 796 litteris
1362 738 1429 796 et
1477 724 1785 795 honestis
1835 726 2143 796 moribus
2189 726 2614 798 instituebat.

288 820 327 906 ξ
374 822 505 890 n.
559 822 683 886 Per
733 815 800 884 id
857 829 1129 905 tempus
1179 815 1419 885 beatus
1488 814 1774 884 antistes
1822 814 2184 884 Udalricus
2207 814 2266 892 ’ἃ
2319 815 2523 904 cujus
2585 837 2749 887 san-w

199 907 451 977 ctitatis
496 905 681 975 fama
730 910 999 994 Europa
1047 904 1274 974 omnis
1321 902 1647 993 adspersa
1699 917 1824 985 est,
1876 925 2086 974 causa
2127 887 2448 972 visitandi
2499 904 2745 978 fratres

253 1017 324 1066 ro
377 1016 561 1063 more
614 993 696 1063 ad
752 994 920 1063 illud
989 993 1292 1083 pervenit
1342 993 1862 1062 monasterium.
1935 996 2059 1062 Ubi
2124 1014 2282 1062 cum
2335 992 2418 1062 ad
2483 992 2746 1081 aliquot

201 1017 531 1155 iiaesisset
575 1082 746 1162 dies,
798 1095 864 1152 ct
908 1082 994 1151 de
1040 1081 1347 1176 Wolfgpn
1404 1082 1421 1150 i
1476 1081 1606 1151 vita
1638 1095 1705 1151 et
1747 1081 2054 1152 moribus
2096 1082 2552 1170 cognovisset,
2600 1104 2745 1153 ma·

250 1195 334 1243 no
366 1194 525 1241 eum
561 1171 818 1241 amoris
865 1170 1093 1241 studio
1142 1192 1343 1259 comp
1374 1171 1500 1240 ecti
1552 1193 1632 1240 ac
1683 1172 1991 1240 venerari
2033 1171 2281 1259 coepit,
2338 1171 2427 1240 ita
2477 1184 2554 1240 ut
2604 1192 2757 1242 non.

198 1195 321 1331 diu
373 1274 524 1350 post
560 1261 762 1329 etiam
837 1261 1235 1330 renitentem
1289 1259 1669 1330 sacerdotio
1719 1259 2029 1329 initiarit.
2085 1264 2233 1342 Quo
2303 1257 2420 1329 ille
2482 1259 2743 1331 bonore

201 1363 472 1430 auctuS‚
531 1349 800 1419 muneri
835 1370 960 1419 suo
994 1348 1224 1418 volens
1257 1347 1672 1429 satisfacere,
1708 1369 1867 1417 cum
1923 1347 2136 1418 multa
2177 1347 2564 1418 humilitate
2596 1370 2745 1420 sco-

211 1438 433 1530 pebat,
489 1453 564 1507 ut
614 1437 939 1528 propheta
974 1437 1165 1518 dicit,
1200 1437 1521 1527 spiritum
1580 1458 1815 1517 suum,
1867 1448 1933 1506 et
1976 1458 2094 1526 per
2155 1450 2327 1517 vota,
2372 1459 2548 1524 quae
2593 1438 2746 1526 ejus

202 1528 659 1596 distinxerant
697 1525 920 1607 labia,
971 1527 1256 1597 Domino
1313 1524 1606 1595 fideliter
1655 1525 1980 1596 offerebat
2030 1523 2428 1596 holocausta
2478 1525 2742 1597 medul-

204 1615 362 1686 lata.
395 1620 542 1698 Qua
575 1616 859 1703 spiritus
906 1616 1312 1686 contritione
1358 1638 1518 1683 cum
1550 1614 1856 1704 seipsum
1907 1615 2189 1684 Domino
2235 1614 2549 1701 quotidie
2601 1638 2744 1685 tita-

201 1717 437 1785 ctaret‚
480 1705 715 1773 divina
745 1717 848 1774 est
882 1705 1140 1774 visione
1187 1704 1493 1773 affectus.
1534 1707 1702 1772 Cum
1751 1703 1935 1772 enim
1976 1724 2097 1793 pro
2130 1724 2256 1772 sua
2305 1703 2745 1790 aliorumque

202 1794 421 1864 salute
458 1794 721 1883 jugiter
772 1794 1134 1863 Dominum
1176 1795 1686 1882 deprecaretur,
1733 1812 2103 1881 precesque
2140 1813 2307 1860 suas
2343 1804 2739 1862 sanctorum

205 1883 554 1973 suffragiis
591 1904 840 1972 niagno
864 1882 1094 1952 studio
1126 1880 1661 1959 commendaret,
1705 1881 1974 1950 beatum
2006 1879 2249 1949 Christi
2282 1879 2738 1950 confessorem

203 1972 637 2050 Otbmarum,
692 1971 804 2039 cui
855 1992 929 2041 se
973 1992 1237 2058 suaque
1283 1970 1697 2039 creberrime
1737 1968 2229 2048 committebat,
2269 1969 2399 2038 sibi
2437 1970 2505 2038 in
2559 1991 2744 2039 som·-

204 2061 313 2128 nis
361 2060 632 2129 adstare
680 2059 881 2128 vidit:
937 2062 1316 2149 jussusque
1367 2061 1456 2127 ab
1501 2079 1583 2127 eo
1622 2057 1691 2126 in
1736 2058 1962 2146 ipsum
2027 2056 2407 2145 respicere,
2465 2058 2548 2126 ita
2603 2057 2737 2127 sibi

201 2148 536 2217 dicentem
588 2149 888 2218 audivit:
950 2175 973 2211 α
1013 2146 1582 2233 Quandoquidem
1634 2146 1889 2236 rogasti
1926 2167 2068 2226 me,
2114 2157 2191 2214 ut
2241 2167 2362 2234 pro
2411 2159 2472 2216 te
2526 2147 2737 2215 inter-

200 2237 549 2316 cederem,
602 2236 937 2324 quaedam
993 2237 1109 2306 tibi
1167 2236 1530 2314 indicabo,
1589 2247 1738 2323 post
1800 2249 2121 2304 eventura
2176 2234 2295 2303 tibi
2347 2235 2436 2305 ob
2502 2256 2735 2323 preces

206 2347 412 2395 meas.
465 2331 731 2415 Pauper
767 2325 1046 2412 quidem
1082 2338 1147 2394 et
1197 2326 1395 2413 inops
1438 2346 1515 2393 ex
1571 2324 1700 2393 hoc
1741 2323 2075 2412 migrabis
2124 2323 2296 2404 loco,
2355 2323 2470 2394 sed
2514 2323 2730 2404 alibi,

201 2413 321 2482 ubi
360 2435 479 2504 pro
529 2413 770 2483 Christi
822 2435 1052 2483 amore
1083 2413 1292 2504 deges
1327 2412 1751 2503 peregrinus,
1798 2413 2279 2502 Episcopatum
2320 2412 2560 2483 mundi
2615 2412 2736 2482 hu-

193 2505 315 2592 jus
360 2503 613 2591 opibus
646 2504 811 2573 satis
858 2502 1275 2581 affluentem,
1327 2502 1559 2572 divina
1605 2501 2224 2594 praedestinatione
2263 2501 2729 2589 consequeris.

203 2597 278 2660 ln
335 2613 475 2678 quo
514 2592 1064 2661 administrando
1112 2592 1168 2661 si
1232 2590 1501 2661 fidelem
1557 2605 1617 2659 te
1669 2590 2110 2679 praebueris,
2168 2604 2320 2680 post
2365 2612 2587 2660 annos
2636 2590 2738 2657 vi-

200 2680 554 2771 gintitluos
602 2683 689 2750 ab
731 2681 857 2751 hac
892 2680 1021 2749 vita
1073 2679 1482 2770 temporaria
1547 2679 1833 2749 feliciter
1891 2678 2347 2766 proficisceris
2394 2678 2479 2749 ad
2543 2676 2734 2746 illam

200 2791 340 2838 sem
403 2768 714 2839 iternam.
769 2774 1005 2839 Certus
1067 2785 1292 2839 autem
1345 2770 1463 2847 sis,
1520 2782 1582 2839 te
1627 2789 1707 2837 eo
1766 2769 1831 2837 in
1883 2767 2030 2836 loco
2099 2767 2402 2836 animam
2472 2765 2739 2850 Christo

200 2792 655 2937 redditurum,
708 2860 828 2929 ubi
882 2860 946 2927 in
999 2857 1243 2928 Christi
1315 2857 1595 2928 nomine
1642 2879 1684 2926 a
1747 2856 2153 2926 Christianis
2217 2855 2345 2923 mei
2404 2854 2735 2924 memoria

197 2947 604 3016 celebratur.
646 2951 783 3036 Ego
833 2969 986 3018 vero
1033 2948 1101 3015 in
1155 2946 1270 3016 illa
1323 2946 1490 3015 hora
1537 2945 1761 3013 exitus
1809 2944 1903 3012 tui
1960 2964 2161 3032 spero
2213 2963 2320 3012 me
2370 2956 2732 3013 venturum

197 3035 282 3104 ad
335 3035 559 3104 locum
599 3035 794 3106 illum
844 3059 1003 3105 cum
1044 3035 1203 3106 aliis
1238 3035 1471 3105 beatae
1521 3033 1780 3124 patriae
1826 3032 2117 3113 civibus,
2169 3053 2346 3118 quos
2388 3045 2552 3102 tunc
2611 3030 2744 3101 ba·-

201 3124 395 3193 bebis
440 3124 926 3194 consolatores,
962 3148 999 3192 »

286 3216 324 3299 ξ
371 3217 518 3285 1².
573 3212 667 3282 Ab
703 3215 829 3283 hac
864 3214 1125 3283 visione
1175 3210 1463 3291 vir-Dei,
1515 3209 1794 3279 divinae
1836 3207 2398 3298 contemplationi
2451 3228 2741 3278 accura-

202 3301 339 3369 tius
377 3300 677 3381 vaeabat,
730 3302 987 3391 quippe
1020 3301 1277 3371 talibus
1326 3298 1686 3389 promissis
1717 3298 1988 3389 egregie
2026 3297 2501 3368 confirmatus:
2559 3296 2741 3367 niul·

203 3405 453 3474 tusque
501 3389 568 3457 in
617 3412 693 3459 ea
743 3404 888 3459 erat
917 3389 1351 3480 cogitatione,
1389 3386 1975 3474 quemadmodum
2025 3385 2362 3457 divinitus
2421 3399 2734 3476 percepta

202 3476 478 3556 talenta,
535 3478 599 3545 in
651 3477 943 3547 aliorum
981 3477 1274 3547 salutem
1321 3475 1732 3566 duplicaret.
1798 3480 2025 3562 anue
2081 3478 2291 3545 causa
2338 3497 2497 3545 cum
2554 3477 2733 3545 bona

199 3564 395 3634 venia
432 3564 709 3636 Abbatis
747 3567 880 3647 sui,
922 3565 1441 3643 monasterium,
1483 3586 1613 3634 non
1655 3565 2098 3641 monachum,
2127 3562 2478 3643 desert-ns,
2525 3562 2745 3633 immo

198 3652 583 3727 secundum
633 3654 1053 3743 Apostolum,
1101 3654 1355 3740 majora
1403 3653 1820 3723 charismata
1867 3651 2199 3723 aemulari
2249 3650 2564 3739 cupiens,
2619 3671 2745 3740 per

198 3742 622 3814 Alemaniam
662 3747 843 3815 venit
947 3743 1307 3833 eregrinus
1360 3742 1428 3811 in
1462 3742 1806 3813 Noricum.
1868 3755 2072 3828 atque
2128 3740 2211 3810 ad
2277 3739 2427 3826 ejus
2475 3752 2743 3830 partem-

197 3830 599 3904 orientalem
650 3854 808 3903 cum
860 3854 895 3901 a
932 3832 1121 3919 iquot
1176 3830 1549 3902 comitibus
1600 3851 1934 3922 pergens,
2015 3827 2460 3919 praedicandi
2523 3829 2741 3899 caus&

199 3921 594 3991 Pannoniae
629 3921 803 3991 fines
852 3922 1067 4011 petiit.
1112 3921 1236 3991 Ubi
1270 3943 1429 3990 cum
1475 3932 1779 3990 veterum
1833 3939 2142 3988 errorum
2196 3915 2477 3987 frutices
2528 3916 2745 3986 extir-

199 4030 387 4100 pare,
430 4009 694 4081 steriles
725 4010 1187 4099 squalentium
1230 4022 1577 4099 pectorum
1619 4029 1824 4108 agros
1874 4005 2281 4097 Evangelico
2319 4017 2546 4075 aratro
2578 4026 2737 4095 pro·

201 4098 537 4183 scindere,
595 4112 663 4170 et
722 4099 791 4169 in
842 4120 957 4170 eos
1019 4099 1180 4169 fidei
1228 4098 1494 4169 semina
1552 4095 1849 4187 dejicere
1908 4094 2163 4167 frustra
2219 4105 2628 4176 conaretur,
2693 4115 2742 4164 a

253 4334 281 4362 ⁸
312 4333 355 4376 8.
389 4335 639 4383 tractu-im,
668 4344 754 4376 seu
791 4332 983 4380 mrim.
1002 4334 1239 4379 numm
1269 4330 1622 4373 Vindelicum
1642 4332 1802 4381 (germ.
1824 4330 2081 4381 Δηώουη
2111 4329 2164 4369 ln
2198 4327 2425 4370 Bantia·
2456 4331 2620 4377 νομοῦ
2641 4326 2739 4377 ept-

199 4396 385 4437 noopns.
411 4388 547 4429 Vitae
574 4398 766 4429 cunum
795 4385 1008 4439 pertenit,
1037 4387 1370 4437 octuagenta-lo
1400 4387 1565 4436 mor.
1591 4394 1715 4426 mo
1741 4385 1842 4429 07³³
1868 4388 2015 4434 §tque
2039 4378 2088 4423 ln
2108 4382 2385 4424 motorum
2402 4380 2510 4423 otho
2528 4381 2745 4422 dudm

197 4442 295 4483 mc
321 4450 350 4481 a
377 4441 557 4481 'mnne
591 4444 670 4493 Pp.
697 4442 788 4482 xv.
815 4442 966 4482 Multa
992 4445 1042 4482 et
1070 4441 1312 4490 praetor·
1336 4449 1452 4480 ame
1475 4440 1533 4479 do
1553 4439 1639 4480 illo
1656 4435 1890 4489 scripsere
1910 4437 2164 4488 gem-ulei
2184 4432 2425 4488 metui-tol,
2442 4444 2565 4486 quon
2580 4435 2741 4486 lectt·

199 4504 370 4547 operae
390 4493 597 4545 pretium
615 4492 953 4537 existimamus.
973 4494 1164 4536 Surium
1182 4496 1400 4535 nostrum
1421 4493 1629 4540 consule,
1647 4492 1751 4534 Vol.
1773 4492 1856 4539 111,
1871 4500 1977 4542 με.
1998 4491 2076 4531 ⁶84
2095 4492 2184 4530 ete.
