3347 4999
712 285 842 351 472
1414 302 1493 349 nn
1540 302 1597 349 s.
1650 301 1845 350 carto
1893 303 2035 349 Ana.
2087 304 2162 349 ar
2207 301 2391 351 conr.
2841 283 3017 350 OCT.
3079 285 3184 351 ⁴6

623 388 926 543 aninizm
979 386 1240 510 meritis
1297 385 1573 477 plenam
1622 385 1938 457 felicibus
1972 387 2288 469 reddidit,
2331 387 2527 457 bonis
2562 386 3000 457 inhaesuram
3044 409 3184 478 pe-

625 497 818 545 renni
876 496 957 543 us
1037 530 1049 543 .

716 572 752 645 ἓ
806 567 967 634 20.
1021 567 1187 633 Cum
1239 564 1449 654 igitur
1504 563 1811 633 audisset
1856 570 2157 634 Joannes
2214 564 2750 635 constantiensis
2814 563 3180 634 Ecclesiae

626 651 957 744 praesul,
1011 652 1284 722 beatum
1355 651 1622 723 Gallum
1688 652 1871 741 apud
1926 652 2263 723 Arbonam
2333 651 2723 733 infirmari,
2777 652 3179 723 ascendens

624 741 1040 822 naviculam,
1095 752 1381 831 potuum
1429 754 1494 810 et
1540 740 1852 810 ciborum
1901 762 1976 810 ea
2027 762 2259 810 secum
2310 762 2558 841 genera
2607 739 2785 821 tulit,
2824 762 2996 828 quae
3047 741 3177 810 in-

621 829 937 899 firmitate
986 828 1322 898 laboranti
1372 842 1647 900 noverat
1680 851 2090 919 congruere:
2142 841 2218 899 ut
2266 829 2578 898 videlicet
2611 832 2736 900 sua
2769 830 3171 900 visitatione

621 917 1039 988 fidissimum
1094 916 1416 987 refoveret
1462 918 1791 987 amicum.
1846 922 2150 1004 Cumque
2201 918 2426 1007 portui
2478 918 2984 1007 propinquaret,
3030 940 3173 988 au·-

622 1006 791 1076 divit
820 1006 886 1074 in
925 1005 1130 1075 domo
1169 1006 1547 1095 presbyteri
1599 1005 1951 1096 planctum
2002 1026 2328 1096 magnum
2379 1006 2559 1076 circa
2607 1005 2818 1075 funus
2858 1007 2993 1075 Viri
3043 1006 3171 1091 Dei

622 1094 976 1174 celebrari,
1030 1105 1095 1162 et
1134 1094 1572 1185 interrogavit
1610 1115 1786 1182 quae
1819 1095 1989 1164 tanti
2021 1108 2196 1165 esset
2233 1116 2443 1164 causa
2483 1093 2811 1184 ploratus.
2850 1094 3164 1165 Audiens

624 1196 852 1252 autern
903 1180 1171 1252 Gallum
1225 1182 1705 1263 venerabilem,
1758 1182 2234 1253 firmissimum
2289 1205 2452 1253 suae
2500 1182 2980 1252 familiaritatis
3028 1206 3167 1253 cu-

624 1271 911 1351 stodem,
964 1269 1048 1339 de
1096 1271 1306 1358 hujus
1349 1270 1559 1341 seculi
1607 1272 1983 1361 emigrasse
2031 1271 2379 1362 periculis,
2436 1273 2619 1341 misit
2665 1292 2737 1340 se
2784 1272 2853 1339 in
2895 1294 2933 1340 a
2983 1293 3161 1341 uam

621 1360 874 1449 (neque
921 1359 1102 1429 enim
1158 1371 1416 1449 poterat
1465 1373 1740 1450 propter
1789 1359 2080 1429 nimium
2131 1359 2432 1429 dolorem
2498 1360 2832 1429 sustinere
2862 1414 2878 1441 ,
2980 1381 3159 1429 onec

623 1447 941 1518 navicula
1007 1446 1168 1516 litus
1224 1448 1390 1517 attin
1444 1448 1693 1537 eret);‚
1733 1447 2157 1517 descendens
2206 1469 2291 1518 ue
2350 1470 2508 1518 cum
2573 1448 2682 1518 his
2735 1449 2855 1535 qui
2918 1470 3160 1517 secum

624 1549 998 1614 venerant,
1054 1536 1328 1606 intravit
1425 1559 1656 1606 omum
1714 1537 2135 1626 presbyteri,
2219 1537 2468 1627 ugubri
2518 1558 2678 1606 voce
2737 1549 2802 1605 et
2847 1537 3164 1626 corporis

620 1638 815 1715 gestu
883 1645 1257 1694 moerorem
1331 1625 1560 1695 cordis
1632 1625 2021 1695 insinuans,
2097 1626 2363 1694 Invenit
2419 1637 2644 1694 autem
2699 1646 2953 1714 corpus
3011 1625 3160 1694 Viri

625 1714 838 1783 sancti
878 1712 1287 1793 involutum,
1341 1727 1405 1783 et
1454 1715 1519 1781 in
1565 1713 1790 1783 loculo
1831 1713 2198 1803 repositum
2234 1735 2249 1776 t
2302 1714 2750 1805 aperiensque
2783 1713 3162 1803 sarcopha-

621 1824 813 1892 gum,
866 1813 929 1871 et
975 1802 1286 1870 exanime
1338 1802 1544 1871 amici
1591 1801 1881 1871 cadaver
1941 1802 2336 1892 inspicienS,
2400 1802 2770 1871 amariores
2815 1823 2973 1871 cum
3024 1801 3158 1871 hac

620 1912 778 1960 voce
807 1890 948 1959 lacr
978 1911 1146 1959 mas
1179 1889 1387 1960 dedit:
1424 1911 1461 1957 «
1488 1895 1657 1971 Heu,
1699 1890 1856 1971 heu,
1898 1903 2085 1980 pater
2114 1902 2358 1969 amate,
2392 1890 2548 1971 heu,
2592 1888 2825 1959 doctor
2854 1891 3153 1980 egregie,

579 2001 748 2077 ‘cur
782 1999 888 2047 me
966 2000 1002 2047 e
1040 1978 1244 2047 domo
1279 1979 1490 2067 patris
1522 1978 1873 2059 eductum,
1914 1979 1980 2046 in
2019 1978 2127 2047 his
2161 1977 2483 2068 periculis
2522 1979 2719 2065 quasi
2760 1979 3154 2067 orphanum

624 2066 974 2146 dimisisti,
1012 2078 1078 2135 et
1105 2066 1590 2135 confidentiam
1642 2088 1891 2148 meam,
1935 2088 2067 2153 qua
2117 2066 2200 2135 de
2237 2068 2370 2135 tuis
2416 2066 2722 2136 consiliis
2771 2067 3154 2158 plurimum

626 2154 1179 2245 praesumebam,
1238 2155 1608 2224 immatura
1657 2168 1871 2224 morte
1928 2155 2230 2245 rupisti?
2276 2155 2420 2224 Tibi
2469 2154 2745 2242 quidem
2799 2156 2870 2224 in
2919 2177 3155 2245 perce-

623 2244 926 2332 ptionem
981 2243 1290 2333 praemii,
1329 2243 1507 2330 quod
1555 2256 1689 2312 tam
1741 2243 2057 2313 ardenter
2103 2242 2564 2323 desiderabam,
2604 2242 2767 2312 haec
2804 2256 2919 2313 tua
2969 2266 3152 2313 mors

623 2343 724 2400 est
776 2331 1175 2400 fructuosa:
1232 2331 1430 2401 nobis
1480 2345 1705 2401 autem
1770 2332 1837 2400 in
1892 2344 1984 2400 tot
2032 2331 2487 2400 mundialium
2558 2333 3154 2420 perturbationum

626 2420 965 2510 processis
1001 2419 1494 2501 laborantibuS,
1532 2420 2003 2511 multipliciter
2031 2432 2131 2491 est
2166 2419 2500 2489 luctuosa.
2541 2419 2663 2489 Sed
2706 2421 2826 2507 qui
2873 2419 2956 2489 de
2984 2422 3156 2489 vitae

625 2508 1001 2598 corporalis
1036 2510 1530 2600 interruptione
1570 2510 1906 2590 dolemus,
1960 2511 2043 2578 de
2091 2509 2362 2579 animae
2400 2509 2808 2579 immortalis
2847 2509 3155 2580 libertate

619 2598 916 2688 gaudere
962 2596 1314 2677 debemus,
1369 2600 1532 2667 certi
1578 2599 1740 2685 quia
1780 2597 2205 2667 orationibus
2255 2619 2386 2667 non
2438 2597 2713 2668 desinas
2762 2597 3089 2686 adjuvare
3123 2652 3145 2677 ,

624 2707 796 2773 quos
829 2685 1115 2756 consilio
1153 2698 1216 2754 et
1245 2686 1574 2774 exemplis
1609 2688 1927 2756 roborare
1959 2707 2432 2757 consueveras.
2455 2709 2490 2752 »
2530 2690 2715 2756 Inter
2752 2686 2920 2755 haec
2946 2688 3151 2757 verba

672 2774 975 2875 resbyter
1006 2796 1190 2852 eum,
1236 2788 1312 2844 ut
1359 2787 1690 2864 surgeret,
1747 2775 2034 2855 monuit,
2087 2788 2152 2845 et
2199 2796 2322 2864 pro
2372 2775 2606 2861 requie
2654 2774 2956 2844 defuncti
3002 2797 3153 2844 am·

621 2797 938 2933 bitiosius
989 2866 1352 2933 Dominum
1406 2875 1819 2952 precaretur.
1874 2867 2307 2933 Intraverunt
2353 2863 2579 2949 itaque
2627 2861 3031 2943 ecclesiam,
3090 2875 3153 2932 et

621 2952 999 3052 Episcopus
1052 2973 1171 3041 pro
1219 2951 1576 3021 carissimo
1623 2950 1957 3021 salutares
2006 2951 2263 3020 hostias
2311 2951 2691 3020 immolavit
2738 2952 2987 3021 amico.
3044 2953 3152 3020 Fi-

624 3053 766 3110 nito
801 3055 1027 3110 autem
1079 3040 1416 3109 fraternae
1463 3039 2135 3110 commemorationis
2180 3039 2542 3126 obsequio,
2586 3040 2963 3130 respiciens
3003 3052 3152 3130 post

624 3141 918 3219 tergum,
973 3129 1138 3197 vidit
1188 3128 1463 3208 fossam,
1520 3129 1586 3197 in
1638 3149 1774 3213 qua
1822 3139 2134 3198 sanctum
2186 3150 2301 3198 cor
2353 3151 2436 3197 us
2469 3127 2755 3197 humare
2804 3128 3140 3199 volebant.

619 3221 1041 3306 Acceptaque
1091 3221 1323 3297 cruce,
1377 3229 1441 3285 et
1488 3217 1597 3286 his
1644 3238 1820 3303 quae
1869 3217 2172 3304 exequiis
2219 3238 2294 3285 ex
2328 3216 2670 3298 libentur,
2730 3217 3150 3286 intraverunt

622 3304 932 3384 domum,
985 3304 1283 3374 volentes
1333 3305 1732 3374 thesaurum
1785 3306 2060 3396 pretiosi
2109 3305 2413 3394 corporis
2461 3304 2541 3373 ad
2590 3304 2813 3374 locum
2847 3305 3149 3395 sepulcri

621 3391 980 3462 deducere.
1033 3397 1337 3479 Cumque
1384 3415 1613 3462 arcam
1642 3448 1657 3474 ‚
1712 3415 1845 3480 qua
1895 3392 2343 3463 claudebatur
2389 3393 2677 3462 cadaver
2724 3393 2967 3464 feretro
3022 3394 3150 3462 im-

621 3481 946 3570 positum,
1003 3480 1085 3549 ad
1138 3479 1386 3551 fossam
1437 3482 1831 3572 sepulturae
1879 3494 2291 3552 conarentur
2322 3481 2604 3562 deferre,
2643 3482 2853 3551 nullis
2889 3483 3147 3554 viribus

618 3590 913 3655 usquam
966 3570 1183 3658 potuit
1219 3570 1653 3639 commoveri.
1709 3569 1899 3653 Quod
1955 3570 2107 3639 novi
2157 3591 2375 3661 genus
2426 3569 2745 3640 miraculi
2793 3571 2957 3639 dum
2998 3593 3150 3640 mu-

621 3657 758 3727 tuis
809 3657 1122 3727 mirando
1170 3657 1532 3744 colloquiis
1582 3670 2066 3738 retractarent,
2127 3659 2435 3729 Joannes
2500 3658 2878 3748 Episcopus
2926 3658 3140 3729 dixit:

620 3768 654 3812 «
693 3750 769 3815 In
822 3747 1095 3816 veritate
1141 3768 1478 3836 cognosco
1526 3747 1703 3817 hanc
1752 3747 2050 3836 sepulcri
2099 3747 2328 3816 sedem
2384 3747 2557 3836 patri
2594 3768 2743 3817 meo
2777 3745 2967 3816 Gallo
3012 3769 3146 3818 non

617 3835 906 3924 placere.
943 3858 978 3901 »
1027 3841 1105 3904 Et
1141 3835 1351 3925 jussit
1401 3835 1817 3924 presbytero,
1861 3849 1936 3904 ut
1983 3835 2158 3904 duos
2204 3856 2415 3922 equos
2474 3835 2804 3905 inveniret
2854 3836 3147 3905 indomi-

617 3935 740 4004 toS‚
794 3936 857 3993 et
895 3922 1139 3994 faceret
1176 3922 1538 3993 introduci.
1594 3924 1786 4008 Quod
1835 3944 1992 3993 cum
2034 3922 2287 3993 factum
2330 3937 2527 4003 esset,
2589 3937 2974 3994 straverunt
3029 3946 3144 3994 eos

615 4034 772 4082 cum
811 4034 1060 4103 magno
1093 4011 1345 4092 labore,
1401 4026 1465 4081 et
1511 4012 1597 4081 ad
1649 4011 1901 4093 locum,
1954 4013 2074 4083 ubi
2123 4034 2374 4102 corpus
2424 4013 2706 4100 jacebat,
2748 4012 3141 4092 duxerunt;

669 4191 693 4216 ¹¹¹
726 4189 1023 4249 coenobium.
1053 4192 1176 4241 quod
1206 4202 1232 4231 a
1260 4192 1303 4231 S.
1336 4192 1470 4232 Gallo
1499 4192 1791 4232 aedificatum
1813 4192 1980 4236 ruerat,
1998 4201 2249 4242 progressu
2273 4195 2538 4242 temporum
2557 4193 2803 4232 maximam
2824 4192 3146 4234 celebritatem

613 4243 832 4284 obtinuit.
868 4244 938 4284 Ibt
971 4245 1093 4285 enlm
1131 4246 1311 4285 Monac!
1345 4247 1544 4286 floruere
1584 4248 1632 4286 in
1667 4244 1876 4295 qualibet
1917 4243 2113 4285 scientia
2135 4243 2418 4290 doctissimi;
2453 4257 2537 4286 nec
2567 4244 2755 4285 defuere
2784 4246 2864 4294 qui
2896 4247 3147 4287 sanctitate

613 4295 782 4338 eximia
807 4297 1200 4345 splendescerent.
1230 4298 1352 4339 Urbe
1367 4303 1525 4339 tutem
1544 4300 1764 4349 Sangam.
1783 4299 2007 4349 originem
2028 4299 2162 4339 duxit
2183 4310 2210 4339 ι
2228 4302 2447 4351 tuguriis,
2464 4299 2865 4347 domunculteque.
2884 4308 3007 4347 quae
3026 4299 3148 4348 egri·

612 4351 740 4391 colae
772 4355 1146 4400 mercatoresque
1179 4349 1268 4390 sibl
1301 4351 1424 4392 circa
1458 4350 1796 4394 monesterium
1826 4355 2034 4392 statuere
2068 4352 2177 4403 (vid.
2197 4354 2422 4394 l'Hi'etotre
2446 4355 2501 4393 clu
2519 4353 2679 4392 Gauron
2699 4353 2750 4392 de
2768 4353 2808 4391 S.
2829 4353 2929 4392 Gall
2951 4352 3010 4393 ab
3027 4353 3147 4395 nde—

611 4404 795 4453 pheneo
815 4405 950 4444 d'Arx
973 4402 1319 4454 conscriptam).
