3347 4999
704 279 819 342 iti
1250 285 1259 294 ’
1476 296 1658 343 neos.
1712 294 2055 344 rnmctsco
2103 294 2289 344 conr.
2547 261 2552 268 ’
2892 279 3073 345 OCT.
3137 283 3178 346 4

607 400 729 478 per
776 381 1005 469 ipsum
1041 435 1055 458 ,
1108 392 1171 448 et
1220 380 1533 448 virtutem
1587 380 1738 467 ejus
1803 381 1870 448 in
1927 381 2190 470 meipso
2244 394 2564 470 expertus
2629 383 2929 471 agnovi,
2988 383 3182 453 vitae

609 467 801 536 illius
842 468 1147 548 virtuteS,
1192 481 1386 537 actus
1434 482 1498 537 et
1548 468 1774 549 verba,
1828 470 2026 556 quasi
2078 469 2458 560 fragmenta
2510 470 2848 557 quaedam
2906 472 3172 561 partim

610 557 939 647 neglecta,
996 556 1383 646 partimque
1423 557 1761 646 dispersa,
1814 579 2238 645 quamquam
2282 559 2482 648 plene
2532 580 2665 628 non
2714 581 3013 650 possem,
3063 573 3181 628 ut-

610 668 911 733 cumque
957 645 1374 736 colligerem,
1433 668 1515 714 ne
1560 646 2013 716 morientibus
2064 648 2170 717 iis.
2209 648 2324 734 qni
2378 670 2534 718 cum
2583 652 2786 722 Servo
2840 649 2953 717 Dei
3006 671 3182 719 con-

611 735 938 814 vixerant,
1018 734 1430 824 deperirent.
1489 740 1567 804 Ut
1618 734 1827 824 igitur
1888 736 2060 804 vitae
2129 737 2348 824 ipsius
2406 736 2652 806 veritas
2709 737 2794 805 ad
2853 751 3183 826 posteros

611 823 1136 892 transmittenda
1169 879 1183 904 ,
1238 824 1491 893 certius
1543 824 1712 892 mihi
1762 837 2105 894 constaret
2152 837 2216 894 et
2263 824 2521 894 clarius
2555 880 2569 904 ,
2625 825 2865 895 adiens
2929 825 3172 910 locum

610 912 921 1001 originis,
961 913 1499 982 conversationis
1538 925 1602 980 et
1636 913 1966 982 transitus
2003 914 2138 981 Viri
2190 914 2434 994 sancti,
2475 935 2644 998 ‚cum
2691 914 3174 986 familiaribus

609 1001 758 1090 ejus
807 1001 1035 1070 adhuc
1085 1001 1684 1090 superviventibus
1723 1000 2154 1071 collationem
2206 1001 2290 1069 de
2339 1003 2424 1072 iis
2462 1003 2671 1072 habui
2723 1003 3175 1092 diligentem,

608 1105 673 1159 et
722 1091 1017 1159 maxime
1065 1112 1223 1159 cum
1276 1089 1722 1180 quibusdam,
1768 1090 1887 1176 qui
1937 1091 2318 1160 sanctitatis
2375 1093 2525 1181 ejus
2573 1105 2637 1159 et
2685 1092 2945 1161 conscii
3016 1092 3178 1162 sue-

608 1191 793 1259 runt,
849 1193 914 1248 et
963 1191 1326 1250 sectatores
1378 1179 1602 1267 praeci
1658 1178 1754 1257 ui,
1807 1179 2062 1265 quibus
2115 1192 2388 1280 propter
2436 1180 2738 1271 agnitam
2781 1182 3174 1260 veritatem,

609 1268 1108 1357 probatamque
1151 1268 1492 1346 virtutem,
1539 1266 1584 1335 fi
1638 1289 1711 1335 es
1740 1282 1841 1336 est
1875 1267 2428 1339 indubitabiliter
2475 1268 2895 1338 adhibenda.

700 1364 736 1438 ἓ
779 1362 863 1428 4.
910 1363 984 1425 In
1037 1355 1497 1444 descriptione
1545 1369 1774 1425 autem
1848 1378 2084 1425 eorum
2127 1412 2141 1436 ,
2195 1380 2373 1444 quae
2424 1380 2543 1447 per
2614 1362 2892 1427 Servum
2948 1381 3172 1427 suum

610 1449 787 1514 Deus
827 1444 1193 1534 dignanter
1240 1444 1483 1525 effecit,
1523 1446 1874 1525 curiosum
1901 1445 2060 1534 styli
2102 1461 2421 1516 ornatum
2469 1446 2960 1538 negligendum
3021 1470 3182 1516 esse

606 1534 867 1689 putavi,
924 1555 1081 1601 cum
1135 1532 1423 1623 legentis
1471 1533 1738 1602 devotio
1781 1533 1939 1622 plus
1989 1535 2292 1625 simplici
2342 1557 2682 1619 sermone,
2730 1558 2940 1622 quam
3001 1536 3180 1624 pba-

635 1635 841 1701 erat0,
898 1621 1233 1711 proficiat.
1279 1628 1411 1692 Nec
1445 1643 1716 1711 semper
1765 1622 2121 1693 historiam
2175 1624 2557 1694 secundum
2611 1624 2922 1694 ordinem
2997 1640 3181 1693 tem·

609 1711 794 1799 poris
835 1712 1016 1781 texui
1069 1725 1344 1800 propter
1403 1710 1877 1781 confusionem
1926 1712 2321 1781 vitandam:
2377 1712 2493 1782 sed
2567 1713 2795 1802 potius
2844 1713 3178 1782 ordinem

606 1821 873 1868 servare
924 1799 1160 1869 studui
1213 1821 1317 1867 ma
1376 1800 1432 1870 is
1482 1814 1680 1888 aptae
1740 1802 2155 1888 Juncturae,
2221 1800 2603 1871 secundum
2671 1802 2850 1889 quod
2918 1803 3177 1872 eodem

610 1901 877 1972 peracta
933 1903 1257 1977 tempore,
1370 1889 1606 1958 iversis
1659 1891 1985 1969 materiis,
2043 1890 2140 1958 vel
2193 1889 2481 1959 diversis
2532 1903 2793 1978 patrata
2840 1894 3182 1981 tempori·

604 1977 761 2059 bus,
800 1977 1019 2046 eidem
1062 1978 1383 2046 materiae
1432 1999 1813 2067 congruere
1865 1978 2294 2048 videbantur.
2351 1977 2630 2048 Initium
2693 1993 2920 2049 autem
2993 1982 3181 2049 vitae.

606 2067 850 2154 ipsius,
909 2087 1314 2155 progressus
1342 2079 1407 2134 et
1455 2068 1986 2149 consummatio,
2041 2067 2435 2155 quindecim
2482 2067 2802 2137 distincta
2837 2068 3184 2158 capitulis

606 2155 1121 2234 describuntur,
1179 2154 1466 2224 inferius
1513 2154 1941 2224 adnotatiS...

1550 2389 1785 2454 VITAE
1836 2390 2224 2456 HISTORIA

895 2535 979 2597 De
1025 2533 1517 2599 conversatione
1544 2534 1610 2600 S.
1661 2533 2008 2599 Francisct’
2053 2533 2120 2599 in
2169 2532 2402 2599 habitu
2435 2534 2754 2599 seculari.
2809 2533 2840 2565 ⁴¹

693 2692 727 2776 ἓ
770 2695 842 2759 1.
900 2689 1012 2758 Vir
1043 2689 1287 2758 eratin
1338 2690 1608 2759 civitate
1647 2691 1908 2769 Assisii,
1969 2690 2376 2760 Franciscus
2421 2691 2527 2779 (α)
2578 2692 2892 2772 nomine,
2950 2696 3181 2783 quus

604 2778 931 2848 memoria
985 2778 1051 2846 in
1105 2778 1579 2848 benedictione
1626 2790 1750 2858 est,
1810 2801 1929 2869 pro
1979 2802 2057 2848 eo
2106 2779 2285 2866 quod
2327 2784 2503 2848 Deus
2556 2781 2782 2870 ipsum
2824 2782 2890 2849 in
2948 2782 3178 2850 bene-

602 2867 1025 2937 dictionibus
1072 2866 1462 2937 dulcedinis
1500 2867 1792 2956 benigne
1833 2870 2300 2957 praevenienS,
2339 2882 2403 2937 et
2434 2868 2519 2936 de
2570 2871 2952 2957 praesentis
2984 2871 3177 2940 vitae

601 2955 929 3057 periculis
976 2955 1347 3026 clementer
1408 2957 1703 3044 eripuit,
1756 2971 1820 3025 et
1866 2955 2176 3026 coelestis
2278 2957 2484 3026 ratiae
2534 2957 2734 3028 donis
2792 2958 3174 3030 affluenter

603 3044 935 3135 implevit.
990 3045 1248 3114 Etenim
1300 3067 1459 3114 cum
1503 3046 1679 3113 inter
1723 3067 1929 3118 vanos
1978 3044 2184 3115 fuerit
2255 3046 2594 3115 lominum
2630 3045 2809 3117 filios
2852 3048 3163 3133 juvenili

601 3146 816 3204 aetate
867 3135 1165 3203 nutritus
1217 3134 1282 3203 in
1336 3134 1570 3213 vanis,
1616 3147 1681 3203 et
1732 3147 1879 3222 post
1927 3134 2297 3222 aliqualem
2357 3134 2735 3204 litterarum
2808 3137 3160 3213 notitiam,

601 3222 955 3292 lucrativis
1008 3224 1498 3292 mercationum
1553 3222 1924 3312 deputatus
1967 3223 2296 3313 negotiiS,
2369 3245 2670 3312 superno
2735 3235 2960 3293 tamen
3016 3227 3160 3294 sibi

601 3312 960 3380 assistente
1010 3312 1374 3400 praesidio,
1432 3334 1551 3381 nec
1604 3313 1780 3381 inter
1833 3313 2122 3382 lascivos
2163 3313 2476 3401 juveneS,
2534 3314 2854 3406 quamvis
2887 3314 3168 3385 effusus

601 3399 685 3467 ad
740 3399 1019 3487 gaudia,
1075 3412 1227 3489 post
1274 3401 1501 3469 carnis
1540 3400 1985 3489 petulantiam
2025 3401 2216 3479 abiit,
2260 3422 2380 3469 nec
2418 3402 2593 3469 inter
2624 3402 2917 3492 cupidos
2971 3425 3166 3472 mer-

599 3501 884 3566 catores,
937 3508 1359 3575 quamquam
1411 3490 1713 3558 intentus
1771 3489 1856 3558 ad
1911 3489 2179 3559 lucrum
2211 3544 2225 3569 ,
2273 3491 2570 3579 speravit
2620 3490 2688 3558 in
2745 3491 3040 3578 pecunia
3094 3506 3166 3560 et

600 3576 963 3647 thesauris.
1008 3580 1231 3645 Inerat
1265 3598 1561 3663 namque
1598 3579 1878 3667 juvenis
1931 3578 2270 3647 Francisci
2327 3578 2749 3668 praecordiis
2809 3579 3164 3650 divinitus

598 3665 811 3734 indita
860 3665 1196 3752 quaedam
1241 3668 1325 3734 ad
1358 3688 1715 3755 pauperes
1768 3668 2110 3736 miseratio
2161 3665 2490 3746 liberaliS,
2532 3690 2708 3755 quae
2757 3691 2991 3738 secum
3058 3670 3158 3738 ab

596 3754 883 3822 infantia
946 3776 1307 3834 crescenS,
1367 3768 1549 3824 tanta
1633 3778 1750 3825 cor
1816 3756 2033 3844 ipsius
2095 3756 2510 3845 benignitate
2577 3757 2991 3847 repleverat,
3071 3772 3156 3829 ut

585 3845 731 3932 jam
786 3842 1131 3937 Evangelii
1198 3865 1328 3912 non
1383 3844 1639 3914 surdus
1687 3844 1994 3923 auditor,
2064 3844 2253 3912 omni
2307 3858 2714 3934 proponeret
2761 3868 2833 3915 se
2883 3849 3158 3936 petenti

645 4042 670 4067 ¹⁸
700 4041 995 4090 Propositum
1016 4052 1043 4080 a
1062 4042 1226 4081 sancto
1246 4043 1435 4081 auctore
1454 4042 1664 4091 capitum
1685 4038 1963 4080 divisionem
1986 4041 2195 4080 iudicant
2212 4042 2359 4086 tituli.
2376 4038 2548 4090 singuli
2575 4046 2627 4081 ut
2650 4040 2695 4081 in
2715 4043 2990 4082 authentico
3013 4044 3164 4082 textu

592 4096 829 4144 leguntur.
856 4096 948 4134 alio
978 4095 1248 4134 charactere
1271 4092 1694 4143 inscript120apits
1725 4103 1852 4139 vero,
1881 4095 2017 4143 juxta
2046 4095 2408 4135 commodiorem
2439 4097 2646 4135 nostram
2673 4096 2963 4139 methodum.
3003 4106 3094 4144 per
3117 4097 3168 4147 ἐξ

593 4149 1033 4250 Βῃῖιὶιῗίἶῐίιῗῖἶέῃῗᾷιήί
1066 4199 1156 4240 viri
1187 4202 1507 4250 progenitores
1544 4202 1740 4241 fuerunt
1774 4202 1939 4240 Petrus
1971 4202 2272 4247 Rerum-dont.
2295 4203 2428 4242 dives
2451 4211 2714 4251 pannorum
2737 4206 2985 4243 mercator.
3009 4207 3060 4240 et
3084 4203 3170 4242 do·

590 4256 723 4294 mina
749 4256 871 4299 Pica,
900 4255 1075 4294 semina
1105 4255 1451 4299 honestissima,
1479 4255 1614 4294 ambo
1644 4252 1768 4294 iuter
1795 4252 2050 4294 Asstsintes
2081 4254 2335 4305 praecipui.
2365 4257 2512 4295 Jussn
2549 4255 2728 4300 matris,
2759 4266 2929 4295 nomen
2977 4256 3076 4294 fuit
3121 4260 3172 4296 ei

589 4309 876 4356 impositum,
904 4310 953 4348 in
983 4309 1038 4347 bn
1076 4306 1233 4353 tiemo,
1258 4306 1467 4350 anaunia.
1496 4309 1579 4347 sed
1608 4317 1637 4347 a
1666 4310 1814 4356 patre.
1844 4312 1954 4347 tunc
1976 4309 2023 4347 in
2044 4304 2226 4349 Italiam
2250 4320 2274 4348 e
2295 4310 2496 4349 Francia
2520 4310 2759 4353 redeunte.
2780 4311 2829 4349 in
2851 4309 3176 4350 Franciscum

589 4359 682 4400 fuit
710 4364 961 4405 mutatum.
985 4372 1040 4400 ve
1089 4371 1142 4401 ex
1174 4362 1342 4409 gallico
1373 4363 1556 4409 affectu,
1583 4371 1725 4410 quern
1763 4364 1900 4409 pater
1935 4359 2034 4411 ipse
2064 4362 2294 4408 habuerit,
2333 4365 2408 4404 vel
2448 4361 2558 4413 quia
2589 4363 2714 4403 filius
2739 4361 2957 4413 gallicum
2981 4363 3178 4405 idioma

589 4416 806 4465 prompte
824 4416 1134 4465 expediteque
1154 4412 1320 4457 deinde
1340 4415 1572 4455 didicerit,
