<?xml version="1.0" encoding="UTF-8"?>
<!DOCTYPE html PUBLIC "-//W3C//DTD XHTML 1.0 Transitional//EN"
    "http://www.w3.org/TR/xhtml1/DTD/xhtml1-transitional.dtd">
<html xmlns="http://www.w3.org/1999/xhtml" xml:lang="en" lang="en">
 <head>
  <title>
</title>
<meta http-equiv="Content-Type" content="text/html;charset=utf-8" />
  <meta name='ocr-system' content='tesseract 3.04.00' />
  <meta name='ocr-capabilities' content='ocr_page ocr_carea ocr_par ocr_line ocrx_word'/>
</head>
<body>
  <div class='ocr_page' id='page_1' title='image "./historiaeseuvit03lippgoog_0822.png"; bbox 0 0 3347 4999; ppageno 0'>
   <div class='ocr_carea' id='block_1_1' title="bbox 734 308 3222 373">
    <p class='ocr_par' dir='ltr' id='par_1_1' title="bbox 734 308 3222 373">
     <span class='ocr_line' id='line_1_1' title="bbox 734 308 3222 373; baseline -0 -1"><span class='ocrx_word' id='word_1_1' title='bbox 734 309 859 373; x_wconf 72' lang='lat'><strong>684</strong></span> <span class='ocrx_word' id='word_1_2' title='bbox 1264 327 1344 372; x_wconf 73' lang='lat' dir='ltr'><strong>nn</strong></span> <span class='ocrx_word' id='word_1_3' title='bbox 1394 327 1449 372; x_wconf 87' lang='lat' dir='ltr'><strong>s.</strong></span> <span class='ocrx_word' id='word_1_4' title='bbox 1503 327 1750 372; x_wconf 54' lang='lat' dir='ltr'><strong>Auernis</strong></span> <span class='ocrx_word' id='word_1_5' title='bbox 1801 327 1986 372; x_wconf 63' lang='lat' dir='ltr'><strong>mar.</strong></span> <span class='ocrx_word' id='word_1_6' title='bbox 2043 326 2117 371; x_wconf 72' lang='lat' dir='ltr'><strong>Er</strong></span> <span class='ocrx_word' id='word_1_7' title='bbox 2165 324 2362 372; x_wconf 74' lang='lat' dir='ltr'><strong>sonus</strong></span> <span class='ocrx_word' id='word_1_8' title='bbox 2412 325 2560 371; x_wconf 67' lang='lat' dir='ltr'><strong>esus</strong></span> <span class='ocrx_word' id='word_1_9' title='bbox 2888 308 3086 371; x_wconf 71' lang='lat' dir='ltr'><strong>OCT.</strong></span> <span class='ocrx_word' id='word_1_10' title='bbox 3143 308 3222 371; x_wconf 60' lang='lat'><strong>24</strong></span> 
     </span>
    </p>
   </div>
   <div class='ocr_carea' id='block_1_2' title="bbox 637 408 3288 4495">
    <p class='ocr_par' dir='ltr' id='par_1_2' title="bbox 641 408 3288 855">
     <span class='ocr_line' id='line_1_2' title="bbox 647 408 3288 488; baseline -0.001 -9"><span class='ocrx_word' id='word_1_11' title='bbox 647 409 1130 480; x_wconf 87' lang='lat' dir='ltr'><strong>tabernaculis.</strong></span> <span class='ocrx_word' id='word_1_12' title='bbox 1171 434 1207 477; x_wconf 84' lang='lat'>»</span> <span class='ocrx_word' id='word_1_13' title='bbox 1257 415 1423 479; x_wconf 77' lang='lat' dir='ltr'><strong>Cum</strong></span> <span class='ocrx_word' id='word_1_14' title='bbox 1476 416 1609 479; x_wconf 79' lang='lat' dir='ltr'><strong>Rex</strong></span> <span class='ocrx_word' id='word_1_15' title='bbox 1663 410 1828 479; x_wconf 86' lang='lat' dir='ltr'><strong>haec</strong></span> <span class='ocrx_word' id='word_1_16' title='bbox 1875 410 2229 486; x_wconf 83' lang='lat' dir='ltr'><strong>audiisset,</strong></span> <span class='ocrx_word' id='word_1_17' title='bbox 2287 409 2384 477; x_wconf 78' lang='lat' dir='ltr'><strong>ira</strong></span> <span class='ocrx_word' id='word_1_18' title='bbox 2431 408 2636 478; x_wconf 90' lang='lat' dir='ltr'><strong>corde</strong></span> <span class='ocrx_word' id='word_1_19' title='bbox 2664 431 3059 488; x_wconf 49' lang='lat' dir='ltr'><strong>accensu&amp;</strong></span> <span class='ocrx_word' id='word_1_20' title='bbox 3103 408 3220 477; x_wconf 84' lang='lat' dir='ltr'><strong>ad·</strong></span> <span class='ocrx_word' id='word_1_21' title='bbox 3287 449 3288 460; x_wconf 29' lang='grc' dir='ltr'><strong>κ</strong></span> 
     </span>
     <span class='ocr_line' id='line_1_3' title="bbox 644 496 3222 588; baseline -0.002 -18"><span class='ocrx_word' id='word_1_22' title='bbox 644 499 868 588; x_wconf 80' lang='lat' dir='ltr'><strong>spexit</strong></span> <span class='ocrx_word' id='word_1_23' title='bbox 913 498 999 567; x_wconf 92' lang='lat' dir='ltr'><strong>ad</strong></span> <span class='ocrx_word' id='word_1_24' title='bbox 1049 520 1165 568; x_wconf 88' lang='lat' dir='ltr'><strong>eos</strong></span> <span class='ocrx_word' id='word_1_25' title='bbox 1209 499 1329 585; x_wconf 85' lang='lat' dir='ltr'><strong>qui</strong></span> <span class='ocrx_word' id='word_1_26' title='bbox 1379 498 1687 577; x_wconf 89' lang='lat' dir='ltr'><strong>aderant,</strong></span> <span class='ocrx_word' id='word_1_27' title='bbox 1740 513 1992 567; x_wconf 90' lang='lat' dir='ltr'><strong>etcum</strong></span> <span class='ocrx_word' id='word_1_28' title='bbox 2030 497 2347 566; x_wconf 77' lang='lat' dir='ltr'><strong>dixisset:</strong></span> <span class='ocrx_word' id='word_1_29' title='bbox 2403 520 2437 562; x_wconf 87' lang='lat'>«</span> <span class='ocrx_word' id='word_1_30' title='bbox 2475 503 2693 580; x_wconf 85' lang='lat' dir='ltr'><strong>Quam</strong></span> <span class='ocrx_word' id='word_1_31' title='bbox 2749 496 3222 585; x_wconf 83' lang='lat' dir='ltr'><strong>impudenter</strong></span> 
     </span>
     <span class='ocr_line' id='line_1_4' title="bbox 643 585 3288 677; baseline -0 -22"><span class='ocrx_word' id='word_1_32' title='bbox 643 587 713 656; x_wconf 94' lang='lat' dir='ltr'><strong>in</strong></span> <span class='ocrx_word' id='word_1_33' title='bbox 780 609 902 656; x_wconf 89' lang='lat' dir='ltr'><strong>nos</strong></span> <span class='ocrx_word' id='word_1_34' title='bbox 953 609 1026 656; x_wconf 87' lang='lat' dir='ltr'><strong>se</strong></span> <span class='ocrx_word' id='word_1_35' title='bbox 1078 587 1250 677; x_wconf 84' lang='lat' dir='ltr'><strong>gerit</strong></span> <span class='ocrx_word' id='word_1_36' title='bbox 1312 588 1476 657; x_wconf 88' lang='lat' dir='ltr'><strong>haec</strong></span> <span class='ocrx_word' id='word_1_37' title='bbox 1523 586 1902 657; x_wconf 83' lang='lat' dir='ltr'><strong>execranda</strong></span> <span class='ocrx_word' id='word_1_38' title='bbox 1958 585 2406 666; x_wconf 87' lang='lat' dir='ltr'><strong>muliercula;</strong></span> <span class='ocrx_word' id='word_1_39' title='bbox 2447 610 2482 652; x_wconf 86' lang='lat'><strong>»</strong></span> <span class='ocrx_word' id='word_1_40' title='bbox 2523 585 2723 674; x_wconf 74' lang='lat' dir='ltr'><strong>Jubet</strong></span> <span class='ocrx_word' id='word_1_41' title='bbox 2772 586 2947 672; x_wconf 86' lang='lat' dir='ltr'><strong>ejus</strong></span> <span class='ocrx_word' id='word_1_42' title='bbox 2998 587 3218 675; x_wconf 80' lang='lat' dir='ltr'><strong>capiti</strong></span> <span class='ocrx_word' id='word_1_43' title='bbox 3287 615 3288 642; x_wconf 67' lang='lat'><em>2</em></span> 
     </span>
     <span class='ocr_line' id='line_1_5' title="bbox 641 673 3288 766; baseline -0.001 -21"><span class='ocrx_word' id='word_1_44' title='bbox 641 675 893 745; x_wconf 79' lang='lat' dir='ltr'><strong>auferri</strong></span> <span class='ocrx_word' id='word_1_45' title='bbox 938 688 1437 765; x_wconf 85' lang='lat' dir='ltr'><strong>tegumentum,</strong></span> <span class='ocrx_word' id='word_1_46' title='bbox 1480 692 1545 744; x_wconf 92' lang='lat' dir='ltr'><strong>et</strong></span> <span class='ocrx_word' id='word_1_47' title='bbox 1593 677 1744 764; x_wconf 82' lang='lat' dir='ltr'><strong>ejus</strong></span> <span class='ocrx_word' id='word_1_48' title='bbox 1786 675 2128 744; x_wconf 81' lang='lat' dir='ltr'><strong>filiarum:</strong></span> <span class='ocrx_word' id='word_1_49' title='bbox 2182 689 2247 743; x_wconf 88' lang='lat' dir='ltr'><strong>et</strong></span> <span class='ocrx_word' id='word_1_50' title='bbox 2295 675 2394 743; x_wconf 90' lang='lat' dir='ltr'><strong>sic</strong></span> <span class='ocrx_word' id='word_1_51' title='bbox 2433 697 2550 744; x_wconf 89' lang='lat' dir='ltr'><strong>eas</strong></span> <span class='ocrx_word' id='word_1_52' title='bbox 2600 673 2792 743; x_wconf 92' lang='lat' dir='ltr'><strong>nudo</strong></span> <span class='ocrx_word' id='word_1_53' title='bbox 2824 675 3102 763; x_wconf 83' lang='lat' dir='ltr'><strong>capite,</strong></span> <span class='ocrx_word' id='word_1_54' title='bbox 3158 691 3216 743; x_wconf 80' lang='lat' dir='ltr'><strong>et</strong></span> <span class='ocrx_word' id='word_1_55' title='bbox 3287 761 3288 766; x_wconf 5' lang='grc' dir='ltr'>ἵ</span> 
     </span>
     <span class='ocr_line' id='line_1_6' title="bbox 646 764 2488 855; baseline -0.002 -21"><span class='ocrx_word' id='word_1_56' title='bbox 646 765 985 855; x_wconf 78' lang='lat' dir='ltr'><strong>promissa</strong></span> <span class='ocrx_word' id='word_1_57' title='bbox 1016 767 1239 840; x_wconf 71' lang='lat' dir='ltr'><strong>coma,</strong></span> <span class='ocrx_word' id='word_1_58' title='bbox 1287 764 1352 833; x_wconf 87' lang='lat' dir='ltr'><strong>in</strong></span> <span class='ocrx_word' id='word_1_59' title='bbox 1389 778 1611 834; x_wconf 89' lang='lat' dir='ltr'><strong>castra</strong></span> <span class='ocrx_word' id='word_1_60' title='bbox 1645 764 1808 834; x_wconf 88' lang='lat' dir='ltr'><strong>duci</strong></span> <span class='ocrx_word' id='word_1_61' title='bbox 1847 787 1965 853; x_wconf 92' lang='lat' dir='ltr'><strong>per</strong></span> <span class='ocrx_word' id='word_1_62' title='bbox 2005 764 2488 852; x_wconf 78' lang='lat' dir='ltr'><strong>ignominiam.</strong></span> 
     </span>
    </p>

    <p class='ocr_par' dir='ltr' id='par_1_3' title="bbox 637 850 3288 4495">
     <span class='ocr_line' id='line_1_7' title="bbox 727 850 3288 944; baseline -0.002 -17"><span class='ocrx_word' id='word_1_63' title='bbox 727 855 765 940; x_wconf 68' lang='grc' dir='ltr'>ξ</span> <span class='ocrx_word' id='word_1_64' title='bbox 811 858 952 927; x_wconf 76' lang='lat' dir='ltr'><strong>u.</strong></span> <span class='ocrx_word' id='word_1_65' title='bbox 1006 853 1377 944; x_wconf 80' lang='lat' dir='ltr'><strong>Egrediens</strong></span> <span class='ocrx_word' id='word_1_66' title='bbox 1421 875 1584 944; x_wconf 81' lang='lat' dir='ltr'><strong>ergo</strong></span> <span class='ocrx_word' id='word_1_67' title='bbox 1622 875 1952 943; x_wconf 82' lang='lat' dir='ltr'><strong>generosa</strong></span> <span class='ocrx_word' id='word_1_68' title='bbox 1996 851 2264 926; x_wconf 87' lang='lat' dir='ltr'><strong>mulier.</strong></span> <span class='ocrx_word' id='word_1_69' title='bbox 2303 874 2463 921; x_wconf 84' lang='lat' dir='ltr'><strong>cum</strong></span> <span class='ocrx_word' id='word_1_70' title='bbox 2519 850 2796 921; x_wconf 85' lang='lat' dir='ltr'><strong>vidisset</strong></span> <span class='ocrx_word' id='word_1_71' title='bbox 2860 874 3200 943; x_wconf 81' lang='lat' dir='ltr'><strong>magnam</strong></span> <span class='ocrx_word' id='word_1_72' title='bbox 3287 907 3288 940; x_wconf 51' lang='lat'>3</span> 
     </span>
     <span class='ocr_line' id='line_1_8' title="bbox 642 939 3288 1031; baseline 0.001 -22"><span class='ocrx_word' id='word_1_73' title='bbox 642 942 1056 1010; x_wconf 83' lang='lat' dir='ltr'><strong>feminarum</strong></span> <span class='ocrx_word' id='word_1_74' title='bbox 1115 941 1626 1012; x_wconf 81' lang='lat' dir='ltr'>multitudinem</span> <span class='ocrx_word' id='word_1_75' title='bbox 1685 942 1955 1011; x_wconf 86' lang='lat' dir='ltr'><strong>flentem</strong></span> <span class='ocrx_word' id='word_1_76' title='bbox 2004 955 2071 1009; x_wconf 90' lang='lat' dir='ltr'><strong>et</strong></span> <span class='ocrx_word' id='word_1_77' title='bbox 2107 941 2505 1031; x_wconf 88' lang='lat' dir='ltr'><strong>ejulantem,</strong></span> <span class='ocrx_word' id='word_1_78' title='bbox 2552 940 2737 1027; x_wconf 86' lang='lat' dir='ltr'><strong>quod</strong></span> <span class='ocrx_word' id='word_1_79' title='bbox 2788 939 2962 1010; x_wconf 87' lang='lat' dir='ltr'><strong>talis</strong></span> <span class='ocrx_word' id='word_1_80' title='bbox 3007 943 3202 1011; x_wconf 87' lang='lat' dir='ltr'><strong>nobi-</strong></span> <span class='ocrx_word' id='word_1_81' title='bbox 3287 943 3288 990; x_wconf 64' lang='grc' dir='ltr'>ἒ</span> 
     </span>
     <span class='ocr_line' id='line_1_9' title="bbox 644 1029 3288 1119; baseline -0 -20"><span class='ocrx_word' id='word_1_82' title='bbox 644 1031 797 1100; x_wconf 86' lang='lat' dir='ltr'><strong>litas</strong></span> <span class='ocrx_word' id='word_1_83' title='bbox 837 1029 1226 1101; x_wconf 86' lang='lat' dir='ltr'><strong>afficeretur</strong></span> <span class='ocrx_word' id='word_1_84' title='bbox 1255 1031 1696 1112; x_wconf 76' lang='lat' dir='ltr'><strong>contumelia,</strong></span> <span class='ocrx_word' id='word_1_85' title='bbox 1750 1030 1868 1100; x_wconf 86' lang='lat' dir='ltr'><strong>illa</strong></span> <span class='ocrx_word' id='word_1_86' title='bbox 1905 1052 2021 1098; x_wconf 90' lang='lat' dir='ltr'><strong>eas</strong></span> <span class='ocrx_word' id='word_1_87' title='bbox 2061 1051 2290 1099; x_wconf 85' lang='lat' dir='ltr'><strong>severe</strong></span> <span class='ocrx_word' id='word_1_88' title='bbox 2333 1043 2399 1098; x_wconf 94' lang='lat' dir='ltr'><strong>et</strong></span> <span class='ocrx_word' id='word_1_89' title='bbox 2449 1029 2821 1119; x_wconf 80' lang='lat' dir='ltr'><strong>magnifice</strong></span> <span class='ocrx_word' id='word_1_90' title='bbox 2857 1029 3196 1101; x_wconf 86' lang='lat' dir='ltr'><strong>intuens:</strong></span> <span class='ocrx_word' id='word_1_91' title='bbox 3287 1059 3288 1076; x_wconf 53' lang='lat'>¹</span> 
     </span>
     <span class='ocr_line' id='line_1_10' title="bbox 643 1117 3288 1209; baseline 0.002 -24"><span class='ocrx_word' id='word_1_92' title='bbox 643 1143 678 1185; x_wconf 85' lang='lat'>«</span> <span class='ocrx_word' id='word_1_93' title='bbox 714 1119 911 1199; x_wconf 92' lang='lat' dir='ltr'><strong>Scio,</strong></span> <span class='ocrx_word' id='word_1_94' title='bbox 980 1120 1247 1205; x_wconf 86' lang='lat' dir='ltr'><strong>inquit,</strong></span> <span class='ocrx_word' id='word_1_95' title='bbox 1309 1141 1351 1188; x_wconf 95' lang='lat' dir='ltr'><strong>o</strong></span> <span class='ocrx_word' id='word_1_96' title='bbox 1388 1120 1675 1200; x_wconf 78' lang='lat' dir='ltr'>amicae,</span> <span class='ocrx_word' id='word_1_97' title='bbox 1727 1118 1910 1207; x_wconf 91' lang='lat' dir='ltr'><strong>quod</strong></span> <span class='ocrx_word' id='word_1_98' title='bbox 1968 1133 2239 1208; x_wconf 87' lang='lat' dir='ltr'><strong>propter</strong></span> <span class='ocrx_word' id='word_1_99' title='bbox 2290 1140 2411 1187; x_wconf 90' lang='lat' dir='ltr'><strong>nos</strong></span> <span class='ocrx_word' id='word_1_100' title='bbox 2457 1117 2762 1188; x_wconf 89' lang='lat' dir='ltr'><strong>dolorem</strong></span> <span class='ocrx_word' id='word_1_101' title='bbox 2816 1121 3191 1209; x_wconf 83' lang='lat' dir='ltr'><strong>accipitis,</strong></span> <span class='ocrx_word' id='word_1_102' title='bbox 3287 1201 3288 1204; x_wconf 8' lang='grc' dir='ltr'><strong>Ἴ</strong></span> 
     </span>
     <span class='ocr_line' id='line_1_11' title="bbox 646 1207 3190 1299; baseline 0.001 -23"><span class='ocrx_word' id='word_1_103' title='bbox 646 1208 891 1297; x_wconf 88' lang='lat' dir='ltr'><strong>partim</strong></span> <span class='ocrx_word' id='word_1_104' title='bbox 954 1208 1232 1295; x_wconf 85' lang='lat' dir='ltr'><strong>quidem</strong></span> <span class='ocrx_word' id='word_1_105' title='bbox 1304 1207 1586 1278; x_wconf 84' lang='lat' dir='ltr'><strong>sortasse</strong></span> <span class='ocrx_word' id='word_1_106' title='bbox 1646 1222 1919 1299; x_wconf 89' lang='lat' dir='ltr'><strong>propter</strong></span> <span class='ocrx_word' id='word_1_107' title='bbox 1988 1222 2269 1276; x_wconf 85' lang='lat' dir='ltr'><strong>naturae</strong></span> <span class='ocrx_word' id='word_1_108' title='bbox 2323 1208 2799 1296; x_wconf 76' lang='lat' dir='ltr'>cognationem</span> <span class='ocrx_word' id='word_1_109' title='bbox 2842 1261 2861 1286; x_wconf 89' lang='lat'><strong>,</strong></span> <span class='ocrx_word' id='word_1_110' title='bbox 2948 1211 3190 1296; x_wconf 84' lang='lat' dir='ltr'><strong>partim</strong></span> 
     </span>
     <span class='ocr_line' id='line_1_12' title="bbox 641 1294 3195 1387; baseline 0 -21"><span class='ocrx_word' id='word_1_111' title='bbox 641 1310 868 1366; x_wconf 91' lang='lat' dir='ltr'><strong>autem</strong></span> <span class='ocrx_word' id='word_1_112' title='bbox 904 1297 1086 1382; x_wconf 90' lang='lat' dir='ltr'><strong>quod</strong></span> <span class='ocrx_word' id='word_1_113' title='bbox 1124 1296 1412 1387; x_wconf 84' lang='lat' dir='ltr'><strong>indigna</strong></span> <span class='ocrx_word' id='word_1_114' title='bbox 1458 1319 1538 1366; x_wconf 92' lang='lat' dir='ltr'><strong>ac</strong></span> <span class='ocrx_word' id='word_1_115' title='bbox 1589 1296 1910 1385; x_wconf 88' lang='lat' dir='ltr'><strong>pudenda</strong></span> <span class='ocrx_word' id='word_1_116' title='bbox 1959 1295 2190 1365; x_wconf 86' lang='lat' dir='ltr'><strong>videar</strong></span> <span class='ocrx_word' id='word_1_117' title='bbox 2227 1296 2362 1384; x_wconf 91' lang='lat' dir='ltr'><strong>pati</strong></span> <span class='ocrx_word' id='word_1_118' title='bbox 2395 1318 2554 1364; x_wconf 89' lang='lat' dir='ltr'><strong>cum</strong></span> <span class='ocrx_word' id='word_1_119' title='bbox 2591 1294 2906 1365; x_wconf 85' lang='lat' dir='ltr'><strong>filiabus.</strong></span> <span class='ocrx_word' id='word_1_120' title='bbox 2955 1298 3091 1367; x_wconf 83' lang='lat' dir='ltr'><strong>Sed</strong></span> <span class='ocrx_word' id='word_1_121' title='bbox 3123 1320 3195 1367; x_wconf 86' lang='lat' dir='ltr'><strong>ne</strong></span> 
     </span>
     <span class='ocr_line' id='line_1_13' title="bbox 642 1384 3288 1476; baseline 0 -22"><span class='ocrx_word' id='word_1_122' title='bbox 642 1384 951 1454; x_wconf 88' lang='lat' dir='ltr'><strong>doleatis.</strong></span> <span class='ocrx_word' id='word_1_123' title='bbox 983 1390 1116 1456; x_wconf 87' lang='lat' dir='ltr'><strong>Nos</strong></span> <span class='ocrx_word' id='word_1_124' title='bbox 1142 1386 1325 1454; x_wconf 90' lang='lat' dir='ltr'><strong>enim</strong></span> <span class='ocrx_word' id='word_1_125' title='bbox 1357 1408 1489 1455; x_wconf 90' lang='lat' dir='ltr'><strong>non</strong></span> <span class='ocrx_word' id='word_1_126' title='bbox 1524 1385 1677 1455; x_wconf 89' lang='lat' dir='ltr'><strong>ideo</strong></span> <span class='ocrx_word' id='word_1_127' title='bbox 1709 1386 2189 1476; x_wconf 76' lang='lat' dir='ltr'><strong>negaverimus</strong></span> <span class='ocrx_word' id='word_1_128' title='bbox 2216 1385 2606 1454; x_wconf 85' lang='lat' dir='ltr'><strong>Effectorem</strong></span> <span class='ocrx_word' id='word_1_129' title='bbox 2637 1384 2812 1453; x_wconf 91' lang='lat' dir='ltr'><strong>coeli</strong></span> <span class='ocrx_word' id='word_1_130' title='bbox 2840 1398 2918 1453; x_wconf 86' lang='lat' dir='ltr'><strong>et</strong></span> <span class='ocrx_word' id='word_1_131' title='bbox 2955 1400 3187 1462; x_wconf 78' lang='lat' dir='ltr'><strong>terrae,</strong></span> <span class='ocrx_word' id='word_1_132' title='bbox 3287 1431 3288 1444; x_wconf 26' lang='grc' dir='ltr'><strong>η</strong></span> 
     </span>
     <span class='ocr_line' id='line_1_14' title="bbox 647 1473 3288 1564; baseline 0 -22"><span class='ocrx_word' id='word_1_133' title='bbox 647 1494 866 1560; x_wconf 89' lang='lat' dir='ltr'><strong>neque</strong></span> <span class='ocrx_word' id='word_1_134' title='bbox 909 1496 1087 1562; x_wconf 91' lang='lat' dir='ltr'><strong>quae</strong></span> <span class='ocrx_word' id='word_1_135' title='bbox 1134 1488 1296 1544; x_wconf 89' lang='lat' dir='ltr'><strong>sunt</strong></span> <span class='ocrx_word' id='word_1_136' title='bbox 1342 1474 1425 1544; x_wconf 90' lang='lat' dir='ltr'><strong>ad</strong></span> <span class='ocrx_word' id='word_1_137' title='bbox 1483 1489 1775 1564; x_wconf 76' lang='lat' dir='ltr'><strong>tempuS,</strong></span> <span class='ocrx_word' id='word_1_138' title='bbox 1835 1474 2129 1543; x_wconf 88' lang='lat' dir='ltr'><strong>aeternis</strong></span> <span class='ocrx_word' id='word_1_139' title='bbox 2182 1473 2732 1563; x_wconf 74' lang='lat' dir='ltr'><strong>praetulerimus.</strong></span> <span class='ocrx_word' id='word_1_140' title='bbox 2788 1478 2977 1542; x_wconf 84' lang='lat' dir='ltr'><strong>Nam</strong></span> <span class='ocrx_word' id='word_1_141' title='bbox 3033 1476 3191 1544; x_wconf 87' lang='lat' dir='ltr'><strong>mihi</strong></span> <span class='ocrx_word' id='word_1_142' title='bbox 3287 1535 3288 1542; x_wconf 74' lang='grc'>,</span> 
     </span>
     <span class='ocr_line' id='line_1_15' title="bbox 640 1561 3288 1652; baseline 0 -21"><span class='ocrx_word' id='word_1_143' title='bbox 640 1562 920 1649; x_wconf 86' lang='lat' dir='ltr'><strong>quidem</strong></span> <span class='ocrx_word' id='word_1_144' title='bbox 963 1585 999 1632; x_wconf 91' lang='lat' dir='ltr'><strong>a</strong></span> <span class='ocrx_word' id='word_1_145' title='bbox 1038 1563 1415 1652; x_wconf 88' lang='lat' dir='ltr'><strong>majoribus</strong></span> <span class='ocrx_word' id='word_1_146' title='bbox 1467 1585 1583 1652; x_wconf 90' lang='lat' dir='ltr'><strong>per</strong></span> <span class='ocrx_word' id='word_1_147' title='bbox 1615 1563 2120 1634; x_wconf 82' lang='lat' dir='ltr'><strong>successionem</strong></span> <span class='ocrx_word' id='word_1_148' title='bbox 2162 1564 2376 1651; x_wconf 82' lang='lat' dir='ltr'><strong>pietas</strong></span> <span class='ocrx_word' id='word_1_149' title='bbox 2405 1574 2471 1631; x_wconf 94' lang='lat' dir='ltr'><strong>et</strong></span> <span class='ocrx_word' id='word_1_150' title='bbox 2511 1583 2664 1630; x_wconf 88' lang='lat' dir='ltr'><strong>vera</strong></span> <span class='ocrx_word' id='word_1_151' title='bbox 2702 1561 2962 1651; x_wconf 82' lang='lat' dir='ltr'><strong>religio</strong></span> <span class='ocrx_word' id='word_1_152' title='bbox 2996 1587 3014 1643; x_wconf 90' lang='lat'><em>;</em></span> <span class='ocrx_word' id='word_1_153' title='bbox 3068 1578 3132 1632; x_wconf 91' lang='lat' dir='ltr'><strong>et</strong></span> <span class='ocrx_word' id='word_1_154' title='bbox 3157 1587 3192 1631; x_wconf 89' lang='lat' dir='ltr'><strong>a</strong></span> <span class='ocrx_word' id='word_1_155' title='bbox 3287 1621 3288 1644; x_wconf 43' lang='lat'><strong>,</strong></span> 
     </span>
     <span class='ocr_line' id='line_1_16' title="bbox 643 1649 3189 1733; baseline 0 -13"><span class='ocrx_word' id='word_1_156' title='bbox 643 1652 908 1721; x_wconf 72' lang='lat' dir='ltr'><strong>Christo</strong></span> <span class='ocrx_word' id='word_1_157' title='bbox 956 1651 1416 1733; x_wconf 88' lang='lat' dir='ltr'><strong>denominari,</strong></span> <span class='ocrx_word' id='word_1_158' title='bbox 1466 1665 1532 1722; x_wconf 92' lang='lat' dir='ltr'><strong>et</strong></span> <span class='ocrx_word' id='word_1_159' title='bbox 1579 1675 1736 1721; x_wconf 92' lang='lat' dir='ltr'><strong>eum</strong></span> <span class='ocrx_word' id='word_1_160' title='bbox 1790 1673 1991 1721; x_wconf 90' lang='lat' dir='ltr'><strong>nosse</strong></span> <span class='ocrx_word' id='word_1_161' title='bbox 2025 1656 2260 1728; x_wconf 89' lang='lat' dir='ltr'><strong>Deum,</strong></span> <span class='ocrx_word' id='word_1_162' title='bbox 2309 1651 2556 1720; x_wconf 88' lang='lat' dir='ltr'><strong>tradita</strong></span> <span class='ocrx_word' id='word_1_163' title='bbox 2591 1650 2757 1720; x_wconf 87' lang='lat' dir='ltr'><strong>mihi</strong></span> <span class='ocrx_word' id='word_1_164' title='bbox 2794 1649 3100 1722; x_wconf 81' lang='lat' dir='ltr'><strong>fuerunt</strong></span> <span class='ocrx_word' id='word_1_165' title='bbox 3130 1653 3189 1720; x_wconf 85' lang='lat' dir='ltr'><strong>in</strong></span> 
     </span>
     <span class='ocr_line' id='line_1_17' title="bbox 646 1739 3191 1826; baseline 0 -17"><span class='ocrx_word' id='word_1_166' title='bbox 646 1741 1159 1810; x_wconf 85' lang='lat' dir='ltr'><strong>haereditatem.</strong></span> <span class='ocrx_word' id='word_1_167' title='bbox 1208 1745 1347 1810; x_wconf 84' lang='lat' dir='ltr'><strong>Non</strong></span> <span class='ocrx_word' id='word_1_168' title='bbox 1403 1741 1571 1809; x_wconf 84' lang='lat' dir='ltr'><strong>mibi</strong></span> <span class='ocrx_word' id='word_1_169' title='bbox 1631 1754 1858 1810; x_wconf 89' lang='lat' dir='ltr'><strong>autem</strong></span> <span class='ocrx_word' id='word_1_170' title='bbox 1906 1739 2056 1817; x_wconf 87' lang='lat' dir='ltr'><strong>soli,</strong></span> <span class='ocrx_word' id='word_1_171' title='bbox 2110 1739 2228 1810; x_wconf 88' lang='lat' dir='ltr'><strong>sed</strong></span> <span class='ocrx_word' id='word_1_172' title='bbox 2271 1740 2631 1811; x_wconf 85' lang='lat' dir='ltr'><strong>universae</strong></span> <span class='ocrx_word' id='word_1_173' title='bbox 2665 1761 2962 1826; x_wconf 86' lang='lat' dir='ltr'><strong>quoque</strong></span> <span class='ocrx_word' id='word_1_174' title='bbox 3016 1764 3191 1810; x_wconf 79' lang='lat' dir='ltr'><strong>meae</strong></span> 
     </span>
     <span class='ocr_line' id='line_1_18' title="bbox 640 1828 3188 1920; baseline 0.001 -23"><span class='ocrx_word' id='word_1_175' title='bbox 640 1830 1054 1918; x_wconf 80' lang='lat' dir='ltr'><strong>cognationi.</strong></span> <span class='ocrx_word' id='word_1_176' title='bbox 1111 1834 1390 1918; x_wconf 83' lang='lat' dir='ltr'><strong>Propter</strong></span> <span class='ocrx_word' id='word_1_177' title='bbox 1435 1851 1641 1915; x_wconf 85' lang='lat' dir='ltr'><strong>quem</strong></span> <span class='ocrx_word' id='word_1_178' title='bbox 1691 1852 1816 1920; x_wconf 83' lang='lat' dir='ltr'><strong>ego</strong></span> <span class='ocrx_word' id='word_1_179' title='bbox 1864 1829 2174 1919; x_wconf 87' lang='lat' dir='ltr'><strong>amplexa</strong></span> <span class='ocrx_word' id='word_1_180' title='bbox 2207 1828 2720 1909; x_wconf 85' lang='lat' dir='ltr'><strong>continentiam,</strong></span> <span class='ocrx_word' id='word_1_181' title='bbox 2777 1828 3188 1899; x_wconf 83' lang='lat' dir='ltr'><strong>viduitatem</strong></span> 
     </span>
     <span class='ocr_line' id='line_1_19' title="bbox 647 1916 3187 2008; baseline -0 -22"><span class='ocrx_word' id='word_1_182' title='bbox 647 1918 937 2008; x_wconf 87' lang='lat' dir='ltr'><strong>praetuli</strong></span> <span class='ocrx_word' id='word_1_183' title='bbox 981 1918 1451 1998; x_wconf 90' lang='lat' dir='ltr'><strong>matrimonio;</strong></span> <span class='ocrx_word' id='word_1_184' title='bbox 1478 1931 1544 1987; x_wconf 91' lang='lat' dir='ltr'><strong>et</strong></span> <span class='ocrx_word' id='word_1_185' title='bbox 1571 1941 1650 1987; x_wconf 79' lang='lat' dir='ltr'><strong>ex</strong></span> <span class='ocrx_word' id='word_1_186' title='bbox 1686 1917 2149 1997; x_wconf 82' lang='lat' dir='ltr'><strong>facultatibus,</strong></span> <span class='ocrx_word' id='word_1_187' title='bbox 2184 1940 2358 2004; x_wconf 86' lang='lat' dir='ltr'><strong>quas</strong></span> <span class='ocrx_word' id='word_1_188' title='bbox 2389 1917 2749 1997; x_wconf 85' lang='lat' dir='ltr'><strong>habebam,</strong></span> <span class='ocrx_word' id='word_1_189' title='bbox 2848 1916 3187 1987; x_wconf 79' lang='lat' dir='ltr'><strong>lut-imum</strong></span> 
     </span>
     <span class='ocr_line' id='line_1_20' title="bbox 641 2005 3189 2096; baseline -0 -21"><span class='ocrx_word' id='word_1_190' title='bbox 641 2007 965 2076; x_wconf 85' lang='lat' dir='ltr'><strong>distribui</strong></span> <span class='ocrx_word' id='word_1_191' title='bbox 1014 2007 1458 2096; x_wconf 86' lang='lat' dir='ltr'><strong>pauperibus.</strong></span> <span class='ocrx_word' id='word_1_192' title='bbox 1515 2013 1687 2077; x_wconf 85' lang='lat' dir='ltr'><strong>Sunt</strong></span> <span class='ocrx_word' id='word_1_193' title='bbox 1743 2029 1896 2076; x_wconf 86' lang='lat' dir='ltr'><strong>vero</strong></span> <span class='ocrx_word' id='word_1_194' title='bbox 1942 2006 2172 2076; x_wconf 89' lang='lat' dir='ltr'><strong>adhuc</strong></span> <span class='ocrx_word' id='word_1_195' title='bbox 2224 2006 2391 2075; x_wconf 88' lang='lat' dir='ltr'><strong>mibi</strong></span> <span class='ocrx_word' id='word_1_196' title='bbox 2445 2028 2734 2095; x_wconf 86' lang='lat' dir='ltr'><strong>magnae</strong></span> <span class='ocrx_word' id='word_1_197' title='bbox 2835 2005 3086 2076; x_wconf 84' lang='lat' dir='ltr'><strong>ivitiae</strong></span> <span class='ocrx_word' id='word_1_198' title='bbox 3130 2010 3189 2075; x_wconf 90' lang='lat' dir='ltr'><strong>in</strong></span> 
     </span>
     <span class='ocr_line' id='line_1_21' title="bbox 640 2094 3191 2186; baseline 0.001 -23"><span class='ocrx_word' id='word_1_199' title='bbox 640 2118 812 2165; x_wconf 91' lang='lat' dir='ltr'><strong>auro</strong></span> <span class='ocrx_word' id='word_1_200' title='bbox 855 2108 923 2164; x_wconf 92' lang='lat' dir='ltr'><strong>et</strong></span> <span class='ocrx_word' id='word_1_201' title='bbox 968 2108 1252 2186; x_wconf 86' lang='lat' dir='ltr'><strong>argento</strong></span> <span class='ocrx_word' id='word_1_202' title='bbox 1281 2149 1296 2174; x_wconf 94' lang='lat'><strong>,</strong></span> <span class='ocrx_word' id='word_1_203' title='bbox 1349 2109 1416 2165; x_wconf 92' lang='lat' dir='ltr'><strong>et</strong></span> <span class='ocrx_word' id='word_1_204' title='bbox 1464 2118 1715 2184; x_wconf 74' lang='lat' dir='ltr'><strong>magna</strong></span> <span class='ocrx_word' id='word_1_205' title='bbox 1766 2094 2135 2165; x_wconf 89' lang='lat' dir='ltr'><strong>multitudo</strong></span> <span class='ocrx_word' id='word_1_206' title='bbox 2183 2116 2584 2165; x_wconf 85' lang='lat' dir='ltr'><strong>servorum:</strong></span> <span class='ocrx_word' id='word_1_207' title='bbox 2639 2094 2910 2164; x_wconf 86' lang='lat' dir='ltr'><strong>multae</strong></span> <span class='ocrx_word' id='word_1_208' title='bbox 2966 2112 3191 2166; x_wconf 77' lang='lat' dir='ltr'><strong>autem</strong></span> 
     </span>
     <span class='ocr_line' id='line_1_22' title="bbox 648 2183 3187 2273; baseline 0.001 -20"><span class='ocrx_word' id='word_1_209' title='bbox 648 2184 1113 2272; x_wconf 88' lang='lat' dir='ltr'><strong>possessiones</strong></span> <span class='ocrx_word' id='word_1_210' title='bbox 1156 2197 1222 2253; x_wconf 91' lang='lat' dir='ltr'><strong>et</strong></span> <span class='ocrx_word' id='word_1_211' title='bbox 1267 2206 1385 2273; x_wconf 86' lang='lat' dir='ltr'><strong>gre</strong></span> <span class='ocrx_word' id='word_1_212' title='bbox 1435 2207 1531 2255; x_wconf 88' lang='lat' dir='ltr'><strong>es.</strong></span> <span class='ocrx_word' id='word_1_213' title='bbox 1588 2190 1828 2254; x_wconf 88' lang='lat' dir='ltr'><strong>Verum</strong></span> <span class='ocrx_word' id='word_1_214' title='bbox 1902 2184 2053 2253; x_wconf 90' lang='lat' dir='ltr'><strong>licet</strong></span> <span class='ocrx_word' id='word_1_215' title='bbox 2106 2198 2264 2252; x_wconf 89' lang='lat' dir='ltr'><strong>tota·</strong></span> <span class='ocrx_word' id='word_1_216' title='bbox 2301 2185 2478 2254; x_wconf 89' lang='lat' dir='ltr'><strong>bona</strong></span> <span class='ocrx_word' id='word_1_217' title='bbox 2534 2183 2704 2252; x_wconf 91' lang='lat' dir='ltr'><strong>mibi</strong></span> <span class='ocrx_word' id='word_1_218' title='bbox 2753 2200 3187 2273; x_wconf 82' lang='lat' dir='ltr'><strong>suppetant.</strong></span> 
     </span>
     <span class='ocr_line' id='line_1_23' title="bbox 644 2270 3188 2352; baseline 0.001 -12"><span class='ocrx_word' id='word_1_219' title='bbox 644 2272 833 2341; x_wconf 89' lang='lat' dir='ltr'><strong>nolui</strong></span> <span class='ocrx_word' id='word_1_220' title='bbox 867 2283 1118 2352; x_wconf 87' lang='lat' dir='ltr'><strong>tamen,</strong></span> <span class='ocrx_word' id='word_1_221' title='bbox 1163 2285 1239 2342; x_wconf 90' lang='lat' dir='ltr'><strong>ut</strong></span> <span class='ocrx_word' id='word_1_222' title='bbox 1274 2296 1391 2342; x_wconf 90' lang='lat' dir='ltr'><strong>mu</strong></span> <span class='ocrx_word' id='word_1_223' title='bbox 1427 2288 1528 2342; x_wconf 83' lang='lat' dir='ltr'><strong>tac</strong></span> <span class='ocrx_word' id='word_1_224' title='bbox 1576 2272 1750 2343; x_wconf 88' lang='lat' dir='ltr'><strong>aliae</strong></span> <span class='ocrx_word' id='word_1_225' title='bbox 1802 2273 2126 2342; x_wconf 87' lang='lat' dir='ltr'><strong>mulieres</strong></span> <span class='ocrx_word' id='word_1_226' title='bbox 2163 2271 2404 2352; x_wconf 91' lang='lat' dir='ltr'><strong>solent,</strong></span> <span class='ocrx_word' id='word_1_227' title='bbox 2458 2270 2543 2340; x_wconf 89' lang='lat' dir='ltr'><strong>ad</strong></span> <span class='ocrx_word' id='word_1_228' title='bbox 2593 2272 2811 2341; x_wconf 87' lang='lat' dir='ltr'><strong>alium</strong></span> <span class='ocrx_word' id='word_1_229' title='bbox 2861 2275 3188 2343; x_wconf 85' lang='lat' dir='ltr'><strong>maritum</strong></span> 
     </span>
     <span class='ocr_line' id='line_1_24' title="bbox 642 2359 3191 2447; baseline 0 -18"><span class='ocrx_word' id='word_1_230' title='bbox 642 2361 918 2440; x_wconf 89' lang='lat' dir='ltr'><strong>intueri,</strong></span> <span class='ocrx_word' id='word_1_231' title='bbox 970 2361 1236 2429; x_wconf 90' lang='lat' dir='ltr'><strong>etiamsi</strong></span> <span class='ocrx_word' id='word_1_232' title='bbox 1287 2383 1443 2430; x_wconf 88' lang='lat' dir='ltr'><strong>cum</strong></span> <span class='ocrx_word' id='word_1_233' title='bbox 1490 2361 1727 2430; x_wconf 89' lang='lat' dir='ltr'><strong>multis</strong></span> <span class='ocrx_word' id='word_1_234' title='bbox 1759 2363 2037 2432; x_wconf 87' lang='lat' dir='ltr'><strong>casibus</strong></span> <span class='ocrx_word' id='word_1_235' title='bbox 2069 2375 2134 2431; x_wconf 91' lang='lat' dir='ltr'><strong>et</strong></span> <span class='ocrx_word' id='word_1_236' title='bbox 2171 2359 2703 2438; x_wconf 82' lang='lat' dir='ltr'><strong>calamitatibus,</strong></span> <span class='ocrx_word' id='word_1_237' title='bbox 2740 2382 2932 2447; x_wconf 87' lang='lat' dir='ltr'><strong>quae</strong></span> <span class='ocrx_word' id='word_1_238' title='bbox 2972 2362 3191 2433; x_wconf 78' lang='lat' dir='ltr'><strong>viduis</strong></span> 
     </span>
     <span class='ocr_line' id='line_1_25' title="bbox 642 2448 3191 2540; baseline 0 -22"><span class='ocrx_word' id='word_1_239' title='bbox 642 2449 913 2519; x_wconf 90' lang='lat' dir='ltr'><strong>evenire</strong></span> <span class='ocrx_word' id='word_1_240' title='bbox 972 2460 1519 2530; x_wconf 86' lang='lat' dir='ltr'><strong>consueverunt,</strong></span> <span class='ocrx_word' id='word_1_241' title='bbox 1575 2472 1776 2540; x_wconf 90' lang='lat' dir='ltr'><strong>saepe</strong></span> <span class='ocrx_word' id='word_1_242' title='bbox 1836 2451 1964 2520; x_wconf 91' lang='lat' dir='ltr'><strong>sim</strong></span> <span class='ocrx_word' id='word_1_243' title='bbox 2030 2450 2444 2521; x_wconf 86' lang='lat' dir='ltr'><strong>colluctata:</strong></span> <span class='ocrx_word' id='word_1_244' title='bbox 2495 2448 2680 2537; x_wconf 86' lang='lat' dir='ltr'><strong>quod</strong></span> <span class='ocrx_word' id='word_1_245' title='bbox 2745 2449 3050 2536; x_wconf 88' lang='lat' dir='ltr'><strong>quidem</strong></span> <span class='ocrx_word' id='word_1_246' title='bbox 3107 2450 3191 2520; x_wconf 73' lang='lat' dir='ltr'><strong>rel</strong></span> 
     </span>
     <span class='ocr_line' id='line_1_26' title="bbox 643 2537 3189 2610; baseline 0.001 -2"><span class='ocrx_word' id='word_1_247' title='bbox 643 2539 869 2609; x_wconf 88' lang='lat' dir='ltr'><strong>solum</strong></span> <span class='ocrx_word' id='word_1_248' title='bbox 922 2537 1177 2609; x_wconf 86' lang='lat' dir='ltr'><strong>sufficit</strong></span> <span class='ocrx_word' id='word_1_249' title='bbox 1222 2538 1307 2608; x_wconf 93' lang='lat' dir='ltr'><strong>ad</strong></span> <span class='ocrx_word' id='word_1_250' title='bbox 1360 2539 1631 2609; x_wconf 90' lang='lat' dir='ltr'><strong>mollem</strong></span> <span class='ocrx_word' id='word_1_251' title='bbox 1683 2541 1911 2610; x_wconf 87' lang='lat' dir='ltr'><strong>adhuc</strong></span> <span class='ocrx_word' id='word_1_252' title='bbox 1940 2554 2006 2609; x_wconf 90' lang='lat' dir='ltr'><strong>et</strong></span> <span class='ocrx_word' id='word_1_253' title='bbox 2037 2554 2343 2610; x_wconf 83' lang='lat' dir='ltr'><strong>tenerum</strong></span> <span class='ocrx_word' id='word_1_254' title='bbox 2379 2540 2690 2608; x_wconf 91' lang='lat' dir='ltr'><strong>animum</strong></span> <span class='ocrx_word' id='word_1_255' title='bbox 2746 2538 3189 2610; x_wconf 85' lang='lat' dir='ltr'><strong>incitandum</strong></span> 
     </span>
     <span class='ocr_line' id='line_1_27' title="bbox 644 2627 3193 2719; baseline 0.001 -23"><span class='ocrx_word' id='word_1_256' title='bbox 644 2628 729 2697; x_wconf 90' lang='lat' dir='ltr'><strong>ad</strong></span> <span class='ocrx_word' id='word_1_257' title='bbox 768 2627 1108 2697; x_wconf 86' lang='lat' dir='ltr'><strong>secundas</strong></span> <span class='ocrx_word' id='word_1_258' title='bbox 1159 2628 1458 2719; x_wconf 86' lang='lat' dir='ltr'><strong>nuptias.</strong></span> <span class='ocrx_word' id='word_1_259' title='bbox 1510 2633 1588 2697; x_wconf 87' lang='lat' dir='ltr'><strong>Et</strong></span> <span class='ocrx_word' id='word_1_260' title='bbox 1634 2627 1918 2698; x_wconf 85' lang='lat' dir='ltr'><strong>fortasse</strong></span> <span class='ocrx_word' id='word_1_261' title='bbox 1954 2627 2189 2698; x_wconf 90' lang='lat' dir='ltr'><strong>nullus</strong></span> <span class='ocrx_word' id='word_1_262' title='bbox 2227 2650 2444 2698; x_wconf 86' lang='lat' dir='ltr'><strong>meam</strong></span> <span class='ocrx_word' id='word_1_263' title='bbox 2497 2627 2905 2697; x_wconf 87' lang='lat' dir='ltr'><strong>damnasset</strong></span> <span class='ocrx_word' id='word_1_264' title='bbox 2946 2630 3193 2718; x_wconf 82' lang='lat' dir='ltr'><strong>juven-</strong></span> 
     </span>
     <span class='ocr_line' id='line_1_28' title="bbox 642 2716 3185 2807; baseline -0.002 -21"><span class='ocrx_word' id='word_1_265' title='bbox 642 2730 879 2796; x_wconf 89' lang='lat' dir='ltr'><strong>tutem,</strong></span> <span class='ocrx_word' id='word_1_266' title='bbox 922 2737 1101 2804; x_wconf 87' lang='lat' dir='ltr'><strong>quae</strong></span> <span class='ocrx_word' id='word_1_267' title='bbox 1134 2716 1360 2804; x_wconf 86' lang='lat' dir='ltr'><strong>ipsum</strong></span> <span class='ocrx_word' id='word_1_268' title='bbox 1391 2716 1475 2785; x_wconf 92' lang='lat' dir='ltr'><strong>ad</strong></span> <span class='ocrx_word' id='word_1_269' title='bbox 1510 2717 1638 2786; x_wconf 88' lang='lat' dir='ltr'><strong>hoc</strong></span> <span class='ocrx_word' id='word_1_270' title='bbox 1675 2718 1967 2787; x_wconf 88' lang='lat' dir='ltr'><strong>babebat</strong></span> <span class='ocrx_word' id='word_1_271' title='bbox 2002 2733 2364 2807; x_wconf 90' lang='lat' dir='ltr'><strong>patronum</strong></span> <span class='ocrx_word' id='word_1_272' title='bbox 2400 2716 2710 2785; x_wconf 91' lang='lat' dir='ltr'><strong>divinum</strong></span> <span class='ocrx_word' id='word_1_273' title='bbox 2747 2719 3185 2805; x_wconf 77' lang='lat' dir='ltr'><strong>Apostolum.</strong></span> 
     </span>
     <span class='ocr_line' id='line_1_29' title="bbox 640 2805 3191 2895; baseline -0.001 -19"><span class='ocrx_word' id='word_1_274' title='bbox 640 2806 767 2876; x_wconf 91' lang='lat' dir='ltr'><strong>Sed</strong></span> <span class='ocrx_word' id='word_1_275' title='bbox 802 2805 972 2875; x_wconf 90' lang='lat' dir='ltr'><strong>haec</strong></span> <span class='ocrx_word' id='word_1_276' title='bbox 1019 2806 1254 2874; x_wconf 91' lang='lat' dir='ltr'><strong>omnia</strong></span> <span class='ocrx_word' id='word_1_277' title='bbox 1306 2805 1783 2895; x_wconf 82' lang='lat' dir='ltr'><strong>parvifaciens,</strong></span> <span class='ocrx_word' id='word_1_278' title='bbox 1839 2806 1907 2874; x_wconf 87' lang='lat' dir='ltr'><strong>in</strong></span> <span class='ocrx_word' id='word_1_279' title='bbox 1963 2805 2090 2875; x_wconf 89' lang='lat' dir='ltr'><strong>hoc</strong></span> <span class='ocrx_word' id='word_1_280' title='bbox 2136 2806 2361 2874; x_wconf 82' lang='lat' dir='ltr'><strong>solum</strong></span> <span class='ocrx_word' id='word_1_281' title='bbox 2409 2806 2723 2874; x_wconf 89' lang='lat' dir='ltr'><strong>animum</strong></span> <span class='ocrx_word' id='word_1_282' title='bbox 2765 2805 3094 2886; x_wconf 85' lang='lat' dir='ltr'><strong>intendo,</strong></span> <span class='ocrx_word' id='word_1_283' title='bbox 3128 2822 3191 2876; x_wconf 91' lang='lat' dir='ltr'><strong>ut</strong></span> 
     </span>
     <span class='ocr_line' id='line_1_30' title="bbox 639 2894 3188 2983; baseline 0 -19"><span class='ocrx_word' id='word_1_284' title='bbox 639 2916 796 2964; x_wconf 88' lang='lat' dir='ltr'><strong>cum</strong></span> <span class='ocrx_word' id='word_1_285' title='bbox 860 2894 1122 2964; x_wconf 84' lang='lat' dir='ltr'><strong>Christo</strong></span> <span class='ocrx_word' id='word_1_286' title='bbox 1169 2895 1299 2963; x_wconf 88' lang='lat' dir='ltr'><strong>sim</strong></span> <span class='ocrx_word' id='word_1_287' title='bbox 1353 2916 1489 2963; x_wconf 93' lang='lat' dir='ltr'><strong>una</strong></span> <span class='ocrx_word' id='word_1_288' title='bbox 1535 2917 1696 2963; x_wconf 92' lang='lat' dir='ltr'><strong>cum</strong></span> <span class='ocrx_word' id='word_1_289' title='bbox 1761 2895 2024 2964; x_wconf 88' lang='lat' dir='ltr'><strong>Sanctis</strong></span> <span class='ocrx_word' id='word_1_290' title='bbox 2086 2916 2262 2980; x_wconf 89' lang='lat' dir='ltr'><strong>quae</strong></span> <span class='ocrx_word' id='word_1_291' title='bbox 2312 2906 2884 2983; x_wconf 86' lang='lat' dir='ltr'><strong>praecesserunt,</strong></span> <span class='ocrx_word' id='word_1_292' title='bbox 2948 2895 3188 2965; x_wconf 84' lang='lat' dir='ltr'><strong>mulie-</strong></span> 
     </span>
     <span class='ocr_line' id='line_1_31' title="bbox 641 2982 3184 3073; baseline -0.001 -21"><span class='ocrx_word' id='word_1_293' title='bbox 641 2983 835 3053; x_wconf 89' lang='lat' dir='ltr'><strong>ribus</strong></span> <span class='ocrx_word' id='word_1_294' title='bbox 867 2997 934 3053; x_wconf 90' lang='lat' dir='ltr'><strong>et</strong></span> <span class='ocrx_word' id='word_1_295' title='bbox 962 2983 1406 3073; x_wconf 81' lang='lat' dir='ltr'><strong>martyribus.</strong></span> <span class='ocrx_word' id='word_1_296' title='bbox 1444 2988 1584 3073; x_wconf 87' lang='lat' dir='ltr'><strong>Ego</strong></span> <span class='ocrx_word' id='word_1_297' title='bbox 1613 2998 1840 3053; x_wconf 91' lang='lat' dir='ltr'><strong>autem</strong></span> <span class='ocrx_word' id='word_1_298' title='bbox 1887 2983 2076 3053; x_wconf 87' lang='lat' dir='ltr'><strong>vobis</strong></span> <span class='ocrx_word' id='word_1_299' title='bbox 2101 2986 2244 3072; x_wconf 89' lang='lat' dir='ltr'><strong>jam</strong></span> <span class='ocrx_word' id='word_1_300' title='bbox 2297 2982 2602 3052; x_wconf 89' lang='lat' dir='ltr'><strong>secundo</strong></span> <span class='ocrx_word' id='word_1_301' title='bbox 2647 3004 2992 3073; x_wconf 84' lang='lat' dir='ltr'><strong>appareo.</strong></span> <span class='ocrx_word' id='word_1_302' title='bbox 3033 2990 3184 3055; x_wconf 81' lang='lat' dir='ltr'><strong>Nam</strong></span> 
     </span>
     <span class='ocr_line' id='line_1_32' title="bbox 645 3071 3185 3162; baseline 0 -21"><span class='ocrx_word' id='word_1_303' title='bbox 645 3072 840 3162; x_wconf 89' lang='lat' dir='ltr'><strong>prius</strong></span> <span class='ocrx_word' id='word_1_304' title='bbox 888 3073 957 3140; x_wconf 92' lang='lat' dir='ltr'><strong>in</strong></span> <span class='ocrx_word' id='word_1_305' title='bbox 1012 3072 1450 3142; x_wconf 89' lang='lat' dir='ltr'><strong>matrimonio</strong></span> <span class='ocrx_word' id='word_1_306' title='bbox 1498 3073 1736 3162; x_wconf 88' lang='lat' dir='ltr'><strong>sponsi</strong></span> <span class='ocrx_word' id='word_1_307' title='bbox 1783 3072 1901 3158; x_wconf 86' lang='lat' dir='ltr'><strong>qui</strong></span> <span class='ocrx_word' id='word_1_308' title='bbox 1963 3086 2109 3141; x_wconf 90' lang='lat' dir='ltr'><strong>erat</strong></span> <span class='ocrx_word' id='word_1_309' title='bbox 2153 3071 2235 3141; x_wconf 88' lang='lat' dir='ltr'><strong>ad</strong></span> <span class='ocrx_word' id='word_1_310' title='bbox 2291 3084 2605 3160; x_wconf 86' lang='lat' dir='ltr'><strong>tempus:</strong></span> <span class='ocrx_word' id='word_1_311' title='bbox 2663 3094 2853 3141; x_wconf 88' lang='lat' dir='ltr'><strong>nunc</strong></span> <span class='ocrx_word' id='word_1_312' title='bbox 2915 3094 3087 3143; x_wconf 82' lang='lat' dir='ltr'><strong>vero</strong></span> <span class='ocrx_word' id='word_1_313' title='bbox 3131 3072 3185 3141; x_wconf 90' lang='lat' dir='ltr'><strong>iu</strong></span> 
     </span>
     <span class='ocr_line' id='line_1_33' title="bbox 644 3158 3190 3251; baseline 0.002 -23"><span class='ocrx_word' id='word_1_314' title='bbox 644 3160 907 3251; x_wconf 91' lang='lat' dir='ltr'><strong>nuptiis</strong></span> <span class='ocrx_word' id='word_1_315' title='bbox 957 3160 1365 3231; x_wconf 89' lang='lat' dir='ltr'><strong>immortalis</strong></span> <span class='ocrx_word' id='word_1_316' title='bbox 1410 3174 1477 3230; x_wconf 89' lang='lat' dir='ltr'><strong>et</strong></span> <span class='ocrx_word' id='word_1_317' title='bbox 1523 3160 1731 3230; x_wconf 86' lang='lat' dir='ltr'><strong>alieni</strong></span> <span class='ocrx_word' id='word_1_318' title='bbox 1780 3162 1866 3230; x_wconf 92' lang='lat' dir='ltr'><strong>ab</strong></span> <span class='ocrx_word' id='word_1_319' title='bbox 1914 3161 2215 3240; x_wconf 90' lang='lat' dir='ltr'><strong>interitu,</strong></span> <span class='ocrx_word' id='word_1_320' title='bbox 2270 3159 2355 3229; x_wconf 94' lang='lat' dir='ltr'><strong>ad</strong></span> <span class='ocrx_word' id='word_1_321' title='bbox 2404 3182 2610 3247; x_wconf 89' lang='lat' dir='ltr'><strong>quem</strong></span> <span class='ocrx_word' id='word_1_322' title='bbox 2661 3158 2943 3241; x_wconf 80' lang='lat' dir='ltr'><strong>festino,</strong></span> <span class='ocrx_word' id='word_1_323' title='bbox 2989 3161 3190 3232; x_wconf 85' lang='lat' dir='ltr'><strong>etcui</strong></span> 
     </span>
     <span class='ocr_line' id='line_1_34' title="bbox 640 3247 3189 3339; baseline 0.002 -23"><span class='ocrx_word' id='word_1_324' title='bbox 640 3248 1158 3318; x_wconf 86' lang='lat' dir='ltr'><strong>immaculatam</strong></span> <span class='ocrx_word' id='word_1_325' title='bbox 1208 3250 1604 3318; x_wconf 85' lang='lat' dir='ltr'><strong>conservavi</strong></span> <span class='ocrx_word' id='word_1_326' title='bbox 1651 3250 2171 3330; x_wconf 83' lang='lat' dir='ltr'><strong>continentiam,</strong></span> <span class='ocrx_word' id='word_1_327' title='bbox 2212 3272 2319 3317; x_wconf 89' lang='lat' dir='ltr'><strong>me</strong></span> <span class='ocrx_word' id='word_1_328' title='bbox 2361 3249 2626 3318; x_wconf 85' lang='lat' dir='ltr'><strong>videtis.</strong></span> <span class='ocrx_word' id='word_1_329' title='bbox 2664 3247 2878 3317; x_wconf 87' lang='lat' dir='ltr'><strong>Filias</strong></span> <span class='ocrx_word' id='word_1_330' title='bbox 2915 3272 3189 3339; x_wconf 82' lang='lat' dir='ltr'><strong>quoque</strong></span> 
     </span>
     <span class='ocr_line' id='line_1_35' title="bbox 642 3336 3183 3439; baseline 0.002 -34"><span class='ocrx_word' id='word_1_331' title='bbox 642 3337 776 3427; x_wconf 90' lang='lat' dir='ltr'><strong>ipsi</strong></span> <span class='ocrx_word' id='word_1_332' title='bbox 824 3336 1065 3405; x_wconf 80' lang='lat' dir='ltr'><strong>studeo</strong></span> <span class='ocrx_word' id='word_1_333' title='bbox 1112 3336 1584 3428; x_wconf 83' lang='lat' dir='ltr'><strong>despondere,</strong></span> <span class='ocrx_word' id='word_1_334' title='bbox 1641 3351 1717 3407; x_wconf 91' lang='lat' dir='ltr'><strong>ut</strong></span> <span class='ocrx_word' id='word_1_335' title='bbox 1765 3361 1940 3426; x_wconf 85' lang='lat' dir='ltr'><strong>quae</strong></span> <span class='ocrx_word' id='word_1_336' title='bbox 1996 3360 2231 3408; x_wconf 89' lang='lat' dir='ltr'><strong>earum</strong></span> <span class='ocrx_word' id='word_1_337' title='bbox 2296 3338 2657 3424; x_wconf 89' lang='lat' dir='ltr'><strong>hucusque</strong></span> <span class='ocrx_word' id='word_1_338' title='bbox 2708 3338 3070 3439; x_wconf 79' lang='lat' dir='ltr'><strong>integram</strong></span> <span class='ocrx_word' id='word_1_339' title='bbox 3111 3338 3183 3409; x_wconf 77' lang='lat' dir='ltr'><strong>ad</strong></span> 
     </span>
     <span class='ocr_line' id='line_1_36' title="bbox 640 3425 3184 3515; baseline 0.002 -22"><span class='ocrx_word' id='word_1_340' title='bbox 640 3425 769 3495; x_wconf 89' lang='lat' dir='ltr'><strong>hoc</strong></span> <span class='ocrx_word' id='word_1_341' title='bbox 818 3425 1277 3515; x_wconf 85' lang='lat' dir='ltr'><strong>virginitatem</strong></span> <span class='ocrx_word' id='word_1_342' title='bbox 1326 3428 1815 3496; x_wconf 79' lang='lat' dir='ltr'><strong>conservaritn.</strong></span> <span class='ocrx_word' id='word_1_343' title='bbox 1868 3428 2045 3497; x_wconf 85' lang='lat' dir='ltr'><strong>Hinc</strong></span> <span class='ocrx_word' id='word_1_344' title='bbox 2097 3426 2268 3496; x_wconf 89' lang='lat' dir='ltr'><strong>mihi</strong></span> <span class='ocrx_word' id='word_1_345' title='bbox 2320 3426 2564 3511; x_wconf 88' lang='lat' dir='ltr'><strong>plenus</strong></span> <span class='ocrx_word' id='word_1_346' title='bbox 2611 3442 2712 3496; x_wconf 90' lang='lat' dir='ltr'><strong>est</strong></span> <span class='ocrx_word' id='word_1_347' title='bbox 2760 3448 3064 3501; x_wconf 79' lang='lat' dir='ltr'><strong>animus</strong></span> <span class='ocrx_word' id='word_1_348' title='bbox 3093 3450 3184 3497; x_wconf 79' lang='lat' dir='ltr'><strong>vo·</strong></span> 
     </span>
     <span class='ocr_line' id='line_1_37' title="bbox 644 3514 3191 3608; baseline 0.002 -25"><span class='ocrx_word' id='word_1_349' title='bbox 644 3514 901 3604; x_wconf 89' lang='lat' dir='ltr'><strong>luptate</strong></span> <span class='ocrx_word' id='word_1_350' title='bbox 946 3528 1011 3583; x_wconf 90' lang='lat' dir='ltr'><strong>et</strong></span> <span class='ocrx_word' id='word_1_351' title='bbox 1059 3514 1239 3584; x_wconf 79' lang='lat' dir='ltr'><strong>bona</strong></span> <span class='ocrx_word' id='word_1_352' title='bbox 1288 3537 1431 3605; x_wconf 90' lang='lat' dir='ltr'><strong>spe.</strong></span> <span class='ocrx_word' id='word_1_353' title='bbox 1488 3520 1673 3605; x_wconf 84' lang='lat' dir='ltr'><strong>Rogo</strong></span> <span class='ocrx_word' id='word_1_354' title='bbox 1726 3537 1841 3585; x_wconf 89' lang='lat' dir='ltr'><strong>vos</strong></span> <span class='ocrx_word' id='word_1_355' title='bbox 1890 3516 2138 3606; x_wconf 84' lang='lat' dir='ltr'><strong>igitur,</strong></span> <span class='ocrx_word' id='word_1_356' title='bbox 2194 3529 2270 3585; x_wconf 90' lang='lat' dir='ltr'><strong>ut</strong></span> <span class='ocrx_word' id='word_1_357' title='bbox 2319 3515 2487 3584; x_wconf 89' lang='lat' dir='ltr'><strong>mihi</strong></span> <span class='ocrx_word' id='word_1_358' title='bbox 2541 3515 2769 3603; x_wconf 86' lang='lat' dir='ltr'><strong>potius</strong></span> <span class='ocrx_word' id='word_1_359' title='bbox 2815 3533 3191 3608; x_wconf 81' lang='lat' dir='ltr'><strong>congratu-</strong></span> 
     </span>
     <span class='ocr_line' id='line_1_38' title="bbox 640 3603 3189 3691; baseline 0.002 -19"><span class='ocrx_word' id='word_1_360' title='bbox 640 3603 902 3684; x_wconf 90' lang='lat' dir='ltr'><strong>lemini,</strong></span> <span class='ocrx_word' id='word_1_361' title='bbox 947 3624 1168 3691; x_wconf 89' lang='lat' dir='ltr'><strong>neque</strong></span> <span class='ocrx_word' id='word_1_362' title='bbox 1203 3616 1336 3672; x_wconf 91' lang='lat' dir='ltr'><strong>tam</strong></span> <span class='ocrx_word' id='word_1_363' title='bbox 1373 3603 1639 3691; x_wconf 87' lang='lat' dir='ltr'><strong>abjecto</strong></span> <span class='ocrx_word' id='word_1_364' title='bbox 1668 3604 1902 3674; x_wconf 90' lang='lat' dir='ltr'><strong>animo</strong></span> <span class='ocrx_word' id='word_1_365' title='bbox 1952 3604 2447 3684; x_wconf 86' lang='lat' dir='ltr'><strong>lamentemini,</strong></span> <span class='ocrx_word' id='word_1_366' title='bbox 2499 3618 2566 3672; x_wconf 88' lang='lat' dir='ltr'><strong>et</strong></span> <span class='ocrx_word' id='word_1_367' title='bbox 2616 3603 2786 3672; x_wconf 89' lang='lat' dir='ltr'><strong>mihi</strong></span> <span class='ocrx_word' id='word_1_368' title='bbox 2838 3616 3189 3676; x_wconf 79' lang='lat' dir='ltr'><strong>transmu-</strong></span> 
     </span>
     <span class='ocr_line' id='line_1_39' title="bbox 641 3691 3188 3779; baseline 0.002 -17"><span class='ocrx_word' id='word_1_369' title='bbox 641 3693 795 3762; x_wconf 89' lang='lat' dir='ltr'><strong>tetis</strong></span> <span class='ocrx_word' id='word_1_370' title='bbox 828 3691 1074 3762; x_wconf 80' lang='lat' dir='ltr'><strong>festum</strong></span> <span class='ocrx_word' id='word_1_371' title='bbox 1116 3691 1181 3759; x_wconf 91' lang='lat' dir='ltr'><strong>in</strong></span> <span class='ocrx_word' id='word_1_372' title='bbox 1222 3692 1592 3763; x_wconf 88' lang='lat' dir='ltr'><strong>tristitiam.</strong></span> <span class='ocrx_word' id='word_1_373' title='bbox 1646 3698 1854 3763; x_wconf 91' lang='lat' dir='ltr'><strong>Porro</strong></span> <span class='ocrx_word' id='word_1_374' title='bbox 1901 3707 2127 3762; x_wconf 88' lang='lat' dir='ltr'><strong>autem</strong></span> <span class='ocrx_word' id='word_1_375' title='bbox 2176 3692 2363 3763; x_wconf 87' lang='lat' dir='ltr'><strong>vobis</strong></span> <span class='ocrx_word' id='word_1_376' title='bbox 2410 3714 2685 3779; x_wconf 86' lang='lat' dir='ltr'><strong>quoque</strong></span> <span class='ocrx_word' id='word_1_377' title='bbox 2731 3693 3188 3767; x_wconf 79' lang='lat' dir='ltr'><strong>consulet-im,</strong></span> 
     </span>
     <span class='ocr_line' id='line_1_40' title="bbox 642 3780 3193 3939; baseline -0 -87"><span class='ocrx_word' id='word_1_378' title='bbox 642 3795 715 3852; x_wconf 89' lang='lat' dir='ltr'><strong>ut</strong></span> <span class='ocrx_word' id='word_1_379' title='bbox 765 3803 882 3852; x_wconf 89' lang='lat' dir='ltr'><strong>vos</strong></span> <span class='ocrx_word' id='word_1_380' title='bbox 932 3780 1240 3939; x_wconf 53' lang='lat' dir='ltr'><strong>undigue</strong></span> <span class='ocrx_word' id='word_1_381' title='bbox 1292 3782 1645 3861; x_wconf 89' lang='lat' dir='ltr'><strong>muniatis,</strong></span> <span class='ocrx_word' id='word_1_382' title='bbox 1701 3794 1767 3852; x_wconf 92' lang='lat' dir='ltr'><strong>et</strong></span> <span class='ocrx_word' id='word_1_383' title='bbox 1816 3804 2139 3873; x_wconf 83' lang='lat' dir='ltr'><strong>magnam</strong></span> <span class='ocrx_word' id='word_1_384' title='bbox 2190 3781 2576 3852; x_wconf 87' lang='lat' dir='ltr'><strong>adhibeatis</strong></span> <span class='ocrx_word' id='word_1_385' title='bbox 2623 3781 3070 3861; x_wconf 86' lang='lat' dir='ltr'><strong>cautionem,</strong></span> <span class='ocrx_word' id='word_1_386' title='bbox 3113 3804 3193 3851; x_wconf 82' lang='lat' dir='ltr'><strong>ne</strong></span> 
     </span>
     <span class='ocr_line' id='line_1_41' title="bbox 640 3870 3194 3958; baseline 0.001 -20"><span class='ocrx_word' id='word_1_387' title='bbox 640 3870 831 3942; x_wconf 85' lang='lat' dir='ltr'><strong>vobis</strong></span> <span class='ocrx_word' id='word_1_388' title='bbox 879 3891 1014 3940; x_wconf 89' lang='lat' dir='ltr'><strong>non</strong></span> <span class='ocrx_word' id='word_1_389' title='bbox 1068 3893 1105 3940; x_wconf 90' lang='lat' dir='ltr'><strong>a</strong></span> <span class='ocrx_word' id='word_1_390' title='bbox 1163 3871 1605 3951; x_wconf 89' lang='lat' dir='ltr'><strong>vertentibus,</strong></span> <span class='ocrx_word' id='word_1_391' title='bbox 1660 3870 1925 3941; x_wconf 80' lang='lat' dir='ltr'><strong>auferat</strong></span> <span class='ocrx_word' id='word_1_392' title='bbox 1965 3871 2125 3939; x_wconf 87' lang='lat' dir='ltr'><strong>fidei</strong></span> <span class='ocrx_word' id='word_1_393' title='bbox 2160 3870 2560 3940; x_wconf 83' lang='lat' dir='ltr'><strong>thesaurum</strong></span> <span class='ocrx_word' id='word_1_394' title='bbox 2595 3870 2716 3958; x_wconf 88' lang='lat' dir='ltr'><strong>qui</strong></span> <span class='ocrx_word' id='word_1_395' title='bbox 2749 3883 2854 3939; x_wconf 91' lang='lat' dir='ltr'><strong>est</strong></span> <span class='ocrx_word' id='word_1_396' title='bbox 2895 3870 3194 3945; x_wconf 80' lang='lat' dir='ltr'><strong>callidus</strong></span> 
     </span>
     <span class='ocr_line' id='line_1_42' title="bbox 639 3958 3288 4049; baseline 0.001 -21"><span class='ocrx_word' id='word_1_397' title='bbox 639 3959 1029 4029; x_wconf 82' lang='lat' dir='ltr'><strong>suffurandi</strong></span> <span class='ocrx_word' id='word_1_398' title='bbox 1063 3958 1325 4039; x_wconf 84' lang='lat' dir='ltr'><strong>artifex,</strong></span> <span class='ocrx_word' id='word_1_399' title='bbox 1380 3971 1445 4029; x_wconf 91' lang='lat' dir='ltr'><strong>et</strong></span> <span class='ocrx_word' id='word_1_400' title='bbox 1494 3960 1870 4030; x_wconf 83' lang='lat' dir='ltr'><strong>maximum</strong></span> <span class='ocrx_word' id='word_1_401' title='bbox 1927 3959 2118 4030; x_wconf 85' lang='lat' dir='ltr'><strong>vobis</strong></span> <span class='ocrx_word' id='word_1_402' title='bbox 2165 3959 2295 4029; x_wconf 92' lang='lat' dir='ltr'><strong>hoc</strong></span> <span class='ocrx_word' id='word_1_403' title='bbox 2326 3958 2663 4029; x_wconf 89' lang='lat' dir='ltr'><strong>damnum</strong></span> <span class='ocrx_word' id='word_1_404' title='bbox 2697 3958 2971 4041; x_wconf 81' lang='lat' dir='ltr'><strong>afferat,</strong></span> <span class='ocrx_word' id='word_1_405' title='bbox 3007 3958 3190 4049; x_wconf 71' lang='lat' dir='ltr'><strong>qtmd</strong></span> <span class='ocrx_word' id='word_1_406' title='bbox 3287 4008 3288 4013; x_wconf 20' lang='grc' dir='ltr'><strong>κ</strong></span> 
     </span>
     <span class='ocr_line' id='line_1_43' title="bbox 642 4048 3194 4139; baseline -0 -22"><span class='ocrx_word' id='word_1_407' title='bbox 642 4048 970 4139; x_wconf 83' lang='lat' dir='ltr'><strong>pertingit</strong></span> <span class='ocrx_word' id='word_1_408' title='bbox 1027 4070 1249 4136; x_wconf 90' lang='lat' dir='ltr'><strong>usque</strong></span> <span class='ocrx_word' id='word_1_409' title='bbox 1312 4048 1396 4117; x_wconf 92' lang='lat' dir='ltr'><strong>ad</strong></span> <span class='ocrx_word' id='word_1_410' title='bbox 1462 4048 1685 4138; x_wconf 88' lang='lat' dir='ltr'><strong>ipsam</strong></span> <span class='ocrx_word' id='word_1_411' title='bbox 1736 4048 2066 4117; x_wconf 91' lang='lat' dir='ltr'><strong>animam.</strong></span> <span class='ocrx_word' id='word_1_412' title='bbox 2118 4054 2274 4117; x_wconf 62' lang='lat' dir='ltr'><strong>,lam</strong></span> <span class='ocrx_word' id='word_1_413' title='bbox 2325 4069 2481 4117; x_wconf 90' lang='lat' dir='ltr'><strong>vero</strong></span> <span class='ocrx_word' id='word_1_414' title='bbox 2545 4069 3042 4136; x_wconf 84' lang='lat' dir='ltr'><strong>quaecumque</strong></span> <span class='ocrx_word' id='word_1_415' title='bbox 3093 4048 3194 4120; x_wconf 79' lang='lat' dir='ltr'><strong>hic</strong></span> 
     </span>
     <span class='ocr_line' id='line_1_44' title="bbox 637 4135 3192 4229; baseline 0 -25"><span class='ocrx_word' id='word_1_416' title='bbox 637 4136 803 4205; x_wconf 83' lang='lat' dir='ltr'><strong>estis</strong></span> <span class='ocrx_word' id='word_1_417' title='bbox 855 4136 1177 4207; x_wconf 88' lang='lat' dir='ltr'><strong>mulieres</strong></span> <span class='ocrx_word' id='word_1_418' title='bbox 1228 4136 1540 4229; x_wconf 83' lang='lat' dir='ltr'><strong>gentiles,</strong></span> <span class='ocrx_word' id='word_1_419' title='bbox 1585 4150 1651 4206; x_wconf 92' lang='lat' dir='ltr'><strong>et</strong></span> <span class='ocrx_word' id='word_1_420' title='bbox 1690 4138 2036 4207; x_wconf 86' lang='lat' dir='ltr'><strong>Hebraeae</strong></span> <span class='ocrx_word' id='word_1_421' title='bbox 2070 4135 2361 4227; x_wconf 89' lang='lat' dir='ltr'><strong>(multae</strong></span> <span class='ocrx_word' id='word_1_422' title='bbox 2406 4136 2622 4216; x_wconf 91' lang='lat' dir='ltr'><strong>enim,</strong></span> <span class='ocrx_word' id='word_1_423' title='bbox 2673 4150 2754 4205; x_wconf 86' lang='lat' dir='ltr'><strong>ut</strong></span> <span class='ocrx_word' id='word_1_424' title='bbox 2799 4136 3034 4219; x_wconf 81' lang='lat' dir='ltr'><strong>video,</strong></span> <span class='ocrx_word' id='word_1_425' title='bbox 3091 4138 3192 4208; x_wconf 79' lang='lat' dir='ltr'><strong>hic</strong></span> 
     </span>
     <span class='ocr_line' id='line_1_45' title="bbox 639 4223 3190 4316; baseline 0.002 -24"><span class='ocrx_word' id='word_1_426' title='bbox 639 4223 892 4295; x_wconf 90' lang='lat' dir='ltr'><strong>adestis</strong></span> <span class='ocrx_word' id='word_1_427' title='bbox 939 4225 1023 4294; x_wconf 90' lang='lat' dir='ltr'><strong>ad</strong></span> <span class='ocrx_word' id='word_1_428' title='bbox 1076 4225 1602 4316; x_wconf 88' lang='lat' dir='ltr'><strong>spectaculum),</strong></span> <span class='ocrx_word' id='word_1_429' title='bbox 1659 4247 1774 4295; x_wconf 86' lang='lat' dir='ltr'><strong>vos</strong></span> <span class='ocrx_word' id='word_1_430' title='bbox 1821 4248 2096 4313; x_wconf 90' lang='lat' dir='ltr'><strong>quoque</strong></span> <span class='ocrx_word' id='word_1_431' title='bbox 2127 4225 2477 4316; x_wconf 87' lang='lat' dir='ltr'><strong>depositis,</strong></span> <span class='ocrx_word' id='word_1_432' title='bbox 2532 4224 2830 4295; x_wconf 84' lang='lat' dir='ltr'><strong>Gentiles</strong></span> <span class='ocrx_word' id='word_1_433' title='bbox 2873 4225 3190 4314; x_wconf 79' lang='lat' dir='ltr'><strong>quidem,</strong></span> 
     </span>
     <span class='ocr_line' id='line_1_46' title="bbox 642 4311 3196 4406; baseline 0.002 -25"><span class='ocrx_word' id='word_1_434' title='bbox 642 4311 868 4402; x_wconf 87' lang='lat' dir='ltr'><strong>longis</strong></span> <span class='ocrx_word' id='word_1_435' title='bbox 898 4313 1153 4384; x_wconf 84' lang='lat' dir='ltr'><strong>fabulis</strong></span> <span class='ocrx_word' id='word_1_436' title='bbox 1184 4328 1250 4384; x_wconf 90' lang='lat' dir='ltr'><strong>et</strong></span> <span class='ocrx_word' id='word_1_437' title='bbox 1286 4316 1513 4406; x_wconf 79' lang='lat' dir='ltr'><strong>nugiS,</strong></span> <span class='ocrx_word' id='word_1_438' title='bbox 1545 4314 1778 4385; x_wconf 87' lang='lat' dir='ltr'><strong>et·diis</strong></span> <span class='ocrx_word' id='word_1_439' title='bbox 1809 4317 1929 4402; x_wconf 88' lang='lat' dir='ltr'><strong>qui</strong></span> <span class='ocrx_word' id='word_1_440' title='bbox 1965 4328 2127 4384; x_wconf 91' lang='lat' dir='ltr'><strong>sunt</strong></span> <span class='ocrx_word' id='word_1_441' title='bbox 2164 4315 2311 4383; x_wconf 88' lang='lat' dir='ltr'><strong>solo</strong></span> <span class='ocrx_word' id='word_1_442' title='bbox 2346 4313 2650 4398; x_wconf 86' lang='lat' dir='ltr'><strong>nomine;</strong></span> <span class='ocrx_word' id='word_1_443' title='bbox 2679 4313 3042 4387; x_wconf 75' lang='lat' dir='ltr'><strong>Hebraeae</strong></span> <span class='ocrx_word' id='word_1_444' title='bbox 3073 4338 3196 4386; x_wconf 72' lang='lat' dir='ltr'><strong>au—</strong></span> 
     </span>
     <span class='ocr_line' id='line_1_47' title="bbox 641 4402 3188 4495; baseline 0.002 -25"><span class='ocrx_word' id='word_1_445' title='bbox 641 4414 802 4484; x_wconf 90' lang='lat' dir='ltr'><strong>tem,</strong></span> <span class='ocrx_word' id='word_1_446' title='bbox 831 4402 1081 4472; x_wconf 73' lang='lat' dir='ltr'><strong>umbra</strong></span> <span class='ocrx_word' id='word_1_447' title='bbox 1130 4403 1404 4473; x_wconf 90' lang='lat' dir='ltr'><strong>tandem</strong></span> <span class='ocrx_word' id='word_1_448' title='bbox 1454 4416 1520 4474; x_wconf 90' lang='lat' dir='ltr'><strong>et</strong></span> <span class='ocrx_word' id='word_1_449' title='bbox 1569 4404 1814 4495; x_wconf 80' lang='lat' dir='ltr'><strong>figuris</strong></span> <span class='ocrx_word' id='word_1_450' title='bbox 1847 4417 1912 4473; x_wconf 89' lang='lat' dir='ltr'><strong>et</strong></span> <span class='ocrx_word' id='word_1_451' title='bbox 1942 4403 2478 4494; x_wconf 77' lang='lat' dir='ltr'><strong>aenigmatihuS,</strong></span> <span class='ocrx_word' id='word_1_452' title='bbox 2513 4402 2760 4473; x_wconf 90' lang='lat' dir='ltr'><strong>discite</strong></span> <span class='ocrx_word' id='word_1_453' title='bbox 2800 4402 3188 4484; x_wconf 77' lang='lat' dir='ltr'><strong>veritatem,</strong></span> 
     </span>
    </p>
   </div>
   <div class='ocr_carea' id='block_1_3' title="bbox 3286 103 3289 610">
    <p class='ocr_par' dir='ltr' id='par_1_4' title="bbox 3286 103 3289 610">
     <span class='ocr_line' id='line_1_48' title="bbox 3286 103 3289 610; baseline 0 0"><span class='ocrx_word' id='word_1_454' title='bbox 3286 103 3289 610; x_wconf 95' lang='lat' dir='ltr'><strong> </strong></span> 
     </span>
    </p>
   </div>
   <div class='ocr_carea' id='block_1_4' title="bbox 3287 1395 3289 2043">
    <p class='ocr_par' dir='ltr' id='par_1_5' title="bbox 3287 1395 3289 2043">
     <span class='ocr_line' id='line_1_49' title="bbox 3287 1395 3289 2043; baseline 0 0"><span class='ocrx_word' id='word_1_455' title='bbox 3287 1395 3289 2043; x_wconf 95' lang='lat' dir='ltr'><strong> </strong></span> 
     </span>
    </p>
   </div>
   <div class='ocr_carea' id='block_1_5' title="bbox 3285 2805 3290 4384">
    <p class='ocr_par' dir='ltr' id='par_1_6' title="bbox 3285 2805 3290 4384">
     <span class='ocr_line' id='line_1_50' title="bbox 3285 2805 3290 4384; baseline 0 0"><span class='ocrx_word' id='word_1_456' title='bbox 3285 2805 3290 4384; x_wconf 95' lang='lat' dir='ltr'><strong> </strong></span> 
     </span>
    </p>
   </div>
  </div>
 </body>
</html>
