3347 4999
138 349 322 414 OCT.
378 348 416 412 4
1017 365 1094 411 nn
1144 365 1200 411 s,
1256 364 1600 412 rnxncisco
1649 365 1832 413 conr.
2486 350 2598 415 216⁴

142 456 618 541 Interrogatus
683 449 877 518 Senis
926 471 965 518 a
1012 449 1311 535 quodam
1394 448 1712 538 religioso
1761 451 1904 519 viro
1935 505 1950 529 ,
2005 450 2408 541 'theologiae
2467 474 2703 522 sacrae

141 539 446 618 doctore,
489 539 573 608 de
604 537 1022 625 quibusdam
1061 538 1585 624 quaestionibus
1625 538 2028 608 difficilibus
2071 539 2443 621 intellectu,
2516 555 2705 611 tanta

140 628 454 697 claritate
502 627 855 697 doctrinae
888 626 1162 695 divinae
1212 627 1589 715 sapientiae
1640 627 2089 717 patefaciebat
2129 651 2404 709 arcana,
2469 642 2543 700 ut
2593 653 2704 699 ve-

142 717 502 786 hementer
542 729 846 805 stuperet
894 716 998 783 vir
1051 715 1167 783 ille
1212 716 1494 804 peritus,
1548 729 1811 784 etcum
1862 717 2319 785 admiratione
2384 717 2699 788 referret:

145 829 184 873 «
219 811 381 875 Vere
429 805 794 894 'theologia
844 804 1064 873 sancti
1113 805 1330 873 Patris
1368 805 1589 885 istius,
1640 805 1936 894 puritate
1975 829 2054 874 ac
2097 806 2698 895 contemplatione,

144 908 500 983 tamquam
554 894 683 963 alis
716 896 785 962 in
836 893 1052 962 altum
1113 893 1460 973 subvecta,
1509 907 1610 961 est
1657 895 1892 979 aquila
1945 893 2221 973 volans;
2269 909 2500 964 nostra
2550 918 2705 966 vero

144 985 460 1062 scientia,
503 996 734 1052 ventre
782 983 1097 1072 graditur
1145 1003 1354 1071 super
1405 994 1678 1051 terram.
1717 1006 1751 1048 »
1793 983 1974 1052 Licet
2025 984 2208 1051 enim
2260 997 2435 1054 esset
2487 985 2707 1075 impe-

146 1073 327 1141 ritus
377 1094 714 1153 sermone,
777 1072 1064 1140 scientia
1126 1083 1350 1140 tamen
1407 1070 1650 1160 plenus
1701 1071 2042 1141 enodabat
2089 1071 2302 1140 dubia
2360 1075 2706 1159 quaestio-

148 1183 347 1243 num,
392 1174 456 1230 et
496 1160 899 1230 abscondita
955 1159 1374 1250 producebat
1422 1161 1491 1227 in
1545 1158 1795 1228 lucem.
1849 1166 1980 1230 Nec
2032 1160 2411 1241 absonum,
2476 1162 2530 1231 si
2592 1163 2706 1231 Vir

149 1267 433 1320 sanctus
484 1251 995 1339 Scripturarum
1031 1272 1068 1317 a
1104 1254 1235 1317 Deo
1270 1247 1694 1317 intellectum
1746 1255 2124 1339 acceperat,
2174 1271 2333 1318 curn
2386 1272 2503 1338 per
2553 1251 2706 1320 imi-

148 1341 477 1409 tationem
512 1339 759 1409 Christi
797 1337 1187 1428 perfectam,
1226 1338 1572 1406 veritatem
1612 1337 1920 1426 ipsarum
1957 1338 2372 1425 descriptam
2411 1353 2706 1428 gestaret

146 1430 219 1497 in
269 1450 496 1519 opere,
541 1443 605 1497 et
647 1450 767 1517 per
816 1428 1043 1496 Sancti
1094 1427 1389 1514 Spiritus
1432 1426 1833 1495 Unctionem
1891 1426 2296 1516 plenariam,
2350 1426 2704 1498 doctorem

147 1540 389 1587 earum
426 1516 611 1606 apud
664 1539 735 1585 se
766 1516 1047 1585 haberet
1086 1516 1155 1583 in
1209 1514 1436 1584 corde.

243 1615 280 1686 ἓ
334 1612 483 1677 2².
555 1606 732 1675 Adeo
780 1606 981 1674 etiam
1049 1604 1114 1671 in
1172 1604 1320 1704 ipso
1377 1603 1626 1673 claruit
1676 1604 1963 1693 spiritus
2083 1605 2453 1695 rophetiae‚
2520 1619 2596 1675 ut
2642 1618 2706 1676 et

154 1695 581 1786 praevideret
622 1694 875 1774 futura,
912 1706 977 1763 et
1023 1692 1339 1762 cordium
1374 1704 1816 1762 contueretur
1848 1715 2017 1762 occu
2055 1707 2140 1772 ta,
2179 1695 2490 1764 absentia
2537 1716 2708 1781 quo-

147 1807 287 1872 que
332 1784 515 1853 velut
566 1783 947 1873 praesentia
980 1795 1309 1861 cerneret,
1346 1794 1411 1850 et
1444 1803 1516 1850 se
1568 1795 1992 1871 praesentem
2046 1782 2450 1853 absentibus
2497 1785 2708 1853 mira-

154 1873 391 1942 biliter
437 1872 810 1941 exhiberet.
848 1877 1176 1960 Tempore
1208 1892 1529 1956 namque,
1568 1891 1705 1956 quo
1741 1871 2121 1940 Damiatam
2160 1873 2706 1942 Christianorum

150 1961 515 2030 obsidebat
560 1962 919 2041 exercituS,
966 1959 1200 2028 aderat
1236 1960 1347 2028 Vir
1397 1960 1510 2028 Dei
1554 1981 1688 2027 non
1744 1960 1982 2040 armis,
2031 1961 2144 2031 sed
2178 1961 2313 2030 fide
2362 1962 2701 2031 munitus.

154 2054 324 2118 Cum
378 2050 590 2139 igitur
636 2049 747 2118 die
796 2049 954 2118 belli
1000 2048 1368 2118 Christiani
1422 2061 1829 2137 pararentur
1876 2048 1958 2117 ad
2018 2070 2347 2139 pugnam,
2404 2050 2532 2119 hoe
2587 2072 2710 2119 au-

154 2138 352 2213 dito,
408 2139 656 2208 Christi
706 2142 954 2207 Servus
1004 2138 1437 2206 vehementer
1510 2137 1872 2227 ingemuit,
1937 2137 2241 2224 dixitque
2298 2139 2482 2208 socio
2531 2161 2702 2209 suo:

156 2250 194 2293 «
228 2227 295 2295 Si
334 2227 490 2297 belli
540 2227 744 2296 fuerit
773 2239 1143 2296 attentatus
1193 2227 1574 2316 ingressae,
1619 2225 1917 2295 ostendit
1970 2227 2139 2295 mihi
2191 2228 2522 2296 Dominus
2572 2250 2707 2298 non

210 2337 484 2405 rospere
532 2316 771 2386 cedere
820 2316 1249 2385 Christianis,
1307 2319 1551 2383 Verum
1590 2315 1646 2382 si
1690 2315 1818 2383 hoc
1867 2315 2124 2394 dixero,
2165 2315 2397 2385 fatuus
2435 2330 2710 2405 reputa-

157 2339 309 2484 Eom
364 2405 422 2473 si
472 2417 768 2485 taonem,
824 2404 1319 2473 conscientiam
1380 2424 1514 2472 non
1566 2403 1878 2472 evadam.
1951 2404 2125 2487 Quid
2182 2405 2393 2495 igitur
2443 2406 2561 2475 tibi
2616 2406 2712 2474 vi-

158 2493 475 2564 detur?»
526 2493 903 2584 Respondit
949 2494 1181 2563 socius
1249 2493 1445 2577 ejuS‚
1500 2490 1738 2562 dicens
1780 2516 1794 2561 ε
1850 2517 1886 2560 ((
1918 2497 2189 2575 Frater,
2251 2517 2370 2584 pro
2424 2496 2711 2566 minimo

160 2583 285 2652 tibi
338 2583 424 2652 sit
470 2594 546 2652 ut
593 2583 679 2652 ab
729 2583 1131 2651 hominibus
1170 2581 1530 2672 judiceriS,
1562 2583 1724 2669 quia
1778 2605 1910 2651 non
1954 2584 2155 2653 modo
2190 2584 2440 2672 incipis
2475 2584 2711 2655 fatuus

158 2672 493 2762 reputari.
547 2677 852 2741 Exonera
880 2671 1371 2741 conscientiam
1425 2682 1639 2751 tuam,
1676 2685 1741 2741 et
1773 2676 1982 2741 Deum
2023 2674 2243 2761 magis
2276 2672 2460 2753 time,
2499 2693 2710 2758 quam

164 2761 579 2830 homines.»
630 2766 776 2844 Quo
811 2759 1070 2839 audit0,
1123 2759 1446 2828 exsiliens
1494 2760 1740 2830 Christi
1797 2782 2063 2848 praeco,
2119 2759 2544 2830 salutaribus
2573 2783 2714 2830 mo-

160 2850 329 2918 nitis
378 2849 801 2919 Christianos
850 2848 1273 2939 aggreditur,
1333 2848 1644 2937 prohibet
1695 2849 1979 2927 bellum,
2019 2848 2394 2929 denunciat
2439 2871 2707 2917 casum.

162 2939 264 3007 Fit
315 2939 561 3008 veritas
611 2940 681 3006 in
732 2938 1084 3007 fabulam:
1163 2938 1662 3007 induraverunt
1731 2959 1850 3007 cor
1914 2959 2146 3014 suum,
2199 2950 2263 3006 et
2343 2936 2715 3007 noluerunt

160 3030 432 3096 reverti.
487 3033 655 3107 Itur,
693 3027 1150 3096 committitur
1195 3038 1260 3095 et
1310 3026 1626 3106 bellatur,
1672 3038 1944 3112 totaque
1981 3027 2046 3093 in
2082 3024 2316 3115 fugam
2354 3026 2716 3095 revertitur

160 3116 413 3185 militia
460 3116 868 3197 Christiana,
924 3116 1131 3185 finem
1181 3114 1340 3184 belli
1380 3116 1833 3204 opprobrium
1885 3117 2228 3204 regerenS,
2285 3136 2419 3183 non
2471 3115 2714 3183 trium-

159 3204 409 3294 phum.
463 3211 674 3274 Tanta
720 3226 878 3273 vero
908 3216 1135 3294 strage
1167 3204 1709 3273 Christianorum
1764 3204 2176 3272 imminutus
2208 3216 2309 3271 est
2349 3225 2707 3284 numerus»,

157 3305 240 3362 ut
288 3293 471 3362 circa
540 3315 653 3363 sex
711 3293 932 3362 millia
978 3292 1234 3361 fuerint
1283 3293 1461 3383 inter
1510 3305 1816 3361 mortuos
1865 3304 1929 3360 et
1986 3293 2289 3381 captivos
2336 3292 2392 3360 ²⁵.
2448 3297 2523 3360 In
2576 3314 2714 3379 quo

158 3381 513 3451 evidenter
552 3383 869 3462 innotuit,
923 3381 1103 3467 quod
1142 3380 1531 3471 spernenda
1591 3402 1724 3449 non
1775 3391 1919 3449 erat
1968 3381 2306 3471 sapientia
2355 3383 2709 3470 PauperiS,

163 3494 318 3539 cum
367 3473 600 3540 anima
637 3473 968 3561 virijuslt‘
1011 3473 1371 3540 annunciet
1410 3470 1781 3561 aliqnando
1836 3493 2019 3550 vera,
2053 3493 2257 3560 quam
2303 3481 2553 3560 septe-m
2587 3472 2727 3539 cir-

156 3570 643 3650 cumspectores
667 3613 687 3639 ,
757 3561 1054 3629 sedentes
1112 3562 1179 3628 in
1246 3562 1508 3628 eoecelso
1569 3560 1659 3627 ad
1728 3560 2211 3649 speculandum
2273 3560 2709 3648 (Ecclest'ast.

162 3671 406 3727 xxxvn,
466 3648 601 3737 18).
655 3648 797 3717 Alio
840 3669 1114 3734 quoque
1162 3660 1502 3736 tempore,
1568 3668 1728 3715 eum
1784 3661 1931 3737 post
1990 3649 2442 3717 reversionem
2493 3648 2717 3737 ipsius

166 3736 255 3806 de
305 3737 485 3807 ultra
521 3758 729 3817 mare,
787 3736 1110 3806 Celanum
1173 3735 1696 3826 praedicaturus
1744 3736 2117 3817 accederet,
2177 3736 2375 3805 miles
2432 3736 2717 3822 quidam

168 3825 476 3916 supplici
522 3847 680 3894 eum
733 3824 1086 3895 devotione
1135 3846 1296 3893 cum
1349 3824 1678 3893 instantia
1730 3847 1980 3916 magna
2030 3825 2339 3894 invitavit
2386 3825 2471 3892 ad
2514 3846 2717 3914 pran-

168 3915 389 3983 dium.
444 3914 638 3983 Venit
685 3914 914 4001 itaque
962 3914 1043 3983 ad
1102 3913 1340 3982 militis
1389 3912 1701 3994 domurn,
1741 3915 2104 4001 omnisque
2145 3913 2406 3983 familia
2460 3935 2718 4003 paupe-

172 4025 325 4072 rum
381 4002 728 4092 hospitum
764 4002 1090 4071 exultavit
1124 4002 1192 4070 in
1246 4002 1586 4093 ingressu.
1642 4007 1808 4073 Ante
1856 4025 2034 4083 vero,
2073 4023 2281 4089 quam
2332 4002 2564 4071 cibum
2599 4024 2719 4072 su-

176 4104 458 4173 merent,
509 4093 707 4180 juxta
756 4090 1034 4160 solitum
1088 4112 1391 4172 morem,
1446 4092 1559 4160 Vir
1612 4105 1838 4160 mente
1895 4091 2180 4160 devotus
2244 4092 2538 4160 offerens
2589 4095 2721 4160 Deo

178 4201 411 4268 preces
458 4194 522 4250 et
572 4179 836 4261 laudes,
891 4178 1110 4248 oculis
1160 4181 1380 4250 stabat
1409 4179 1687 4249 elevatis
1729 4181 1798 4249 in
1831 4179 2126 4248 coelum.
2179 4180 2498 4249 Oratione
2530 4202 2722 4251 com-

178 4267 377 4357 pleta,
432 4269 813 4360 benignum
869 4269 1206 4359 hospitem
1258 4268 1689 4338 familiariter
1727 4268 2135 4338 advocatum
2179 4269 2247 4337 in
2296 4282 2580 4358 partem,
2621 4268 2721 4337 sie

228 4433 253 4460 ¹·
284 4433 408 4474 Haeo
424 4437 497 4473 est
516 4435 712 4483 strages.
730 4443 870 4483 quam
892 4433 1232 4481 cruce-signati
1251 4433 1299 4471 in
1319 4433 1485 4481 quinta.
1505 4442 1668 4473 eorum
1688 4431 1998 4482 expeditione,
2019 4431 2075 4473 de
2106 4441 2198 4482 qua
2227 4432 2328 4482 jam
2361 4431 2579 4477 diximus,
2599 4429 2725 4480 passi

170 4489 288 4529 suut
308 4488 430 4536 apud
451 4488 725 4531 numatam.
746 4490 796 4527 in
815 4490 1037 4536 Aegypto.
1057 4487 1132 4527 die
1150 4488 1203 4527 29
1223 4486 1411 4537 augusti
1435 4487 1550 4529 1219.
1882 4495 1901 4516 ο

336 4556 577 4613 surius
607 4588 627 4598 ·
669 4554 838 4615 Vitae
867 4552 969 4616 SS.
1006 4587 1027 4601 -
1058 4553 1193 4616 Vol.
1226 4552 1297 4614 X.
2493 4547 2564 4609 11
