3347 4999
758 331 887 394 448
1390 346 1467 392 m:
1516 344 1878 400 omausmu
1926 346 2195 391 mmm.
2250 344 2459 392 Arme.
2879 326 3039 392 OCT.
3091 327 3160 390 ⁴6

671 431 992 511 vestibu5‚
1047 430 1371 517 crineque
1406 429 1653 511 solum,
1694 450 1924 499 secum
1962 429 2452 498 comitantibus
2484 429 2666 510 filiis,
2707 450 3039 516 unamque
3071 429 3165 498 in-

669 520 1026 599 fantulam,
1079 541 1256 606 quae
1288 532 1453 588 tunc
1485 517 1888 597 lactabatur,
1929 518 2249 587 manibus
2283 530 2580 607 gestam,
2627 539 2802 605 quae
2829 518 3164 587 nescientis

671 609 1026 699 projicitur
1057 608 1143 676 ad
1197 606 1401 698 pedes
1459 608 1713 677 mariti.
1768 606 1981 675 Etiam
2035 606 2186 695 ipsa
2245 607 2392 676 suis
2440 629 2663 696 genua
2720 628 2866 676 com
2920 606 3165 675 lectitur

665 698 875 775 ulnis,
931 696 1221 768 sibilans
1248 696 1728 766 vociferatione
1761 695 2117 765 draconis:
2164 722 2187 756 α
2225 695 2539 766 Miserere
2581 696 2738 776 mei,
2794 694 2889 764 du
2918 695 3165 763 cissime

668 786 878 857 simul
913 798 977 855 et
1011 786 1156 854 tui:
1207 785 1528 854 miserere
1574 784 2067 854 communibus
2116 783 2376 865 liberis,
2420 807 2594 872 quos
2640 783 2975 872 conspicis
3012 783 3031 851 i
3081 803 3159 852 se.

668 881 809 945 Non
864 873 1681 961 subjaceantconditioni
1740 871 1995 953 servili,
2047 894 2221 959 quos
2268 873 2492 943 claros
2540 874 2858 963 prosapia
2900 871 3006 941 red
3059 870 3166 939 idit

669 964 941 1055 generis
981 964 1220 1032 nostri.
1272 968 1414 1033 Non
1466 963 1801 1034 sub‘iciar
1831 982 1956 1051 ego
2017 960 2303 1052 indigno
2351 976 2416 1031 et
2465 964 2647 1052 turpi
2696 961 3030 1050 conjugio,
3082 959 3166 1025 vi-

671 1067 865 1122 vente
914 1053 1203 1132 marito,
1272 1072 1450 1138 quae
1498 1052 1590 1120 mi
1651 1051 1669 1118 i
1734 1072 2004 1139 semper
2072 1050 2249 1120 inter
2307 1073 2589 1122 coaevas
2646 1050 3046 1141 plaudebam
3094 1046 3167 1115 de

671 1146 912 1212 Saturo
947 1163 1118 1210 mec.
1156 1140 1514 1231 Cognoscit
1563 1145 1764 1219 Deus,
1819 1138 1984 1225 quia
2031 1138 2288 1209 invitus
2335 1138 2644 1209 facturus
2692 1161 2766 1209 es
2814 1139 2960 1219 hoc,
3008 1134 3165 1224 quod

669 1229 837 1301 forte
885 1229 1269 1299 voluntarie
1314 1228 1652 1316 aliquanti
1688 1228 2013 1298 fecerunt.
2058 1229 2243 1298 »Cui
2279 1228 2416 1311 ille,
2446 1228 2583 1299 Job
2622 1229 2842 1298 sancti
2877 1248 3045 1306 voce,
3078 1245 3166 1292 re-

670 1319 970 1407 spondit:
1024 1342 1061 1385 «
1097 1324 1473 1405 Tamquam
1527 1340 1666 1387 una
1732 1340 1811 1386 ex
1859 1317 2348 1406 insipientibus
2398 1318 2809 1388 mulieribus
2875 1312 3160 1402 loqueris.

672 1408 1160 1489 Formidarem,
1225 1407 1495 1487 mulier,
1549 1407 1607 1476 si
1657 1405 1798 1476 sola
1849 1419 2024 1476 esset
2083 1406 2292 1494 huius
2344 1407 2515 1476 vitae
2577 1429 2817 1476 amara
2863 1401 3159 1474 dulcedo:

673 1497 986 1576 artificio,
1032 1497 1307 1586 conjux,
1346 1495 1603 1566 diaboli
1635 1495 2073 1567 ministraris.
2126 1496 2189 1565 Si
2236 1495 2557 1586 diligeres
2605 1496 2952 1574 maritum,
3012 1510 3166 1559 nun-

666 1607 872 1672 quam
922 1584 1008 1654 ad
1060 1585 1434 1656 secundam
1485 1600 1774 1654 mortem
1825 1584 2196 1654 attraheres
2250 1585 2604 1674 proprium
2642 1585 2892 1653 virum.
2950 1581 3167 1676 Distra7

668 1674 837 1743 hant
870 1672 1071 1751 filios,
1126 1685 1444 1763 separent
1491 1695 1798 1753 uxorem,
1834 1672 2146 1742 auferant
2194 1673 2694 1743 substantiam:
2747 1672 2882 1742 mei
2931 1668 3170 1739 Domini

666 1784 791 1853 ego
839 1784 1126 1832 securus
1173 1762 1256 1832 de
1313 1763 1675 1852 promissis
1737 1762 1936 1831 verba
1989 1762 2268 1831 tenebo:
2333 1763 2399 1832 Si
2461 1763 2618 1851 quis
2677 1783 2816 1831 non
2864 1755 3169 1854 dimiserit

667 1873 973 1933 uxorem,
1028 1852 1224 1932 filios,
1280 1872 1481 1940 agros
1544 1864 1662 1921 aut
1709 1850 2032 1930 domum,
2089 1872 2282 1920 meus
2331 1873 2465 1920 non
2566 1852 2769 1921 oterit
2812 1871 2959 1920 esse
2996 1847 3170 1916 disci-

667 1940 898 2029 pulus.
939 1964 975 2007 »
1026 1940 1201 2022 Quid
1237 1939 1459 2008 ultra?
1505 1939 1897 2009 discedente
1947 1937 2234 2009 muliere
2271 1961 2431 2009 cum
2469 1940 2510 2008 fi
2548 1940 2631 2010 iis
2683 1940 2994 2017 refutata,
3031 1954 3169 2003 con-

663 2028 950 2098 fortatur
990 2034 1276 2097 Saturus
1310 2028 1397 2097 ad
1446 2049 1769 2099 coronam
1801 2051 1816 2092 :
1852 2027 2246 2108 discutitur,
2283 2028 2729 2118 exspoliatur,
2777 2027 3011 2116 poenis
3039 2043 3170 2093 con-

668 2117 930 2199 teritur,
978 2117 1339 2187 m’endicus
1373 2116 1767 2187 dimittitur.
1807 2123 1992 2186 Inter
2039 2116 2293 2187 dicitur
2324 2118 2386 2186 ei
2431 2117 2825 2207 prodeundi
2859 2131 3167 2186 accessus:

671 2219 882 2275 totum
916 2207 975 2274 ei
1007 2205 1335 2286 tulerunt,
1359 2206 1599 2276 stolam
1637 2219 1862 2275 tamen
1896 2206 2330 2292 baptismatis
2352 2206 2619 2276 auferre
2646 2229 2786 2277 non
2813 2211 3169 2297 potuerunt.

754 2297 790 2380 ξ
838 2299 994 2366 10.
1050 2299 1203 2365 Post
1242 2295 1408 2363 haec
1458 2295 1843 2366 Geisericus
1870 2293 2227 2365 ecclesiam
2263 2298 2506 2365 Cartha
2560 2296 2698 2368 inis
2740 2293 2972 2366 claudi
3006 2308 3171 2386 prae-

668 2384 868 2471 cepit,
909 2382 1260 2473 dissipatis
1309 2396 1510 2470 atque
1557 2384 1889 2474 dispersis
1932 2406 2051 2472 per
2082 2384 2349 2453 diversa
2381 2386 2521 2454 exsi
2560 2385 2784 2455 iorum
2834 2385 2999 2461 loca,
3039 2396 3174 2465 qula

668 2470 1044 2562 Episcopus
1087 2494 1218 2542 non
1270 2472 1508 2554 fuerat,
1566 2473 1982 2562 presbyteris
2013 2485 2076 2543 et
2127 2472 2482 2545 ministris.
2530 2478 2720 2558 Quae
2769 2475 2878 2544 vix
2913 2476 3173 2564 reserata

666 2574 786 2640 est,
827 2567 1087 2631 Zenone
1151 2563 1460 2652 principe
1509 2561 1943 2652 supplicante
1993 2584 2112 2653 per
2161 2563 2528 2652 patricium
2580 2569 2937 2642 Severum,
2993 2569 3052 2627 et
3094 2574 3175 2624 sic

665 2650 974 2719 universi
1021 2651 1107 2720 ab
1153 2650 1392 2721 exsilio
1443 2650 1816 2720 redierunt.
1872 2654 2057 2733 Quae
2106 2673 2261 2722 vero
2295 2652 2362 2720 in
2398 2652 2759 2741 Hispania,
2799 2650 3016 2726 Italia,
3049 2641 3174 2741 Dal-

668 2739 903 2818 matia,
956 2739 1290 2820 Calabri&
1331 2738 1595 2829 Apulia,
1639 2738 1893 2820 Sicilia,
1934 2741 2273 2821 Sardinia,
2312 2741 2587 2820 BrutiiS,
2629 2741 2963 2819 Lucania,
3004 2740 3176 2820 Epiro

665 2827 762 2896 vel
817 2827 1098 2897 Hellada
1131 2828 1437 2918 gesserit,
1476 2828 1725 2897 melius
1757 2828 1849 2897 ibi
1882 2829 2039 2917 ipsi,
2092 2831 2212 2916 qui
2251 2830 2433 2919 passi
2470 2844 2655 2910 sunt,
2720 2823 3177 2922 miserabiliter

665 2914 963 3006 lugenda
1012 2917 1411 2988 narrabunt.
1468 2918 1591 2986 Sed
1625 2917 1827 2986 etiam
1929 2918 2373 2988 ersecutionis
2438 2932 2712 2989 nostrae
2761 2943 2804 2990 a
2838 2917 3173 3007 Geisericq‚

663 3019 918 3091 quanto
967 3005 1377 3087 sublimiter,
1435 3019 1620 3075 tanto
1657 3006 1869 3075 crude
1903 3008 2026 3075 iter
2073 3019 2323 3096 gestae,
2380 3007 2504 3077 iste
2552 3008 2638 3077 sit
2689 3008 2882 3078 finis.
2931 3008 3181 3073 Duravit

665 3106 889 3162 autem
944 3095 1010 3163 in
1052 3116 1259 3183 regno
1297 3096 1502 3165 annis
1547 3118 1792 3176 xxxvii,
1830 3096 2191 3167 ,mensibus
2241 3096 2488 3166 tribus,
