3347 4999
722 264 849 328 330
1405 282 1482 327 nn
1532 282 1586 327 s.
1643 280 1915 329 PAUMNO
1963 281 2157 328 muse.
2214 282 2396 328 saon.
2866 264 3062 329 OCT.
3134 265 3229 328 40

631 365 1104 437 obsecundare
1158 364 1478 446 volueris,
1531 365 1737 435 etiam
1789 388 1827 435 a
1879 366 2227 456 perpetuis
2287 366 2626 459 malorum
2695 367 3071 436 tormentis
3154 380 3231 437 te

634 456 956 536 liberanS,
993 455 1247 524 aeterni
1299 477 1531 525 secum
1584 455 1779 543 regni
1828 455 1895 523 in
1946 455 2156 525 coelis
2204 453 2405 524 faciet
2463 476 2610 524 esse
2674 456 3136 545 participem.
3180 480 3223 521 »

631 545 897 628 Quibus
930 543 1210 624 auditiS,
1258 548 1417 625 Rex,
1471 544 1824 634 suscipere
1869 543 2152 631 quidem
2202 565 2273 613 se
2320 544 2554 625 fidem,
2599 566 2806 631 quam
2860 543 3219 625 docebat,

629 646 694 704 et
728 633 896 702 velle
927 646 994 703 et
1024 632 1271 702 debere
1303 632 1782 723 respondebat;
1841 656 2070 703 verum
2123 633 2353 702 adhuc
2393 655 2552 702 cum
2606 633 2877 713 amicis,
2968 634 3221 704 rinei·

630 722 837 812 pibus
861 733 925 791 et
957 721 1373 793 consiliariis
1421 721 1569 793 suis
1617 743 1765 791 sese
1811 721 1897 791 de
1929 722 2057 791 hoc
2104 721 2520 792 collaturum
2563 743 2713 791 esse
2766 722 2916 792 dice
2970 735 3077 804 at,
3126 735 3217 793 ut

631 812 687 881 si
720 824 787 880 et
819 810 917 880 illi
949 810 1186 880 eadem
1223 833 1383 881 cum
1413 832 1492 879 eo
1526 810 1779 881 sentire
1816 810 2084 891 vellent,
2129 832 2369 881 omnes
2399 811 2653 901 pariter
2683 810 2754 880 in
2791 810 2976 881 fonte
3005 812 3215 882 vitae

631 899 897 970 Christo
933 911 1523 969 consecrarentur.
1587 904 1665 968 Et
1713 912 2059 969 annuente
2122 898 2441 980 Paulino,
2502 899 2682 979 fecit,
2750 912 2826 969 ut
2881 900 3208 970 dixerat.

628 990 876 1059 Habito
909 990 1093 1058 enim
1129 1011 1291 1059 cum
1346 988 1775 1080 sapientibus
1841 987 2153 1069 consilio,
2220 989 2703 1059 sciscitabatur
2769 988 3208 1080 singulatim

631 1078 720 1148 ab
769 1078 1120 1159 omnibuS,
1175 1078 1404 1164 qualis
1453 1078 1582 1148 sibi
1619 1077 1932 1147 doctrina
1981 1077 2148 1148 haec
2180 1089 2465 1149 eatenus
2492 1076 2922 1159 inaudita,et
2961 1099 3211 1149 novus

626 1166 1029 1247 divinitatis
1081 1169 1202 1254 qui
1257 1164 1807 1256 praedicabatur,
1845 1164 2078 1236 cultus
2109 1165 2478 1236 videretur.
2535 1166 2653 1236 Cui
2697 1166 2971 1256 primus
3005 1189 3205 1256 pon-

629 1255 894 1326 tificum
936 1256 1159 1345 ipsius
1208 1257 1396 1337 Coifi,
1432 1255 1761 1326 continuo
1796 1255 2183 1345 respondit:
2231 1278 2267 1322 «
2296 1262 2395 1325 Tu
2430 1254 2605 1336 vide,
2647 1260 2808 1334 Rex,
2852 1255 3063 1343 quale
3102 1257 3206 1325 sit

631 1345 783 1426 hoc,
837 1344 1018 1431 quod
1094 1345 1291 1415 nobis
1357 1344 1836 1435 praedicatur:
1900 1365 2025 1434 ego
2066 1343 2186 1414 tibi
2254 1343 2628 1421 verissime,
2683 1344 2864 1430 quod
2909 1357 3199 1414 certum

628 1433 866 1513 didici,
922 1434 1265 1523 profiteor,
1318 1433 1484 1522 quia
1528 1432 1699 1501 nihil
1748 1433 2034 1502 omnino
2064 1432 2337 1504 virtutis
2372 1432 2598 1513 habet,
2646 1432 2818 1501 nibil
2858 1433 3199 1504 utilitatis

628 1522 870 1613 religio
913 1522 1053 1602 illa,
1095 1544 1302 1611 quam
1356 1523 1720 1609 hucusque
1754 1522 2125 1592 tenuimus.
2164 1522 2410 1594 Nullus
2457 1521 2640 1591 enim
2694 1533 2974 1591 tuorum
3024 1535 3191 1593 stu·

630 1612 898 1680 diosins
943 1633 1153 1699 quam
1212 1633 1248 1681 e
1298 1634 1362 1693 o,
1419 1610 1731 1680 culturae
1779 1609 2063 1680 deorum
2121 1624 2514 1681 nostrorum
2582 1632 2654 1680 se
2706 1610 3058 1690 subdidit,
3119 1624 3191 1681 et

630 1699 1089 1770 nihilominus
1140 1723 1256 1769 mu
1293 1701 1339 1768 ti
1371 1712 1556 1779 sunt,
1593 1700 1712 1786 qui
1766 1698 2108 1789 ampliora
2156 1723 2192 1768 a
2230 1712 2294 1769 te
2340 1698 2703 1781 beneficia,
2754 1721 2963 1786 quam
3017 1721 3181 1792 ego,

629 1801 692 1858 et
743 1790 1035 1879 majores
1090 1790 1444 1879 accipiunt
1489 1786 1896 1879 dignitates,
1952 1788 2311 1946 magisque
2369 1802 2865 1879 prosperantur
2919 1789 2988 1856 in
3029 1811 3192 1859 om-

631 1877 861 1958 nibuS,
917 1900 1094 1964 quae
1143 1877 1410 1967 agenda
1459 1876 1558 1945 vel
1608 1876 2029 1964 acquirenda
2122 1879 2476 1967 isponunt.
2533 1878 2601 1947 Si
2636 1890 2859 1947 autem
2897 1877 3001 1946 dii
3048 1878 3185 1947 ali-

629 1966 793 2054 quid
841 1966 1164 2045 valerent,
1222 1987 1330 2034 me
1378 1966 1607 2055 potius
1644 1966 1890 2056 juvare
1940 1965 2208 2047 vellent,
2264 1966 2384 2055 qui
2417 1965 2558 2036 illis
2606 1966 2996 2056 impensius
3030 1989 3180 2036 ser·

631 2056 771 2125 vire
803 2056 1065 2125 curavi.
1111 2053 1302 2123 Unde
1351 2066 1580 2135 restat,
1633 2067 1710 2124 ut
1758 2055 1817 2124 si
1870 2076 1972 2135 ea,
2029 2076 2205 2143 quae
2271 2077 2457 2125 nunc
2501 2054 2697 2125 nobis
2747 2076 2918 2124 nova
2981 2077 3183 2144 prae-

628 2143 974 2223 dicantur,
1035 2142 1316 2212 meliora
1362 2165 1510 2213 esse
1540 2157 1606 2214 et
1660 2143 1961 2225 fortiora,
2017 2144 2252 2213 habita
2298 2144 2824 2225 examinatione,
2894 2166 3178 2245 perspe-

630 2234 807 2303 xeris
839 2288 854 2313 ,
910 2232 1169 2319 absque
1201 2232 1346 2301 ullo
1405 2233 1847 2302 cunctamine
1902 2234 2251 2323 suscipere
2281 2231 2400 2301 illa
2449 2231 3180 2322 festinemuS.»CuJus

630 2321 940 2390 suasioni
992 2320 1350 2408 verbisque
1397 2321 1858 2408 prudentibus
1890 2321 2071 2391 alius
2118 2322 2529 2413 optimatum
2583 2322 2892 2393 tribuens
2939 2344 3180 2392 assen-

631 2432 810 2490 sum,
852 2410 1179 2479 continuo
1226 2409 1558 2480 subdidit.

718 2499 946 2586 §1³
1002 2497 1273 2582 «Talis,
1346 2499 1709 2587 inquiens,
1758 2498 1924 2568 mihi
1993 2498 2292 2582 videtur,
2361 2505 2533 2581 Rex,
2607 2501 2741 2569 vita
2802 2499 3173 2570 hominum

633 2610 957 2678 praesens
1003 2588 1074 2657 in
1133 2589 1350 2669 terrie,
1404 2589 1488 2657 ad
1523 2590 2104 2679 comparationem
2140 2589 2314 2679 ejus,
2357 2589 2542 2676 quod
2589 2589 2787 2659 nobis
2828 2591 3173 2659 incertum

628 2690 752 2756 est,
787 2678 1158 2768 'temporis
1204 2677 1408 2764 quale
1439 2699 1624 2757 cum,
1684 2691 1746 2747 te
1793 2677 2134 2747 residente
2185 2677 2269 2746 ad
2320 2699 2601 2748 coenam
2657 2700 2816 2748 cum
2869 2677 3173 2747 ducibus

628 2787 707 2836 ac
759 2766 1094 2836 ministris
1127 2766 1264 2835 tuis
1298 2779 1600 2855 tempore
1631 2764 1956 2847 brumali,
1992 2788 2280 2837 accenso
2311 2766 2591 2854 quidem
2626 2766 2775 2837 foco
2801 2767 2870 2835 in
2918 2767 3169 2844 medio,

625 2867 693 2924 et
730 2855 954 2924 calido
1001 2855 1238 2926 effecto
1271 2854 1667 2935 coenaculo,
1708 2853 2100 2924 furentibus
2135 2869 2362 2925 autem
2400 2855 2567 2925 soris
2603 2877 2721 2945 per
2756 2855 2993 2925 omnia
3031 2869 3175 2926 tur·

626 2943 910 3014 binibus
962 2943 1364 3014 hiemalium
1422 2944 1810 3034 pluviarum
1856 2943 1955 3011 vel
2007 2943 2297 3025 nivium,
2352 2945 2725 3013 adveniens
2783 2966 2969 3014 unus
3022 2966 3177 3033 pas-

628 3055 888 3112 serum,
929 3032 1214 3105 domum
1252 3033 1584 3103 citissime
1618 3031 2098 3122 pervolaverit:
2142 3032 2262 3120 qui
2305 3055 2463 3101 cum
2512 3056 2630 3124 per
2656 3055 2877 3103 unum
2914 3034 3173 3102 ostium

625 3121 1066 3211 ingrediens,
1128 3144 1282 3191 mox
1347 3142 1465 3210 per
1511 3121 1698 3190 aliud
1750 3122 2010 3200 exierit,
2076 3121 2227 3221 ipso
2272 3122 2551 3209 quidem
2630 3136 2972 3211 tempore,
3031 3142 3173 3208 quo

625 3210 814 3280 intus
861 3223 984 3289 est,
1025 3209 1271 3280 hiemis
1306 3223 1699 3299 tempestate
1750 3232 1881 3279 non
1940 3223 2051 3279 tan
2110 3222 2290 3280 ttur:
2330 3211 2444 3282 sed
2486 3225 2710 3280 tamen
2761 3210 3175 3300 parvissimo

630 3299 1018 3367 serenitatis
1068 3311 1412 3367 momento
1479 3319 1789 3380 excurso,
1845 3320 1997 3369 mox
2094 3321 2132 3369 e
2187 3299 2409 3368 hieme
2460 3299 2526 3368 in
2582 3300 2878 3369 hiemem
2940 3318 3177 3388 regre-

625 3385 848 3466 diens,
887 3387 1023 3456 tuis
1060 3384 1280 3455 oculis
1312 3386 1630 3458 elabitur.
1686 3393 1787 3458 Ita
1835 3388 2002 3458 haec
2064 3389 2202 3457 vita
2251 3387 2615 3458 hominum
2666 3389 2749 3457 ad
2815 3385 3168 3457 modicum

626 3478 952 3564 apparet:
992 3475 1156 3561 quid
1192 3487 1421 3545 autem
1457 3490 1807 3563 sequatur,
1844 3476 2095 3564 quidve
2131 3477 2596 3567 praecesserit,
2668 3497 2946 3566 prorsus
2976 3476 3175 3565 igno-

626 3586 889 3634 ramus,
945 3563 1135 3633 Unde
1165 3564 1220 3633 si
1274 3563 1440 3634 haec
1480 3586 1649 3635 nova
1700 3564 2013 3635 doctrina
2050 3567 2308 3636 certius
2340 3564 2603 3666 aliquid
2638 3565 2888 3645 attulit,
2926 3564 3171 3635 merito

513 3714 521 3726 .
626 3651 974 3739 sequenda
1006 3674 1155 3722 esse
1187 3653 1549 3723 videtur.»
1600 3653 1721 3723 His
1769 3653 2026 3723 similia
2071 3669 2136 3725 et
2181 3668 2430 3725 caeteri
2482 3655 2772 3743 majores
2829 3666 3029 3734 natu,
3086 3674 3171 3722 ac

627 3741 832 3831 Regis
860 3739 1261 3822 consiliarii,
1302 3741 1636 3812 divinitus
1665 3742 2025 3824 admoniti,
2083 3743 2697 3832 prosequebantur.
2750 3742 3007 3832 Adjecit
3038 3764 3168 3810 au-

631 3842 761 3899 tem
807 3830 994 3911 coifi,
1032 3830 1196 3918 quia
1247 3830 1444 3901 vellet
1482 3832 1711 3920 ipsum
1765 3830 2131 3900 Paulinum
2172 3830 2292 3900 dili
2348 3832 2578 3903 entius
2611 3831 2858 3902 audire
2890 3830 2975 3900 de
3006 3835 3162 3912 Deo,

625 3940 828 4005 quem
868 3919 1307 4009 praedicabat
1354 3920 1637 3990 verbum
1701 3919 2088 3990 facientem.
2134 3925 2281 4003 Quo
2377 3943 2566 4002 cum,
2618 3922 2907 4011 jubente
2961 3925 3164 4019 Rege,

515 4050 534 4067 ·
626 4006 896 4088 faceret,
941 4008 1371 4090 exclamavit,
1425 4008 1682 4078 auditis
1716 4010 1865 4099 ejus
1913 4009 2374 4091 sermonibuS,
2427 4008 2708 4080 dicens:
2750 4031 2786 4076 «
2816 4015 2966 4078 Jam
2999 4008 3167 4076 olim

628 4095 1094 4167 intellexeram
1149 4096 1323 4167 nihil
1372 4119 1544 4179 esse,
1605 4098 1792 4185 quod
1840 4098 2272 4168 colebamus:
2328 4098 2491 4185 quia
2554 4097 2865 4167 videlicet
2910 4108 3171 4184 quanto

628 4184 1012 4256 studiosius
1061 4187 1127 4255 in
1166 4207 1244 4255 eo
1282 4186 1475 4256 cultu
1528 4187 1881 4256 veritatem
1940 4186 2382 4274 quaerebam,
2439 4199 2626 4257 tanto
2696 4188 2927 4256 minus
2981 4187 3171 4254 inve-

629 4274 929 4343 niebam.
983 4279 1177 4344 Nunc
1216 4286 1444 4345 autem
1495 4288 1726 4365 aperte
1778 4274 2119 4365 profiteor.
2172 4276 2339 4362 quia
2388 4276 2454 4343 in
2494 4275 2622 4345 bac
2661 4275 3171 4364 praedicatione

629 4363 877 4432 veritas
910 4362 1115 4432 datur
1148 4363 1289 4444 illa,
1322 4385 1498 4451 quae
1533 4364 1730 4434 nobis
1761 4364 1955 4443 vitae,
2013 4364 2257 4435 salutis
2290 4387 2370 4434 ac
2419 4364 2861 4435 beatitudinis
2889 4377 3173 4432 aeterna
