3347 4999
678 326 805 390 254
1464 343 1542 389 οε
1590 342 1644 389 s.
1701 341 2014 390 naummo
2063 343 2254 390 nar.
2869 326 3047 394 OCT.
3110 331 3156 394 8

585 440 1042 517 reputaretur,
1083 426 1272 495 nulla
1322 439 1548 496 autem
1601 448 1760 515 spes
1806 438 1984 496 esset
2031 425 2196 508 fore,
2232 440 2309 496 ut
2348 449 2384 496 a
2428 428 2669 499 morbo
2703 428 3150 511 liberaretur;

587 539 774 595 cum,
832 516 1141 603 inquam,
1184 515 1560 605 agitaretur
1599 515 1810 585 tantis
1858 516 2212 594 fluctibus,
2253 530 2316 586 et
2354 517 2556 606 plane
2590 518 3146 602 inevitabilibuS,

583 604 926 675 Praefecto
967 625 1163 673 sacra
1201 605 1540 691 quaedam
1593 607 1846 675 ancora
1885 603 2015 673 fuit
2065 603 2405 695 refugium
2458 606 2541 676 ad
2601 606 2914 677 divinum
2970 623 3153 677 tem-

586 693 777 784 plum
816 693 1154 783 Martyris
1209 698 1285 763 In
1336 694 1517 781 quod
1556 715 1717 762 cum
1769 692 2012 762 fuisset
2047 694 2506 776 introductuS,
2561 696 2753 765 flexis
2813 697 3145 785 genibuS,

583 797 647 853 et
694 781 1051 871 depositus
1100 780 1343 852 fuisset
1391 783 1459 851 in
1505 782 1700 862 loc0,
1762 783 1832 851 in
1893 805 2032 869 quo
2072 805 2346 852 sacrum
2402 784 2574 853 illud
2626 806 2745 854 cor
2799 809 2880 856 us
2916 785 3154 856 fuerat

580 894 652 941 1n
708 885 887 940 terra
942 871 1300 941 conditum
1349 872 1420 960 (o
1453 870 1759 940 divinam
1814 871 2297 944 visitationem,
2336 893 2376 942 o
2416 895 2557 942 rem
2598 808 3011 944 ineflgbilem
3044 875 3142 964 l),

582 960 967 1030 suffecisset
998 960 1279 1046 quidem
1317 959 1402 1029 ad
1433 972 1664 1050 aperte
1690 960 2183 1030 ostendendam
2225 963 2544 1034 Demetrii
2584 964 2876 1053 gratiam
2910 978 2974 1033 et
3002 966 3149 1033 vir-

582 1061 823 1130 tutem,
857 1049 916 1118 si
947 1069 1107 1118 cum
1144 1049 1499 1140 depositus
1540 1047 1776 1135 aliquo
1812 1061 2116 1139 tempore
2153 1063 2633 1140 exspectasset,
2677 1066 2741 1122 et
2775 1052 3147 1122 vehemen-

586 1138 850 1208 tissime
884 1148 1189 1220 orasset,
1243 1137 1570 1207 sensisset
1608 1137 1973 1206 auxilium.
2027 1137 2220 1210 Ntinc
2253 1153 2480 1208 autem
2527 1140 2655 1210 hoc
2690 1154 2790 1210 est
2839 1142 3145 1210 maxime

581 1248 863 1306 novum,
919 1226 1047 1296 hoc
1085 1238 1187 1297 est
1232 1226 1724 1296 miraculorum
1781 1225 1972 1296 illius
1996 1227 2623 1314 jucundissimum,
2678 1229 2860 1316 quod
2897 1231 3142 1300 omnia

582 1316 750 1385 haec
802 1315 1011 1385 simul
1061 1328 1584 1396 concurrerunt,
1638 1315 1897 1406 aegroti
1952 1315 2018 1382 in
2081 1315 2335 1405 templo
2368 1317 2707 1405 depositio
2743 1372 2758 1398 ,
2817 1319 3142 1407 Martyris

585 1427 708 1495 per
746 1403 937 1473 labra
996 1403 1188 1475 illius
1239 1405 1617 1485 invocati0,
1671 1418 1736 1473 et
1791 1404 2011 1473 morbi
2046 1403 2271 1473 facilis
2303 1405 2563 1493 ejectio.
2621 1408 2942 1476 Leontius
2991 1422 3138 1477 tam

580 1493 869 1564 celerem
900 1506 1315 1565 consecutus
1344 1493 1797 1573 curationem,
1837 1493 1855 1561 i
1913 1514 1983 1561 se
2022 1514 2297 1579 quoque
2335 1494 2623 1564 celerem
2659 1495 2882 1565 reddit
2909 1518 3143 1566 remu-

584 1582 1034 1652 nerationem.
1088 1588 1252 1652 Nam
1305 1604 1461 1650 cum
1505 1582 1862 1650 domuncu
1895 1604 2031 1663 am,
2075 1582 2142 1650 in
2185 1604 2321 1668 qua
2355 1605 2628 1653 sacrum
2666 1606 2922 1673 corpus
2957 1590 3142 1653 Mar-

584 1672 749 1759 tyris
796 1670 1184 1761 depositum
1238 1670 1407 1751 fuit,
1472 1692 1648 1757 quae
1688 1684 1830 1739 erat
1884 1692 2089 1760 parva
2139 1671 2515 1741 admodum
2565 1687 2631 1741 et
2682 1687 3016 1763 angusta,
3069 1686 3141 1743 et

580 1760 835 1830 lavacri
884 1759 1383 1847 comprehensa
1431 1770 1575 1827 erat
1621 1759 1891 1828 ambitu
1938 1770 2002 1827 et
2051 1759 2289 1840 stadii,
2345 1760 2736 1841 evertisset,
2794 1762 3135 1852 templum

580 1850 648 1918 in
685 1850 836 1941 ipsa
869 1849 1138 1918 civitate
1172 1847 1653 1917 Thessalonica
1704 1849 1793 1917 ab
1842 1849 2016 1938 ipsis
2063 1849 2356 1919 extruxit
2404 1849 2901 1931 fundamenti53
2943 1851 3133 1938 quod

583 1961 769 2008 nunc
817 1958 1091 2025 quoque
1130 1938 1435 2007 cernitur
1484 1937 1791 2006 medium
1849 1936 2027 2006 inter
2077 1936 2434 2026 publicum
2495 1939 2842 2008 lavacrum
2894 1953 2960 2009 et
2999 1953 3141 2008 sta-

578 2027 773 2096 dium
814 2025 1279 2116 pulcherrime
1317 2026 1686 2095 excitatum
1723 2048 1736 2094 :
1793 2025 2264 2116 pulcritudine
2311 2028 2495 2096 enim
2548 2039 2614 2096 et
2651 2028 3138 2118 magnitudine

538 2115 757 2200 ¹nulli
821 2114 939 2183 alii
994 2114 1174 2184 cedit
1226 2136 1305 2184 ex
1365 2116 1451 2183 iis
1506 2136 1684 2202 quae
1745 2127 2018 2185 movent
2064 2114 2301 2184 oculos
2349 2116 2437 2185 ad
2485 2115 3016 2186 admirationem
3069 2128 3138 2187 et

578 2205 1020 2293 voluptatem.
2415 2283 2420 2286 .

667 2296 702 2379 ξ
750 2296 846 2361 θ.
899 2292 1224 2361 Abiturus
1256 2303 1481 2362 autem
1535 2292 1648 2361 hic
1685 2291 1787 2361 vir
1838 2291 1993 2381 pius
2031 2291 2102 2360 in
2141 2292 2524 2382 Illyricum,
2563 2315 2722 2364 cum
2776 2293 2975 2363 vellet
3007 2295 3137 2364 ali·

576 2381 795 2468 quam‘
848 2391 1107 2469 partem
1160 2381 1337 2450 sacri
1390 2382 1701 2470 corporis
1751 2381 2107 2471 accipere,
2164 2396 2240 2451 ut
2286 2380 2430 2449 illic
2486 2404 2763 2469 quoque
2808 2383 3136 2453 excitaret

579 2469 913 2559 templum
966 2468 1263 2561 glorioso
1311 2470 1610 2559 Martyri,
1667 2483 1951 2541 sanctus
2000 2491 2135 2540 non
2188 2483 2290 2540 est
2336 2470 2398 2539 ei
2447 2493 2799 2550 assensus,
2855 2472 2969 2542 sed
3013 2494 3134 2542 no-

576 2560 844 2630 cturnis
893 2559 1448 2650 apparitionibus
1504 2582 1666 2630 eum
1716 2571 1902 2629 arcet
1949 2583 1988 2628 a
2035 2573 2296 2649 coepto.
2362 2566 2720 2649 Propterea
2771 2563 3128 2643 secunda,

578 2661 655 2719 ut
705 2648 1006 2729 dieitur,
1061 2648 1497 2737 navigatione
1560 2671 1718 2717 cum
1788 2648 2226 2738 chlamydem
2281 2649 2642 2737 Martyris,
2709 2672 2887 2736 quae
2939 2649 3134 2720 illius

575 2737 964 2808 venerando
1014 2738 1355 2827 sanguine
1402 2736 1532 2807 fuit
1577 2751 1956 2818 cruentata,
2009 2751 2075 2807 et
2103 2759 2180 2807 ex
2215 2738 2366 2825 ejus
2407 2738 2961 2827 superhumerali
3005 2739 3134 2808 ali-

575 2827 747 2915 quid
797 2848 955 2897 acce
1012 2826 1218 2907 isset,
1272 2826 1457 2912 quod
1508 2825 1728 2896 solent
1775 2824 2125 2983 apdpellare
2180 2826 2483 2896 orarium
2518 2882 2533 2908 ‚
2595 2840 2661 2896 et
2709 2828 2776 2895 in
2831 2829 3135 2918 pretiosa

576 2939 761 2998 arca,
801 2938 937 3004 quo
1024 2938 1176 2986 vere
1214 2927 1359 2985 erat
1395 2915 1798 3005 pretiosum,
1894 2914 2299 3005 eposuisset,
2345 2916 2443 2984 sic
2485 2917 2800 3004 Martyris
2841 2918 3128 3004 quidem

575 3005 904 3076 satisfecit
937 3004 1300 3084 desiderio,
1336 3017 1402 3073 et
1435 3003 1569 3074 sibi
1621 3003 1988 3073 maximam
2041 3004 2405 3089 acquisivit
2443 3006 2903 3075 securitatem.
2941 3011 3133 3076 Certe

571 3117 732 3164 cum
769 3095 1018 3166 hiemis
1068 3105 1370 3182 tempore
1417 3114 1819 3163 reversurus
1869 3093 1938 3160 in
1980 3090 2364 3180 Illyricum,
2419 3093 2507 3162 ob
2555 3095 2728 3163 seria
2781 3094 3128 3181 quaedam

573 3184 843 3273 negotia
890 3184 1239 3272 Syrmium
1292 3195 1710 3271 properaret,
1763 3182 2002 3268 etjam
2057 3181 2476 3271 pervenisset
2522 3182 2605 3251 ad
2660 3184 2846 3272 ripas
2884 3185 3155 3269 cujus<

574 3271 733 3340 dam
785 3271 1124 3352 fluminis,
1168 3270 1498 3356 quoniam
1548 3269 1724 3340 illud
1781 3283 2208 3352 excreverat,
2263 3282 2331 3340 et
2391 3294 2720 3362 magnum
2773 3271 3127 3341 attollebat

574 3360 915 3429 fluentum
955 3413 970 3439 ,
1022 3370 1087 3427 et
1150 3372 1505 3448 propterea
1567 3382 1606 3429 a
1670 3358 1861 3428 nullo
1921 3373 2180 3449 poterat
2243 3360 2528 3429 omnino
2578 3361 2993 3439 transmitti,
3054 3373 3125 3429 et

575 3447 873 3517 multum
925 3446 1202 3534 quidem
1240 3447 1568 3538 temporis
1605 3447 2113 3527 intercesserat,
2166 3449 2502 3518 fluentum
2556 3463 2783 3519 autem
2840 3448 3125 3517 minime

574 3536 910 3617 cessabat,
948 3536 1064 3607 sed
1107 3536 1213 3609 iis.
1253 3538 1371 3623 qui
1408 3537 1871 3607 transmittere
1902 3536 2242 3617 volebant,
2286 3537 2691 3626 prohibebat
2723 3537 3120 3619 transitum;

576 3626 636 3696 is
686 3625 1114 3710 afficiebatur
1153 3645 1406 3714 magna
1454 3624 1669 3693 animi
1704 3625 2158 3715 aegritudine,
2212 3639 2277 3695 et
2309 3639 2454 3695 erat
2495 3625 2688 3695 valde
2718 3626 3126 3715 cogitabun-

573 3716 730 3796 duS‚
783 3726 849 3783 et
893 3712 1300 3784 versabatur
1344 3713 1413 3782 in
1468 3713 1788 3802 perplexa
1837 3713 2287 3783 dubitatione.
2328 3714 2400 3781 Ei
2445 3736 2600 3783 vero
2639 3735 2984 3804 apparens
3017 3714 3128 3783 di-

572 3804 776 3873 vinus
824 3803 1257 3873 Demetrius:
1312 3824 1347 3868 «
1383 3802 1612 3882 Omni,
1652 3803 1898 3890 inquit,
1953 3801 2170 3870 animi
2219 3801 2651 3893 aegritudine
2688 3817 2753 3873 et
2803 3803 3129 3873 incredu-

571 3892 758 3962 litate
810 3891 1045 3978 procul
1095 3891 1312 3980 ejecta
1345 3891 1434 3961 ab
1474 3891 1732 3971 animo,
1775 3890 1957 3978 quod
1997 3902 2220 3960 tecum
2258 3889 2414 3972 fers,
2452 3905 2729 3997 gestans
2765 3893 3116 3973 manibuS,

571 3982 790 4052 transi
836 3982 1126 4051 fluvium
1176 3980 1346 4050 citra
1395 3980 1995 4051 dubitationem.»
2049 3985 2247 4050 Paret
2286 3984 2676 4051 Praetectus
2723 3981 2784 4050 ei
2831 3981 2954 4068 qui
3003 4002 3125 4069 ap-

574 4082 935 4161 paruerat;
986 4083 1052 4140 et
1098 4091 1257 4139 cum
1297 4091 1500 4139 mane
1548 4070 1971 4140 ascendisset
2020 4068 2439 4149 vehiculum,
2496 4092 2618 4160 per
2673 4070 2958 4150 flumen,
3011 4090 3125 4138 ca-

572 4181 770 4250 psam
822 4172 1102 4250 portans
1166 4159 1542 4239 manibus,
1610 4171 1881 4230 etcum
1947 4158 2182 4228 animo
2244 4170 2479 4228 tenens
2546 4170 2806 4228 erectos
2843 4179 3122 4245 quoque

571 4249 832 4327 ocuIOS,
868 4247 1336 4337 gradiebatur,
1390 4248 1649 4318 ssuento
1698 4248 1895 4318 tacite
1936 4248 2315 4326 recedente,
2371 4260 2435 4316 et
2481 4246 2763 4317 cedente
2802 4248 3116 4326 nutibus,

572 4338 689 4425 qui
747 4358 882 4407 non
939 4337 1199 4407 cadunt
1251 4336 1383 4405 sub
1435 4336 1888 4427 adspectum;
1940 4336 2234 4426 dignum
2284 4336 2562 4422 quidem
2616 4336 3118 4417 admiratione,

572 4427 711 4499 fide
757 4439 1012 4511 autem,
1051 4447 1261 4515 quam
1304 4425 1598 4495 habebat
1646 4426 1715 4495 in
1767 4431 2159 4517 Martyrem,
2222 4446 2359 4494 non
2411 4424 2781 4516 indignum
2835 4424 3124 4496 subiens
