3347 4999
208 333 386 399 OCT.
437 333 523 397 ΞΟ
1102 348 1179 393 ns
1229 348 1283 393 s.
1337 346 1611 394 ARTEmo
1671 344 1860 393 imur.
2536 331 2663 395 589

207 434 672 505 familiaribus
725 443 790 501 et
837 431 1243 521 discipulis,
1310 443 1375 499 et
1434 430 1874 500 consumitur
1929 431 2015 499 ab
2091 430 2415 500 inimicis.
2481 432 2753 502 Theano

213 537 441 594 autem
496 524 648 591 e‘us
681 543 853 590 uxor
899 533 964 590 et
1011 520 1378 609 discipula,
1434 541 1591 588 cum
1630 518 1836 588 nollet
1871 518 2099 588 dicere
2130 541 2439 600 causam,
2481 537 2757 612 propter

213 635 422 700 quarn
467 611 531 680 sa
585 633 623 679 a
675 631 808 680 non
854 623 1247 689 vescuntur,
1293 610 1440 699 ipsa
1488 629 1786 695 quoque,
1829 608 1889 675 ei
1932 607 2175 697 lingua
2222 613 2601 698 amputata,
2642 633 2756 700 pe-

211 701 515 770 rimitur.

298 792 336 877 §
384 793 523 862 18.
560 811 597 854 «
625 794 807 858 Haec
840 798 1003 856 sunt
1029 786 1418 874 sapientum
1456 784 2035 873 Philosophorum
2080 783 2461 874 privilegia,
2496 788 2612 874 qui
2649 788 2756 857 bis

216 890 283 947 et
316 891 417 947 tet·
450 889 614 946 sunt
652 875 888 968 geniti,
943 888 1019 943 ut
1066 876 1215 963 ipse
1283 873 1516 942 dixisti
1564 874 1880 943 oratorie.
1942 873 2066 942 Illa
2117 886 2348 942 autern
2399 887 2560 943 sunt
2624 877 2756 945 mei

218 966 465 1036 Christi
520 964 882 1045 miracula,
919 976 1199 1053 propter
1245 963 1520 1053 generis
1570 962 1856 1031 humani
1908 962 2201 1031 salutem
2265 975 2331 1031 et
2386 964 2759 1033 restitutio-

218 1077 402 1124 nem.
449 1060 527 1124 Et
587 1053 1008 1143 Pythagoras
1041 1050 1319 1139 quidem
1364 1062 1429 1119 et
1479 1051 1860 1120 Mercurius
1910 1051 2269 1120 hominum
2323 1051 2594 1121 animas
2643 1052 2757 1121 de·

216 1144 486 1213 ducunt
516 1143 599 1212 ad
655 1140 1075 1232 profundum
1114 1139 1516 1219 inferorum,
1557 1139 1896 1227 quasdam
1932 1161 2170 1209 earum
2218 1141 2759 1241 transmigratio-

214 1254 339 1302 nes
368 1245 432 1300 et
467 1231 934 1301 traductiones
975 1228 1509 1308 introducenteS,
1556 1227 1934 1316 aliquando
1982 1226 2262 1315 quidem
2308 1229 2375 1297 in
2428 1230 2761 1299 animalia

218 1321 508 1391 rationis
537 1319 861 1410 expertia,
899 1330 963 1387 et
989 1318 1244 1387 bestias
1282 1339 1397 1386 eas
1445 1317 1919 1396 traducentes;
1981 1316 2358 1404 aliquando
2407 1331 2632 1387 autem
2687 1319 2756 1388 in

216 1411 444 1500 pisces
491 1422 556 1479 et
598 1408 909 1498 plantas;
952 1419 1017 1476 et
1045 1406 1219 1476 alias
1248 1405 1585 1492 quasdam
1639 1407 2127 1486 revocationes,
2179 1418 2245 1474 et
2291 1406 2596 1476 ambitus
2632 1408 2760 1477 fin-

215 1511 476 1585 gentes.
521 1498 830 1569 Christus
879 1507 1135 1575 autem,
1182 1507 1257 1564 ut
1314 1500 1487 1563 Deus
1537 1516 1738 1564 verus
1770 1506 1836 1564 et
1867 1508 2212 1575 aeternuS,
2253 1517 2409 1564 cum
2448 1496 2753 1566 animam

214 1587 485 1657 fecisset
537 1583 1024 1664 immortalem,
1066 1596 1129 1652 et
1178 1584 1351 1652 senii
1401 1596 1744 1671 expertem
1787 1582 2046 1665 divino,
2086 1584 2208 1670 qui
2241 1582 2373 1652 fuit
2404 1586 2492 1655 ab
2527 1585 2750 1665 initio,

217 1677 506 1766 spiritus
538 1690 602 1744 et
636 1673 1121 1751 insufflatione,
1160 1671 1440 1759 quando
1488 1672 1865 1741 fabricatus
1897 1672 2028 1741 fuit
2078 1672 2372 1761 primum
2409 1673 2757 1742 hominem

212 1765 323 1855 (ut
368 1764 612 1844 divini,
654 1777 719 1832 et
758 1784 934 1850 quos
978 1783 1177 1830 nemo
1219 1773 1437 1851 potest
1483 1760 1923 1841 calumniari,
1965 1760 2269 1830 referunt
2320 1760 2477 1830 libri
2529 1762 2764 1852 Mosis)

219 1875 370 1923 eam
423 1875 669 1922 rursus
722 1872 842 1940 per
879 1850 1417 1920 inobedientiam
1463 1849 1756 1938 lapsam,
1793 1861 1859 1919 et
1890 1849 2369 1940 deceptionem
2394 1852 2756 1940 serpentiS,

217 1943 337 2030 qui
374 1943 572 2011 affert
610 1940 864 2010 animis
897 1939 1208 2021 exitium,
1251 1939 1397 2029 ipse
1434 1939 1714 2007 veniens
1748 1939 1817 2006 in
1846 1950 2124 2019 terram,
2159 1950 2223 2007 et
2249 1939 2316 2006 in
2360 1961 2438 2007 ea
2472 1939 2755 2030 degenS,

217 2043 284 2099 et
330 2031 509 2099 viam
562 2029 807 2099 salutis
858 2028 1057 2098 nobis
1105 2026 1496 2109 ostendenS,
1541 2050 1659 2117 per
1716 2027 2142 2115 baptismum
2204 2040 2269 2096 et
2318 2029 2763 2098 resurrectio-

223 2140 378 2188 nem
416 2141 455 2186 a
505 2118 816 2198 mortuiS‚
853 2118 938 2186 ab
980 2116 1219 2187 inferis
1254 2115 1520 2185 reduxit
1550 2116 1634 2184 ad
1671 2114 1922 2186 coelos.
1961 2121 2039 2185 Et
2078 2138 2323 2186 rursus
2362 2118 2642 2186 veniens
2674 2117 2759 2186 ad

210 2207 669 2297 judicandum
708 2207 892 2276 vivos
918 2218 983 2275 et
1012 2217 1339 2285 mortuos.
1374 2204 1575 2274 faciet
1608 2226 1892 2295 surgere
1930 2226 2244 2293 corpora,
2287 2217 2351 2275 et
2390 2206 2764 2296 conjunget

219 2297 367 2365 suis
401 2295 792 2374 animabus,
846 2307 910 2363 et
953 2293 1188 2363 reddet
1236 2294 1613 2381 unicuique
1661 2292 2045 2363 secundum
2100 2316 2226 2364 sua
2272 2316 2502 2383 opera.
2550 2318 2584 2361 >›

308 2386 344 2471 ξ
392 2390 538 2459 to.
597 2389 774 2453 Haec
823 2406 979 2452 cum
1044 2388 1297 2471 Martyr
1355 2382 1596 2452 fuisset
1662 2381 2192 2472 philosophatus
2226 2438 2241 2464 ‚
2305 2384 2590 2470 iniquus
2637 2389 2766 2453 Ju-

220 2472 492 2544 lianus:
551 2496 587 2540 «
625 2472 876 2554 Videte,
916 2472 1162 2558 inquit,
1200 2470 1327 2541 viri
1379 2473 1667 2541 Romani
1703 2485 1769 2541 et
1801 2472 2057 2554 Graeci,
2114 2471 2302 2542 hunc
2352 2472 2757 2542 sceleratum

218 2576 282 2631 et
329 2561 787 2632 execrandum
841 2560 1217 2641 hominem,
1271 2574 1565 2648 quantas
1621 2583 1702 2630 ex
1758 2562 2031 2631 Graecis
2080 2561 2473 2651 disciplinis
2527 2562 2768 2630 effudit

218 2674 443 2742 nugas
484 2653 553 2720 in
614 2663 913 2720 nostram
967 2649 1390 2740 religionem.
1455 2654 1579 2719 Per
1624 2651 1836 2719 solem
1895 2650 2063 2718 mibi
2103 2650 2571 2730 carissimum,
2623 2671 2756 2719 non

216 2740 520 2830 amplius
554 2739 763 2809 feram
800 2740 1075 2809 Graecis
1123 2738 1513 2828 disciplinis
1561 2739 1831 2809 institui
1868 2740 2163 2808 maxime
2196 2740 2488 2836 impium
2544 2761 2766 2828 genus

220 2829 789 2899 Christianorum.
839 2832 1006 2897 Ecce
1054 2828 1234 2896 enim
1289 2849 1522 2897 sacrae
1571 2826 1921 2897 doctrinae
1970 2826 2202 2914 aliqua
2251 2849 2329 2896 ex
2367 2839 2555 2916 parte
2602 2827 2766 2895 effe-

218 2930 371 2988 ctus
425 2919 762 3007 particeps
811 2917 922 2986 his
969 2918 1185 2995 canis,
1243 2916 1397 2986 licet
1447 2939 1578 2986 non
1636 2930 1835 2991 recte,
1884 2915 2137 2985 multas
2187 2928 2412 2984 tamen
2464 2929 2529 2984 et
2577 2915 2762 3003 inju-

220 3005 486 3075 cundas
519 3006 810 3095 ineptias
843 3006 1084 3074 effudit
1114 3006 1298 3075 circa
1332 3005 1716 3074 historiam.
1752 3028 1788 3071 »
1825 3009 2002 3073 Haec
2036 3025 2193 3073 cum
2231 3004 2537 3084 dixisset,
2571 3004 2768 3092 jubet

219 3100 580 3184 Martyrem
644 3094 819 3164 tradi
861 3094 1253 3174 lictoribus,
1300 3107 1364 3163 et
1421 3094 1657 3184 flagris
1697 3093 1892 3162 caedi
1939 3093 2019 3161 ad
2086 3092 2500 3182 quingentas
2546 3115 2768 3181 usque

219 3183 484 3273 plagas.
541 3183 649 3252 Illi
689 3197 916 3252 autem
960 3205 1114 3252 eum
1153 3197 1509 3273 acceptum
1564 3183 1801 3271 flagris
1835 3181 2211 3250 caedebant
2245 3182 2649 3250 inhumane.
2692 3187 2769 3250 Et

217 3293 465 3361 praeco
513 3271 890 3341 clamabat:
946 3294 981 3337 «
1018 3276 1143 3340 Fac
1192 3271 1376 3358 quod
1420 3269 1586 3351 vult,
1639 3276 2057 3359 Imperator3
2123 3269 2362 3339 desine
2403 3269 2606 3340 stulta
2667 3270 2769 3339 lo-

216 3361 364 3448 qui,
409 3372 475 3428 et
523 3359 923 3429 liberaberis
961 3361 1049 3429 ab
1097 3360 1182 3428 iis
1215 3360 1337 3447 qui
1385 3373 1447 3429 te
1496 3360 1819 3448 puniunt.
1860 3382 1896 3425 »
1939 3364 2193 3449 Martyr
2231 3371 2457 3429 autem
2510 3358 2769 3429 fortiter

219 3448 573 3528 tolerabat,
620 3447 785 3515 dum
828 3451 1322 3528 verberaretur,
1371 3461 1626 3527 tacenS,
1679 3459 1743 3516 et
1793 3447 1963 3516 nihil
2016 3449 2301 3518 omnino
2336 3448 2642 3535 loquens.
2688 3454 2768 3517 In

217 3538 496 3607 beatum
535 3557 690 3605 vero
723 3537 1093 3605 Macarium
1146 3535 1385 3608 oculos
1426 3536 1738 3624 defigens
1790 3542 2192 3626 Imperator,
2232 3539 2291 3607 ei
2335 3538 2543 3606 dicit:
2598 3561 2634 3604 «
2671 3543 2771 3607 Tu

215 3640 443 3697 autem
482 3624 648 3711 quid
702 3624 876 3694 dicis
926 3625 1011 3693 de
1059 3626 1300 3714 teipSO,
1347 3624 1582 3694 infelix
1642 3625 2122 3695 homuncule?
2157 3650 2191 3694 »
2242 3632 2486 3696 Beatus
2538 3639 2768 3695 autem

219 3715 391 3785 dixit
424 3719 713 3802 Martyr:
752 3736 787 3779 «
821 3718 918 3782 Tu
952 3736 1024 3782 es
1053 3716 1282 3782 revera
1314 3713 1573 3793 infelix,
1604 3726 1668 3784 et
1708 3715 2018 3784 omnium
2058 3714 2418 3785 hominum
2464 3715 2770 3785 miserri-

219 3826 423 3873 mus:
478 3825 604 3893 ego
655 3814 882 3871 autem
927 3824 1077 3871 vere
1111 3803 1351 3874 beatus
1378 3804 1436 3884 ⁴⁸,
1490 3803 1754 3873 habens
1802 3803 2335 3894 appellationem
2380 3804 2475 3874 rei
2525 3824 2769 3873 conve-

220 3893 524 3961 nientem
562 3946 577 3972 ,
638 3891 966 3978 quoniam
1019 3892 1361 3962 Christum
1425 3892 1759 3962 confitens
1816 3892 2072 3962 adoro:
2127 3894 2275 3982 ipse
2329 3905 2557 3962 autern
2607 3912 2768 3961 eum

225 3981 516 4072 negasti,
570 3980 1028 4051 daemonibus
1076 3980 1508 4058 adhaerens,
1562 3993 1628 4050 et
1676 3980 1990 4063 diabole,
2044 3983 2166 4069 qui
2215 3993 2276 4050 te
2325 3981 2424 4050 vel
2475 3981 2767 4048 invitum

224 4071 689 4140 transmittent
723 4069 809 4138 ad
845 4069 1071 4160 ignem
1110 4082 1489 4139 aeternum.
1533 4092 1570 4136 »
1605 4075 2097 4160 Transgressor
2133 4083 2363 4139 autem
2402 4069 2764 4138 Julianus:

227 4180 263 4224 «
298 4159 471 4238 Scio,
529 4159 777 4246 inquit,
826 4170 884 4226 te
935 4171 1218 4228 mortem
1255 4180 1529 4248 cupere,
1568 4171 1632 4228 et
1681 4158 1956 4228 studere
1989 4181 2099 4228 me
2130 4158 2215 4227 ad
2261 4160 2428 4228 iram
2470 4179 2760 4240 movere,

223 4259 300 4316 ut
340 4258 403 4315 te
449 4247 583 4316 cito
615 4269 1047 4317 consumam.
1087 4253 1335 4317 Verum
1375 4269 1508 4317 non
1543 4247 1636 4316 ita
1669 4249 1820 4329 erit,
1866 4261 1942 4318 ut
1975 4248 2290 4338 sperasti.

311 4337 348 4421 ἓ
401 4339 568 4407 2⁰.
611 4359 648 4404 «
674 4336 801 4406 Sed
831 4336 957 4406 hoc
985 4336 1156 4405 mihi
1190 4336 1494 4426 primum
1531 4336 1893 4427 responde,
1937 4337 2269 4424 quidnam
2317 4336 2507 4408 vobis
2539 4337 2767 4407 visum

277 4461 302 4487 ¹·
332 4459 563 4503 Macarius
579 4473 746 4513 graeco
763 4460 986 4506 idiomate
1003 4464 1130 4506 idem
1149 4462 1223 4506 eat
1241 4473 1293 4504 ac
1310 4464 1457 4506 beatus
1478 4461 1637 4506 latine.
