3347 4999
671 360 755 423 86
1298 377 1373 422 οε
1424 378 1477 423 s.
1532 375 1820 424 canaano
1867 378 2105 424 Anaua
2155 377 2488 425 aaomssxffl
2854 360 3041 427 OCT.
3108 361 3156 426 3

582 475 1085 551 cooperatorem
1138 461 1560 531 adhibuisse.
1619 462 1797 543 Loci,
1859 463 2107 549 inquit,
2172 462 2385 553 hujus
2437 476 2767 552 patronus
2814 485 2941 553 ego
2979 486 3152 533 esse

581 551 928 631 constitui,
971 562 1255 640 postque
1295 554 1507 619 Deum
1549 563 1781 620 custos
1813 563 2352 640 procuratorque
2386 551 2753 643 benignus.
2794 557 2936 622 Hac
2974 574 3150 642 pro-

584 639 911 710 missione
939 637 1355 709 exhilaratus
1384 639 1623 708 beatus
1648 639 2017 718 Gerardus,
2042 640 2218 709 scire
2247 640 2590 729 cupiebat,
2622 661 2760 728 quo
2794 654 2993 731 pacto
3027 663 3150 711 res

578 727 665 797 ad
713 729 1028 799 effectum
1068 727 1350 817 perduci
1400 742 1647 818 posset.
1704 733 2042 810 Quanam,
2087 729 2332 816 inquit,
2372 730 2633 799 ratione
2669 741 2901 817 pastor
2933 751 3145 819 egre·

581 818 712 908 gie,
770 817 939 887 tanti
989 819 1312 906 martyris
1360 838 1485 906 ego
1520 838 1625 884 me
1659 838 1926 906 sperem
1961 839 2244 906 corpore
2280 818 2706 907 potiturum?
2734 818 3149 909 Respondet

578 907 639 975 ei
689 905 1047 994 Apostolus
1086 905 1488 993 jucundiori
1538 904 1744 973 facie:
1799 909 1987 975 Itane
2053 911 2179 975 Deo
2227 907 2602 994 quicquam
2651 919 2751 976 est
2801 908 3148 997 impossi-

580 994 762 1064 bite?
799 1001 899 1065 Tu
947 994 1159 1083 hujus
1200 995 1294 1063 rei
1344 1014 1585 1063 curam
1636 994 1704 1062 in
1765 998 1969 1062 Deum
2019 1007 2083 1063 et
2135 996 2201 1063 in
2257 1016 2364 1064 me
2414 995 2642 1085 rejice.
2699 1001 2904 1065 Porro
2944 997 3142 1067 hanc

578 1083 814 1153 aedem
866 1105 904 1152 a
954 1082 1404 1153 fundamento
1452 1103 1757 1151 eversam
1792 1137 1806 1158 ,
1860 1085 2326 1152 auoustiorem
2379 1097 2585 1171 atque
2633 1083 2734 1154 ele
2787 1085 3144 1156 antiorem

580 1195 665 1242 ne
710 1172 987 1242 differas
1033 1184 1363 1252 extruere,
1403 1183 1467 1239 et
1514 1137 2104 1258 quemadmodum
2147 1194 2330 1242 nunc
2368 1172 2490 1241 tibi
2530 1185 2719 1243 osten
2781 1174 2941 1253 itur,
2979 1197 3145 1243 om-

578 1283 735 1330 nem
776 1263 927 1351 ejus
975 1272 1394 1330 structuram
1459 1259 1835 1330 absolvere.
1893 1261 2173 1330 Interim
2226 1261 2579 1331 indicabat
2625 1262 2687 1331 ei
2736 1275 2800 1331 et
2847 1264 3146 1333 oratorii

580 1350 921 1435 formam,
975 1361 1039 1418 et
1087 1361 1161 1418 ut
1221 1349 1566 1436 quaelibet
1629 1349 1780 1438 ejus
1831 1364 2056 1438 partes
2103 1350 2608 1420 construendae
2657 1364 2908 1420 essent.
2964 1357 3136 1420 Jam

578 1461 734 1508 vero
783 1437 1102 1508 sacerdos
1150 1438 1410 1507 accitus
1457 1437 1846 1514 advenerat,
1877 1452 1940 1506 et
1985 1460 2104 1527 pro
2140 1460 2325 1508 more
2355 1439 2804 1528 compositus,
2848 1441 3140 1509 Missam

577 1527 923 1598 celebrare
959 1526 1245 1608 volebat,
1299 1547 1424 1595 nec
1464 1540 1691 1596 tamen
1747 1526 1843 1594 vel
1897 1528 2189 1616 strepitu
2230 1527 2329 1597 vel
2364 1541 2687 1597 contactu
2734 1550 2893 1596 eum
2948 1532 3146 1598 exci-

580 1628 721 1686 tare
771 1637 983 1685 ausus
1021 1630 1205 1697 erat,
1260 1615 1477 1686 satius
1522 1616 1948 1696 existimans,
2003 1628 2078 1685 ut
2127 1638 2285 1685 eum
2337 1615 2518 1685 ultro
2566 1615 2650 1684 ad
2704 1638 2776 1686 se
2827 1616 3145 1688 redeun-

582 1719 713 1774 tem
762 1704 1152 1775 sustineret.
1205 1704 1503 1774 Tandem
1556 1703 1817 1774 visione
1867 1704 1984 1772 illa
2031 1704 2396 1794 completa,
2455 1705 2692 1774 beatus
2742 1705 2845 1774 vir
2883 1727 3145 1796 exper-

578 1793 889 1883 giscitur,
942 1806 1007 1862 et
1055 1795 1741 1863 submurmurantem
1798 1793 2269 1882 presbyterum
2322 1794 2408 1863 ob
2444 1794 2848 1864 diuturnam
2886 1816 3148 1886 exspe-

577 1882 965 1962 ctationem,
1023 1882 1276 1953 blande
1324 1881 1708 1969 alloquens,
1763 1881 1873 1951 his
1925 1882 2160 1952 verbis·
2197 1883 2614 1972 compescite

986 2030 1010 2060 «
1053 2006 1332 2081 Obsecm,
1375 2023 1545 2068 serve
1592 2007 1731 2074 Dei,
1777 2024 1957 2086 super
2001 2007 2113 2069 hoc
2156 2009 2373 2069 absiste
2423 2010 2675 2069 moveri.

975 2088 1319 2149 Proficuum
1367 2087 1533 2147 valde
1579 2089 1729 2148 mihi
1777 2102 2057 2148 somnum
2102 2087 2184 2148 sic
2226 2089 2479 2150 subiisse
2507 2136 2521 2156 ,

971 2164 1317 2243 Condignas
1360 2183 1600 2244 nequeo
1644 2176 1845 2243 grates
1889 2167 2238 2243 persolvere
2282 2166 2548 2239 Christo,

977 2245 1160 2324 Cujus
1201 2247 1354 2308 mira
1402 2246 1572 2307 brevi
1620 2263 1876 2326 pausans
1921 2247 2206 2308 miracula
2253 2247 2403 2308 vidi.
2451 2273 2473 2300 n

665 2374 700 2458 ξ
748 2374 824 2441 ⁸2.
878 2370 1067 2453 Quod
1119 2371 1177 2439 si
1224 2371 1384 2458 quis
1432 2370 1842 2440 obtrectator
1898 2391 2046 2438 eam
2120 2371 2448 2440 visionem
2505 2371 3017 2459 phantasticam
3072 2385 3148 2441 et

576 2481 821 2529 vanam
846 2459 1261 2529 calumniari
1289 2459 1468 2542 velit,
1501 2460 1948 2530 convincetur
1982 2458 2098 2529 ille
2132 2472 2336 2547 atque
2372 2458 2672 2550 pudesiet
2699 2481 2780 2529 ex
2812 2481 2882 2529 re
2921 2459 3149 2550 plane

574 2549 958 2628 consimili,
1011 2570 1187 2636 quae
1249 2549 1317 2617 in
1368 2549 1751 2619 beatissimi
1817 2549 2029 2638 patris
2096 2548 2439 2619 Benedicti
2505 2550 2638 2620 vita
2698 2571 3144 2619 commemo-

575 2653 799 2707 ratur:
841 2651 1007 2728 puta
1043 2636 1550 2708 dormientibus
1582 2637 1974 2727 discipulis,
2013 2659 2254 2708 omnes
2284 2659 2440 2707 eum
2474 2638 2845 2726 cujusdam
2880 2637 3146 2708 aedifi-

574 2727 779 2797 candi
806 2726 1120 2797 coenobii
1151 2725 1463 2796 officinas
1493 2725 1927 2817 designasse:
1972 2738 2176 2813 atque
2210 2728 2413 2795 etiam
2459 2749 2618 2796 cum
2651 2726 3138 2817 evigilassem,

574 2816 800 2885 adhuc
854 2817 1312 2891 haesitantes,
1370 2816 1464 2885 ita
1508 2836 1624 2884 eas
1681 2827 2078 2884 construere
2131 2817 2468 2905 jussisse,
2526 2815 3140 2902 quemadmodum

572 2927 652 2975 ex
688 2904 1092 2975 revelatione
1121 2904 1551 2975 didicissent.
1592 2904 1983 2986 Quinetiam
2027 2918 2307 2974 sanctus
2346 2905 2749 2975 Ambrosius
2793 2903 3140 2974 Mediola-

577 2994 810 3063 nensis
858 2995 1265 3085 episcopus,
1321 3016 1517 3062 sacro
1578 2992 1779 3063 altari
1835 2993 2206 3073 assistens,
2261 2992 2448 3083 apud
2510 2999 2814 3062 Turones
2867 2992 3142 3083 legitur

560 3082 809 3154 maoni
858 3083 1128 3152 Martini
1179 3083 1607 3152 solemnibus
1654 3082 1964 3169 exequiis
2011 3081 2429 3151 interfuisse.
2486 3081 2613 3152 Sed
2675 3082 2776 3150 vir
2830 3083 2944 3151 Dei
2998 3087 3140 3152 Ge-

576 3178 688 3239 rai·
740 3193 847 3248 us,
901 3170 1324 3260 Apostolicae
1372 3171 1704 3260 jussionis
1753 3170 2318 3260 promptissimus
2351 3185 2695 3251 executor,
2751 3183 3136 3261 postquam

574 3270 992 3329 structuram
1022 3259 1209 3328 illam
1243 3281 1516 3329 omnem
1553 3259 1945 3350 complevit,
1987 3258 2088 3327 illi
2122 3258 2450 3328 basilicae
2494 3281 2752 3329 munus
2785 3259 3135 3330 eximium

573 3347 864 3417 contulit
919 3369 999 3416 ex
1046 3347 1343 3436 copiosis
1392 3347 1834 3438 praediorum
1885 3370 2168 3417 suorum
2226 3348 2656 3426 redditibus,
2717 3348 2901 3435 quod
2954 3350 3136 3419 satis

572 3457 722 3505 esse
769 3448 993 3524 posset
1039 3457 1117 3505 eo
1169 3437 1236 3504 in
1289 3436 1434 3506 loco
1487 3436 1773 3506 Domino
1823 3436 2304 3507 servientibus.
2362 3437 2668 3507 Instituit
2731 3437 2916 3507 enim
2970 3438 3130 3506 illic

573 3524 989 3594 Clericorum
1032 3524 1486 3608 sodalitatem,
1522 3546 1776 3612 eosque
1826 3547 1949 3613 pro
1997 3525 2155 3594 data
2205 3525 2338 3594 sibi
2388 3525 2730 3615 sapientia
2764 3525 3016 3597 docui?
3038 3527 3130 3595 ad

573 3618 910 3683 Canonem
950 3614 1482 3702 praescriptum,
1521 3614 1661 3685 sive
1713 3636 1898 3684 more
1948 3614 2312 3693 Canonico,
2370 3615 2614 3684 vivere.

976 3739 1133 3801 Talis
1178 3738 1417 3815 relligio
1447 3742 1786 3879 ¹praecessit
1833 3750 2107 3818 tempore
2152 3743 2380 3820 prium,

970 3820 1172 3881 Donec
1223 3819 1402 3879 dante
1499 3835 1609 3887 eo,
1656 3821 2092 3882 monachorum
2142 3821 2460 3882 inducitur
2503 3820 2678 3893 ordo,

969 3899 1171 3961 Rebus
1211 3908 1274 3959 et
1315 3898 1515 3960 officio
1560 3898 1740 3975 longe
1796 3898 2161 3978 praeclarior
2205 3901 2325 3962 illo.

666 4021 702 4095 ξ
751 4017 831 4085 S.
903 4018 995 4083 Eo
1056 4026 1282 4083 autem
1348 4013 1644 4082 oratorio
1695 4013 1795 4083 sic
1841 4025 2234 4084 constructo
2266 4070 2281 4095 ,
2335 4027 2399 4083 et
2445 4014 2866 4084 Clericorum
2921 4014 3139 4083 mini-

577 4103 806 4183 sterio,
861 4114 938 4173 ut
976 4101 1238 4172 dictum
1289 4116 1413 4183 est,
1450 4101 1593 4172 illic
1624 4102 1964 4184 institute,
2008 4103 2305 4173 multum
2343 4104 2643 4193 cogitare
2678 4103 2761 4173 de
2794 4102 3130 4172 thesauro

575 4193 798 4281 coepit
846 4191 948 4260 vir
1004 4191 1269 4269 beatus,
1326 4212 1533 4278 quem
1577 4189 1939 4281 Apostolus
1987 4192 2047 4260 ei
2093 4192 2157 4260 in
2220 4192 2483 4262 visione
2535 4192 2982 4281 promiserat:
3060 4191 3134 4260 id

577 4293 700 4360 est,
738 4301 875 4366 qua
906 4280 1167 4351 ratione
1200 4292 1427 4369 posset
1464 4280 1819 4368 consequi,
1859 4292 1933 4349 ut
1966 4280 2143 4351 beati
2181 4280 2469 4371 Eugenii
2504 4281 2807 4369 episcopi
2838 4293 2902 4349 et
2935 4301 3133 4349 mar-

575 4370 745 4458 tyris
794 4391 988 4440 sacro
1035 4390 1318 4458 corpore
1368 4369 1723 4459 potiretur.
1764 4373 1840 4437 Iu
1884 4390 1962 4437 ea
2012 4383 2241 4439 autem
2275 4369 2686 4459 cogitatione
2727 4368 2971 4437 crebro
3007 4368 3133 4437 illo

573 4470 905 4545 versante,
942 4479 1173 4528 comes
1224 4459 1700 4549 BerengariuS,
1735 4456 2040 4545 quadam
2091 4457 2317 4529 oblata
2351 4459 2736 4539 occasione,
2779 4456 3020 4526 divina
3053 4456 3131 4527 id
