3347 4999
190 309 365 378 Oc‘r.
416 310 500 376 24
814 327 893 373 nr
947 327 1004 374 s.
1056 321 1307 373 Anares
1354 326 1546 374 nar.
1598 326 1675 372 ar
1721 323 1922 374 socus
1968 324 2120 374 mus
2525 309 2653 374 689

190 413 422 488 vitam,
461 423 526 480 et
574 424 928 498 tamquam
979 410 1348 481 occisionis
1406 432 1565 480 oves
1612 431 1862 480 sumus
1912 409 2230 500 reputati.
2300 414 2379 480 Et
2440 433 2627 480 nunc
2677 424 2742 481 te

194 500 544 592 supplices
593 520 956 590 rogamus:
1010 499 1131 568 fiat
1177 497 1349 568 ultio
1421 499 1789 589 sanguinis
1837 520 2192 569 servorum
2255 511 2556 579 tuorum,
2618 502 2741 588 qui

194 589 321 664 fuit
367 589 652 659 effusus.
709 586 966 657 Extolle
1014 610 1266 657 manus
1318 600 1469 656 tuas
1519 609 1732 676 super
1782 588 2070 657 istorum
2128 587 2555 677 superbiam.
2612 594 2740 658 Su-

191 679 380 765 scipe
427 699 507 747 ac
555 676 845 747 defende
897 698 1138 746 eorum
1188 675 1393 756 filios,
1448 676 1568 763 qui
1618 698 1742 765 pro
1784 689 1845 746 te
1898 676 2314 747 moriuntur.
2361 676 2736 748 Corrobora

194 767 565 847 civitatem,
619 788 797 853 quae
831 765 1167 856 gloriatur
1215 778 1331 835 tuo
1368 765 1663 855 pretioso
1714 765 2058 853 sanguine
2101 776 2169 834 et
2215 770 2450 847 cruce,
2495 778 2560 834 et
2599 787 2747 855 per-

199 856 657 946 pessionibuS.
713 854 937 935 vides,
991 853 1580 941 quemadmodum
1629 875 1783 924 eam
1845 854 1944 922 tui
2001 852 2378 924 affecerunt
2429 854 2739 925 inimici:

187 945 639 1016 attonderunt
683 944 835 1033 ejus
887 955 1417 1012 ornamentum:
1475 941 1930 1033 profanarunt
1971 942 2443 1013 sanctuarium
2499 955 2741 1013 tuum:

192 1033 529 1124 templum
582 1045 897 1103 sanctum
937 1044 1133 1101 tuum
1185 1044 1624 1102 exusserunt:
1659 1030 1843 1118 quod
1881 1031 1997 1100 tibi
2035 1031 2324 1122 placeat,
2372 1043 2449 1101 ut
2500 1053 2746 1102 rursus

188 1122 560 1193 extollatur
591 1133 657 1190 et
689 1120 1070 1201 roboretur,
1115 1120 1346 1189 dando
1382 1133 1651 1210 sceptra
1692 1119 1998 1211 Regibus
2026 1120 2455 1202 ChristianiS‚
2492 1142 2746 1208 eosque

197 1233 488 1301 magnos
535 1223 601 1279 et
647 1209 918 1298 amplos
976 1209 1325 1279 reddendo
1376 1209 1444 1278 in
1498 1222 1614 1279 tuo
1663 1210 1966 1279 nomine.
2035 1210 2165 1291 Qui
2214 1224 2441 1279 autem
2495 1209 2565 1278 in
2618 1209 2744 1279 ho-

195 1322 362 1370 nore
411 1311 723 1368 nostrum
779 1298 1133 1369 habebunt
1197 1298 1654 1388 martyrium,
1713 1297 1800 1367 da
1848 1297 1948 1367 eis
2014 1298 2220 1367 vitam
2294 1298 2466 1367 citra
2529 1297 2746 1369 ullam

185 1388 673 1468 offensionem,
728 1386 1070 1456 bonorum
1104 1387 1418 1476 copiam:
1454 1399 1520 1456 et
1568 1387 1837 1455 veniam
1902 1399 2365 1476 peccatorum.
2410 1392 2544 1458 Nos
2592 1409 2749 1458 vero

183 1479 316 1565 qui
359 1490 556 1547 tuum
607 1475 976 1545 adventum
1038 1475 1436 1555 dileximuS,
1495 1476 1562 1545 in
1616 1489 1893 1545 aeterna
1941 1476 2219 1565 suscipe
2270 1475 2741 1557 tabernacula,

189 1579 257 1636 et
310 1587 701 1634 annumera
750 1565 926 1634 inter
972 1586 1111 1644 eos,
1168 1564 1289 1652 qui
1340 1564 1462 1634 tibi
1526 1564 1613 1634 ab
1675 1576 1952 1634 aeterno
1993 1565 2426 1652 placuerunt.
2474 1588 2510 1632 »
2565 1569 2746 1636 Haec

183 1677 355 1725 cum
410 1654 768 1734 dixissent,
823 1675 896 1723 se
935 1652 1226 1722 invicem
1284 1665 1448 1722 sunt
1486 1652 1808 1741 amplexi.
1865 1653 2141 1724 Primus
2189 1665 2417 1724 autem
2471 1653 2753 1724 divinus

192 1743 486 1813 Arethas
534 1742 798 1813 cervice
845 1742 1224 1822 inclinata,
1278 1743 1490 1811 ictum
1545 1741 1760 1832 gladii
1811 1742 2140 1811 laetanter
2200 1743 2474 1832 excipit,
2539 1754 2605 1811 et
2659 1743 2752 1813 ita

186 1833 260 1902 ei
312 1843 527 1922 caput
574 1843 1000 1921 amputatur.
1066 1836 1273 1901 Porro
1321 1844 1549 1900 autem
1621 1830 1931 1917 reliquus
1977 1852 2253 1918 quoque
2297 1831 2575 1913 choruS,
2634 1832 2754 1921 ju-

193 1921 434 1991 cunda
483 1933 548 1990 et
598 1940 776 2007 quae
823 1919 997 1988 solvi
1064 1941 1197 1989 non
1255 1932 1537 2009 poterat,
1607 1919 1962 2000 sodalitas,
2013 1942 2170 1990 cum
2234 1919 2751 2007 quammaxima

203 2022 591 2101 potuerunt
623 2008 991 2089 celeritate,
1033 2029 1104 2077 se
1135 2007 1523 2079 venerando
1556 2008 1916 2077 unxissent
1948 2007 2139 2078 illius
2177 2009 2540 2098 sanguine,
2586 2019 2755 2078 tam-

197 2121 418 2185 quam
472 2109 832 2188 unguento
881 2097 1114 2183 aliquo
1164 2097 1481 2188 pretioso,
1535 2110 2033 2183 consequenter
2094 2096 2178 2165 ad
2241 2110 2524 2172 mortem
2596 2118 2757 2167 con-

198 2188 601 2257 tenderunt.
649 2208 860 2274 quam
896 2185 1129 2286 gladio
1181 2208 1466 2277 propere
1500 2198 1939 2275 acceperunt,
1987 2185 2122 2255 sibi
2154 2186 2446 2255 invicem
2482 2197 2756 2276 tempus

209 2275 723 2367 propemodum
783 2274 1206 2356 invldenteS,
1274 2286 1508 2364 utpote
1555 2274 1741 2362 quod
1790 2273 1956 2360 quid
2011 2274 2235 2364 majus
2283 2274 2367 2344 ad
2423 2275 2752 2346 honorem

196 2366 624 2523 “ibgeoemf
671 2363 758 2445 ei,
813 2363 934 2451 qui
971 2363 1168 2453 prius
1200 2376 1346 2432 erat
1397 2376 1735 2445 mortuus,
1792 2385 1954 2453 prae
1986 2362 2130 2445 illo,
2172 2363 2292 2450 qui
2349 2362 2600 2434 deinde
2647 2387 2754 2434 se-

242 2474 332 2525 ue
388 2465 545 2524 atur
621 2509 634 2523 .
2229 2508 2234 2515 .

186 2475 234 2542 q
286 2545 325 2631 ἓ
371 2547 533 2613 22.
588 2541 938 2624 Quaedam
975 2553 1203 2611 autem
1252 2541 1500 2611 mulier
1548 2541 1811 2611 babens
1853 2563 2143 2632 puerum
2196 2554 2756 2641 praetercurren-

194 2644 364 2713 tem,
415 2652 552 2699 non
601 2630 758 2720 plus
797 2652 1008 2717 quam
1050 2630 1360 2718 quinque
1390 2652 1610 2700 annos
1650 2643 1914 2711 natum,
1953 2652 2113 2700 cum
2151 2629 2409 2700 videret
2469 2653 2547 2699 ea
2581 2652 2757 2718 quae

190 2721 485 2801 fiebant,
539 2718 717 2789 etad
772 2719 1073 2789 similem
1124 2741 1417 2789 accensa
1449 2731 1626 2789 esset
1657 2718 2219 2801 aemulationem,
2264 2719 2600 2788 citissime
2646 2741 2759 2789 ac-

186 2832 516 2890 currens,
547 2828 707 2877 cum
750 2809 901 2898 ipsa
949 2830 1224 2896 quoque
1275 2809 1652 2896 accepisset
1700 2808 2140 2898 sanguinem,
2189 2828 2260 2876 se
2295 2807 2413 2877 illo
2447 2807 2645 2876 unxit
2690 2821 2756 2876 et

192 2899 453 2969 filium.
523 2895 774 2967 Deinde
836 2897 1069 2987 ipsum,
1114 2903 1366 2988 Regem
1432 2896 1948 2978 ludificabatur,
2009 2917 2166 2965 eum
2211 2918 2464 2965 vocans
2503 2901 2754 2985 Tyran-

194 3009 402 3067 num,
461 3000 526 3056 et
584 2987 1102 3073 quammaxima
1154 2988 1417 3075 poterat
1462 3005 1623 3055 voce
1680 2985 1956 3054 dicens:
1995 3010 2032 3052 «
2082 2984 2223 3054 Erit
2283 2985 2754 3055 Hebraeorum

193 3082 295 3147 Re
355 3077 400 3155 i,
442 3076 622 3144 sicut
653 3074 1020 3145 Pharaoni.
1063 3098 1100 3142 »
1143 3075 1342 3145 Illius
1374 3097 1529 3144 vero
1564 3074 1915 3156 satellites,
1954 3074 2064 3153 iis,
2109 3096 2286 3161 quae
2314 3074 2751 3155 dicebantur,

187 3188 286 3235 au
346 3164 486 3245 itis,
520 3163 1095 3251 comprehensam
1128 3165 1356 3234 statim
1388 3162 1747 3232 mulierem
1783 3162 2052 3231 ducunt
2079 3162 2161 3231 ad
2203 3163 2432 3252 ipsum
2472 3167 2751 3252 Regem,

188 3267 261 3325 et
316 3252 710 3329 maledicta,
753 3252 1010 3339 quibus
1045 3250 1242 3321 illum
1281 3253 1527 3322 acerbe
1559 3251 1946 3353 appetebat,
1988 3252 2400 3321 renunciant
2425 3273 2580 3320 cum
2615 3272 2760 3319 ma-

190 3365 339 3434 gna
376 3340 794 3409 accessione.
834 3340 958 3409 Ille
989 3352 1244 3423 autem,
1276 3364 1436 3410 cum
1471 3362 1591 3410 nec
1619 3362 1682 3410 ei
1711 3341 1985 3410 fecisset
2014 3339 2292 3409 dicendi
2328 3351 2750 3430 potestatem,

189 3444 262 3502 et
296 3451 428 3498 nec
458 3450 608 3497 eam
638 3427 916 3515 quidem
957 3428 1463 3518 interrogasset,
1503 3451 1655 3498 eam
1690 3429 2127 3509 condemnat,
2165 3442 2242 3498 ut
2271 3430 2431 3519 igne
2464 3449 2759 3498 morere-

191 3534 338 3590 tur.
384 3517 626 3586 Statim
675 3538 839 3607 ergo
887 3515 1017 3586 fuit
1056 3539 1180 3587 con
1235 3530 1377 3587 esta
1432 3518 1739 3600 materia,
1791 3530 1857 3588 et
1904 3517 2088 3607 ignis
2141 3517 2201 3586 ei
2253 3519 2642 3605 subjectus:
2698 3528 2765 3587 et

187 3610 493 3680 flamma
529 3627 601 3674 se
631 3604 700 3672 in
744 3606 959 3675 altum
1000 3619 1194 3676 sustu
1231 3608 1300 3687 it,
1356 3605 1620 3677 sulfure
1653 3620 1719 3677 et
1770 3608 1920 3697 pice
1953 3618 2020 3676 et
2052 3606 2420 3676 sarmentis
2472 3606 2755 3675 nutrita.

191 3693 468 3769 Deinde
502 3692 630 3763 fuit
655 3694 857 3763 etiam
890 3693 1172 3795 alligata
1205 3695 1477 3765 mulier:
1517 3709 1582 3766 et
1621 3718 1771 3765 eam
1809 3696 2128 3765 lictorum
2158 3702 2425 3779 {manus
2464 3693 2760 3795 comple-

186 3786 599 3865 ctebantur,
637 3795 713 3852 ut
759 3804 917 3852 cum
953 3783 1195 3853 fuisset
1233 3784 1332 3855 eis
1378 3807 1557 3854 onus
1609 3797 1883 3874 portatu
1931 3784 2152 3865 facile,
2209 3785 2305 3853 sic
2342 3785 2409 3851 in
2466 3784 2762 3854 mediam

191 3879 563 3947 flammam
604 3882 787 3941 recta
829 3872 1307 3959 conjiceretur.
1375 3879 1549 3944 Puer
1597 3886 1855 3953 autem,
1903 3873 2024 3961 qui
2075 3872 2267 3944 solus
2312 3884 2756 3951 remanserat,

193 3964 508 4040 dolebat,
561 3960 1080 4052 indignabatur,
1133 3984 1212 4031 ae
1267 3984 1335 4032 re
1399 3962 1679 4043 ferebat,
1736 3984 1872 4032 non
1934 3984 2134 4032 secus
2173 3984 2253 4031 ac
2318 3982 2555 4032 recens
2621 3962 2766 4030 nati

196 4054 410 4143 pulli,
453 4072 587 4120 non
643 4049 866 4119 serens
904 4051 1142 4120 matris
1190 4074 1229 4121 a
1282 4052 1597 4121 sentiam.
1654 4056 1860 4121 Porro
1898 4066 2128 4120 autem
2191 4050 2260 4120 in
2312 4071 2562 4141 gyrum
2622 4072 2767 4119 ver-

198 4154 361 4213 tens
393 4139 660 4225 oculos,
704 4152 769 4209 et
801 4139 1230 4209 amicissima
1265 4139 1505 4230 lingua
1543 4154 1827 4209 matrem
1869 4140 2252 4228 requirens,
2294 4140 2475 4209 videt
2509 4144 2762 4230 Regem

251 4286 280 4312 ⁸
302 4285 347 4324 8.
369 4283 588 4329 Arethae,
606 4287 845 4333 tamquam
866 4284 997 4324 urbis
1018 4284 1203 4332 Nam-nm
1222 4281 1438 4334 principi,
1459 4285 1567 4323 tute
1584 4287 1796 4324 caeteros
1815 4282 1935 4323 calix
1954 4282 2204 4334 sanguinis
2223 4285 2408 4325 Domitii
2428 4284 2772 4334 porrigebatur:

198 4339 251 4378 et
270 4347 419 4381 nunc,
437 4339 650 4377 eamdem
669 4339 729 4377 ob
748 4348 952 4382 calisam,
970 4339 1150 4385 primus
1170 4336 1296 4378 intur
1314 4338 1706 4387 prooeresswste
1727 4339 2051 4379 detruncatur.
2073 4340 2205 4378 Pessi
2224 4342 2337 4378 sunt
2367 4337 2442 4379 dio
2471 4340 2522 4377 20
2551 4338 2775 4382 octobris.

194 4402 330 4488 ἓωιο
351 4391 745 4483 593ὲξῗεὲρδιοὺτε
765 4393 924 4431 autem
948 4392 997 4431 in
1019 4394 1117 4433 toto
1138 4392 1329 4432 Oriente
1350 4394 1423 4432 est
1442 4391 1533 4431 hoc
1551 4392 1852 4440 Martyrium:
1874 4393 1931 4432 de
1951 4394 2054 4442 ipso
2076 4390 2291 4432 meminit
2319 4394 2366 4433 et
2397 4392 2692 4432 Mahumetes
2721 4389 2774 4431 in

238 4454 415 4489 ornno,
496 4453 519 4482 r
628 4475 636 4483 .

371 4527 617 4586 surius
645 4556 669 4574 -
709 4526 877 4589 Vitae
904 4528 1006 4591 SS.
1041 4559 1069 4574 ·
1104 4525 1236 4590 Vol.
1266 4525 1340 4590 X.
2536 4525 2614 4586 44
