3347 4999
721 322 851 387 426
1533 339 1610 385 na
1660 338 1714 383 s.
1769 338 2027 385 Tencsu
2077 337 2246 383 vino.
2852 318 3026 384 OCT.
3088 320 3168 384 15

624 423 890 513 jejunia
932 477 947 501 ,
1003 421 1546 511 flagellationes,
1602 444 1681 489 ac
1748 421 1920 491 alias
1986 422 2215 492 caruis
2267 421 2755 493 macerationes
2817 421 3163 490 offerebat.

634 511 991 602 Proposuit
1037 515 1240 579 etiam
1302 523 1534 583 sancta
1584 511 1775 602 virgo
1832 512 1899 580 in
1969 510 2172 580 corde
2220 532 2393 592 suo,
2451 510 2720 580 nullum
2786 510 2964 578 diem
3019 510 3171 580 sine

632 600 984 672 charitatis
1030 598 1253 669 officio
1321 599 1743 689 transigere3
1798 600 1865 670 in
1926 621 2061 687 quo
2118 600 2318 668 etiam
2398 604 2572 669 Deus
2636 599 2765 689 ipsi
2828 597 3169 668 auxilium

634 690 1013 782 praestitit:
1069 710 1424 774 nunquam
1476 691 1657 758 enim
1711 690 1771 760 ei
1821 689 2070 770 defuit,
2128 688 2276 779 ipso
2326 687 2700 778 largiente,
2754 686 3173 757 exercendae

632 778 985 849 charitatis
1023 778 1313 846 occasio.
2518 837 2537 855 ,

720 870 756 955 ξ
802 871 883 938 S.
940 865 1337 935 Mirabiliter
1383 878 1607 935 autem
1673 866 1935 935 imitata
1985 880 2085 935 est
2149 865 2511 936 Dominum
2571 878 2880 935 nostrum
2929 864 3168 935 Jesum

634 956 978 1025 Christum
1030 956 1095 1022 in
1149 954 1508 1024 dilectione
1559 954 2029 1025 inimicorum.
2082 959 2244 1025 Nam
2282 976 2438 1024 cum
2479 954 2789 1044 ingentes
2826 966 3174 1044 pateretur

633 1044 1142 1134 persecutiones
1189 1055 1252 1111 et
1300 1043 1739 1112 adversitates
1771 1098 1791 1124 ‚
1846 1043 2173 1132 diligebat
2225 1057 2448 1111 tamen
2516 1055 2997 1132 persequentes
3028 1097 3048 1123 ‚
3109 1055 3174 1113 et

632 1133 868 1202 orabat
905 1154 1024 1222 pro
1058 1132 1165 1200 his
1204 1132 1323 1219 qui
1353 1131 1637 1201 oderant
1686 1154 1797 1213 se;
1850 1132 2163 1218 quinimo
2196 1131 2603 1200 detrimenta
2634 1144 2698 1201 et
2730 1131 3166 1208 offensiones,

631 1244 805 1309 quas
856 1221 1379 1311 perpetiebatur,
1433 1221 1687 1290 amoris
1727 1233 1791 1290 et
1821 1220 2172 1291 charitatis
2207 1219 2339 1310 ipsi
2371 1241 2596 1289 escam
2652 1220 3165 1299 ministrabant,

633 1311 801 1379 adeo
838 1323 913 1379 ut
953 1309 1076 1378 viri
1117 1331 1356 1400 graves
1421 1309 1646 1379 dicere
1697 1310 2025 1379 solerent:
2070 1310 2191 1400 qui
2236 1311 2461 1378 amari
2503 1332 2545 1378 a
2599 1311 2858 1378 Teresia
2906 1312 3109 1378 vellet
3143 1363 3167 1388 ,.

635 1400 874 1468 damno
922 1410 1039 1468 aut
1079 1400 1338 1489 injuria
1384 1408 1458 1467 ut
1492 1421 1636 1468 eam
1689 1399 2001 1489 afficeret,
2041 1408 2359 1490 oportere.

722 1490 758 1575 ξ
807 1492 898 1558 9.
956 1492 1116 1557 Vota
1166 1508 1369 1565 vero,
1423 1509 1600 1574 quae
1649 1487 1714 1555 in
1818 1486 2187 1557 rosessione
2237 1485 2612 1575 Religionis
2661 1490 2791 1556 Deo
2842 1498 3159 1564 voverat,

634 1576 933 1645 maxima
981 1578 1146 1645 cura
1187 1597 1265 1645 ac
1297 1575 1650 1666 diligentia
1687 1510 2003 1645 reddidit.
2042 1581 2169 1644 Nec
2204 1575 2386 1645 enim
2422 1573 2896 1644 tantummodo
2929 1595 3172 1644 omnes

633 1666 994 1734 exteriores
1043 1677 1238 1735 actus
1272 1665 1706 1754 superiorum
1758 1665 2038 1734 arbitrio
2089 1664 2385 1732 maxima
2433 1685 2589 1733 cum
2634 1662 2990 1732 habilitate
3024 1663 3169 1753 spi-

633 1754 807 1823 ritus
842 1753 1260 1844 perficiebat;
1293 1753 1406 1821 sed
1446 1753 1735 1822 firmiter
1765 1753 1964 1821 etiam
2005 1754 2071 1821 in
2109 1752 2312 1821 corde
2341 1773 2466 1822 suo
2506 1752 2881 1833 constituit,
2925 1772 3169 1822 eorum

633 1842 961 1912 voluntati
1013 1864 1253 1913 omnes
1300 1843 1501 1910 etiam
1554 1842 1999 1941 cogitationes
2052 1863 2217 1911 suas
2278 1840 2640 1927 subjicere.
2697 1840 2904 1941 Cujus
2963 1841 3173 1911 etiam

635 1932 730 2000 rei
763 1931 1033 2021 egregia
1068 1929 1377 2019 exempla
1421 1930 1730 2016 reliqu1t3
1789 1953 1945 1999 nam
1983 1930 2355 1999 Dominum,
2381 1935 2617 1999 lesum
2654 1928 2998 1999 Christu'm
3037 1928 3169 1998 sibi

636 2021 912 2110 saepius
960 2032 1399 2109 apparentem
1452 2018 1824 2106 aliquando
1872 2041 1906 2087 a
1950 2018 2630 2102 confessariisjussa,
2685 2017 2801 2104 qui
2854 2016 3169 2087 delusa-m

634 2108 719 2178 ab
754 2107 995 2198 angelo
1033 2107 1464 2176 tenebrarum
1502 2108 2057 2197 suspicabantur,
2087 2106 2440 2175 humiliter
2476 2106 2708 2187 irrisit,
2748 2107 3163 2196 sprevitque,

641 2196 760 2266 sed
805 2218 933 2265 non
988 2196 1134 2265 sine
1185 2217 1433 2284 magno
1485 2208 1616 2264 tam
1685 2195 2065 2286 profundae
2120 2194 2543 2265 obedientiae
2593 2195 2946 2285 praeni.io;
3000 2196 3167 2281 quin

637 2286 838 2354 etiam
893 2284 1235 2361 volumen,
1289 2284 1466 2372 quod
1525 2285 1592 2352 iu
1648 2288 1923 2357 Cantica
1983 2287 2407 2356 Canticorum
2464 2284 2719 2373 insigni
2772 2283 3025 2373 pietate
3069 2305 3175 2352 re-

636 2372 879 2441 fertum
934 2372 1322 2463 scripserat,
1375 2386 1449 2442 ut
1498 2372 1913 2443 confessario
1961 2374 2501 2462 obtemperaret,
2555 2373 2857 2441 flammis
2907 2372 3166 2460 injecit.

637 2462 867 2531 Dicere
899 2476 1122 2531 autem
1158 2461 1436 2542 solebat,
1472 2485 1540 2532 se
1571 2464 1640 2531 in
1673 2464 2120 2533 discernendis
2152 2462 2512 2532 visionibus
2546 2484 2624 2530 ae
2656 2462 3174 2532 revelationibus

637 2552 858 2641 decipi
895 2573 1106 2641 posse,
1160 2553 1228 2619 in·
1276 2553 1645 2621 obedientia
1692 2575 1845 2621 vcro
1892 2553 2341 2643 superioribus
2386 2552 2799 2642 praestanda
2843 2553 3014 2640 salli
3046 2575 3173 2620 non

627 2662 841 2731 posse.
898 2644 1368 2728 Paupertatem
1420 2640 1589 2709 adeo
1637 2639 1912 2720 dilexit,
1969 2652 2041 2711 ut
2092 2662 2223 2709 non
2278 2637 2499 2709 solum
2554 2639 2784 2708 labore
2835 2661 3171 2709 manuum

635 2750 916 2797 suarum
971 2728 1223 2798 victum
1286 2728 1420 2798 sibi
1481 2741 1955 2818 compararet:
2011 2727 2152 2809 sed,
2209 2728 2511 2815 siquam
2557 2727 2924 2797 monialem
2978 2728 3176 2798 vilio-

635 2817 829 2886 ribus
864 2816 1173 2886 indutam
1210 2817 1630 2886 vestimentis
1665 2817 2152 2906 conspexisset,
2190 2815 2374 2885 illico
2407 2838 2529 2885 sua
2571 2838 2727 2886 cum
2764 2815 2954 2886 illius
2987 2838 3174 2887 com·

634 2919 975 2986 mutaret;
1029 2929 1131 2986 ac,
1172 2906 1229 2974 si
1270 2904 1547 2993 quando
1582 2906 1714 2975 sibi
1758 2905 2162 2986 necessaria,
2205 2905 2595 2984 deficerent,
2639 2905 2927 2973 mirifice
2969 2905 3177 2975 laeta-

636 3009 823 3063 retur
846 3008 910 3063 et
939 2994 1290 3074 exultaret,
1332 2995 1722 3094 gratiasque
1767 2999 1896 3063 Deo
1921 3006 2170 3083 ageret,
2210 3007 2557 3079 tamquam
2594 2993 2873 3084 insigne
2893 2993 2982 3061 ali
3036 2993 3175 3065 uod

635 3099 998 3152 consecuta
1063 3083 1504 3153 beneficium.
1561 3083 1685 3152 Sed
1746 3083 1921 3151 inter
1968 3096 2268 3152 caeteras
2313 3082 2461 3171 ejus
2511 3082 2816 3164 virtutes,
2879 3083 2995 3170 qui
3054 3106 3171 3163 us,

634 3172 832 3258 quasi
885 3194 1134 3261 sponsa
1185 3194 1222 3239 a
1256 3175 1387 3240 Deo
1421 3184 1684 3251 ornata,
1736 3171 2021 3240 mirifice
2055 3170 2393 3248 excelluit,
2451 3170 2885 3260 integerrima
2919 3170 3181 3241 effulsit

636 3261 912 3328 castitas
946 3284 961 3338 ;
1015 3281 1222 3345 quam
1275 3259 1443 3329 adeo
1482 3261 1729 3328 eximie
1763 3260 1997 3339 coluit,
2036 3273 2111 3329 ut.
2145 3281 2275 3329 non
2316 3258 2536 3328 solum
2575 3259 3001 3349 propositum
3038 3261 3180 3329 vir-

688 3348 946 3414 initatis
996 3347 1390 3427 servandae,
1446 3371 1482 3416 a
1521 3349 1813 3437 pueritia
1852 3361 2284 3436 conceptum,
2327 3368 2541 3433 usque
2581 3347 2669 3416 ad
2702 3362 2985 3418 mortem
3027 3371 3181 3438 per-

636 3370 925 3514 duxerit,
974 3435 1087 3504 sed
1140 3437 1366 3505 omnis
1421 3451 1761 3526 expertem
1816 3436 2172 3517 maculae,
2225 3435 2610 3527 angelicam
2661 3437 2727 3505 in
2780 3458 3064 3527 corpore
3115 3450 3183 3507 et

639 3523 843 3593 corde
892 3525 1253 3593 servaverit
1351 3527 1694 3594 uritatem.

723 3614 758 3698 ξ
807 3618 961 3684 ss).
1016 3617 1200 3695 Quas
1246 3547 1414 3682 adjeo
1465 3614 1770 3703 insignes
1823 3614 2103 3682 virtutes
2157 3613 2449 3683 mirifica
2510 3613 2898 3684 humilitate
2945 3613 3184 3685 cordis

641 3704 950 3772 ornabat.
1009 3706 1172 3770 Cum
1222 3703 1470 3771 etenim
1533 3702 1600 3772 in
1665 3702 1811 3773 dies
1860 3701 2113 3771 divinis
2167 3702 2704 3773 charismatibus
2749 3703 2979 3772 anima
3030 3703 3185 3791 ejus

638 3790 1212 3881 impinguat-etur,
1261 3792 1536 3880 saepius
1583 3790 2008 3860 exclamabat
2054 3792 2136 3859 ad
2193 3791 2585 3872 Dominum,
2636 3802 2712 3861 ut
2746 3792 3076 3881 beneficiis
3113 3795 3189 3862 in

634 3901 778 3948 eam
817 3882 957 3948 suis
992 3882 1347 3949 terminum
1376 3890 1721 3958 statueret,
1766 3904 1880 3949 nec
1914 3890 2051 3948 tam
2085 3883 2212 3949 cito
2246 3882 2618 3970 inqentz'um
2648 3884 2969 3950 scelerum
3014 3882 3189 3951 obli-

632 3970 1015 4037 visceretur.
1070 3968 1528 4038 Contumelias
1578 3990 1732 4037 vero
1796 3982 1860 4037 et
1907 3969 2260 4037 irrisiones
2314 3967 2796 4038 ardentissime
2852 3968 3185 4053 sitiebat,

634 4078 712 4124 ac
747 4078 877 4125 non
930 4057 1154 4127 solum
1207 4057 1548 4126 humanos
1596 4057 1914 4136 honoreS,
1953 4057 2069 4126 sed
2125 4057 2312 4128 nosci
2343 4078 2617 4144 quoque
2655 4058 2741 4126 ab
2775 4057 3191 4129 hominibus

634 4144 1065 4214 abhorrebat.
1121 4146 1450 4216 Invictam
1519 4159 1748 4215 autem
1810 4145 2024 4231 hujus
2090 4157 2367 4215 sanctae
2427 4146 2726 4236 Virginis
2777 4147 3189 4234 patientiam

634 4232 752 4302 illa
788 4255 911 4302 vox
950 4245 1325 4316 attestatur,
1370 4237 1508 4322 qua
1538 4236 1815 4325 saepius
1847 4235 1932 4303 ad
1971 4235 2332 4304 Dominum
2369 4234 2833 4305 exclamabat:
2872 4239 3185 4319 Domine,

634 4333 756 4391 aut
783 4325 952 4412 pati,
1007 4334 1126 4392 aut
1172 4326 1365 4393 mori.
1419 4330 1687 4393 Praeter
1733 4323 1899 4393 haec
1932 4324 2165 4393 omnia
2200 4323 2472 4392 divinae
2506 4323 2995 4393 beneficentiae
3030 4347 3195 4396 mu-

634 4432 843 4490 nera,
918 4413 1175 4499 quibus
1249 4411 1425 4481 hanc
1498 4411 1818 4481 Dilectam
1881 4433 2075 4481 suam
2146 4413 2340 4498 quasi
2412 4412 2727 4502 pretiosis
2796 4413 3196 4486 monilibus
