3347 4999
203 295 384 363 OCT.
446 299 530 363 ⁴6
1003 320 1080 365 nr.
1129 320 1185 365 s,
1239 319 1435 367 catto
1484 322 1627 367 aaa.
1682 322 1755 367 Er
1802 320 1984 369 conr.
2544 307 2671 371 455

197 402 554 471 neminem
586 403 697 472 hic
727 403 992 475 laedere
1021 405 1549 494 praesumatis»
1575 405 1828 475 Deinde
1859 428 2019 475 cum
2049 406 2130 475 ad
2163 406 2326 476 litus
2360 406 2763 479 festinanter

200 489 524 572 redisset,
581 493 817 562 Abbati
869 515 993 564 suo
1041 514 1216 579 quae
1264 492 1576 562 audierat
1609 547 1627 573 ,
1689 494 2062 564 nunciavit.
2118 494 2239 564 Ille
2287 496 2453 565 haec
2515 497 2759 568 auditu

196 579 627 668 percipienS,
681 582 1040 651 ecclesiam
1095 580 1332 670 petiit,
1390 593 1454 650 et
1503 582 1702 672 signo
1752 582 2045 672 pulsat0,
2100 582 2341 652 fratres
2391 588 2756 655 convenire

193 665 381 736 fecit.
439 670 639 739 Prius
670 682 921 751 autem,
965 691 1172 756 quam
1212 669 1486 739 initium
1525 669 1866 760 psallendi
1896 670 2239 753 fecissent,
2280 672 2556 742 auditae
2595 688 2757 743 sunt

190 754 391 825 dirae
441 781 642 828 voces
688 759 1210 829 daemoniorum
1251 780 1370 847 per
1421 759 1758 828 montium
1809 761 2267 839 summitate3‚
2313 773 2377 829 et
2410 763 2608 847 quasi
2644 763 2752 830 di-

195 845 632 916 scedentium
683 848 981 937 ejulatus
1027 869 1186 916 cum
1240 859 1491 916 terrore
1539 846 1895 918 confusus.
1948 853 2126 917 Haec
2162 848 2521 919 audientes
2564 851 2752 919 Servi

195 935 363 1015 Dei,
426 949 942 1025 prostraverunt
990 957 1062 1004 se
1109 936 1180 1004 in
1231 936 1652 1017 orationem,
1710 938 1978 1005 Domini
2041 937 2466 1026 postulantes
2526 948 2753 1026 prote-

193 1022 527 1105 ctionem,
585 1025 822 1112 illique
870 1024 1108 1094 laudes
1155 1037 1220 1093 et
1267 1025 1523 1113 gratias
1561 1024 2042 1114 persolventeS‚
2085 1027 2246 1113 quia
2297 1048 2411 1095 eos
2463 1026 2752 1096 liberare

195 1109 536 1200 dignatus
582 1127 682 1183 est
731 1114 813 1183 de
861 1112 1239 1183 terroribus
1289 1112 1777 1213 malignorum.
1826 1119 2087 1183 Interea
2142 1115 2457 1184 nonnulli
2492 1115 2747 1183 civium

193 1216 486 1290 propter
534 1202 872 1272 idolorum
925 1223 1211 1271 suorum
1252 1200 1720 1282 abolitionem,
1764 1202 2293 1291 praedicationis
2328 1226 2562 1273 eorum
2606 1226 2754 1274 mo-

196 1287 343 1357 nita
387 1303 925 1369 contemnentes,
980 1302 1353 1379 coeperunt
1398 1302 1634 1359 contra
1683 1311 1798 1360 eos
1844 1290 1999 1360 odia
2050 1293 2413 1373 concitare,
2460 1292 2751 1362 insidias

194 1379 615 1449 machinari.
670 1386 814 1463 Qua
861 1379 1063 1449 etiam
1117 1378 1513 1459 intentione,
1570 1377 1874 1448 locorum
1933 1381 2235 1468 ipsorum
2292 1386 2569 1461 Ducem,
2628 1403 2749 1451 no-

194 1466 393 1536 mine
444 1474 863 1548 Gunzonem‚
919 1468 1259 1546 adierunt,
1313 1481 1377 1535 et
1425 1467 1608 1557 apud
1660 1488 1819 1536 eum
1879 1482 2378 1538 accusaverunt
2425 1482 2741 1549 sanctos,

194 1552 512 1628 dicentes
561 1558 988 1626 venationem
1044 1555 1391 1645 publicam
1445 1556 1512 1624 in
1563 1555 1820 1624 eisdem
1867 1555 2074 1639 locis,
2130 1570 2407 1648 propter
2468 1557 2747 1628 illorum

193 1640 708 1715 infestationem
762 1645 1280 1736 peregrinorum
1316 1699 1331 1726 ,
1405 1665 1554 1713 esse
1613 1645 1979 1713 turbatam.
2054 1651 2200 1728 Quo
2270 1646 2550 1727 auditO,
2608 1653 2751 1716 Dux

195 1728 438 1803 furore
486 1756 887 1811 succensus,
942 1732 1175 1802 missis
1228 1733 1524 1812 nunciiS,
1570 1731 1870 1801 famulos
1907 1735 2016 1802 Dei
2068 1735 2329 1804 deloco
2368 1734 2605 1804 eodem
2641 1735 2747 1803 di-

199 1822 488 1892 scedere
544 1824 776 1909 jussit.
845 1822 967 1891 Sed
1035 1843 1256 1908 neque
1318 1822 1443 1890 hoc
1493 1820 1747 1891 sufficit
1804 1822 2214 1894 satellitibus
2280 1823 2744 1893 daemonum:

194 1910 371 1993 quin
427 1912 630 1980 etiam
683 1932 955 1980 vaccam
1007 1929 1244 1980 eorum
1304 1909 1483 1979 furto
1531 1909 2003 1981 abstrahentes
2042 1965 2056 1992 ,
2118 1912 2185 1980 in
2253 1912 2437 1981 invia
2484 1912 2751 1981 ducunt

199 1996 569 2068 silvarum.
621 2004 803 2083 Quos
852 2021 1008 2068 cum
1078 1999 1216 2068 duo
1275 1998 1359 2067 de
1406 1998 1734 2067 fratribus
1789 2019 1826 2066 e
1884 2000 2044 2069 vesti
2103 2000 2163 2069 io
2235 2000 2739 2087 insequuntur,

194 2099 702 2190 consurgentes
754 2087 1125 2157 latrunculi
1175 2087 1601 2156 interficiunt
1646 2108 1785 2166 eos,
1841 2100 1905 2156 et
1953 2110 2042 2158 au
2073 2102 2335 2158 erentes
2377 2089 2594 2179 spolia
2634 2111 2749 2158 eo-

191 2195 383 2256 rum,
432 2177 820 2245 discedunt.
855 2176 1073 2245 Mirati
1111 2188 1337 2245 autem
1375 2175 1642 2256 fratreS,
1681 2197 1808 2244 cur
1847 2177 2112 2246 tamdiu
2148 2177 2468 2247 differant
2499 2177 2742 2259 redire,

194 2262 491 2333 mittunt
539 2265 710 2335 alios
758 2265 875 2352 qui
929 2286 1042 2335 eos
1095 2264 1466 2351 requirant.
1541 2264 1646 2333 Illi
1698 2264 1981 2354 vestigia
2026 2287 2260 2335 eorum
2313 2268 2524 2336 secuti
2567 2322 2580 2347 ‚
2636 2288 2750 2337 oc—

193 2350 382 2422 cisos
434 2375 547 2423 eos
597 2354 977 2434 inveniunt,
1016 2365 1080 2423 et
1127 2352 1457 2423 cadavera
1507 2352 1812 2442 ipsorum
1866 2355 2011 2435 suis
2046 2354 2356 2424 humeris
2391 2356 2749 2444 imponen-

196 2449 325 2521 tes,
369 2443 452 2512 ad
499 2441 746 2513 Cellam
786 2455 1154 2531 reportant.
1211 2447 1394 2512 Inter
1439 2442 1564 2511 hos
1612 2442 2091 2531 angustiarum
2148 2456 2213 2514 et
2260 2444 2571 2515 tristitiae
2618 2446 2749 2515 ssu-

193 2541 380 2612 ctu5‚
436 2533 735 2601 nuncius
785 2533 987 2600 Ducis
1036 2532 1429 2613 adveniens,
1484 2530 1568 2599 de
1616 2530 1733 2600 illo
1773 2553 1889 2601 eos
1939 2532 2085 2602 loco
2125 2555 2508 2602 commeare
2542 2538 2746 2623 ‘prae-

195 2621 430 2707 cepit;
472 2643 594 2690 nec
634 2620 1025 2690 immerito:
1078 2620 1238 2707 quia
1282 2641 1415 2689 non
1452 2632 1552 2689 est
1593 2621 1881 2689 societas
1921 2620 2056 2691 luci
2102 2622 2184 2692 ad
2224 2624 2557 2693 tenebras.
2599 2622 2749 2712 Egit

196 2720 432 2778 autem
485 2710 613 2778 hoc
656 2722 797 2778 arte
846 2732 973 2778 sua
1024 2708 1392 2788 diabolu3‚
1446 2721 1520 2777 ut
1582 2708 1943 2797 populum,
1982 2731 2185 2796 quem
2239 2711 2305 2777 in
2360 2713 2746 2799 praesentia

198 2793 384 2868 lucis
432 2799 741 2866 amittere
790 2799 1034 2886 coepit,
1092 2797 1481 2866 discedente
1530 2797 1911 2866 sanctitatis
1957 2796 2246 2887 fulgore,
2301 2798 2597 2868 tenebris
2632 2820 2746 2867 oc-

135 2889 140 2893 ’
192 2899 485 2972 cuparet
534 2887 857 2973 antiquis.
915 2887 1141 2956 Sancti
1190 2887 1403 2974 igitur
1448 2887 1572 2955 viri
1626 2885 1907 2955 moleste
1953 2885 2292 2968 ferenteS,
2352 2886 2531 2972 quod
2586 2887 2744 2955 sede

196 2975 625 3060 pellerentur
654 2974 961 3055 amabili,
1001 2974 1290 3045 consilio
1322 2975 1679 3044 communi
1714 2973 1979 3043 Italiam
2016 2987 2243 3065 petere
2270 2975 2737 3054 decreverunt;

194 3072 259 3130 et
310 3065 480 3133 dum
534 3064 749 3133 nimio
799 3077 1192 3134 tenerentur
1239 3063 1496 3144 dolore,
1552 3075 1832 3132 sanctus
1885 3075 2073 3151 pater
2120 3063 2585 3132 Columbanus
2636 3064 2743 3133 his

194 3154 426 3223 verbis
475 3153 696 3241 coepit
742 3174 858 3222 eos
904 3152 1296 3222 consolari:
1351 3152 1818 3220 «Invenimus
1863 3151 2169 3237 quidem,
2209 3150 2474 3232 fratres,
2520 3151 2628 3221 his
2671 3153 2738 3220 in

196 3242 520 3327 partibus
583 3262 858 3309 auream
925 3241 1307 3321 concham,
1369 3239 1486 3308 sed
1541 3239 1891 3309 venenatis
1939 3240 2375 3330 serpentibus
2483 3240 2736 3309 lenam.

195 3330 405 3399 Cedat
453 3342 679 3397 tamen
733 3328 1044 3398 tristitiae
1097 3328 1387 3429 languor
1434 3350 1512 3396 ex
1565 3327 1789 3408 malis,
1823 3328 1986 3414 quia
2017 3341 2197 3397 certa
2232 3342 2333 3399 est
2367 3328 2409 3397 fi
2468 3330 2622 3398 ucia
2657 3328 2741 3398 de

196 3419 459 3487 auxilio
486 3417 907 3506 protectoris.
943 3422 1118 3487 Deus
1142 3438 1353 3495 emm,
1389 3416 1501 3484 cui
1531 3416 1891 3496 servimus,
1928 3417 2256 3508 Angelum
2287 3440 2491 3487 suum
2526 3419 2742 3487 mittet

196 3507 592 3586 nobiscum,
637 3506 754 3591 qui
792 3527 918 3574 nos
959 3505 1288 3595 perducat
1334 3504 1418 3574 ad
1468 3503 1913 3594 Agilulphum
1958 3506 2561 3597 Longobardorum
2614 3513 2741 3576 Re-

197 3614 382 3681 gem,
437 3593 557 3663 ubi
605 3594 757 3680 ejus
805 3593 1170 3663 clementia
1220 3605 1691 3682 praeparante,
1745 3593 2089 3664 humanos
2138 3595 2419 3665 affectus
2467 3606 2532 3664 et
2572 3615 2740 3685 pace

198 3681 484 3770 plenum
539 3682 980 3752 habitationis
1021 3681 1245 3752 locum
1285 3682 1742 3751 inveniemus,
1784 3705 1820 3748 »

293 3777 329 3860 ἓ
377 3775 458 3843 8.
504 3776 658 3840 Post
715 3770 880 3839 haec
930 3771 1141 3871 igitur
1196 3792 1352 3839 cum
1407 3770 1889 3860 proficiscendi
1925 3783 2195 3861 tempus
2241 3771 2546 3853 instaret,
2583 3772 2741 3841 bea-

203 3868 349 3929 tum
403 3859 673 3930 Gallum
727 3871 1080 3960 repentina
1129 3858 1339 3930 febris
1389 3859 1660 3928 invasit.
1708 3859 1898 3929 Unde
1947 3860 2224 3930 Abbatis
2271 3861 2380 3929 sui
2446 3860 2740 3950 pedibus

201 3946 588 4028 advolutuS‚
672 3947 1001 4017 indicavit
1048 3969 1119 4017 se
1166 3948 1566 4017 infirmitate
1633 3948 2015 4018 vehementi
2089 3948 2420 4030 laborare,
2473 3961 2539 4018 et
2585 3949 2739 4019 ideo

202 4031 329 4104 iter
427 4037 803 4126 ropositum
859 4058 989 4105 non
1044 4058 1243 4127 posse
1304 4037 1650 4126 perficere.
1705 4035 1828 4105 Ille
1892 4058 2047 4106 vero
2109 4037 2510 4107 existimans
2576 4059 2735 4107 eum

255 4144 326 4192 ro
402 4126 729 4195 aboribus
791 4125 1043 4194 ibidem
1106 4125 1608 4196 consummatis
1646 4146 1880 4194 amore
1944 4125 2074 4195 loci
2143 4126 2520 4208 detentum,
2588 4127 2738 4195 viae

231 4213 535 4302 ongioris
583 4214 955 4284 detrectare
1008 4213 1337 4295 laborem,
1391 4214 1558 4283 dicit
1615 4214 1720 4282 ei:
1767 4237 1802 4280 «
1871 4215 2021 4283 Scio
2083 4214 2328 4295 frater,
2396 4215 2540 4304 jam
2611 4215 2734 4284 tibi

201 4317 565 4371 onerosum
631 4326 778 4374 esse
819 4303 1024 4372 tantis
1066 4324 1187 4392 pro
1230 4324 1336 4371 me
1399 4302 1755 4372 laboribus
1809 4301 2116 4393 fatigari:
2170 4315 2397 4373 tamen
2460 4304 2588 4373 hoc
2628 4303 2736 4372 di—

202 4405 562 4460 scessurus
595 4391 961 4475 denunciO,
1019 4413 1103 4460 ne
1151 4412 1260 4462 me
1302 4391 1563 4461 vivente
1603 4392 1669 4460 in
1708 4413 2015 4482 corpore,
2062 4392 2337 4463 Missam
2389 4392 2736 4464 celebrare
