<?xml version="1.0" encoding="UTF-8"?>
<!DOCTYPE html PUBLIC "-//W3C//DTD XHTML 1.0 Transitional//EN"
    "http://www.w3.org/TR/xhtml1/DTD/xhtml1-transitional.dtd">
<html xmlns="http://www.w3.org/1999/xhtml" xml:lang="en" lang="en">
 <head>
  <title>
</title>
<meta http-equiv="Content-Type" content="text/html;charset=utf-8" />
  <meta name='ocr-system' content='tesseract 3.04.00' />
  <meta name='ocr-capabilities' content='ocr_page ocr_carea ocr_par ocr_line ocrx_word'/>
</head>
<body>
  <div class='ocr_page' id='page_1' title='image "./historiaeseuvit03lippgoog_0262.png"; bbox 0 0 3347 4999; ppageno 0'>
   <div class='ocr_carea' id='block_1_1' title="bbox 663 290 3132 359">
    <p class='ocr_par' dir='ltr' id='par_1_1' title="bbox 663 290 3132 359">
     <span class='ocr_line' id='line_1_1' title="bbox 663 290 3132 359; baseline 0.001 -2"><span class='ocrx_word' id='word_1_1' title='bbox 663 293 790 357; x_wconf 71' lang='lat'>‘232</span> <span class='ocrx_word' id='word_1_2' title='bbox 1304 310 1382 355; x_wconf 73' lang='lat' dir='ltr'>na:</span> <span class='ocrx_word' id='word_1_3' title='bbox 1432 309 1522 356; x_wconf 92' lang='lat' dir='ltr'>ss.</span> <span class='ocrx_word' id='word_1_4' title='bbox 1577 307 1799 355; x_wconf 70' lang='lat' dir='ltr'>sanem</span> <span class='ocrx_word' id='word_1_5' title='bbox 1848 309 1922 354; x_wconf 76' lang='lat' dir='ltr'>Er</span> <span class='ocrx_word' id='word_1_6' title='bbox 1971 305 2211 355; x_wconf 74' lang='lat' dir='ltr'>aAccno</span> <span class='ocrx_word' id='word_1_7' title='bbox 2258 308 2372 354; x_wconf 68' lang='lat' dir='ltr'>nu.</span> <span class='ocrx_word' id='word_1_8' title='bbox 2844 290 3020 358; x_wconf 85' lang='lat' dir='ltr'>OCT.</span> <span class='ocrx_word' id='word_1_9' title='bbox 3080 295 3132 359; x_wconf 85' lang='lat'><strong>7</strong></span> 
     </span>
    </p>
   </div>
   <div class='ocr_carea' id='block_1_2' title="bbox 558 392 3134 4472">
    <p class='ocr_par' dir='ltr' id='par_1_2' title="bbox 567 392 3134 2343">
     <span class='ocr_line' id='line_1_2' title="bbox 572 392 3134 482; baseline 0 -17"><span class='ocrx_word' id='word_1_10' title='bbox 572 418 730 465; x_wconf 90' lang='lat' dir='ltr'>cum</span> <span class='ocrx_word' id='word_1_11' title='bbox 774 416 852 464; x_wconf 92' lang='lat' dir='ltr'>eo</span> <span class='ocrx_word' id='word_1_12' title='bbox 908 414 1053 463; x_wconf 90' lang='lat' dir='ltr'>esse</span> <span class='ocrx_word' id='word_1_13' title='bbox 1095 393 1464 482; x_wconf 77' lang='lat' dir='ltr'>participes</span> <span class='ocrx_word' id='word_1_14' title='bbox 1514 394 1708 482; x_wconf 88' lang='lat' dir='ltr'>prius</span> <span class='ocrx_word' id='word_1_15' title='bbox 1747 393 2110 480; x_wconf 88' lang='lat' dir='ltr'>jussisset,</span> <span class='ocrx_word' id='word_1_16' title='bbox 2166 415 2304 462; x_wconf 91' lang='lat' dir='ltr'>rem</span> <span class='ocrx_word' id='word_1_17' title='bbox 2349 392 2674 482; x_wconf 85' lang='lat' dir='ltr'><strong>deinceps</strong></span> <span class='ocrx_word' id='word_1_18' title='bbox 2719 395 3134 465; x_wconf 79' lang='lat' dir='ltr'>examinare</span> 
     </span>
     <span class='ocr_line' id='line_1_3' title="bbox 577 481 3124 578; baseline -0 -24"><span class='ocrx_word' id='word_1_19' title='bbox 577 483 952 578; x_wconf 77' lang='lat' dir='ltr'>constituit.</span> <span class='ocrx_word' id='word_1_20' title='bbox 1008 488 1218 569; x_wconf 79' lang='lat' dir='ltr'>Atque</span> <span class='ocrx_word' id='word_1_21' title='bbox 1278 482 1425 571; x_wconf 87' lang='lat' dir='ltr'>ipse</span> <span class='ocrx_word' id='word_1_22' title='bbox 1479 481 1757 569; x_wconf 90' lang='lat' dir='ltr'>quidem</span> <span class='ocrx_word' id='word_1_23' title='bbox 1813 481 2082 570; x_wconf 90' lang='lat' dir='ltr'>primus</span> <span class='ocrx_word' id='word_1_24' title='bbox 2136 481 2566 570; x_wconf 81' lang='lat' dir='ltr'>ingreditur:</span> <span class='ocrx_word' id='word_1_25' title='bbox 2622 481 2831 550; x_wconf 89' lang='lat' dir='ltr'>simul</span> <span class='ocrx_word' id='word_1_26' title='bbox 2881 496 3124 553; x_wconf 90' lang='lat' dir='ltr'>autem</span> 
     </span>
     <span class='ocr_line' id='line_1_4' title="bbox 575 570 3126 661; baseline -0 -18"><span class='ocrx_word' id='word_1_27' title='bbox 575 595 729 643; x_wconf 87' lang='lat' dir='ltr'>curn</span> <span class='ocrx_word' id='word_1_28' title='bbox 773 594 850 641; x_wconf 89' lang='lat' dir='ltr'>eo</span> <span class='ocrx_word' id='word_1_29' title='bbox 901 571 1286 661; x_wconf 88' lang='lat' dir='ltr'>ingreditur</span> <span class='ocrx_word' id='word_1_30' title='bbox 1332 571 1533 639; x_wconf 89' lang='lat' dir='ltr'>etiam</span> <span class='ocrx_word' id='word_1_31' title='bbox 1598 592 1850 660; x_wconf 89' lang='lat' dir='ltr'>magna</span> <span class='ocrx_word' id='word_1_32' title='bbox 1899 570 2269 639; x_wconf 89' lang='lat' dir='ltr'>multitudo</span> <span class='ocrx_word' id='word_1_33' title='bbox 2304 626 2319 652; x_wconf 94' lang='lat'>,</span> <span class='ocrx_word' id='word_1_34' title='bbox 2374 582 2437 639; x_wconf 90' lang='lat' dir='ltr'>et</span> <span class='ocrx_word' id='word_1_35' title='bbox 2484 582 2624 639; x_wconf 91' lang='lat' dir='ltr'>erat</span> <span class='ocrx_word' id='word_1_36' title='bbox 2674 571 2992 640; x_wconf 91' lang='lat' dir='ltr'>universa</span> <span class='ocrx_word' id='word_1_37' title='bbox 3043 572 3126 642; x_wconf 85' lang='lat' dir='ltr'>in</span> 
     </span>
     <span class='ocr_line' id='line_1_5' title="bbox 573 658 3125 750; baseline -0 -19"><span class='ocrx_word' id='word_1_38' title='bbox 573 661 825 750; x_wconf 92' lang='lat' dir='ltr'>templo</span> <span class='ocrx_word' id='word_1_39' title='bbox 865 671 1297 749; x_wconf 89' lang='lat' dir='ltr'>congregata.</span> <span class='ocrx_word' id='word_1_40' title='bbox 1354 664 1431 727; x_wconf 90' lang='lat' dir='ltr'>Et</span> <span class='ocrx_word' id='word_1_41' title='bbox 1479 658 1595 727; x_wconf 85' lang='lat' dir='ltr'>alii</span> <span class='ocrx_word' id='word_1_42' title='bbox 1644 659 1924 745; x_wconf 92' lang='lat' dir='ltr'>quidem</span> <span class='ocrx_word' id='word_1_43' title='bbox 1972 659 2337 750; x_wconf 79' lang='lat' dir='ltr'>diligenter</span> <span class='ocrx_word' id='word_1_44' title='bbox 2385 659 2802 750; x_wconf 78' lang='lat' dir='ltr'>peragebant</span> <span class='ocrx_word' id='word_1_45' title='bbox 2850 660 3125 730; x_wconf 87' lang='lat' dir='ltr'>sacrifi-</span> 
     </span>
     <span class='ocr_line' id='line_1_6' title="bbox 572 747 3125 839; baseline 0 -20"><span class='ocrx_word' id='word_1_46' title='bbox 572 750 782 829; x_wconf 84' lang='lat' dir='ltr'>cium,</span> <span class='ocrx_word' id='word_1_47' title='bbox 835 761 899 817; x_wconf 92' lang='lat' dir='ltr'>et</span> <span class='ocrx_word' id='word_1_48' title='bbox 939 762 1362 839; x_wconf 85' lang='lat' dir='ltr'>praesentem</span> <span class='ocrx_word' id='word_1_49' title='bbox 1414 747 1869 816; x_wconf 82' lang='lat' dir='ltr'>observabant</span> <span class='ocrx_word' id='word_1_50' title='bbox 1920 749 2454 828; x_wconf 82' lang='lat' dir='ltr'>Maximianum3</span> <span class='ocrx_word' id='word_1_51' title='bbox 2519 749 2796 838; x_wconf 85' lang='lat' dir='ltr'>Sergius</span> <span class='ocrx_word' id='word_1_52' title='bbox 2847 771 2999 819; x_wconf 87' lang='lat' dir='ltr'>vero</span> <span class='ocrx_word' id='word_1_53' title='bbox 3050 763 3125 819; x_wconf 84' lang='lat' dir='ltr'>et</span> 
     </span>
     <span class='ocr_line' id='line_1_7' title="bbox 570 836 3110 993; baseline -0 -86"><span class='ocrx_word' id='word_1_54' title='bbox 570 838 901 914; x_wconf 84' lang='lat' dir='ltr'>Bacchus,</span> <span class='ocrx_word' id='word_1_55' title='bbox 947 837 1071 905; x_wconf 89' lang='lat' dir='ltr'>viri</span> <span class='ocrx_word' id='word_1_56' title='bbox 1108 836 1658 993; x_wconf 45' lang='lat' dir='ltr'>generosissimi,</span> <span class='ocrx_word' id='word_1_57' title='bbox 1724 859 1804 905; x_wconf 93' lang='lat' dir='ltr'>ne</span> <span class='ocrx_word' id='word_1_58' title='bbox 1845 836 2080 926; x_wconf 90' lang='lat' dir='ltr'>templi</span> <span class='ocrx_word' id='word_1_59' title='bbox 2135 837 2413 923; x_wconf 85' lang='lat' dir='ltr'>quidem</span> <span class='ocrx_word' id='word_1_60' title='bbox 2460 851 2721 926; x_wconf 85' lang='lat' dir='ltr'>portam</span> <span class='ocrx_word' id='word_1_61' title='bbox 2766 839 3110 926; x_wconf 88' lang='lat' dir='ltr'>ingressi,</span> 
     </span>
     <span class='ocr_line' id='line_1_8' title="bbox 569 924 3119 1016; baseline 0 -19"><span class='ocrx_word' id='word_1_62' title='bbox 569 927 735 997; x_wconf 86' lang='lat' dir='ltr'>foris</span> <span class='ocrx_word' id='word_1_63' title='bbox 770 926 1042 995; x_wconf 85' lang='lat' dir='ltr'>stabant</span> <span class='ocrx_word' id='word_1_64' title='bbox 1090 948 1128 993; x_wconf 93' lang='lat' dir='ltr'>a</span> <span class='ocrx_word' id='word_1_65' title='bbox 1163 925 1372 1005; x_wconf 88' lang='lat' dir='ltr'>icubi,</span> <span class='ocrx_word' id='word_1_66' title='bbox 1432 924 1561 1013; x_wconf 90' lang='lat' dir='ltr'>ipsi</span> <span class='ocrx_word' id='word_1_67' title='bbox 1614 929 1745 993; x_wconf 91' lang='lat' dir='ltr'>Deo</span> <span class='ocrx_word' id='word_1_68' title='bbox 1781 925 2006 1014; x_wconf 91' lang='lat' dir='ltr'>potius</span> <span class='ocrx_word' id='word_1_69' title='bbox 2041 947 2289 1015; x_wconf 90' lang='lat' dir='ltr'>purum</span> <span class='ocrx_word' id='word_1_70' title='bbox 2341 940 2405 994; x_wconf 92' lang='lat' dir='ltr'>et</span> <span class='ocrx_word' id='word_1_71' title='bbox 2440 948 2673 995; x_wconf 91' lang='lat' dir='ltr'>verum</span> <span class='ocrx_word' id='word_1_72' title='bbox 2714 948 2869 1016; x_wconf 88' lang='lat' dir='ltr'>pera</span> <span class='ocrx_word' id='word_1_73' title='bbox 2923 939 3119 997; x_wconf 89' lang='lat' dir='ltr'>entes</span> 
     </span>
     <span class='ocr_line' id='line_1_9' title="bbox 570 1012 3106 1102; baseline -0.001 -16"><span class='ocrx_word' id='word_1_74' title='bbox 570 1016 1017 1093; x_wconf 77' lang='lat' dir='ltr'>sacrificium,</span> <span class='ocrx_word' id='word_1_75' title='bbox 1069 1028 1133 1083; x_wconf 90' lang='lat' dir='ltr'>et</span> <span class='ocrx_word' id='word_1_76' title='bbox 1184 1037 1304 1099; x_wconf 90' lang='lat' dir='ltr'>pro</span> <span class='ocrx_word' id='word_1_77' title='bbox 1345 1012 1499 1082; x_wconf 88' lang='lat' dir='ltr'>aliis</span> <span class='ocrx_word' id='word_1_78' title='bbox 1537 1027 1876 1102; x_wconf 76' lang='lat' dir='ltr'>rogantes,</span> <span class='ocrx_word' id='word_1_79' title='bbox 1933 1038 1966 1079; x_wconf 77' lang='lat'>«</span> <span class='ocrx_word' id='word_1_80' title='bbox 2005 1014 2308 1094; x_wconf 88' lang='lat' dir='ltr'>Domine,</span> <span class='ocrx_word' id='word_1_81' title='bbox 2358 1014 2678 1093; x_wconf 87' lang='lat' dir='ltr'>Domine,</span> <span class='ocrx_word' id='word_1_82' title='bbox 2736 1014 2886 1083; x_wconf 92' lang='lat' dir='ltr'>dice</span> <span class='ocrx_word' id='word_1_83' title='bbox 2938 1029 3106 1094; x_wconf 89' lang='lat' dir='ltr'>ant,</span> 
     </span>
     <span class='ocr_line' id='line_1_10' title="bbox 571 1102 3118 1194; baseline -0 -21"><span class='ocrx_word' id='word_1_84' title='bbox 571 1110 749 1174; x_wconf 88' lang='lat' dir='ltr'>Deus</span> <span class='ocrx_word' id='word_1_85' title='bbox 792 1109 927 1172; x_wconf 86' lang='lat' dir='ltr'>Rex</span> <span class='ocrx_word' id='word_1_86' title='bbox 976 1102 1436 1192; x_wconf 88' lang='lat' dir='ltr'>singulorum,</span> <span class='ocrx_word' id='word_1_87' title='bbox 1490 1102 1736 1171; x_wconf 85' lang='lat' dir='ltr'>exaudi</span> <span class='ocrx_word' id='word_1_88' title='bbox 1791 1124 2016 1170; x_wconf 91' lang='lat' dir='ltr'>vocem</span> <span class='ocrx_word' id='word_1_89' title='bbox 2053 1103 2381 1172; x_wconf 90' lang='lat' dir='ltr'>orationis</span> <span class='ocrx_word' id='word_1_90' title='bbox 2419 1115 2709 1183; x_wconf 89' lang='lat' dir='ltr'>nostrae,</span> <span class='ocrx_word' id='word_1_91' title='bbox 2763 1116 2828 1171; x_wconf 92' lang='lat' dir='ltr'>et</span> <span class='ocrx_word' id='word_1_92' title='bbox 2878 1104 3118 1194; x_wconf 90' lang='lat' dir='ltr'>propi-</span> 
     </span>
     <span class='ocr_line' id='line_1_11' title="bbox 572 1191 3112 1271; baseline 0 -10"><span class='ocrx_word' id='word_1_93' title='bbox 572 1194 709 1262; x_wconf 90' lang='lat' dir='ltr'>tius</span> <span class='ocrx_word' id='word_1_94' title='bbox 755 1205 897 1261; x_wconf 88' lang='lat' dir='ltr'>esto</span> <span class='ocrx_word' id='word_1_95' title='bbox 940 1192 1339 1260; x_wconf 87' lang='lat' dir='ltr'>haereditati</span> <span class='ocrx_word' id='word_1_96' title='bbox 1393 1203 1568 1260; x_wconf 80' lang='lat' dir='ltr'>tuae.</span> <span class='ocrx_word' id='word_1_97' title='bbox 1623 1196 1851 1271; x_wconf 88' lang='lat' dir='ltr'>Parce,</span> <span class='ocrx_word' id='word_1_98' title='bbox 1909 1192 2234 1271; x_wconf 90' lang='lat' dir='ltr'>Domine,</span> <span class='ocrx_word' id='word_1_99' title='bbox 2296 1205 2360 1260; x_wconf 91' lang='lat' dir='ltr'>et</span> <span class='ocrx_word' id='word_1_100' title='bbox 2413 1213 2496 1260; x_wconf 91' lang='lat' dir='ltr'>ne</span> <span class='ocrx_word' id='word_1_101' title='bbox 2552 1213 2667 1260; x_wconf 90' lang='lat' dir='ltr'>eos</span> <span class='ocrx_word' id='word_1_102' title='bbox 2715 1191 2984 1262; x_wconf 89' lang='lat' dir='ltr'>dederis</span> <span class='ocrx_word' id='word_1_103' title='bbox 3020 1192 3112 1261; x_wconf 88' lang='lat' dir='ltr'>ad</span> 
     </span>
     <span class='ocr_line' id='line_1_12' title="bbox 573 1279 3114 1370; baseline 0 -20"><span class='ocrx_word' id='word_1_104' title='bbox 573 1281 1012 1370; x_wconf 89' lang='lat' dir='ltr'>gloriandum</span> <span class='ocrx_word' id='word_1_105' title='bbox 1063 1280 1493 1349; x_wconf 88' lang='lat' dir='ltr'>adversario.</span> <span class='ocrx_word' id='word_1_106' title='bbox 1551 1279 1677 1348; x_wconf 91' lang='lat' dir='ltr'>Sed</span> <span class='ocrx_word' id='word_1_107' title='bbox 1729 1279 2049 1348; x_wconf 89' lang='lat' dir='ltr'>illumina</span> <span class='ocrx_word' id='word_1_108' title='bbox 2084 1334 2099 1360; x_wconf 95' lang='lat'>‚</span> <span class='ocrx_word' id='word_1_109' title='bbox 2157 1280 2460 1360; x_wconf 89' lang='lat' dir='ltr'>Domine,</span> <span class='ocrx_word' id='word_1_110' title='bbox 2512 1279 2830 1348; x_wconf 88' lang='lat' dir='ltr'>illumina</span> <span class='ocrx_word' id='word_1_111' title='bbox 2873 1280 3114 1350; x_wconf 88' lang='lat' dir='ltr'>oculos</span> 
     </span>
     <span class='ocr_line' id='line_1_13' title="bbox 571 1368 3117 1458; baseline 0 -20"><span class='ocrx_word' id='word_1_112' title='bbox 571 1369 882 1438; x_wconf 89' lang='lat' dir='ltr'>cordium</span> <span class='ocrx_word' id='word_1_113' title='bbox 935 1390 1197 1448; x_wconf 86' lang='lat' dir='ltr'>eorum,</span> <span class='ocrx_word' id='word_1_114' title='bbox 1252 1383 1315 1436; x_wconf 91' lang='lat' dir='ltr'>et</span> <span class='ocrx_word' id='word_1_115' title='bbox 1355 1391 1466 1436; x_wconf 87' lang='lat' dir='ltr'>eos</span> <span class='ocrx_word' id='word_1_116' title='bbox 1499 1368 1724 1437; x_wconf 91' lang='lat' dir='ltr'>deduc</span> <span class='ocrx_word' id='word_1_117' title='bbox 1763 1368 1847 1436; x_wconf 91' lang='lat' dir='ltr'>ad</span> <span class='ocrx_word' id='word_1_118' title='bbox 1883 1368 1980 1436; x_wconf 92' lang='lat' dir='ltr'>tui</span> <span class='ocrx_word' id='word_1_119' title='bbox 2020 1369 2462 1458; x_wconf 87' lang='lat' dir='ltr'>agnitionem.</span> <span class='ocrx_word' id='word_1_120' title='bbox 2501 1369 2623 1454; x_wconf 92' lang='lat' dir='ltr'>qui</span> <span class='ocrx_word' id='word_1_121' title='bbox 2665 1391 2848 1438; x_wconf 91' lang='lat' dir='ltr'>nunc</span> <span class='ocrx_word' id='word_1_122' title='bbox 2900 1371 2964 1437; x_wconf 91' lang='lat' dir='ltr'>in</span> <span class='ocrx_word' id='word_1_123' title='bbox 3016 1384 3117 1439; x_wconf 87' lang='lat' dir='ltr'>te-</span> 
     </span>
     <span class='ocr_line' id='line_1_14' title="bbox 573 1455 3114 1546; baseline 0 -20"><span class='ocrx_word' id='word_1_124' title='bbox 573 1459 805 1528; x_wconf 89' lang='lat' dir='ltr'>nebris</span> <span class='ocrx_word' id='word_1_125' title='bbox 855 1457 1215 1527; x_wconf 87' lang='lat' dir='ltr'>ambulant</span> <span class='ocrx_word' id='word_1_126' title='bbox 1267 1457 1719 1535; x_wconf 75' lang='lat' dir='ltr'>ioum-antiae,</span> <span class='ocrx_word' id='word_1_127' title='bbox 1779 1469 1842 1525; x_wconf 92' lang='lat' dir='ltr'>et</span> <span class='ocrx_word' id='word_1_128' title='bbox 1901 1469 2337 1526; x_wconf 89' lang='lat' dir='ltr'>mutaverunt</span> <span class='ocrx_word' id='word_1_129' title='bbox 2384 1455 2675 1546; x_wconf 88' lang='lat' dir='ltr'>gloriam</span> <span class='ocrx_word' id='word_1_130' title='bbox 2731 1470 2944 1537; x_wconf 89' lang='lat' dir='ltr'>tuam,</span> <span class='ocrx_word' id='word_1_131' title='bbox 2987 1459 3114 1544; x_wconf 89' lang='lat' dir='ltr'>qui</span> 
     </span>
     <span class='ocr_line' id='line_1_15' title="bbox 572 1545 3107 1626; baseline -0 -10"><span class='ocrx_word' id='word_1_132' title='bbox 572 1569 643 1616; x_wconf 92' lang='lat' dir='ltr'>es</span> <span class='ocrx_word' id='word_1_133' title='bbox 685 1546 873 1617; x_wconf 92' lang='lat' dir='ltr'>solus</span> <span class='ocrx_word' id='word_1_134' title='bbox 919 1551 1116 1625; x_wconf 91' lang='lat' dir='ltr'>Deus,</span> <span class='ocrx_word' id='word_1_135' title='bbox 1164 1560 1226 1614; x_wconf 92' lang='lat' dir='ltr'>et</span> <span class='ocrx_word' id='word_1_136' title='bbox 1257 1569 1296 1614; x_wconf 88' lang='lat' dir='ltr'>a</span> <span class='ocrx_word' id='word_1_137' title='bbox 1328 1547 1525 1615; x_wconf 89' lang='lat' dir='ltr'>ienus</span> <span class='ocrx_word' id='word_1_138' title='bbox 1559 1545 1644 1613; x_wconf 91' lang='lat' dir='ltr'>ab</span> <span class='ocrx_word' id='word_1_139' title='bbox 1680 1545 1981 1624; x_wconf 78' lang='lat' dir='ltr'>interitu,</span> <span class='ocrx_word' id='word_1_140' title='bbox 2028 1545 2096 1613; x_wconf 91' lang='lat' dir='ltr'>in</span> <span class='ocrx_word' id='word_1_141' title='bbox 2135 1545 2658 1614; x_wconf 86' lang='lat' dir='ltr'>similitudinem</span> <span class='ocrx_word' id='word_1_142' title='bbox 2702 1547 3107 1626; x_wconf 89' lang='lat' dir='ltr'>bestiarum,</span> 
     </span>
     <span class='ocr_line' id='line_1_16' title="bbox 571 1633 3118 1724; baseline 0 -21"><span class='ocrx_word' id='word_1_143' title='bbox 571 1635 1128 1724; x_wconf 87' lang='lat' dir='ltr'>quadrupedum,</span> <span class='ocrx_word' id='word_1_144' title='bbox 1182 1648 1243 1702; x_wconf 87' lang='lat' dir='ltr'>et</span> <span class='ocrx_word' id='word_1_145' title='bbox 1283 1635 1733 1722; x_wconf 89' lang='lat' dir='ltr'>serpentium,</span> <span class='ocrx_word' id='word_1_146' title='bbox 1790 1648 1853 1703; x_wconf 93' lang='lat' dir='ltr'>et</span> <span class='ocrx_word' id='word_1_147' title='bbox 1900 1656 1940 1702; x_wconf 90' lang='lat' dir='ltr'>a</span> <span class='ocrx_word' id='word_1_148' title='bbox 1979 1646 2042 1703; x_wconf 87' lang='lat' dir='ltr'>te</span> <span class='ocrx_word' id='word_1_149' title='bbox 2081 1633 2495 1714; x_wconf 86' lang='lat' dir='ltr'>defecerunt,</span> <span class='ocrx_word' id='word_1_150' title='bbox 2536 1647 2601 1702; x_wconf 91' lang='lat' dir='ltr'>et</span> <span class='ocrx_word' id='word_1_151' title='bbox 2632 1635 3118 1704; x_wconf 87' lang='lat' dir='ltr'>sacrificarunt</span> 
     </span>
     <span class='ocr_line' id='line_1_17' title="bbox 572 1723 3114 1813; baseline 0 -21"><span class='ocrx_word' id='word_1_152' title='bbox 572 1745 805 1792; x_wconf 88' lang='lat' dir='ltr'>eorum</span> <span class='ocrx_word' id='word_1_153' title='bbox 845 1723 1288 1812; x_wconf 86' lang='lat' dir='ltr'>sculptilibus</span> <span class='ocrx_word' id='word_1_154' title='bbox 1319 1778 1333 1802; x_wconf 93' lang='lat'>‚</span> <span class='ocrx_word' id='word_1_155' title='bbox 1387 1735 1451 1791; x_wconf 90' lang='lat' dir='ltr'>et</span> <span class='ocrx_word' id='word_1_156' title='bbox 1501 1743 1749 1791; x_wconf 90' lang='lat' dir='ltr'>nomen</span> <span class='ocrx_word' id='word_1_157' title='bbox 1803 1737 2115 1792; x_wconf 89' lang='lat' dir='ltr'>sanctum</span> <span class='ocrx_word' id='word_1_158' title='bbox 2162 1735 2354 1792; x_wconf 92' lang='lat' dir='ltr'>tuum</span> <span class='ocrx_word' id='word_1_159' title='bbox 2392 1724 2813 1813; x_wconf 90' lang='lat' dir='ltr'>contemptui</span> <span class='ocrx_word' id='word_1_160' title='bbox 2849 1724 3114 1793; x_wconf 87' lang='lat' dir='ltr'>habue-</span> 
     </span>
     <span class='ocr_line' id='line_1_18' title="bbox 570 1811 3116 1901; baseline -0 -19"><span class='ocrx_word' id='word_1_161' title='bbox 570 1814 756 1882; x_wconf 85' lang='lat' dir='ltr'>runt.</span> <span class='ocrx_word' id='word_1_162' title='bbox 811 1817 1131 1882; x_wconf 86' lang='lat' dir='ltr'>Converte</span> <span class='ocrx_word' id='word_1_163' title='bbox 1179 1832 1318 1890; x_wconf 66' lang='grc' dir='ltr'><strong>θος,</strong></span> <span class='ocrx_word' id='word_1_164' title='bbox 1371 1812 1677 1890; x_wconf 89' lang='lat' dir='ltr'>Domine,</span> <span class='ocrx_word' id='word_1_165' title='bbox 1723 1823 1787 1879; x_wconf 94' lang='lat' dir='ltr'>et</span> <span class='ocrx_word' id='word_1_166' title='bbox 1833 1824 2250 1901; x_wconf 87' lang='lat' dir='ltr'>cognoscant</span> <span class='ocrx_word' id='word_1_167' title='bbox 2291 1811 2634 1880; x_wconf 89' lang='lat' dir='ltr'>mirabilia</span> <span class='ocrx_word' id='word_1_168' title='bbox 2687 1826 2823 1888; x_wconf 89' lang='lat' dir='ltr'>tua.</span> <span class='ocrx_word' id='word_1_169' title='bbox 2862 1825 2927 1881; x_wconf 90' lang='lat' dir='ltr'>et</span> <span class='ocrx_word' id='word_1_170' title='bbox 2960 1813 3116 1881; x_wconf 91' lang='lat' dir='ltr'>uni-</span> 
     </span>
     <span class='ocr_line' id='line_1_19' title="bbox 568 1899 3112 1991; baseline -0 -20"><span class='ocrx_word' id='word_1_171' title='bbox 568 1903 874 1991; x_wconf 87' lang='lat' dir='ltr'>genitum</span> <span class='ocrx_word' id='word_1_172' title='bbox 914 1913 1106 1969; x_wconf 91' lang='lat' dir='ltr'>tuum</span> <span class='ocrx_word' id='word_1_173' title='bbox 1141 1899 1383 1978; x_wconf 83' lang='lat' dir='ltr'>filium,</span> <span class='ocrx_word' id='word_1_174' title='bbox 1414 1912 1477 1968; x_wconf 89' lang='lat' dir='ltr'>et</span> <span class='ocrx_word' id='word_1_175' title='bbox 1511 1899 1921 1968; x_wconf 87' lang='lat' dir='ltr'>Salvatorem</span> <span class='ocrx_word' id='word_1_176' title='bbox 1957 1912 2291 1980; x_wconf 89' lang='lat' dir='ltr'>nostrum,</span> <span class='ocrx_word' id='word_1_177' title='bbox 2322 1901 2438 1986; x_wconf 91' lang='lat' dir='ltr'>qui</span> <span class='ocrx_word' id='word_1_178' title='bbox 2477 1900 2861 1969; x_wconf 88' lang='lat' dir='ltr'>voluntaria</span> <span class='ocrx_word' id='word_1_179' title='bbox 2897 1907 3112 1970; x_wconf 83' lang='lat' dir='ltr'>Cruce</span> 
     </span>
     <span class='ocr_line' id='line_1_20' title="bbox 568 1988 3114 2077; baseline 0 -18"><span class='ocrx_word' id='word_1_180' title='bbox 568 2002 631 2059; x_wconf 91' lang='lat' dir='ltr'>et</span> <span class='ocrx_word' id='word_1_181' title='bbox 673 2002 887 2059; x_wconf 90' lang='lat' dir='ltr'>morte</span> <span class='ocrx_word' id='word_1_182' title='bbox 940 2001 1238 2057; x_wconf 89' lang='lat' dir='ltr'>nostram</span> <span class='ocrx_word' id='word_1_183' title='bbox 1293 1988 1680 2077; x_wconf 88' lang='lat' dir='ltr'>procuravit</span> <span class='ocrx_word' id='word_1_184' title='bbox 1742 1988 2057 2057; x_wconf 88' lang='lat' dir='ltr'>salutem.</span> <span class='ocrx_word' id='word_1_185' title='bbox 2129 1994 2334 2058; x_wconf 89' lang='lat' dir='ltr'>Porro</span> <span class='ocrx_word' id='word_1_186' title='bbox 2381 2000 2606 2058; x_wconf 87' lang='lat' dir='ltr'>autem</span> <span class='ocrx_word' id='word_1_187' title='bbox 2662 2011 2785 2058; x_wconf 90' lang='lat' dir='ltr'>nos</span> <span class='ocrx_word' id='word_1_188' title='bbox 2832 2012 3114 2076; x_wconf 93' lang='lat' dir='ltr'>quoque</span> 
     </span>
     <span class='ocr_line' id='line_1_21' title="bbox 568 2076 3106 2166; baseline -0.001 -19"><span class='ocrx_word' id='word_1_189' title='bbox 568 2099 893 2147; x_wconf 89' lang='lat' dir='ltr'>conserva</span> <span class='ocrx_word' id='word_1_190' title='bbox 943 2077 1203 2145; x_wconf 89' lang='lat' dir='ltr'>alienos</span> <span class='ocrx_word' id='word_1_191' title='bbox 1252 2098 1290 2144; x_wconf 84' lang='lat' dir='ltr'>a</span> <span class='ocrx_word' id='word_1_192' title='bbox 1333 2077 1858 2166; x_wconf 86' lang='lat' dir='ltr'>reprehensione</span> <span class='ocrx_word' id='word_1_193' title='bbox 1907 2077 1976 2145; x_wconf 92' lang='lat' dir='ltr'>in</span> <span class='ocrx_word' id='word_1_194' title='bbox 2020 2076 2124 2145; x_wconf 88' lang='lat' dir='ltr'>via</span> <span class='ocrx_word' id='word_1_195' title='bbox 2176 2078 2723 2146; x_wconf 88' lang='lat' dir='ltr'>testimoniorum</span> <span class='ocrx_word' id='word_1_196' title='bbox 2775 2089 3046 2147; x_wconf 89' lang='lat' dir='ltr'>tuorum</span> <span class='ocrx_word' id='word_1_197' title='bbox 3092 2133 3106 2159; x_wconf 87' lang='lat'>,</span> 
     </span>
     <span class='ocr_line' id='line_1_22' title="bbox 568 2165 3111 2252; baseline 0 -16"><span class='ocrx_word' id='word_1_198' title='bbox 568 2180 631 2236; x_wconf 92' lang='lat' dir='ltr'>et</span> <span class='ocrx_word' id='word_1_199' title='bbox 665 2167 729 2234; x_wconf 93' lang='lat' dir='ltr'>in</span> <span class='ocrx_word' id='word_1_200' title='bbox 764 2165 1077 2236; x_wconf 88' lang='lat' dir='ltr'>custodia</span> <span class='ocrx_word' id='word_1_201' title='bbox 1127 2179 1397 2234; x_wconf 89' lang='lat' dir='ltr'>tuorum</span> <span class='ocrx_word' id='word_1_202' title='bbox 1454 2166 1960 2234; x_wconf 89' lang='lat' dir='ltr'>mandatorum.</span> <span class='ocrx_word' id='word_1_203' title='bbox 2002 2189 2037 2231; x_wconf 84' lang='lat'>»</span> <span class='ocrx_word' id='word_1_204' title='bbox 2089 2171 2298 2252; x_wconf 81' lang='lat' dir='ltr'>Atque</span> <span class='ocrx_word' id='word_1_205' title='bbox 2332 2165 2611 2251; x_wconf 89' lang='lat' dir='ltr'>quidem</span> <span class='ocrx_word' id='word_1_206' title='bbox 2651 2165 2814 2235; x_wconf 86' lang='lat' dir='ltr'>foris</span> <span class='ocrx_word' id='word_1_207' title='bbox 2849 2179 3111 2237; x_wconf 87' lang='lat' dir='ltr'>stantes</span> 
     </span>
     <span class='ocr_line' id='line_1_23' title="bbox 567 2253 2949 2343; baseline -0.002 -19"><span class='ocrx_word' id='word_1_208' title='bbox 567 2267 751 2324; x_wconf 89' lang='lat' dir='ltr'>extra</span> <span class='ocrx_word' id='word_1_209' title='bbox 789 2266 1015 2342; x_wconf 91' lang='lat' dir='ltr'>portas</span> <span class='ocrx_word' id='word_1_210' title='bbox 1051 2253 1308 2342; x_wconf 91' lang='lat' dir='ltr'>templi.</span> <span class='ocrx_word' id='word_1_211' title='bbox 1349 2253 1514 2322; x_wconf 90' lang='lat' dir='ltr'>haec</span> <span class='ocrx_word' id='word_1_212' title='bbox 1552 2255 2030 2343; x_wconf 88' lang='lat' dir='ltr'>precabantur,</span> <span class='ocrx_word' id='word_1_213' title='bbox 2078 2267 2142 2322; x_wconf 91' lang='lat' dir='ltr'>et</span> <span class='ocrx_word' id='word_1_214' title='bbox 2175 2256 2274 2324; x_wconf 88' lang='lat' dir='ltr'>sic</span> <span class='ocrx_word' id='word_1_215' title='bbox 2311 2259 2520 2323; x_wconf 88' lang='lat' dir='ltr'>Deum</span> <span class='ocrx_word' id='word_1_216' title='bbox 2561 2254 2949 2343; x_wconf 87' lang='lat' dir='ltr'>placabant.</span> 
     </span>
    </p>

    <p class='ocr_par' dir='ltr' id='par_1_3' title="bbox 558 2341 3110 4362">
     <span class='ocr_line' id='line_1_24' title="bbox 657 2341 3106 2432; baseline -0.002 -18"><span class='ocrx_word' id='word_1_217' title='bbox 657 2347 692 2429; x_wconf 72' lang='grc' dir='ltr'>ἓ</span> <span class='ocrx_word' id='word_1_218' title='bbox 740 2348 830 2414; x_wconf 71' lang='grc'>3.</span> <span class='ocrx_word' id='word_1_219' title='bbox 886 2341 1339 2412; x_wconf 83' lang='lat' dir='ltr'>Maximianus</span> <span class='ocrx_word' id='word_1_220' title='bbox 1383 2342 1636 2411; x_wconf 90' lang='lat' dir='ltr'>interea</span> <span class='ocrx_word' id='word_1_221' title='bbox 1666 2343 1997 2431; x_wconf 91' lang='lat' dir='ltr'>templum</span> <span class='ocrx_word' id='word_1_222' title='bbox 2043 2344 2419 2432; x_wconf 84' lang='lat' dir='ltr'>ingressus,</span> <span class='ocrx_word' id='word_1_223' title='bbox 2473 2365 2628 2411; x_wconf 90' lang='lat' dir='ltr'>cum</span> <span class='ocrx_word' id='word_1_224' title='bbox 2677 2344 2810 2413; x_wconf 86' lang='lat' dir='ltr'>buc</span> <span class='ocrx_word' id='word_1_225' title='bbox 2843 2357 2906 2412; x_wconf 91' lang='lat' dir='ltr'>et</span> <span class='ocrx_word' id='word_1_226' title='bbox 2941 2343 3106 2411; x_wconf 89' lang='lat' dir='ltr'>illuc</span> 
     </span>
     <span class='ocr_line' id='line_1_25' title="bbox 568 2431 3106 2521; baseline 0 -22"><span class='ocrx_word' id='word_1_227' title='bbox 568 2431 1190 2521; x_wconf 86' lang='lat' dir='ltr'>circumspexisset,</span> <span class='ocrx_word' id='word_1_228' title='bbox 1245 2431 1426 2501; x_wconf 90' lang='lat' dir='ltr'>solos</span> <span class='ocrx_word' id='word_1_229' title='bbox 1474 2453 1628 2501; x_wconf 91' lang='lat' dir='ltr'>vero</span> <span class='ocrx_word' id='word_1_230' title='bbox 1679 2431 1854 2509; x_wconf 89' lang='lat' dir='ltr'>illos,</span> <span class='ocrx_word' id='word_1_231' title='bbox 1919 2431 2228 2521; x_wconf 88' lang='lat' dir='ltr'>Sergium</span> <span class='ocrx_word' id='word_1_232' title='bbox 2279 2444 2344 2501; x_wconf 91' lang='lat' dir='ltr'>et</span> <span class='ocrx_word' id='word_1_233' title='bbox 2390 2431 2759 2511; x_wconf 87' lang='lat' dir='ltr'>Bacchum,</span> <span class='ocrx_word' id='word_1_234' title='bbox 2817 2453 2949 2502; x_wconf 91' lang='lat' dir='ltr'>non</span> <span class='ocrx_word' id='word_1_235' title='bbox 3005 2432 3106 2499; x_wconf 89' lang='lat' dir='ltr'>vi-</span> 
     </span>
     <span class='ocr_line' id='line_1_26' title="bbox 568 2520 3106 2610; baseline 0.001 -22"><span class='ocrx_word' id='word_1_236' title='bbox 568 2520 779 2589; x_wconf 86' lang='lat' dir='ltr'>disset</span> <span class='ocrx_word' id='word_1_237' title='bbox 829 2521 895 2588; x_wconf 88' lang='lat' dir='ltr'>in</span> <span class='ocrx_word' id='word_1_238' title='bbox 947 2520 1199 2610; x_wconf 90' lang='lat' dir='ltr'>templo</span> <span class='ocrx_word' id='word_1_239' title='bbox 1233 2521 1470 2590; x_wconf 87' lang='lat' dir='ltr'>adesse</span> <span class='ocrx_word' id='word_1_240' title='bbox 1524 2543 1682 2589; x_wconf 90' lang='lat' dir='ltr'>cum</span> <span class='ocrx_word' id='word_1_241' title='bbox 1734 2521 1910 2600; x_wconf 90' lang='lat' dir='ltr'>aliis,</span> <span class='ocrx_word' id='word_1_242' title='bbox 1956 2533 2114 2589; x_wconf 90' lang='lat' dir='ltr'>tunc</span> <span class='ocrx_word' id='word_1_243' title='bbox 2157 2521 2222 2589; x_wconf 91' lang='lat' dir='ltr'>id</span> <span class='ocrx_word' id='word_1_244' title='bbox 2257 2575 2271 2600; x_wconf 96' lang='lat'>,</span> <span class='ocrx_word' id='word_1_245' title='bbox 2333 2521 2515 2607; x_wconf 91' lang='lat' dir='ltr'>quod</span> <span class='ocrx_word' id='word_1_246' title='bbox 2567 2521 2811 2602; x_wconf 86' lang='lat' dir='ltr'>fiebat,</span> <span class='ocrx_word' id='word_1_247' title='bbox 2870 2521 3106 2591; x_wconf 88' lang='lat' dir='ltr'>statuit</span> 
     </span>
     <span class='ocr_line' id='line_1_27' title="bbox 567 2609 3101 2698; baseline 0 -21"><span class='ocrx_word' id='word_1_248' title='bbox 567 2622 796 2698; x_wconf 90' lang='lat' dir='ltr'>aperte</span> <span class='ocrx_word' id='word_1_249' title='bbox 849 2610 1133 2697; x_wconf 84' lang='lat' dir='ltr'>probare</span> <span class='ocrx_word' id='word_1_250' title='bbox 1181 2631 1330 2677; x_wconf 91' lang='lat' dir='ltr'>eam</span> <span class='ocrx_word' id='word_1_251' title='bbox 1381 2631 1556 2695; x_wconf 92' lang='lat' dir='ltr'>quae</span> <span class='ocrx_word' id='word_1_252' title='bbox 1606 2610 1675 2677; x_wconf 89' lang='lat' dir='ltr'>in</span> <span class='ocrx_word' id='word_1_253' title='bbox 1730 2611 1913 2696; x_wconf 90' lang='lat' dir='ltr'>ipsos</span> <span class='ocrx_word' id='word_1_254' title='bbox 1964 2609 2467 2689; x_wconf 88' lang='lat' dir='ltr'>intendebatur,</span> <span class='ocrx_word' id='word_1_255' title='bbox 2542 2611 3101 2691; x_wconf 88' lang='lat' dir='ltr'>accusationem;</span> 
     </span>
     <span class='ocr_line' id='line_1_28' title="bbox 565 2697 3098 2788; baseline 0 -22"><span class='ocrx_word' id='word_1_256' title='bbox 565 2699 1017 2788; x_wconf 86' lang='lat' dir='ltr'>protinusque</span> <span class='ocrx_word' id='word_1_257' title='bbox 1066 2698 1315 2766; x_wconf 85' lang='lat' dir='ltr'>exarsit</span> <span class='ocrx_word' id='word_1_258' title='bbox 1361 2711 1687 2766; x_wconf 89' lang='lat' dir='ltr'>consueta</span> <span class='ocrx_word' id='word_1_259' title='bbox 1753 2698 1938 2766; x_wconf 91' lang='lat' dir='ltr'>illius</span> <span class='ocrx_word' id='word_1_260' title='bbox 1996 2698 2274 2768; x_wconf 83' lang='lat' dir='ltr'>saevitia</span> <span class='ocrx_word' id='word_1_261' title='bbox 2310 2753 2326 2778; x_wconf 89' lang='lat'>‚</span> <span class='ocrx_word' id='word_1_262' title='bbox 2400 2697 2631 2767; x_wconf 85' lang='lat' dir='ltr'>feritas</span> <span class='ocrx_word' id='word_1_263' title='bbox 2677 2712 2742 2767; x_wconf 92' lang='lat' dir='ltr'>et</span> <span class='ocrx_word' id='word_1_264' title='bbox 2789 2699 2931 2780; x_wconf 87' lang='lat' dir='ltr'>ira:</span> <span class='ocrx_word' id='word_1_265' title='bbox 2986 2713 3098 2776; x_wconf 87' lang='lat' dir='ltr'>et.</span> 
     </span>
     <span class='ocr_line' id='line_1_29' title="bbox 567 2786 3102 2877; baseline 0.001 -23"><span class='ocrx_word' id='word_1_266' title='bbox 567 2788 738 2868; x_wconf 85' lang='lat' dir='ltr'>Quid</span> <span class='ocrx_word' id='word_1_267' title='bbox 795 2787 1276 2856; x_wconf 77' lang='lat' dir='ltr'>cunctamini?</span> <span class='ocrx_word' id='word_1_268' title='bbox 1333 2786 1502 2855; x_wconf 86' lang='lat' dir='ltr'>dixit</span> <span class='ocrx_word' id='word_1_269' title='bbox 1546 2787 1631 2855; x_wconf 90' lang='lat' dir='ltr'>iis</span> <span class='ocrx_word' id='word_1_270' title='bbox 1690 2790 1810 2873; x_wconf 88' lang='lat' dir='ltr'>qui</span> <span class='ocrx_word' id='word_1_271' title='bbox 1872 2786 2278 2865; x_wconf 87' lang='lat' dir='ltr'>adstabant;</span> <span class='ocrx_word' id='word_1_272' title='bbox 2332 2799 2396 2855; x_wconf 87' lang='lat' dir='ltr'>et</span> <span class='ocrx_word' id='word_1_273' title='bbox 2459 2787 2846 2871; x_wconf 85' lang='lat' dir='ltr'>frequenter</span> <span class='ocrx_word' id='word_1_274' title='bbox 2908 2808 3102 2877; x_wconf 90' lang='lat' dir='ltr'>repe-</span> 
     </span>
     <span class='ocr_line' id='line_1_30' title="bbox 565 2874 3101 2961; baseline 0 -17"><span class='ocrx_word' id='word_1_275' title='bbox 565 2877 670 2944; x_wconf 90' lang='lat' dir='ltr'>tiit</span> <span class='ocrx_word' id='word_1_276' title='bbox 718 2874 932 2955; x_wconf 90' lang='lat' dir='ltr'>illud;</span> <span class='ocrx_word' id='word_1_277' title='bbox 1004 2882 1352 2944; x_wconf 91' lang='lat' dir='ltr'>Ducantur</span> <span class='ocrx_word' id='word_1_278' title='bbox 1409 2874 1819 2949; x_wconf 87' lang='lat' dir='ltr'>execrandi.</span> <span class='ocrx_word' id='word_1_279' title='bbox 1887 2896 2046 2944; x_wconf 89' lang='lat' dir='ltr'>cum</span> <span class='ocrx_word' id='word_1_280' title='bbox 2098 2875 2306 2961; x_wconf 87' lang='lat' dir='ltr'>jussu</span> <span class='ocrx_word' id='word_1_281' title='bbox 2361 2875 2673 2946; x_wconf 89' lang='lat' dir='ltr'>terribili.</span> <span class='ocrx_word' id='word_1_282' title='bbox 2740 2881 3101 2945; x_wconf 87' lang='lat' dir='ltr'>Ducuntur</span> 
     </span>
     <span class='ocr_line' id='line_1_31' title="bbox 563 2963 3102 3065; baseline 0.001 -34"><span class='ocrx_word' id='word_1_283' title='bbox 563 2986 724 3052; x_wconf 90' lang='lat' dir='ltr'>ergo</span> <span class='ocrx_word' id='word_1_284' title='bbox 774 2970 1098 3053; x_wconf 71' lang='lat' dir='ltr'>Martyres</span> <span class='ocrx_word' id='word_1_285' title='bbox 1146 2963 1582 3053; x_wconf 82' lang='lat' dir='ltr'>cumiisdem</span> <span class='ocrx_word' id='word_1_286' title='bbox 1636 2963 1960 3042; x_wconf 78' lang='lat' dir='ltr'>vestibuS,</span> <span class='ocrx_word' id='word_1_287' title='bbox 2019 2964 2292 3043; x_wconf 82' lang='lat' dir='ltr'>tuniciS‚</span> <span class='ocrx_word' id='word_1_288' title='bbox 2333 2977 2396 3032; x_wconf 91' lang='lat' dir='ltr'>et</span> <span class='ocrx_word' id='word_1_289' title='bbox 2434 2965 2647 3043; x_wconf 78' lang='lat' dir='ltr'>zoniS,</span> <span class='ocrx_word' id='word_1_290' title='bbox 2687 2986 2827 3032; x_wconf 88' lang='lat' dir='ltr'>una</span> <span class='ocrx_word' id='word_1_291' title='bbox 2861 2964 3102 3065; x_wconf 85' lang='lat' dir='ltr'>lingua</span> 
     </span>
     <span class='ocr_line' id='line_1_32' title="bbox 562 3052 3099 3142; baseline 0.001 -22"><span class='ocrx_word' id='word_1_292' title='bbox 562 3066 910 3122; x_wconf 86' lang='lat' dir='ltr'>versantes</span> <span class='ocrx_word' id='word_1_293' title='bbox 959 3053 1147 3121; x_wconf 90' lang='lat' dir='ltr'>illam</span> <span class='ocrx_word' id='word_1_294' title='bbox 1190 3052 1463 3122; x_wconf 88' lang='lat' dir='ltr'>dulcem</span> <span class='ocrx_word' id='word_1_295' title='bbox 1505 3052 1987 3140; x_wconf 89' lang='lat' dir='ltr'>precationem.</span> <span class='ocrx_word' id='word_1_296' title='bbox 2027 3052 2281 3121; x_wconf 91' lang='lat' dir='ltr'>Deinde</span> <span class='ocrx_word' id='word_1_297' title='bbox 2321 3058 2701 3142; x_wconf 90' lang='lat' dir='ltr'>Imperator</span> <span class='ocrx_word' id='word_1_298' title='bbox 2765 3053 3099 3142; x_wconf 77' lang='lat' dir='ltr'>principis</span> 
     </span>
     <span class='ocr_line' id='line_1_33' title="bbox 563 3141 3098 3231; baseline 0 -22"><span class='ocrx_word' id='word_1_299' title='bbox 563 3141 890 3210; x_wconf 91' lang='lat' dir='ltr'>extollens</span> <span class='ocrx_word' id='word_1_300' title='bbox 939 3141 1384 3230; x_wconf 88' lang='lat' dir='ltr'>supercilium</span> <span class='ocrx_word' id='word_1_301' title='bbox 1420 3196 1434 3221; x_wconf 92' lang='lat'>,</span> <span class='ocrx_word' id='word_1_302' title='bbox 1489 3143 1920 3231; x_wconf 87' lang='lat' dir='ltr'>superbeque</span> <span class='ocrx_word' id='word_1_303' title='bbox 1971 3154 2037 3209; x_wconf 92' lang='lat' dir='ltr'>et</span> <span class='ocrx_word' id='word_1_304' title='bbox 2076 3154 2257 3209; x_wconf 88' lang='lat' dir='ltr'>torve</span> <span class='ocrx_word' id='word_1_305' title='bbox 2310 3163 2425 3210; x_wconf 90' lang='lat' dir='ltr'>eos</span> <span class='ocrx_word' id='word_1_306' title='bbox 2461 3142 2785 3210; x_wconf 86' lang='lat' dir='ltr'>intuens:</span> <span class='ocrx_word' id='word_1_307' title='bbox 2839 3165 2875 3207; x_wconf 87' lang='lat'>«</span> <span class='ocrx_word' id='word_1_308' title='bbox 2908 3141 3098 3209; x_wconf 91' lang='lat' dir='ltr'>Vide-</span> 
     </span>
     <span class='ocr_line' id='line_1_34' title="bbox 565 3229 3094 3319; baseline 0 -22"><span class='ocrx_word' id='word_1_309' title='bbox 565 3230 761 3309; x_wconf 89' lang='lat' dir='ltr'>mini,</span> <span class='ocrx_word' id='word_1_310' title='bbox 816 3230 1062 3315; x_wconf 89' lang='lat' dir='ltr'>inquit,</span> <span class='ocrx_word' id='word_1_311' title='bbox 1119 3252 1253 3298; x_wconf 91' lang='lat' dir='ltr'>non</span> <span class='ocrx_word' id='word_1_312' title='bbox 1306 3231 1370 3298; x_wconf 89' lang='lat' dir='ltr'>in</span> <span class='ocrx_word' id='word_1_313' title='bbox 1426 3243 1727 3319; x_wconf 88' lang='lat' dir='ltr'>tempore</span> <span class='ocrx_word' id='word_1_314' title='bbox 1777 3251 1924 3298; x_wconf 89' lang='lat' dir='ltr'>mea</span> <span class='ocrx_word' id='word_1_315' title='bbox 1959 3251 2107 3299; x_wconf 90' lang='lat' dir='ltr'>esse</span> <span class='ocrx_word' id='word_1_316' title='bbox 2137 3230 2339 3299; x_wconf 88' lang='lat' dir='ltr'>abusi</span> <span class='ocrx_word' id='word_1_317' title='bbox 2381 3229 2659 3311; x_wconf 87' lang='lat' dir='ltr'>fiducia,</span> <span class='ocrx_word' id='word_1_318' title='bbox 2712 3245 2778 3298; x_wconf 92' lang='lat' dir='ltr'>et</span> <span class='ocrx_word' id='word_1_319' title='bbox 2825 3241 3094 3319; x_wconf 84' lang='lat' dir='ltr'>propter</span> 
     </span>
     <span class='ocr_line' id='line_1_35' title="bbox 564 3316 3093 3407; baseline 0 -22"><span class='ocrx_word' id='word_1_320' title='bbox 564 3316 743 3385; x_wconf 89' lang='lat' dir='ltr'>hanc</span> <span class='ocrx_word' id='word_1_321' title='bbox 790 3339 924 3403; x_wconf 91' lang='lat' dir='ltr'>qua</span> <span class='ocrx_word' id='word_1_322' title='bbox 979 3318 1044 3385; x_wconf 93' lang='lat' dir='ltr'>in</span> <span class='ocrx_word' id='word_1_323' title='bbox 1099 3341 1216 3387; x_wconf 86' lang='lat' dir='ltr'>vos</span> <span class='ocrx_word' id='word_1_324' title='bbox 1262 3320 1369 3388; x_wconf 90' lang='lat' dir='ltr'>usi</span> <span class='ocrx_word' id='word_1_325' title='bbox 1433 3340 1717 3397; x_wconf 78' lang='lat' dir='ltr'>sumuS,</span> <span class='ocrx_word' id='word_1_326' title='bbox 1792 3319 2329 3389; x_wconf 85' lang='lat' dir='ltr'>benevolentiam</span> <span class='ocrx_word' id='word_1_327' title='bbox 2388 3340 2512 3387; x_wconf 91' lang='lat' dir='ltr'>nos</span> <span class='ocrx_word' id='word_1_328' title='bbox 2570 3340 2859 3407; x_wconf 89' lang='lat' dir='ltr'>magnae</span> <span class='ocrx_word' id='word_1_329' title='bbox 2905 3318 3093 3386; x_wconf 86' lang='lat' dir='ltr'>dam-</span> 
     </span>
     <span class='ocr_line' id='line_1_36' title="bbox 566 3403 3090 3497; baseline -0 -24"><span class='ocrx_word' id='word_1_330' title='bbox 566 3426 766 3473; x_wconf 87' lang='lat' dir='ltr'>nasse</span> <span class='ocrx_word' id='word_1_331' title='bbox 800 3403 1149 3483; x_wconf 86' lang='lat' dir='ltr'>stultitiae,</span> <span class='ocrx_word' id='word_1_332' title='bbox 1196 3418 1259 3475; x_wconf 89' lang='lat' dir='ltr'>et</span> <span class='ocrx_word' id='word_1_333' title='bbox 1290 3419 1524 3475; x_wconf 86' lang='lat' dir='ltr'>contra</span> <span class='ocrx_word' id='word_1_334' title='bbox 1557 3420 1858 3477; x_wconf 90' lang='lat' dir='ltr'>nostram</span> <span class='ocrx_word' id='word_1_335' title='bbox 1895 3408 2348 3477; x_wconf 88' lang='lat' dir='ltr'>insurrexisse</span> <span class='ocrx_word' id='word_1_336' title='bbox 2377 3408 2771 3497; x_wconf 89' lang='lat' dir='ltr'>potentiam,</span> <span class='ocrx_word' id='word_1_337' title='bbox 2807 3422 2870 3477; x_wconf 93' lang='lat' dir='ltr'>et</span> <span class='ocrx_word' id='word_1_338' title='bbox 2900 3406 3090 3494; x_wconf 88' lang='lat' dir='ltr'>impii</span> 
     </span>
     <span class='ocr_line' id='line_1_37' title="bbox 564 3492 3110 3585; baseline 0 -23"><span class='ocrx_word' id='word_1_339' title='bbox 564 3492 842 3581; x_wconf 87' lang='lat' dir='ltr'>quidem</span> <span class='ocrx_word' id='word_1_340' title='bbox 895 3515 1042 3562; x_wconf 91' lang='lat' dir='ltr'>esse</span> <span class='ocrx_word' id='word_1_341' title='bbox 1091 3494 1157 3561; x_wconf 92' lang='lat' dir='ltr'>in</span> <span class='ocrx_word' id='word_1_342' title='bbox 1209 3494 1371 3563; x_wconf 88' lang='lat' dir='ltr'>deos</span> <span class='ocrx_word' id='word_1_343' title='bbox 1406 3495 1612 3583; x_wconf 91' lang='lat' dir='ltr'>ipsos,</span> <span class='ocrx_word' id='word_1_344' title='bbox 1669 3496 1918 3585; x_wconf 88' lang='lat' dir='ltr'>ingrati</span> <span class='ocrx_word' id='word_1_345' title='bbox 1967 3510 2193 3565; x_wconf 85' lang='lat' dir='ltr'>autem</span> <span class='ocrx_word' id='word_1_346' title='bbox 2248 3498 2315 3563; x_wconf 89' lang='lat' dir='ltr'>in</span> <span class='ocrx_word' id='word_1_347' title='bbox 2370 3518 2491 3565; x_wconf 90' lang='lat' dir='ltr'>nos</span> <span class='ocrx_word' id='word_1_348' title='bbox 2538 3510 2602 3564; x_wconf 92' lang='lat' dir='ltr'>et</span> <span class='ocrx_word' id='word_1_349' title='bbox 2651 3496 2911 3585; x_wconf 87' lang='lat' dir='ltr'>injusti.</span> <span class='ocrx_word' id='word_1_350' title='bbox 2964 3493 3110 3564; x_wconf 76' lang='lat' dir='ltr'>Sed·</span> 
     </span>
     <span class='ocr_line' id='line_1_38' title="bbox 563 3581 3096 3675; baseline 0.001 -24"><span class='ocrx_word' id='word_1_351' title='bbox 563 3583 698 3651; x_wconf 86' lang='lat' dir='ltr'>nisi</span> <span class='ocrx_word' id='word_1_352' title='bbox 749 3581 1318 3661; x_wconf 77' lang='lat' dir='ltr'>sacrificaveriti5‚</span> <span class='ocrx_word' id='word_1_353' title='bbox 1363 3596 1427 3652; x_wconf 89' lang='lat' dir='ltr'>et</span> <span class='ocrx_word' id='word_1_354' title='bbox 1454 3583 1651 3672; x_wconf 79' lang='lat' dir='ltr'>deos,</span> <span class='ocrx_word' id='word_1_355' title='bbox 1706 3598 1771 3654; x_wconf 93' lang='lat' dir='ltr'>et</span> <span class='ocrx_word' id='word_1_356' title='bbox 1820 3606 1942 3654; x_wconf 88' lang='lat' dir='ltr'>nos</span> <span class='ocrx_word' id='word_1_357' title='bbox 1977 3583 2185 3653; x_wconf 90' lang='lat' dir='ltr'>simul</span> <span class='ocrx_word' id='word_1_358' title='bbox 2241 3584 2691 3672; x_wconf 79' lang='lat' dir='ltr'>placaveritiS,</span> <span class='ocrx_word' id='word_1_359' title='bbox 2748 3607 2873 3675; x_wconf 90' lang='lat' dir='ltr'>ego</span> <span class='ocrx_word' id='word_1_360' title='bbox 2910 3606 3096 3653; x_wconf 87' lang='lat' dir='ltr'>meae</span> 
     </span>
     <span class='ocr_line' id='line_1_39' title="bbox 563 3671 3094 3761; baseline 0.001 -23"><span class='ocrx_word' id='word_1_361' title='bbox 563 3671 728 3739; x_wconf 88' lang='lat' dir='ltr'>satis</span> <span class='ocrx_word' id='word_1_362' title='bbox 794 3671 1115 3740; x_wconf 87' lang='lat' dir='ltr'>medebor</span> <span class='ocrx_word' id='word_1_363' title='bbox 1169 3671 1531 3758; x_wconf 90' lang='lat' dir='ltr'>querelae;</span> <span class='ocrx_word' id='word_1_364' title='bbox 1605 3687 1668 3741; x_wconf 91' lang='lat' dir='ltr'>et</span> <span class='ocrx_word' id='word_1_365' title='bbox 1732 3695 1849 3742; x_wconf 91' lang='lat' dir='ltr'>vos</span> <span class='ocrx_word' id='word_1_366' title='bbox 1906 3674 2132 3742; x_wconf 90' lang='lat' dir='ltr'>statim</span> <span class='ocrx_word' id='word_1_367' title='bbox 2201 3687 2431 3761; x_wconf 85' lang='lat' dir='ltr'>aperte</span> <span class='ocrx_word' id='word_1_368' title='bbox 2492 3675 2766 3755; x_wconf 81' lang='lat' dir='ltr'>scietiS,</span> <span class='ocrx_word' id='word_1_369' title='bbox 2823 3695 3094 3742; x_wconf 87' lang='lat' dir='ltr'>summa</span> 
     </span>
     <span class='ocr_line' id='line_1_40' title="bbox 559 3758 3094 3848; baseline 0.002 -21"><span class='ocrx_word' id='word_1_370' title='bbox 559 3758 982 3848; x_wconf 86' lang='lat' dir='ltr'>benignitate</span> <span class='ocrx_word' id='word_1_371' title='bbox 1020 3773 1083 3829; x_wconf 93' lang='lat' dir='ltr'>et</span> <span class='ocrx_word' id='word_1_372' title='bbox 1136 3760 1661 3829; x_wconf 87' lang='lat' dir='ltr'>mansuetudine</span> <span class='ocrx_word' id='word_1_373' title='bbox 1710 3760 1845 3830; x_wconf 83' lang='lat' dir='ltr'>frui</span> <span class='ocrx_word' id='word_1_374' title='bbox 1897 3761 2226 3841; x_wconf 87' lang='lat' dir='ltr'>nolentes,</span> <span class='ocrx_word' id='word_1_375' title='bbox 2280 3760 2554 3848; x_wconf 90' lang='lat' dir='ltr'>qualem</span> <span class='ocrx_word' id='word_1_376' title='bbox 2609 3783 2825 3831; x_wconf 88' lang='lat' dir='ltr'>meam</span> <span class='ocrx_word' id='word_1_377' title='bbox 2863 3762 2929 3829; x_wconf 92' lang='lat' dir='ltr'>in</span> <span class='ocrx_word' id='word_1_378' title='bbox 2982 3784 3094 3831; x_wconf 89' lang='lat' dir='ltr'>vos</span> 
     </span>
     <span class='ocr_line' id='line_1_41' title="bbox 559 3847 3096 3941; baseline 0.001 -26"><span class='ocrx_word' id='word_1_379' title='bbox 559 3847 730 3916; x_wconf 89' lang='lat' dir='ltr'>iram</span> <span class='ocrx_word' id='word_1_380' title='bbox 786 3870 1005 3938; x_wconf 90' lang='lat' dir='ltr'>nuper</span> <span class='ocrx_word' id='word_1_381' title='bbox 1056 3849 1431 3919; x_wconf 68' lang='lat' dir='ltr'>movistis»</span> <span class='ocrx_word' id='word_1_382' title='bbox 1482 3854 1661 3919; x_wconf 88' lang='lat' dir='ltr'>Haec</span> <span class='ocrx_word' id='word_1_383' title='bbox 1708 3872 1866 3919; x_wconf 88' lang='lat' dir='ltr'>curn</span> <span class='ocrx_word' id='word_1_384' title='bbox 1918 3850 2042 3918; x_wconf 90' lang='lat' dir='ltr'>viri</span> <span class='ocrx_word' id='word_1_385' title='bbox 2083 3849 2180 3918; x_wconf 85' lang='lat' dir='ltr'>illi</span> <span class='ocrx_word' id='word_1_386' title='bbox 2227 3850 2552 3941; x_wconf 88' lang='lat' dir='ltr'>praeclari</span> <span class='ocrx_word' id='word_1_387' title='bbox 2596 3850 2999 3930; x_wconf 86' lang='lat' dir='ltr'>audiissent,</span> <span class='ocrx_word' id='word_1_388' title='bbox 3034 3862 3096 3918; x_wconf 91' lang='lat' dir='ltr'>et</span> 
     </span>
     <span class='ocr_line' id='line_1_42' title="bbox 558 3936 3095 4028; baseline 0 -23"><span class='ocrx_word' id='word_1_389' title='bbox 558 3936 1037 4025; x_wconf 85' lang='lat' dir='ltr'>cognovissent</span> <span class='ocrx_word' id='word_1_390' title='bbox 1087 3958 1157 4007; x_wconf 90' lang='lat' dir='ltr'>se</span> <span class='ocrx_word' id='word_1_391' title='bbox 1206 3937 1349 4024; x_wconf 85' lang='lat' dir='ltr'>jam</span> <span class='ocrx_word' id='word_1_392' title='bbox 1408 3939 1691 4007; x_wconf 90' lang='lat' dir='ltr'>omnino</span> <span class='ocrx_word' id='word_1_393' title='bbox 1741 3938 2139 4008; x_wconf 82' lang='lat' dir='ltr'>manifestos</span> <span class='ocrx_word' id='word_1_394' title='bbox 2185 3940 2482 4008; x_wconf 90' lang='lat' dir='ltr'>evasisse</span> <span class='ocrx_word' id='word_1_395' title='bbox 2530 3939 2983 4028; x_wconf 89' lang='lat' dir='ltr'>Imperatori,</span> <span class='ocrx_word' id='word_1_396' title='bbox 3035 3952 3095 4007; x_wconf 94' lang='lat' dir='ltr'>et</span> 
     </span>
     <span class='ocr_line' id='line_1_43' title="bbox 561 4025 3090 4126; baseline 0.001 -35"><span class='ocrx_word' id='word_1_397' title='bbox 561 4044 699 4092; x_wconf 93' lang='lat' dir='ltr'>non</span> <span class='ocrx_word' id='word_1_398' title='bbox 751 4040 1058 4112; x_wconf 89' lang='lat' dir='ltr'>oportere</span> <span class='ocrx_word' id='word_1_399' title='bbox 1105 4025 1411 4115; x_wconf 90' lang='lat' dir='ltr'>amplius</span> <span class='ocrx_word' id='word_1_400' title='bbox 1465 4027 1687 4096; x_wconf 89' lang='lat' dir='ltr'>celare</span> <span class='ocrx_word' id='word_1_401' title='bbox 1733 4032 2077 4126; x_wconf 79' lang='lat' dir='ltr'>pietatem,</span> <span class='ocrx_word' id='word_1_402' title='bbox 2130 4040 2195 4096; x_wconf 91' lang='lat' dir='ltr'>et</span> <span class='ocrx_word' id='word_1_403' title='bbox 2241 4028 2666 4098; x_wconf 89' lang='lat' dir='ltr'>occasionem</span> <span class='ocrx_word' id='word_1_404' title='bbox 2706 4028 3090 4116; x_wconf 89' lang='lat' dir='ltr'>praeterire,</span> 
     </span>
     <span class='ocr_line' id='line_1_44' title="bbox 561 4112 3092 4205; baseline 0 -22"><span class='ocrx_word' id='word_1_405' title='bbox 561 4112 680 4183; x_wconf 89' lang='lat' dir='ltr'>sed</span> <span class='ocrx_word' id='word_1_406' title='bbox 733 4115 959 4202; x_wconf 87' lang='lat' dir='ltr'>potius</span> <span class='ocrx_word' id='word_1_407' title='bbox 992 4137 1199 4201; x_wconf 91' lang='lat' dir='ltr'>quam</span> <span class='ocrx_word' id='word_1_408' title='bbox 1241 4129 1526 4205; x_wconf 90' lang='lat' dir='ltr'>possunt</span> <span class='ocrx_word' id='word_1_409' title='bbox 1571 4137 1863 4184; x_wconf 76' lang='lat' dir='ltr'>maxime</span> <span class='ocrx_word' id='word_1_410' title='bbox 1900 4114 2275 4204; x_wconf 87' lang='lat' dir='ltr'>publicare,</span> <span class='ocrx_word' id='word_1_411' title='bbox 2322 4129 2386 4185; x_wconf 91' lang='lat' dir='ltr'>et</span> <span class='ocrx_word' id='word_1_412' title='bbox 2422 4138 2542 4205; x_wconf 89' lang='lat' dir='ltr'>pro</span> <span class='ocrx_word' id='word_1_413' title='bbox 2576 4117 2723 4205; x_wconf 87' lang='lat' dir='ltr'>ipsa</span> <span class='ocrx_word' id='word_1_414' title='bbox 2776 4138 3092 4204; x_wconf 89' lang='lat' dir='ltr'>magnam</span> 
     </span>
     <span class='ocr_line' id='line_1_45' title="bbox 559 4201 3097 4293; baseline 0.001 -25"><span class='ocrx_word' id='word_1_415' title='bbox 559 4201 800 4269; x_wconf 86' lang='lat' dir='ltr'>afferre</span> <span class='ocrx_word' id='word_1_416' title='bbox 851 4201 1175 4272; x_wconf 82' lang='lat' dir='ltr'>fiduciam</span> <span class='ocrx_word' id='word_1_417' title='bbox 1242 4219 1306 4273; x_wconf 94' lang='lat' dir='ltr'>et</span> <span class='ocrx_word' id='word_1_418' title='bbox 1354 4204 1623 4272; x_wconf 89' lang='lat' dir='ltr'>dicendi</span> <span class='ocrx_word' id='word_1_419' title='bbox 1695 4204 2119 4285; x_wconf 87' lang='lat' dir='ltr'>libertatem,</span> <span class='ocrx_word' id='word_1_420' title='bbox 2178 4204 2391 4274; x_wconf 89' lang='lat' dir='ltr'>libera</span> <span class='ocrx_word' id='word_1_421' title='bbox 2441 4205 2670 4273; x_wconf 77' lang='lat' dir='ltr'>anima</span> <span class='ocrx_word' id='word_1_422' title='bbox 2737 4221 2800 4274; x_wconf 90' lang='lat' dir='ltr'>et</span> <span class='ocrx_word' id='word_1_423' title='bbox 2862 4204 3097 4293; x_wconf 74' lang='lat' dir='ltr'>lingua</span> 
     </span>
     <span class='ocr_line' id='line_1_46' title="bbox 560 4289 3094 4362; baseline 0.001 -4"><span class='ocrx_word' id='word_1_424' title='bbox 560 4289 901 4358; x_wconf 85' lang='lat' dir='ltr'>Christum</span> <span class='ocrx_word' id='word_1_425' title='bbox 956 4295 1168 4361; x_wconf 91' lang='lat' dir='ltr'>Deum</span> <span class='ocrx_word' id='word_1_426' title='bbox 1232 4314 1466 4361; x_wconf 89' lang='lat' dir='ltr'>verum</span> <span class='ocrx_word' id='word_1_427' title='bbox 1520 4306 1683 4362; x_wconf 92' lang='lat' dir='ltr'>sunt</span> <span class='ocrx_word' id='word_1_428' title='bbox 1730 4290 2068 4361; x_wconf 81' lang='lat' dir='ltr'>confessi:</span> <span class='ocrx_word' id='word_1_429' title='bbox 2137 4292 2508 4362; x_wconf 88' lang='lat' dir='ltr'>simulacra</span> <span class='ocrx_word' id='word_1_430' title='bbox 2571 4308 2795 4362; x_wconf 88' lang='lat' dir='ltr'>autem</span> <span class='ocrx_word' id='word_1_431' title='bbox 2859 4315 3094 4362; x_wconf 88' lang='lat' dir='ltr'>eorum</span> 
     </span>
    </p>

    <p class='ocr_par' dir='ltr' id='par_1_4' title="bbox 558 4376 3089 4472">
     <span class='ocr_line' id='line_1_47' title="bbox 558 4376 3089 4472; baseline 0.002 -27"><span class='ocrx_word' id='word_1_432' title='bbox 558 4376 743 4460; x_wconf 88' lang='lat' dir='ltr'>deos,</span> <span class='ocrx_word' id='word_1_433' title='bbox 798 4392 862 4448; x_wconf 92' lang='lat' dir='ltr'>et</span> <span class='ocrx_word' id='word_1_434' title='bbox 912 4379 1376 4450; x_wconf 87' lang='lat' dir='ltr'>humanarum</span> <span class='ocrx_word' id='word_1_435' title='bbox 1430 4403 1765 4450; x_wconf 89' lang='lat' dir='ltr'>manuum</span> <span class='ocrx_word' id='word_1_436' title='bbox 1817 4403 2046 4471; x_wconf 88' lang='lat' dir='ltr'>opera,</span> <span class='ocrx_word' id='word_1_437' title='bbox 2101 4382 2352 4472; x_wconf 88' lang='lat' dir='ltr'>spiritu</span> <span class='ocrx_word' id='word_1_438' title='bbox 2398 4383 2695 4451; x_wconf 89' lang='lat' dir='ltr'>carentia</span> <span class='ocrx_word' id='word_1_439' title='bbox 2744 4394 2810 4451; x_wconf 91' lang='lat' dir='ltr'>et</span> <span class='ocrx_word' id='word_1_440' title='bbox 2858 4380 3089 4461; x_wconf 86' lang='lat' dir='ltr'>surda,</span> 
     </span>
    </p>
   </div>
  </div>
 </body>
</html>
