3347 4999
212 310 379 379 OCT.
437 313 516 376 16
983 330 1063 377 nn
1109 329 1165 377 s.
1220 328 1416 376 GALLO
1463 331 1605 376 Ana.
1657 330 1733 377 ΕΤ
1784 328 1970 378 conr.
2531 313 2660 378 453

299 417 334 501 ξ
380 419 466 485 ὅ.
520 418 675 484 Post
721 415 888 484 haec
925 436 1056 485 non
1097 415 1337 483 timore
1374 414 1865 502 persecutionis
1901 413 2324 502 perterrituS,
2364 414 2481 483 sed
2517 437 2751 486 amore

214 502 540 593 spiritalis
589 503 765 573 lucri
802 524 1197 592 persuasuS,
1239 501 1755 571 contumacium
1791 500 2088 574 sterilem
2134 501 2402 570 turbam
2440 502 2740 591 reliquit,

212 613 295 660 ne
329 590 623 660 inaniter
656 590 848 660 arida
896 592 1105 661 corda
1152 591 1416 660 diutius
1465 591 1803 681 irrigaret,
1849 590 1967 679 qui
2000 589 2348 659 benevolis
2400 594 2750 665 mentibus

210 701 414 766 quam
468 678 845 769 plurimum
901 680 1221 770 prodesse
1287 679 1557 748 interim
1621 680 1970 769 potuisset.
2025 684 2320 768 Pergens
2376 700 2537 768 ergo
2587 682 2749 751 inde

210 790 364 837 cum
432 768 602 849 suiS‚
658 770 964 857 pervenit
1013 769 1081 837 in
1132 783 1461 847 castrum,
1515 767 1696 855 quod
1753 768 2021 837 Arbona
2058 767 2091 800 ²*
2139 780 2466 835 vocatur:
2519 780 2584 837 et
2644 770 2748 838 in-

210 857 389 926 venit
428 857 522 925 ibi
562 860 1034 947 presbyterum
1077 857 1376 927 bonitate
1407 857 1887 946 conspicuum,
1935 855 2213 924 nomine
2252 854 2739 926 Willimarum.

209 946 529 1028 Quicum
577 946 865 1016 intuitus
904 969 1061 1016 eum
1105 946 1368 1027 fuisset,
1409 946 1627 1015 dixit:
1682 947 2075 1014 Benedictus
2121 946 2244 1035 qui
2285 946 2464 1013 venit
2516 948 2587 1014 in
2633 968 2749 1014 no-

205 1036 379 1103 mine
434 1036 718 1114 Domini,
775 1035 1162 1122 etreliqua.
1219 1035 1340 1104 Cui
1396 1035 1511 1103 Vir
1566 1034 1681 1103 Dei
1735 1033 1827 1103 ita
1877 1033 2277 1124 respondit:
2331 1055 2367 1099 «
2400 1037 2488 1101 De
2528 1034 2751 1123 regio-

209 1122 415 1191 nibus
466 1123 909 1213 congregavit
963 1140 1089 1194 nos
1146 1124 1570 1193 Dominus.»
1630 1122 1989 1211 Presbyter
2035 1144 2246 1211 ergo,
2317 1122 2752 1211 apprehensa

206 1211 480 1281 dextera
528 1213 699 1312 ejus,
738 1212 932 1281 duxit
969 1234 1126 1281 eum
1181 1212 1256 1280 in
1286 1212 1709 1289 oratorium:
1763 1227 1829 1280 et
1878 1224 2238 1301 postquam
2295 1212 2550 1299 pariter
2595 1232 2752 1281 ora-

207 1314 497 1382 verunt,
558 1300 934 1370 1ntroduxit
982 1322 1094 1370 eos
1146 1300 1214 1369 in
1266 1300 1667 1390 hospitium.
1724 1299 1854 1382 Qui
1904 1321 2141 1389 pacem
2202 1297 2439 1367 domui
2490 1300 2752 1390 impre-

206 1403 462 1471 canteS‚
503 1388 970 1478 deposuerunt
1001 1389 1385 1459 sarcinulas
1425 1411 1611 1458 suas.
1666 1394 2031 1474 Postquam
2065 1408 2220 1456 vero
2255 1387 2745 1470 recubuerunt,

208 1478 516 1562 iussione
562 1477 863 1559 AbbatiS,
918 1478 1154 1548 Gallus
1192 1478 1428 1547 divina
1474 1477 1781 1546 recitavit
1827 1476 2120 1564 eloquia,
2178 1475 2521 1565 profunda
2569 1498 2753 1546 rese-

207 1589 370 1636 rans
413 1566 738 1636 veritatiS.
794 1572 978 1636 Inter
1025 1582 1261 1636 sancta
1308 1566 1660 1636 doctrinae
1709 1565 2029 1635 salutaris
2063 1565 2396 1645 convivia,
2452 1565 2750 1654 pruden-

207 1657 372 1725 tiam
408 1655 548 1724 Viri
592 1656 909 1726 sacerdos
949 1657 1263 1735 miratuS,
1320 1678 1361 1724 a
1409 1656 1574 1724 fletu
1608 1676 1679 1726 se
1718 1654 2067 1724 continere
2116 1673 2248 1721 non
2306 1654 2545 1744 potuit.
2590 1660 2751 1723 Toto

208 1760 436 1814 autem
492 1758 748 1833 septem
800 1745 1066 1813 dierum
1120 1744 1379 1813 circulo
1420 1766 1577 1813 cum
1637 1764 1911 1814 summo
1970 1744 2229 1811 h'onore
2276 1755 2341 1811 et
2386 1742 2749 1831 diligentia

204 1832 349 1902 illis
401 1832 835 1915 ministravit,
888 1846 954 1902 et
998 1855 1170 1919 quos
1227 1832 1625 1901 carnalibus
1673 1831 1839 1900 fovit
1882 1831 2172 1911 deliciis,
2226 1831 2313 1900 ab
2360 1831 2530 1921 ipsis
2576 1852 2751 1918 quo-

205 1922 372 1990 tidie
414 1934 653 2009 pastus
702 1935 801 1990 est
849 1922 1148 2011 dapibus
1198 1922 1736 2010 scripturarum.
1792 1925 1976 1989 Inter
2022 1940 2257 1988 sacrae
2305 1919 2515 2008 igitur
2560 1920 2752 1988 aedi-

203 2009 552 2079 ficationis
599 2008 965 2096 colloquia,
1021 2010 1488 2080 columbanus
1536 2010 1722 2079 Abba
1761 2009 2235 2098 presbyterum
2281 2008 2745 2098 interrogavit,

207 2099 265 2167 si
316 2098 520 2166 sciret
567 2097 866 2184 aliquem
918 2099 988 2166 in
1040 2098 1411 2168 solitudine
1461 2097 1685 2167 locum
1722 2152 1737 2178 ,
1806 2098 1875 2165 in
1934 2119 2069 2184 quo
2110 2095 2362 2166 cellula
2409 2095 2559 2166 fieri
2630 2118 2751 2186 po-

208 2186 496 2266 tuisset,
550 2187 882 2257 custodiis
953 2186 1463 2273 aliquantulum
1518 2185 1953 2255 reo-utaribus
2014 2196 2425 2276 opportuna.
2490 2190 2753 2275 Hospes

207 2287 601 2343 sanctorum
657 2276 817 2342 huic
858 2275 1290 2362 inquisitioni
1339 2242 1738 2364 respondit:
1792 2297 1828 2340 «
1865 2279 1940 2342 ln
1984 2275 2113 2343 hac
2147 2273 2517 2343 solitudine
2558 2273 2753 2345 locus

202 2361 488 2449 quidam
518 2375 639 2440 est,
677 2364 998 2450 antiquae
1029 2378 1412 2433 structurae
1448 2385 1726 2433 servans
1761 2363 1938 2432 inter
1990 2364 2225 2432 ruinas
2262 2363 2582 2452 vestigia;
2627 2362 2750 2431 ubi

207 2466 384 2522 terra
434 2452 712 2550 pinguis
759 2467 824 2520 et
863 2450 1263 2521 fructuariis
1314 2452 1754 2542 proventibus
1793 2465 1974 2540 apta,
2036 2464 2300 2522 montes
2333 2472 2451 2541 per
2497 2473 2750 2543 gyrum

204 2540 502 2621 excelsi,
559 2542 833 2609 eremus
883 2553 1069 2612 vasta
1117 2553 1180 2610 et
1247 2541 1619 2611 imminens
1676 2542 1967 2631 oppido;
2033 2541 2352 2631 planities
2422 2542 2746 2631 copiosa,

151 2671 158 2676 ·
206 2629 463 2699 victum
530 2629 1020 2714 quaerentibus
1077 2628 1376 2700 fructum
1431 2629 1686 2700 laboris
1738 2651 1869 2700 non
1923 2644 2124 2720 negat
2159 2653 2174 2710 ;
2214 2652 2249 2696 »
2298 2642 2363 2698 et
2408 2650 2567 2698 cum
2618 2629 2753 2697 loci

204 2718 429 2817 ipsius
493 2717 702 2839 ⁵1²3OE
767 2740 885 2810 per
946 2719 1164 2788 multa
1233 2718 1624 2799 laudasset,
1701 2719 2025 2788 indicavit
2088 2739 2338 2788 nomen
2404 2718 2554 2806 eJ'us
2609 2717 2752 2784 Bri-

249 2820 520 2876 antium
649 2859 661 2870 .

200 2831 247 2898 g
290 2898 325 2983 ξ
380 2900 470 2964 6.
529 2893 677 2964 Illis
726 2895 939 2986 igitur
987 2896 1153 2966 illuc
1203 2896 1300 2965 ire
1347 2895 1836 2985 cupientibus,
1893 2895 2157 2985 paravit
2274 2892 2579 2981 resbyter
2625 2914 2750 2961 na-

198 2982 531 3063 viculam,
578 2999 643 3052 et
684 2985 1013 3074 imposuit
1061 2985 1379 3075 remiges,
1435 2984 1857 3055 Venerabilis
1905 2997 2131 3052 autem
2184 2988 2231 3050 A
2282 2981 2369 3049 ba
2424 3002 2582 3080 cum
2634 3001 2750 3049 co-

199 3071 494 3141 mitibus
543 3072 732 3143 Gallo
778 3087 845 3143 et
905 3073 1201 3160 quodam
1252 3073 1545 3143 diacono
1601 3094 1842 3143 navem
1891 3070 2385 3148 conscendenS,
2439 3083 2749 3138 invocato

198 3160 486 3231 nomine
520 3162 817 3242 Domini,
856 3162 941 3231 ad
986 3162 1215 3233 locum
1252 3162 1715 3231 desideratum
1757 3162 1866 3228 via
1894 3174 2077 3229 recta
2114 3157 2438 3259 pervenit.
2476 3157 2746 3247 Egressi

198 3250 283 3319 de
324 3248 663 3329 navicula,
717 3251 1089 3319 oratorium
1142 3252 1213 3319 in
1270 3251 1524 3320 honore
1577 3261 1855 3319 sanctae
1909 3247 2220 3317 Aureliae
2275 3258 2748 3316 constructum

200 3338 546 3416 adierunt,
600 3337 782 3423 qnod
819 3339 1256 3428 postmodum
1308 3339 1548 3407 beatus
1597 3337 2063 3407 columbanus
2101 3337 2173 3406 in
2214 3335 2516 3426 priscum
2555 3355 2750 3403 reno-

201 3426 387 3497 vavit
440 3425 795 3494 honorem.
868 3432 1024 3496 Post
1088 3428 1463 3496 orationem
1513 3448 1670 3495 cum
1742 3447 1862 3516 per
1921 3447 2169 3516 gyrum
2221 3423 2442 3494 oculis
2501 3438 2750 3492 cuncta

203 3515 636 3594 lustrassent,
681 3513 940 3614 placuit
979 3514 1118 3584 illis
1151 3514 1447 3602 qualitas
1479 3526 1542 3583 et
1574 3516 1747 3584 situs
1787 3514 2120 3583 locorum.
2156 3513 2412 3583 Deinde
2444 3512 2749 3581 oratione

201 3603 609 3691 praemissa,
642 3624 826 3671 circa
850 3605 1223 3672 oratorium
1257 3603 1779 3673 mansiunculas
1808 3603 1937 3673 sibi
1965 3603 2292 3672 fecerunt.
2326 3607 2751 3689 Repererunt

205 3708 434 3762 autem
481 3691 550 3759 in
601 3690 852 3780 templo
894 3704 1027 3760 tres
1076 3692 1414 3782 imagines
1460 3713 1696 3763 aereas
1743 3692 2147 3771 deauratas,
2199 3690 2440 3779 parieti
2479 3688 2743 3771 affixas,

203 3802 377 3867 quas
427 3778 770 3869 populuS‚
824 3779 1112 3850 dimisso
1160 3780 1396 3849 altaris
1444 3781 1624 3849 sacri
1683 3780 1900 3860 cultu,
1954 3780 2332 3858 adorabat,
2387 3791 2453 3847 et
2500 3777 2749 3848 oblatis

205 3868 590 3949 sacrificiiS,
645 3868 874 3937 dicere
906 3869 1307 3938 consuevit:
1361 3869 1481 3939 Isti
1531 3883 1694 3938 sunt
1728 3869 1826 3938 dii
1858 3883 2113 3938 veteres
2145 3884 2210 3938 et
2240 3865 2507 3953 antiqui
2538 3866 2751 3955 hujus

203 3955 333 4026 loci
384 3970 659 4035 tutores,
713 3977 1010 4043 quorum
1061 3956 1301 4026 solatio
1348 3968 1414 4026 et
1464 3978 1586 4028 nos
1619 3969 1684 4027 et
1732 3971 1965 4026 nostra
2010 3956 2386 4047 perdurant
2419 3975 2638 4040 usque
2671 3957 2742 4024 in

205 4065 553 4132 praesens.
614 4045 1081 4115 columbanus
1130 4047 1359 4132 itaque
1415 4045 1610 4115 beato
1657 4046 1851 4116 Gallo
1901 4046 1965 4114 id
2019 4045 2318 4136 injunxit
2365 4042 2572 4112 officii
2602 4097 2617 4126 ‚
2670 4057 2749 4114 ut

204 4133 540 4222 populum
575 4134 661 4204 ab
687 4155 913 4203 errore
944 4133 1367 4204 idololatriae
1404 4134 1490 4205 ad
1524 4133 1790 4204 cultum
1826 4135 1940 4204 Dei
1966 4135 2431 4204 exhortatione
2461 4131 2746 4202 salutari

203 4328 826 4424 Διῒὺέὶιῗέῧέιετίειίοῃυεω
855 4333 1037 4380 partem
1062 4330 1362 4370 Constantine
1383 4331 1554 4371 lacum.
1576 4331 1796 4371 castrum
1816 4328 1940 4371 illud
1974 4339 2006 4370 a
2034 4327 2531 4371 Romanisdtcebatur
2545 4331 2751 4371 Castrum

259 4434 308 4457 ‘⁹
338 4434 443 4479 Seu,
460 4435 671 4486 Brdyenz,
692 4447 718 4477 a
738 4445 831 4486 quo
851 4433 1151 4478 Constantine
1172 4437 1303 4477 lacus
1321 4443 1372 4478 et
1391 4435 1685 4487 Briyanefnue
1704 4439 2018 4487 nuncupntur.
