3347 4999
718 334 845 397 358
1380 350 1456 395 nr:
1506 349 1559 395 s.
1608 349 1922 395 witrnmo
1970 348 2171 395 EPtSC.
2226 347 2408 396 enon.
2864 329 3045 396 OCT.
3110 332 3202 395 ⁴2

622 459 750 505 sua
797 457 1003 504 causa
1037 436 1413 524 appellans.
1453 445 1513 502 et
1554 434 1635 503 ab
1669 434 1796 503 bac
1827 444 2156 525 potestate
2189 434 2269 504 de
2315 436 2513 503 certis
2545 435 2947 525 incertisque
2977 436 3191 505 rebus

624 527 1011 603 absolutuS,
1078 535 1143 591 et
1200 535 1461 592 caetera
1526 544 1703 608 quae
1767 545 1976 611 supra
2044 523 2427 613 posuimus.
2481 522 2701 606 Quod,
2759 523 2875 591 ubi
2927 522 3195 593 lectum

625 626 751 693 est,
815 625 1053 702 stupor
1100 610 1558 702 apprehendit
1604 611 1986 692 audientes,
2040 626 2106 680 et
2161 611 2402 680 silente
2444 611 2735 692 lectore,
2807 624 3198 701 coeperunt

626 701 1033 771 alterutrum
1086 700 1456 787 requirere,
1510 702 1669 787 quis
1729 714 1906 770 esset
1957 700 2072 769 ille
2118 699 2476 771 Wilfridus
2547 699 2954 791 Episcopus.
3008 706 3194 770 Tum

624 789 1039 870 BonifaciuS,
1106 789 1545 859 consiliarius
1594 788 1963 877 Apostolici
2011 794 2255 878 Papae,
2317 801 2383 858 et
2430 787 2549 857 alii
2603 789 2991 879 perplureS,
3056 790 3190 876 qui

622 902 783 948 cum
833 877 1261 967 temporibus
1312 878 1688 966 Agathonis
1736 883 1957 966 Papae
1998 877 2095 947 ibi
2145 877 2488 958 viderunt,
2543 878 2870 948 dicebant
2937 878 3188 967 ipsum

623 990 772 1037 esse
820 972 868 1036 E
926 967 1266 1056 iscopum,
1320 966 1439 1052 qui
1493 988 1715 1055 nuper
1748 971 2037 1036 Romam
2086 980 2455 1036 accusatus
2494 988 2535 1035 a
2584 967 2771 1047 suis,
2835 979 3046 1052 atque
3095 967 3192 1037 ab

623 991 1008 1146 Apostolica
1043 1055 1211 1125 Sede
1251 1054 1682 1144 judicandus
1720 1054 2108 1126 advenerat.
2155 1054 2284 1138 Qui
2326 1055 2778 1144 jamdudum,
2817 1055 3184 1142 inquiunt,

625 1167 842 1232 aeque
875 1158 1266 1225 accusatuS,
1306 1144 1442 1214 huc
1478 1143 1872 1225 adveniens,
1930 1166 2083 1214 mox
2131 1143 2369 1214 audita
2416 1167 2496 1213 ac
2546 1144 2926 1231 dijudicata
2964 1148 3193 1215 causa

622 1246 691 1302 et
728 1233 1189 1303 controversia
1245 1234 1610 1319 utriusque
1670 1232 1910 1320 partis,
1965 1255 2003 1301 a
2044 1233 2281 1302 beatae
2329 1233 2702 1303 memoriae
2763 1238 2946 1321 Papa
3001 1238 3192 1323 Aga-

629 1322 833 1391 thone
867 1323 1193 1412 probatus
1239 1334 1339 1391 est
1387 1335 1626 1391 contra
1671 1320 1777 1390 fas
1823 1344 1860 1389 a
1900 1342 2025 1391 suo
2058 1322 2468 1410 Episcopatu
2503 1320 2850 1409 repulsus,
2908 1334 2974 1390 et
3004 1323 3185 1391 tanti

625 1411 810 1499 apud
865 1433 1024 1480 eum
1067 1410 1347 1480 habitus
1369 1423 1492 1490 est,
1531 1424 1606 1480 ut
1655 1409 1885 1499 ipsum
1917 1411 1983 1478 in
2035 1410 2353 1490 concilio,
2385 1410 2566 1497 quod
2618 1426 3182 1500 congregaverat,

625 1500 1147 1590 Episcoporum‚
1192 1499 1393 1586 quasi
1442 1499 1664 1568 virum
1718 1498 2155 1587 incorruptae
2205 1498 2367 1568 fidei
2428 1512 2493 1568 et
2529 1499 2748 1568 animi
2801 1499 3025 1589 probi,
3080 1522 3186 1568 re·

625 1588 848 1658 sidere
896 1588 1341 1679 praeciperet.
1387 1587 1652 1669 Quibus
1694 1586 1974 1667 auditis,
2010 1587 2333 1658 dicebant
2363 1609 2604 1656 omnes
2654 1609 2793 1656 una
2831 1610 2991 1656 cuin
3031 1588 3186 1678 ipso

625 1677 972 1756 Pontifice‚
1026 1676 1251 1746 virum
1291 1688 1516 1745 tantae
1575 1676 2040 1757 auctoritatis,
2093 1677 2213 1763 qui
2268 1699 2388 1767 per
2433 1675 2892 1766 quadraginta
2966 1699 3183 1766 prope

623 1787 845 1857 annos
895 1767 1307 1856 Episcopatu
1369 1763 1811 1854 fungebatur,
1870 1787 2303 1852 nequaquam
2355 1764 2672 1833 damnari
2722 1765 3006 1845 debere,
3063 1765 3185 1835 sed

625 1854 709 1924 ad
751 1856 1092 1954 integrum
1133 1852 1361 1943 culpis
1401 1853 1923 1923 accusationum
1955 1853 2375 1933 absolutum,
2419 1854 2487 1922 in
2529 1853 2819 1943 patriam
2861 1876 3024 1924 cum
3063 1854 3180 1923 ho·

629 1966 792 2014 nore
836 1956 1098 2012 reverti.

715 2036 751 2120 ξ
799 2037 954 2105 10.
1011 2030 1335 2114 Quicum
1382 2031 1448 2101 in
1513 2030 1935 2100 Britanniam
1996 2053 2333 2112 remeans,
2388 2031 2456 2099 in
2509 2030 2889 2101 Galliarum
2955 2046 3179 2119 partes

625 2120 1035 2200 devenisset,
1092 2133 1312 2190 tactus
1357 2131 1459 2189 est
1493 2119 1891 2188 infirmitate
1938 2121 2318 2210 repentina,
2370 2133 2436 2189 et
2468 2142 2546 2189 ea
2578 2133 2951 2199 crescente,
3005 2120 3175 2190 adeo

631 2231 937 2299 pressus,
976 2222 1052 2278 ut
1080 2230 1257 2296 equo
1299 2208 1447 2278 vehi
1499 2230 1632 2277 non
1725 2223 1927 2289 osset,
1964 2209 2080 2278 sed
2134 2209 2458 2278 manibus
2507 2209 2986 2279 ministrorum
3071 2231 3181 2278 or-

635 2311 892 2368 taretur
939 2297 1008 2365 in
1111 2298 1366 2367 rabato.
1423 2297 1531 2367 Sic
1596 2297 1681 2366 de
1712 2310 1866 2368 atus
1925 2298 1992 2366 in
2057 2298 2395 2367 civitatem
2459 2297 2755 2366 Meldum
2806 2298 2841 2334 '⁵
2888 2297 3010 2367 Gal
3049 2299 3172 2382 iae,

630 2399 930 2474 quatuor
960 2385 1070 2455 die
1122 2410 1205 2456 us
1253 2408 1332 2455 ac
1368 2386 1686 2456 noctibus
1723 2386 1920 2472 quasi
1957 2400 2270 2456 mortuus
2307 2388 2604 2476 jacebat,
2655 2386 2878 2455 halitu
2909 2400 3178 2457 tantum

629 2474 968 2566 pertenui,
1005 2475 1169 2563 quia
1221 2476 1489 2556 viveret,
1522 2474 2026 2547 demonstrans,
2058 2480 2361 2563 Cumque
2396 2475 2487 2545 ita
2522 2476 2670 2547 sine
2696 2475 2850 2545 cibo
2883 2490 2952 2546 et
2987 2491 3172 2566 potu,

628 2564 778 2633 sine
826 2586 985 2634 voce
1030 2578 1097 2635 et
1129 2564 1371 2635 auditu
1417 2563 1789 2650 quatriduo
1840 2576 2321 2653 perseveraret,
2380 2565 2625 2652 quinta
2687 2565 2971 2634 demum
3009 2565 3170 2634 illu-

624 2667 936 2724 cescente
969 2654 1103 2734 die,
1138 2653 1336 2741 quasi
1373 2652 1458 2723 de
1490 2654 1678 2743 gravi
1719 2653 2233 2744 expergefactus
2268 2676 2536 2733 somn0,
2575 2675 2953 2743 exsurgens
2995 2673 3176 2725 rese·

624 2743 748 2823 dit,
787 2742 1178 2833 apertisque
1226 2741 1471 2826 oculiS,
1523 2741 1692 2810 vidit
1729 2742 1912 2812 circa
1947 2764 2018 2811 se
2056 2743 2303 2812 choros
2356 2741 2798 2832 psallentium
2850 2742 3061 2812 simul
3112 2753 3176 2811 et

628 2833 940 2902 flentium
997 2831 1312 2912 fratrum3
1365 2853 1443 2901 ac
1482 2829 1831 2899 modicum
1882 2831 2268 2920 suspirans,
2324 2831 2791 2921 interrogavit,
2831 2831 2953 2900 ubi
2999 2844 3174 2900 esset

623 2926 792 2991 Acca
832 2921 1232 3011 presbyter;
1285 2920 1405 3007 qui
1455 2919 1684 2988 statim
1725 2933 2024 2998 vocatus,
2072 2921 2372 3000 intravit;
2425 2933 2490 2990 et
2530 2920 2768 2989 videns
2816 2942 2978 2989 eum
3032 2942 3174 2988 me·

624 3009 761 3079 lius
794 3010 1185 3087 habentem,
1219 3031 1299 3078 ac
1333 3008 1519 3096 loqui
1542 3009 1685 3096 jani
1740 3007 2098 3089 valentem,
2149 3010 2341 3079 flexis
2389 3008 2708 3099 genibuS,
2748 3009 3008 3099 gratias
3036 3007 3176 3097 egit

622 3103 754 3168 Deo
800 3121 961 3168 cum
1013 3098 1364 3178 omnibus,
1417 3096 1538 3184 qui
1569 3096 1878 3177 aderant,
1916 3096 2270 3166 fratribus,
2311 3104 2388 3167 Et
2419 3120 2579 3167 cum
2634 3119 2878 3188 parum
2932 3118 3173 3167 conse-

622 3188 907 3268 dissent,
961 3210 1040 3256 ac
1087 3187 1172 3256 de
1205 3186 1526 3274 supernis
1568 3185 1856 3276 judiciis
1897 3187 2144 3274 trepidi
2192 3187 2626 3273 aliquantum
2678 3185 2974 3255 fabulari
3018 3206 3175 3254 coe-

625 3276 907 3365 pissent,
954 3276 1163 3363 jussit
1213 3275 1510 3365 pontifex
1557 3288 1858 3346 caeteros
1920 3274 2002 3344 ad
2062 3275 2302 3345 horam
2353 3273 2611 3375 egredi,
2666 3286 2732 3343 et
2787 3273 2876 3343 ad
2923 3279 3170 3342 Accam

628 3364 1101 3454 presbyterum
1153 3364 1244 3432 ita
1297 3364 1483 3451 loqui
1531 3385 1815 3433 exorsus
1863 3376 2005 3432 est:
2047 3386 2082 3430 «
2119 3363 2300 3433 Visio
2336 3363 2507 3432 mihi
2555 3362 2755 3433 modo
2817 3363 3175 3432 tremenda

622 3452 969 3541 apparuit,
1014 3473 1225 3538 quam
1294 3465 1354 3521 te
1400 3451 1642 3521 audire
1699 3475 1778 3521 ac
1827 3451 2098 3522 silentio
2150 3466 2372 3543 tegere
2426 3450 2601 3531 volo,
2660 3451 2879 3522 donec
2953 3451 3170 3520 sciam

622 3540 790 3628 quid
842 3540 926 3609 de
960 3562 1069 3609 me
1103 3539 1249 3609 sieri
1300 3541 1456 3610 velit
1502 3545 1704 3610 Deus.
1760 3539 2029 3610 Adstitit
2073 3542 2260 3610 enim
2314 3540 2487 3609 mihi
2533 3540 2820 3627 quidam
2876 3538 3174 3609 candido

624 3628 1027 3787 firaeclarus
1069 3628 1332 3709 habitu,
1400 3629 1638 3699 dicens
1678 3650 1750 3698 se
1784 3629 2180 3700 Michaelem
2213 3651 2363 3699 esse
2397 3628 2930 3718 Archangelum,
2981 3643 3045 3698 et
3083 3629 3174 3698 ob

674 3739 777 3800 oc,
833 3718 1080 3805 inquit,
1121 3718 1375 3788 missus
1424 3740 1606 3799 sum,
1660 3731 1737 3787 ut
1772 3731 1832 3787 te
1878 3740 1918 3788 a
1967 3732 2184 3788 morte
2249 3740 2582 3789 revocem.
2655 3719 2940 3787 Donavit
2986 3717 3174 3788 enini

624 3807 744 3877 tibi
798 3807 1129 3878 Dominus
1165 3807 1366 3876 vitam
1445 3829 1563 3897 per
1608 3806 1950 3876 orationes
1999 3829 2078 3876 ac
2132 3807 2476 3896 lacrymas
2540 3805 3043 3897 discipulorum
3108 3819 3177 3876 et

622 3895 909 3966 fratrum
964 3909 1264 3975 tuorum,
1318 3908 1384 3965 et
1433 3917 1553 3986 per
1622 3895 2179 3966 intercessionem
2231 3917 2396 3965 suae
2461 3901 2701 3966 Beatae
2750 3895 3163 3975 Genitricis,

624 4006 1030 4072 semperque
1092 3983 1430 4075 Virginis,
1512 3983 1784 4053 Mariae.
1840 3990 2269 4074 Quapropter
2316 3984 2469 4054 dico
2532 3984 2677 4064 tibi,
2735 3984 2901 4071 quia
2969 3984 3172 4054 modo

621 4072 900 4161 quidem
940 4075 1028 4145 ab
1065 4073 1461 4143 infirmitate
1494 4073 1623 4142 hac
1672 4073 2073 4144 sanaberis:
2114 4072 2231 4144 sed
2271 4088 2550 4164 paratus
2596 4085 2763 4151 esto,
2805 4073 2974 4159 quia
3016 4084 3173 4162 post

619 4162 1155 4250 quadriennium
1200 4176 1561 4243 revertenS,
1614 4162 1901 4232 visitabo
1943 4176 2027 4232 te.
2063 4167 2140 4232 In
2197 4164 2485 4252 patriam
2539 4183 2693 4231 vero
2728 4161 3162 4251 pervenienS,

624 4251 994 4320 maximam
1041 4252 1548 4340 possessionum
1609 4264 1909 4332 tuarum,
1955 4273 2132 4338 quae
2181 4251 2300 4321 tibi
2356 4250 2623 4321 ablatae
2664 4263 2848 4331 sunt,
2920 4252 3175 4339 portio-

624 4362 781 4410 nem
824 4339 1138 4429 recipieS,
1194 4353 1396 4427 atque
1444 4340 1513 4408 in
1552 4362 1719 4430 pace
1755 4339 2125 4428 tranquilla
2161 4341 2364 4409 vitam
2411 4338 2835 4409 terminabis
2873 4362 2908 4404 »

676 4469 702 4495 *
737 4469 911 4508 Meninx.
