3347 4999
814 406 945 497 422'
1387 448 1465 495 nn
1515 448 1569 494 s.
1625 447 1923 494 commeo
1973 446 2271 494 LORICATO
2312 444 2597 503 ,sanam
2948 428 3107 495 OCT.
3162 432 3219 496 ll

729 534 965 611 altero,
1025 531 1380 623 proposuit
1413 531 1498 600 ad
1534 531 1972 622 purgandum
2012 532 2471 613 stomachum,
2502 531 2786 601 antidoti
2823 553 3083 601 sumere
3126 555 3223 622 po-

730 622 995 693 culum.
1077 622 1271 690 Sexta
1336 620 1355 688 i
1411 621 1549 690 itur
1615 620 1783 690 feria
1841 641 1962 710 per
2025 620 2434 690 continuum
2502 620 2682 690 diem
2732 621 2840 689 vix
2897 619 3085 691 desiit
3134 622 3216 690 vel

731 710 1176 780 modulandis
1234 731 1354 799 psa
1392 710 1522 780 mis
1584 709 1924 790 insistere,
1962 708 2063 778 vel
2110 709 2565 800 corrigiarum
2615 730 2685 778 se
2740 708 2987 779 ictibus
3023 709 3221 800 flagel-

731 798 895 869 lare.
949 804 1152 869 Nocte
1200 819 1404 879 vere,
1458 820 1703 888 sopore
1748 797 2101 888 deposito,
2168 799 2470 888 suscepit
2529 797 2955 881 antidotum;
3008 797 3220 866 deinde

728 889 954 979 coepit
999 886 1406 978 angustiari,
1458 900 1523 956 et
1570 887 1653 956 de
1703 886 2041 956 stomachi
2087 886 2321 956 dolore
2367 889 2663 978 graviter
2709 887 3055 972 conqueri.
3095 891 3219 956 Post

729 977 1101 1047 decursum
1143 977 1375 1063 itaque
1424 988 1797 1045 nocturnae
1838 975 2117 1065 synaxis
2153 975 2484 1057 officium,
2526 989 2678 1067 post
2726 977 3088 1045 matutinos
3118 975 3218 1062 hy-

730 1088 956 1145 mnos,
1012 1087 1174 1134 cum
1223 1065 1448 1154 prima
1486 1065 1630 1155 jam
1682 1065 1849 1134 hora
1885 1063 2016 1133 sibi
2058 1086 2091 1133 a
2128 1063 2480 1145 fratribus,
2519 1066 2638 1153 qui
2688 1063 2994 1145 aderant,
3026 1076 3218 1133 cauta·

732 1167 944 1234 retur,
1000 1165 1315 1223 sanctum
1376 1160 1503 1224 Deo
1551 1153 1871 1244 spiritum
1926 1152 2243 1223 reddidit.
2281 1159 2697 1224 Invenerunt
2743 1166 2970 1224 autem
3003 1151 3217 1222 etalte-

730 1265 878 1312 ram
923 1242 1229 1323 loricam,
1276 1255 1541 1333 praeter
1604 1264 1755 1311 eam
1804 1264 1942 1330 qua
1989 1242 2277 1311 indutus
2325 1256 2490 1318 erat.
2545 1242 2878 1312 lateribus
2924 1242 3063 1310 e'us
3103 1241 3215 1309 sin-

731 1332 932 1401 donis
983 1353 1168 1401 more
1217 1332 1655 1401 substratam.
1736 1331 1923 1399 Unde
1991 1331 2320 1419 suspicati
2388 1344 2550 1402 sunt
2609 1330 2853 1401 fratres
2887 1385 2902 1411 ,
3000 1352 3071 1399 oc
3111 1328 3213 1398 sibi

731 1433 1004 1511 praeter
1044 1420 1611 1490 consuetudinem
1667 1419 2063 1489 nullatenus
2101 1419 2459 1494 accidisse.
2513 1419 2629 1489 sed
2671 1420 2804 1489 sub
2840 1441 2913 1489 se
2956 1440 3087 1488 eam
3125 1438 3212 1485 sa·

731 1530 900 1578 num
950 1529 1228 1597 quoque
1266 1522 1490 1579 tenere
1537 1508 2000 1589 consuevisse,
2039 1530 2248 1599 super
2292 1531 2503 1596 quam
2538 1508 2855 1578 videlicet
2882 1519 2945 1578 et
2972 1509 3035 1577 in
3062 1505 3211 1574 infir-

731 1599 968 1667 mitate
1005 1599 1301 1688 jacebat.
1341 1597 1723 1668 somniavit
1767 1610 1997 1666 autem
2034 1610 2196 1666 tunc
2228 1598 2511 1684 quidam
2539 1596 2751 1667 frater
2794 1597 2883 1666 de
2916 1618 3037 1677 me,
3069 1591 3209 1683 quod

729 1686 1089 1756 oculorum
1143 1687 1376 1756 lumen
1426 1687 1819 1755 amiseram.
1874 1685 2063 1768 Quod
2114 1686 2281 1755 dum
2330 1708 2455 1788 ego
2496 1685 3209 1776 Hildeprando*vene·

729 1775 929 1845 rabili
982 1781 1325 1845 Romanae
1395 1775 1732 1844 Ecclesiae
1794 1773 2311 1855 Archidiacono‚
2380 1797 2448 1844 ln
2506 1775 2946 1845 Lateranensi
3011 1770 3209 1874 palatio

730 1864 1156 1934 retulissem:
1211 1886 1247 1930 (ε
1282 1869 1747 1950 Nequaquam.
1803 1864 2045 1950 inquit,
2100 1877 2173 1932 ut
2209 1864 2429 1944 timeS‚
2488 1865 2613 1933 hoc
2661 1863 2786 1933 tibi
2838 1878 3207 1955 propinquat

727 1965 830 2021 est
880 1952 1116 2021 mortis
1165 1951 1547 2021 indicium:
1601 1952 1713 2021 sed
1760 1951 2125 2020 familiaris
2164 1952 2284 2021 tibi
2336 1952 2587 2040 aliquis
2634 1954 3084 2043 extinguetur,
3120 1967 3205 2034 qui

728 2041 853 2110 tibi
900 2053 970 2111 et
1024 2063 1227 2110 carus
1274 2041 1363 2110 sit
1411 2041 1592 2109 sicut
1654 2040 1949 2121 oculus,
1999 2053 2062 2109 et
2112 2040 2347 2109 lumen
2398 2055 2591 2111 tuum
2658 2063 2736 2110 ac
2788 2039 3100 2142 splendor
3154 2037 3201 2103 in

727 2129 930 2199 bonis
978 2129 1303 2218 operibus
1335 2127 1667 2198 videatur.
1712 2153 1747 2195 »
1788 2132 1837 2198 Ο
1875 2150 2135 2209 verum,
2173 2128 2290 2198 sed
2323 2130 2632 2199 amarius
2658 2151 2849 2199 omni
2887 2128 3041 2198 felle
3066 2144 3205 2216 prae·

728 2219 1038 2308 sagium!
1093 2218 1310 2287 Tertio
1341 2216 1474 2298 die,
1531 2231 1886 2307 postquam
1928 2218 2254 2287 Romanis
2297 2218 2663 2288 moenibus
2707 2240 2863 2287 sum
2915 2232 3200 2308 egressus,

728 2327 883 2376 ecce
934 2306 1102 2375 mihi
1144 2306 1379 2375 relatio
1427 2305 1729 2375 crudelis
1761 2306 2084 2386 occurrit,
2127 2328 2303 2394 quae
2340 2307 2508 2375 mihi
2544 2306 2639 2375 nil
2686 2306 2919 2377 minus
2951 2299 3203 2398 opinanti

728 2406 1102 2476 caecatum,
1146 2417 1253 2464 me
1286 2397 1699 2464 remansisse
1749 2395 2119 2485 perhibuit,
2172 2394 2532 2465 dominum
2585 2394 2848 2465 scilicet
2893 2407 2958 2465 et
3001 2392 3205 2463 illumi·
3270 2458 3271 2485 χ

731 2495 1035 2553 natorem
1090 2507 1319 2553 meum
1374 2485 1832 2566 Dominicum,
1876 2507 1956 2554 ex
2006 2484 2130 2554 hoc
2172 2482 2405 2554 seculo
2470 2506 2692 2574 nuper
2736 2505 3103 2576 egressum.
3143 2475 3203 2546 ll·

729 2571 862 2642 lico
913 2573 1078 2642 mihi
1124 2572 1386 2660 liquido
1423 2574 1663 2663 patuit,
1704 2573 1869 2643 dum
1914 2573 2028 2642 ille
2079 2574 2274 2663 petiit
2317 2573 2492 2643 lucis
2540 2587 2918 2656 auctorem,
2958 2573 3021 2642 in
3069 2583 3203 2639 tene-
3268 2563 3269 2594 ¹

725 2660 1011 2731 brat-um
1062 2684 1169 2731 me
1217 2664 1627 2732 remansisse
1667 2662 1986 2751 caligine.
2044 2667 2307 2731 Fratres
2347 2675 2573 2731 autem
2626 2684 2886 2752 corpus
2930 2661 3088 2748 ejus,
3149 2673 3203 2753 rie
3266 2683 3267 2694 ¹

726 2773 767 2819 a
814 2750 1066 2821 vicinis
1110 2750 1468 2820 monachis
1536 2772 1775 2819 eorum
1831 2764 2183 2840 raperetur
2228 2773 2263 2820 e
2316 2751 2663 2831 manibus,
2722 2751 2789 2818 in
2845 2751 3115 2827 eadem,
3156 2762 3201 2810 ln
3264 2795 3265 2814 1

728 2861 865 2927 qua
914 2839 1282 2909 defunctus
1329 2852 1430 2909 est
1462 2838 1737 2919 cellula,
1789 2839 2052 2908 defossa
2091 2839 2305 2910 humo
2352 2839 2664 2908 celeriter
2695 2840 3084 2910 obruerunt.
3113 2837 3203 2902 Nos
3262 2905 3263 2924 χ

726 2941 952 2998 autem
1007 2930 1156 3029 ipso
1205 2929 1313 2996 die
1365 2928 1741 3007 Dominico,
1781 2949 1916 3014 quo
1949 2929 2258 2997 eremum
2300 2929 2594 3018 ingressi
2635 2950 2908 3010 sumus,
2947 2936 3202 2997 sanctum

727 3040 986 3107 corpus
1031 3017 1191 3086 inde
1239 3016 1590 3086 sublatum
1640 3029 2023 3085 reverenter
2057 3072 2072 3098 ,
2127 3030 2202 3086 ut
2248 3017 2539 3118 dignum
2588 3029 2785 3098 erat,
2844 3019 2911 3086 in
2965 3005 3203 3104 capitulo

729 3107 1198 3196 sepelivimus
1252 3111 1328 3175 Et
1385 3128 1544 3175 cum
1599 3126 1825 3175 nonus
1872 3117 2046 3174 esset
2115 3105 2563 3195 depositionis
2629 3107 2783 3193 ejus
2839 3106 3006 3186 dies,
3061 3116 3203 3192 prae·

724 3195 988 3264 dictum
1035 3216 1288 3282 corpus
1336 3216 1584 3264 sanum
1634 3193 2118 3282 illibatumque
2168 3195 2574 3285 reperimus.

817 3285 852 3368 ξ
905 3286 1074 3353 ²0.
1129 3286 1297 3350 Eant
1340 3304 1545 3363 nunc,
1602 3283 1719 3370 qui
1770 3283 2001 3353 carnis
2048 3305 2213 3353 suae
2260 3283 2685 3353 delectantur
2718 3282 3070 3359 illecebris,
3104 3293 3206 3342 me·
3254 3353 3255 3358 ,

728 3369 966 3439 dullas
1012 3370 1422 3440 absorbeant
1474 3372 1899 3461 voluptatum
1943 3428 1957 3452 ‚
2010 3386 2077 3441 et
2122 3372 2490 3442 occisionis
2535 3372 2854 3442 victimae
2915 3371 2994 3441 ad
3042 3377 3206 3436 aeter·

730 3481 896 3528 num
953 3459 1353 3529 nutriantur
1396 3460 1824 3530 incendium.
1878 3465 1956 3530 In
2006 3462 2373 3551 superbiae
2433 3482 2503 3531 se
2558 3461 2892 3531 cornibus
2949 3458 3200 3529 efferant.
3252 3457 3253 3472 ¹

726 3546 1057 3617 ventilent
1103 3548 1524 3630 innocentes,
1579 3550 1665 3619 ad
1732 3563 1964 3619 votum
2016 3550 2313 3620 molliter
2361 3550 2611 3630 vivant,
2665 3563 2741 3619 ut
2787 3568 3024 3619 eorum
3069 3550 3204 3633 post·
3250 3557 3251 3580 ¹

729 3635 1014 3705 modum
1066 3637 1338 3729 penitus
1387 3660 1658 3728 semper
1704 3638 1935 3708 ulcera
1986 3651 2438 3708 amarescant.
2494 3643 2689 3708 Nunc
2735 3638 2922 3708 velut
2959 3632 3203 3704 infrenes
3248 3651 3249 3690 l

724 3725 884 3813 equi
935 3747 1054 3816 per
1101 3724 1528 3815 voluptatum
1581 3748 1863 3796 suarum
1935 3741 2128 3817 prata
2178 3728 2623 3808 discurrant,
2678 3739 2755 3797 ut
2825 3737 2976 3816 post
3018 3733 3202 3812 eorum
3245 3755 3247 3800 ι

729 3836 982 3884 manus
1021 3827 1085 3883 et
1134 3813 1415 3883 brachia
1466 3814 1917 3885 districtionis
1963 3830 2302 3886 extremae
2352 3815 2561 3885 lorica
2610 3815 2992 3886 cohibeant.
3032 3815 3206 3879 Domi·

725 3905 926 3972 nicus
972 3916 1200 3972 autem
1254 3916 1483 3973 noster
1517 3905 1597 3972 sti
1657 3916 1836 3974 mata
1866 3905 2041 3974 Jesu
2075 3905 2366 3995 portavit
2404 3906 2473 3973 in
2508 3925 2815 3996 corpore,
2851 3918 2915 3973 et
2940 3896 3205 3997 vexillum

727 3992 962 4060 Crucis
1010 4013 1144 4061 non
1198 4003 1463 4062 tantum
1503 3993 1571 4060 in
1639 4006 1826 4062 ronte
1862 3994 2193 4083 depinxit,
2241 3993 2357 4065 sed
2391 3993 2665 4063 cunctis
2702 3994 2904 4062 etiam
2950 3986 3207 4074 undlqffl}

727 4080 1055 4150 membris
1102 4081 1472 4170 impressit.
1532 4086 1824 4151 Exustus
1863 4095 1926 4151 et
1973 4082 2211 4152 aridus
2250 4082 2336 4152 ab
2371 4082 2665 4152 humore
2692 4080 2937 4151 calami
2968 4090 3030 4148 et
3064 4075 3207 4172 ‘unc-l

727 4169 1084 4250 uberibus,
1142 4170 1455 4241 coelestis
1501 4172 1762 4261 gratiae
1829 4171 2076 4240 meruit
2123 4172 2471 4241 imbribus
2518 4171 2819 4261 irrigari.
2870 4168 2992 4238 Hic
3060 4155 3205 4232 eri-al

728 4255 939 4325 lorica
992 4260 1266 4348 praecin
1326 4259 1501 4340 itur,
1577 4259 1719 4329 illic
1793 4259 2011 4331 niveis
2059 4259 2419 4351 Angelicae
2485 4259 2743 4351 gloriae
2789 4256 3081 4328 vestibus
3122 4246 3207 4315 de⁴

727 4357 1024 4415 coratur.
1077 4347 1200 4416 Hic
1299 4349 1505 4417 uritia
1553 4348 1810 4419 cubilis
1878 4350 2211 4431 atteritur,
2249 4348 2391 4418 illic
2456 4348 2647 4418 molli
2710 4342 3203 4418 Patriarcharuffl

724 4509 838 4602 00:²⁸
833 4508 951 4611 13:101}²
955 4507 1049 4603 ιιῙέιὶο
1082 4509 1247 4558 postea
1283 4510 1539 4560 Gregorius
1573 4511 1658 4551 vn
1691 4511 1911 4552 Summus
1943 4511 2159 4553 Pouttfex
2196 4511 2446 4552 sanctitate
2484 4515 2534 4554 et
2567 4510 2821 4560 apostolico
2858 4507 2959 4548 zelo
2978 4497 3209 4552 maneret·
