3347 4999
169 343 340 412 OCT.
394 344 435 407 9
881 360 960 405 nn
1013 360 1106 406 ss.
1159 356 1458 406 moNrslo
1510 361 1585 406 ET
1634 359 1834 407 socns
1873 357 2003 407 Mu.
2498 346 2628 411 289

165 468 314 518 eam
366 443 699 514 abscondi
751 443 882 513 sub
917 443 1154 517 modio
1210 443 1367 513 sivit
1417 444 1474 513 is
1521 443 1640 530 qui
1693 456 1795 513 est
1827 443 2017 513 solus
2066 457 2307 515 auctor
2353 448 2713 528 omnium;

170 534 285 607 sed
320 534 389 602 in
425 533 560 602 alto
611 533 803 622 ponit
846 554 963 622 per
1012 533 1371 603 virtutem:
1432 543 1497 600 et
1542 532 1726 600 fama
1778 533 2092 620 protinus
2147 534 2548 622 perv-adem,
2604 558 2719 606 ca-

170 623 463 694 nebatur
495 621 564 690 in
599 644 714 691 ore
762 622 1117 702 omnium,
1172 621 1242 690 in
1292 619 1618 691 omnibus
1667 642 1908 691 omnes
1963 620 2236 690 vincere
2284 623 2714 712 Dionysium.

171 718 379 782 Porro
437 723 665 779 autem
716 731 957 779 omnes
1006 710 1088 778 ad
1143 731 1302 779 eum
1354 710 1820 788 confluebant,
1879 731 2015 778 non
2060 709 2285 780 solum
2351 732 2436 800 po
2491 711 2721 783 ulares

170 815 235 871 et
267 800 593 880 forenses,
641 798 757 868 sed
794 799 913 886 qui
944 810 1139 867 erant
1177 798 1427 867 eruditi
1455 811 1521 868 et
1551 798 1682 867 insi
1744 820 1899 879 nes;
1937 811 2003 868 et
2050 798 2171 884 qui
2208 799 2404 887 prius
2481 800 2723 869 ahora-

170 890 338 960 bant
372 888 685 969 insania,
742 900 808 957 et
853 886 1016 957 feris
1082 886 1435 957 crudelius
1484 887 1709 956 lacera
1760 899 1879 956 ant
1927 886 2328 969 Ecclesiam,
2385 888 2470 957 ad
2521 888 2720 958 illum

170 980 400 1048 virum
452 979 821 1058 venienteS,
873 988 938 1046 et
993 975 1471 1045 admirabilem
1527 975 1713 1044 illam
1763 988 1827 1045 et
1877 975 2182 1045 divinam
2236 976 2547 1066 linguam
2599 999 2723 1046 au-

170 1068 460 1147 dienteS,
513 1066 741 1135 cordis
780 1066 892 1134 sui
928 1064 1326 1134 molliebant
1365 1064 1718 1145 duritiam,
1772 1079 1836 1134 et
1885 1065 1971 1134 ad
2021 1086 2248 1134 veram
2303 1079 2369 1135 et
2421 1067 2718 1155 primam

170 1156 401 1227 lucem
437 1154 854 1225 accedebant
897 1175 1017 1242 per
1064 1153 1448 1244 baptisma;
1501 1175 1637 1240 quo
1689 1154 1911 1254 magis
1945 1166 2138 1223 erant
2174 1154 2586 1224 inflammati
2635 1153 2721 1224 ad

169 1246 443 1326 vitium,
483 1265 561 1313 eo
610 1243 1081 1312 ferventiorem
1116 1242 1550 1312 ostendentes
1590 1241 2232 1312 Christianismum:
2279 1255 2345 1312 et
2392 1243 2477 1312 ad
2529 1265 2721 1313 sum-

170 1356 389 1414 mam,
446 1332 617 1402 nihil
670 1344 806 1401 tam
858 1344 1002 1400 erat
1037 1332 1103 1399 in
1147 1353 1261 1400 ore
1294 1332 1635 1415 omnium,
1676 1353 1883 1418 quam
1918 1331 2309 1420 Dionysius.
2356 1336 2520 1401 Cum
2559 1354 2722 1422 ergo
2782 1400 2787 1406 .

168 1424 343 1493 haec
392 1422 576 1491 lama
624 1422 723 1490 sic
786 1419 1204 1509 pervaderet,
1269 1420 1584 1490 doctrina
1632 1432 1860 1489 autem
1927 1419 2372 1502 dilataretur,
2439 1434 2505 1490 et
2555 1421 2725 1491 fides

163 1512 703 1583 confirmaretur
749 1508 1160 1589 evidentius,
1250 1530 1354 1578 res
1403 1509 1489 1578 ad
1541 1509 2022 1578 saevissimum
2079 1508 2305 1578 delata
2359 1522 2459 1579 est
2505 1509 2728 1578 Domi-

167 1603 470 1680 tianum,
510 1599 637 1680 vel,
692 1611 769 1668 ut
804 1598 1025 1698 magis
1077 1597 1350 1687 proprie
1397 1597 1650 1678 dicam,
1708 1598 2277 1679 Daemonianum,
2317 1598 2434 1693 qui
2488 1611 2730 1667 contra

170 1695 396 1760 Deum
448 1688 721 1759 locutus
759 1686 890 1755 fuit
938 1686 1369 1773 iniquitatem
1423 1687 1491 1754 in
1552 1686 1881 1776 superbia
1946 1698 2012 1755 et
2059 1685 2607 1776 contemptione,
2661 1698 2725 1756 et

170 1799 465 1848 manum
521 1782 651 1846 Deo
686 1776 1042 1845 inimicam
1095 1774 1336 1844 extulit
1364 1775 1694 1845 adversus
1745 1775 1949 1844 fidem
1990 1774 2560 1845 Christianorum.

262 1870 301 1954 ξ
353 1869 509 1937 10.
556 1866 680 1934 Hic
719 1886 882 1953 ergo
930 1859 1094 1951 quid
1149 1864 1631 1933 machinatur?
1678 1863 1793 1931 Vel
1830 1864 2084 1952 potiuS,
2138 1864 2306 1950 quid
2356 1864 2640 1933 docetur
2688 1887 2728 1933 a

170 1968 373 2046 patre
422 1975 570 2035 suo,
627 1956 925 2023 Satana?
956 1956 1206 2021 Omnes
1244 1952 1557 2040 quidem,
1591 1952 1738 2038 qui,
1782 1974 1959 2038 quae
1986 1952 2350 2021 Christiani
2395 1952 2722 2034 sentiunt,

165 2042 557 2132 despicere,
604 2042 1004 2131 Dionysium
1042 2041 1549 2122 autemsolum
1590 2041 1675 2109 de
1721 2040 1943 2109 medio
1993 2039 2251 2122 tollere,
2289 2041 2416 2110 hoc
2471 2041 2720 2121 scienS,

163 2130 364 2221 quod
404 2131 463 2199 si
511 2152 668 2200 eum
713 2131 935 2200 solum
973 2129 1231 2210 vicerit,
1270 2131 1597 2199 omnibus
1638 2127 1846 2198 fuerit
1894 2128 2253 2219 superior:
2308 2131 2413 2198 sin
2467 2130 2724 2211 minuS,

168 2241 427 2291 omncs
470 2218 613 2289 fore
647 2218 1031 2288 Domitiano
1066 2219 1400 2288 fortiores.
1444 2224 1810 2305 Postquam
1845 2234 2075 2288 autem
2129 2218 2295 2287 haec
2332 2231 2558 2308 mente
2588 2218 2733 2308 agi-

168 2313 421 2392 tasset,
459 2330 616 2378 eum
668 2308 913 2377 excitat
961 2307 1056 2376 ira
1105 2308 1435 2378 adversus
1495 2319 1870 2397 martyrem
1901 2361 1921 2387 ,
1977 2319 2042 2376 et
2089 2306 2342 2377 furoris
2392 2329 2733 2394 quaerens

172 2396 804 2477 medicamentum,
842 2395 1114 2465 nullum
1166 2396 1354 2465 aliud
1392 2395 1673 2476 invenit,
1712 2409 1980 2485 praeter
2009 2396 2163 2483 ejus
2214 2408 2527 2465 mortem.
2565 2401 2730 2466 Cum

162 2489 418 2574 itaque
464 2508 704 2556 omnes
763 2486 883 2573 qui
955 2484 1108 2572 ejus
1172 2484 1471 2577 Imperio
1514 2485 1867 2576 parebant,
1927 2508 2178 2577 congre
2231 2485 2431 2567 asset,
2484 2507 2735 2573 eosque

161 2576 678 2664 assumpsisset
709 2575 828 2661 qui
887 2587 1082 2643 erant
1130 2574 1193 2643 ei
1232 2574 1533 2643 amentia
1565 2574 1850 2654 similes,
1893 2575 2099 2644 mittit
2133 2598 2169 2644 a
2253 2575 2731 2661 quaerendum

165 2676 615 2754 martyrem:
670 2668 834 2743 «Et,
891 2663 949 2732 si
996 2662 1059 2731 ei
1107 2663 1428 2749 quidem,
1483 2664 1731 2751 inquit,
1786 2664 2293 2753 persuaseritis‚
2347 2676 2423 2732 ut
2475 2662 2557 2731 ad
2611 2684 2736 2731 no-

162 2769 395 2828 stram
461 2752 865 2821 traducatur
912 2751 1361 2841 religionem,
1419 2752 1546 2822 hoc
1604 2763 1728 2836 est,
1783 2752 1964 2838 quod
2024 2752 2381 2833 desider03
2435 2772 2735 2838 cumque

155 2867 335 2915 eum
378 2840 785 2931 acceperitis
816 2840 1196 2922 vobiscum,
1237 2840 1683 2909 revertimini.
1725 2841 1841 2910 Sin
1883 2853 2108 2910 autem
2144 2839 2373 2909 adhuc
2419 2861 2736 2928 perman-

161 2934 341 3005 serit
396 2930 467 2998 in
524 2929 737 3018 impia
799 2928 1175 3019 religione,
1228 2951 1385 2998 eum
1460 2941 1676 2998 morte
1734 2929 2289 2998 condemnate.»
2341 2927 2452 2996 Illi
2502 2942 2733 2998 autem

158 3044 336 3093 cum
380 3020 555 3089 haec
590 3018 975 3088 audiissent
1022 3018 1108 3087 ab
1145 3023 1584 3108 Imperatore,
1637 3030 1704 3087 et
1749 3017 1978 3087 surore
2022 3016 2566 3087 accenderentur
2612 3016 2736 3104 qui

160 3113 236 3182 in
273 3110 382 3180 eis
448 3107 825 3186 habitabat,
879 3118 943 3175 et
990 3107 1072 3175 ad
1143 3129 1248 3177 res
1297 3106 1633 3208 gerendas
1682 3127 1874 3176 acres
1928 3106 2143 3175 videri
2202 3105 2451 3175 vellent
2504 3106 2566 3174 ei
2615 3105 2739 3193 qui

163 3201 498 3276 miserat,
538 3208 894 3285 postquam
933 3208 1267 3265 venerunt
1297 3218 1363 3264 in
1403 3195 1717 3276 Galliam,
1766 3207 2113 3282 tamquam
2165 3194 2345 3264 serae
2393 3194 2738 3281 quaedam

160 3292 493 3365 irruunt;
547 3296 612 3353 et
656 3305 814 3353 cum
865 3304 1165 3366 omnem,
1219 3306 1396 3371 quae
1434 3283 1890 3353 circumcirca
1940 3285 2068 3353 sita
2108 3296 2275 3365 erat,
2332 3284 2739 3354 conturbas-

159 3390 324 3450 sent
379 3372 768 3463 regionem,
829 3386 1285 3462 corrumpunt
1332 3372 1814 3463 simpliciore5‚
1891 3385 1968 3442 ut
2014 3373 2382 3454 docerent,
2450 3373 2738 3442 ubinam

160 3470 428 3539 beatus
498 3460 868 3550 Dionysius
923 3473 1329 3531 versaretur.
1384 3468 1747 3548 Postquam
1813 3473 2040 3530 autem
2103 3462 2518 3531 audiverunt
2578 3483 2739 3530 eum

165 3552 449 3627 versari
505 3549 572 3617 in
606 3549 876 3618 civitate
901 3550 1346 3631 Parisiorum,
1401 3551 1567 3620 illuc
1598 3550 1906 3619 veniunt.
1948 3550 2203 3620 Deinde
2261 3562 2742 3641 percontantes

157 3647 256 3717 de
314 3642 541 3714 rebus
590 3637 1161 3720 Christianorum,
1219 3639 1580 3708 inveniunt
1626 3638 1788 3709 fidei
1837 3637 2221 3708 doctrinam
2271 3660 2419 3710 esse
2471 3637 2743 3728 disper-

165 3756 328 3807 sam
378 3750 515 3824 per
548 3738 753 3795 totam
818 3727 1155 3797 civitatem
1191 3751 1206 3808 ;
1243 3727 1331 3797 de
1381 3727 1738 3797 miraculis
1788 3729 2112 3817 martyris
2177 3727 2354 3797 fiunt
2390 3727 2737 3810 certioreS,

157 3822 365 3913 quod
425 3836 676 3889 omnes
724 3814 1005 3895 scilicet,
1053 3816 1173 3903 qui
1224 3816 1402 3885 male
1434 3839 1507 3885 se
1556 3808 1908 3898 habereiit,
1964 3827 2295 3896 curasset:
2349 3827 2414 3885 et
2464 3815 2614 3886 ideo
2641 3816 2745 3885 in·-

159 3909 641 3983 credulorum
682 3902 766 3972 ad
819 3925 974 3973 eum
1028 3904 1441 3974 confluxisse
1488 3918 1854 3985 catervam,
1906 3917 1970 3974 et
2019 3928 2091 3975 se
2139 3904 2537 3994 adjunxisse
2589 3927 2746 3975 vero

167 4001 295 4073 Dei
361 3992 648 4074 cultui;
700 4003 766 4061 et
812 3991 991 4079 quod
1044 3994 1272 4063 omnis
1320 3994 1583 4075 Gallia,
1637 4015 1814 4080 quae
1878 3992 2115 4062 multis
2167 3994 2361 4083 prius
2419 3995 2749 4082 gravibus

169 4090 371 4159 vitiis
406 4083 765 4163 servierat,
819 4094 883 4149 et
931 4080 1149 4162 factis,
1208 4082 1585 4168 quinetiam
1637 4081 1944 4169 subJ'ecta
1991 4093 2136 4150 erat
2184 4080 2404 4151 cultui
2459 4083 2750 4153 simula-

162 4197 500 4251 crorum,
559 4170 814 4240 collum
869 4191 1073 4240 suum
1123 4192 1201 4240 ex
1240 4170 1349 4240 his
1388 4171 1845 4252 subtractum,
1881 4169 2195 4240 doctrina
2224 4170 2557 4260 Dionysii,
2585 4173 2750 4243 sub-

147 4264 413 4359 junxit
458 4260 640 4349 jugo
679 4259 951 4329 Christi.

263 4356 304 4442 g
347 4355 492 4425 11.
555 4353 718 4416 Cum
755 4369 917 4438 ergo
957 4347 1148 4429 haec,
1186 4358 1252 4418 et
1287 4347 1505 4418 multa
1539 4348 1675 4418 alia
1709 4346 1887 4417 facta
1920 4368 2092 4428 esse,
2132 4348 2216 4417 ad
2251 4369 2489 4419 eorum
2526 4348 2752 4418 venis-

156 4455 279 4518 set
329 4433 842 4526 cognitionem,
877 4449 942 4507 et
975 4436 1224 4508 Christi
1273 4459 1550 4528 gregem
1602 4435 1868 4528 augeri,
1920 4446 1987 4507 et
2026 4458 2188 4509 suos
2218 4438 2382 4508 deos
2424 4437 2757 4507 vidissent

341 4555 608 4619 surius
633 4583 662 4599 ·
699 4554 864 4617 Vitae
895 4552 1000 4618 SS.
1031 4587 1055 4600 -
1082 4554 1211 4617 Vol.
1239 4554 1312 4617 X.
1604 4623 1610 4630 ,
2517 4551 2590 4614 ¹9

104 2664 146 2680 Q
