3347 4999
707 324 837 388 tt8
1277 339 1356 386 nr.
1401 339 1458 386 s.
1511 339 1813 386 noxmco
1860 338 2162 387 maleno
2212 339 2481 386 amm
2836 320 3007 386 OCT.
3066 321 3151 386 tt

613 448 758 495 uno
820 425 1034 493 ductu
1083 422 1392 510 quotidie
1439 423 1869 493 decantabat.
1914 451 1940 488 ι
2010 424 2269 513 Scripsi
2329 445 2537 513 super
2592 422 2719 493 hoc
2765 436 2829 491 et
2870 424 2941 491 in
2989 422 3151 493 aliis

619 514 899 584 fortasse
944 512 1324 603 opusculis,
1372 534 1550 599 quae
1594 513 1696 581 vel
1744 513 1831 582 ad
1890 534 2215 603 praesens
2259 513 2533 591 desunt,
2608 512 2704 580 vel
2752 511 2953 581 facile
3001 533 3149 581 me-

619 603 878 672 moriae
908 623 1044 671 non
1084 616 1478 670 occurrunt.
1519 606 1757 689 Itaque
1788 601 1876 671 ab
1910 624 2152 671 eorum
2193 602 2652 690 replicatione,
2685 622 2862 688 quae
2892 601 3148 691 scripta

619 704 803 772 sunt,
856 690 940 759 ad
975 712 1151 759 nova
1197 691 1545 777 quaelibet
1573 690 1911 760 articulus
1948 690 2422 759 transferatur.

703 784 738 868 ξ
782 785 930 850 1².
985 780 1346 849 Enimvero
1390 780 1591 867 quasi
1629 779 1918 867 quidam
1965 779 2245 849 divinus
2314 779 2493 870 ignis
2543 780 2612 847 in
2672 777 2827 865 ejas
2877 791 3147 867 pectore

605 870 868 958 jugiter
925 868 1328 947 aestuabat,
1379 869 1502 955 qui
1551 890 1909 954 nunquam
2066 868 2409 938 rmittebat
2476 889 2633 936 eum
2682 888 2723 936 a
2768 867 3153 956 spiritualis

613 957 915 1028 exercitii
966 958 1196 1025 labore
1242 957 1616 1044 quiescere.
1662 957 1949 1044 Aliquan
2005 981 2045 1026 o
2080 978 2377 1045 namque
2414 979 2573 1025 cum
2622 977 2749 1047 ego
2798 958 3153 1046 perquire-

619 1068 760 1117 rem
826 1058 1264 1116 sacrosancto
1310 1046 1422 1115 die
1470 1046 1808 1125 Pascbali,
1860 1047 2146 1116 caeteris
2194 1046 2546 1124 fratribus,
2591 1046 2790 1131 juxta
2840 1067 3096 1114 morem
3125 1100 3143 1125 ,

615 1135 902 1205 meridie
947 1135 1489 1221 quiescentibus,
1537 1147 1779 1204 utrum
1811 1149 1877 1204 et
1924 1136 2073 1224 ipse
2108 1134 2498 1215 dormisset,
2551 1136 2669 1202 ait:
2722 1139 2990 1213 «Certe,
3032 1156 3153 1222 pa·

617 1238 738 1306 ter,
790 1224 929 1292 dixi
983 1227 1050 1291 in
1099 1223 1305 1292 corde
1353 1245 1545 1293 meo:
1591 1223 1767 1307 Quid
1817 1224 2014 1305 mihi,
2060 1237 2197 1293 tam
2263 1224 2486 1312 longis
2524 1222 2754 1292 adhuc
2801 1224 3143 1301 noctibuS,

617 1314 685 1382 in
736 1313 848 1383 die
893 1312 1248 1382 dormire?
1287 1313 1594 1384 Extensis
1644 1314 1873 1399 itaque
1904 1314 1972 1381 in
2000 1313 2229 1382 crucis
2274 1311 2570 1402 effigiem
2604 1311 2929 1389 brachiis,
2968 1310 3153 1401 psal·

616 1402 864 1472 terium
905 1402 1145 1491 coepi:
1198 1406 1346 1484 Quo
1386 1424 1496 1470 me
1543 1403 1644 1471 sic
1684 1414 1904 1471 stante
1942 1402 2259 1482 decurso,
2286 1403 2566 1491 signum
2608 1401 2918 1490 protinus
2942 1400 3151 1469 horae

614 1495 842 1560 Nonae
891 1491 1263 1580 personuit.
1318 1495 1458 1560 Hoc
1508 1491 1737 1576 itaque
1770 1491 1973 1561 modo
2013 1491 2246 1579 junxit
2294 1490 2648 1590 victoriam
2698 1489 2934 1579 Crucis
2980 1510 3144 1558 cum

615 1580 833 1669 gloria
893 1581 1437 1649 resurrectionis.
1487 1606 1522 1645 »
1569 1579 1951 1668 Aliquando
1996 1601 2156 1649 cum
2206 1579 2292 1648 de
2338 1578 2762 1666 quotidianis
2791 1632 2808 1658 ,
2858 1590 2938 1647 nt
2992 1598 3151 1647 mos

613 1682 738 1747 est,
791 1670 1083 1738 invicem
1143 1669 1752 1739 confabularemur
1798 1669 2149 1760 operibus,
2201 1669 2331 1736 ait:
2385 1692 2423 1733 ε
2468 1672 2608 1736 Hac
2664 1668 2868 1736 etiam
2920 1679 3141 1747 nocte,

613 1757 781 1844 quid
825 1758 995 1826 mihi
1043 1759 1440 1846 contigerit,
1505 1758 1888 1828 manifesto.
1942 1763 2107 1827 Nam
2164 1757 2332 1825 dum
2383 1756 2651 1826 solutus
2697 1777 2938 1845 sopore
2986 1776 3145 1825 sur-

609 1847 777 1926 rexi,
835 1868 988 1915 mox
1030 1846 1330 1917 brachiis
1380 1848 1446 1915 in
1503 1848 1781 1917 modum
1828 1849 2059 1917 crucis
2103 1846 2401 1915 extensis
2451 1845 2849 1934 psalterium
2900 1844 3141 1934 coepi;

612 1956 910 2022 cumque
940 1935 1222 2025 psalmis
1249 1936 1599 2016 omnibus,
1638 1950 1703 2005 et
1726 1937 2042 2015 canticiS,
2070 1957 2247 2021 quae
2288 1947 2693 2021 sequuntur,
2726 1933 3144 2022 hymnisque

613 2023 950 2101 decursis,
1002 2044 1082 2093 eo
1132 2024 1263 2092 loci
1301 2026 1447 2114 jam
1497 2047 1744 2105 essem,
1798 2038 1874 2095 ut
1922 2024 2067 2094 solo
2113 2023 2487 2093 catholicae
2536 2022 2696 2091 fidei
2748 2021 3037 2111 psalmo,
3077 2033 3145 2090 et

611 2111 876 2182 litaniis
905 2112 1223 2181 deberem
1263 2124 1512 2182 cuncta
1542 2115 1979 2194 concludere,
2020 2112 2261 2181 incidit
2295 2113 2359 2180 in
2402 2124 2723 2191 mentem,
2756 2123 2833 2180 ut
2864 2111 3141 2179 interim

607 2200 744 2269 ista
790 2200 1228 2281 dimitterem,
1280 2223 1359 2271 ac
1412 2224 1532 2291 pro
1579 2201 1945 2283 defunctis,
1986 2201 2383 2292 psalterium
2417 2200 2877 2269 decantarem.
2920 2199 3144 2290 Igitur

607 2288 894 2357 brachia
943 2311 1082 2358 non
1125 2289 1501 2379 deponen5‚
1553 2291 1640 2360 ad
1673 2290 2158 2361 defunctorum
2212 2289 2608 2380 psalterium
2653 2288 2918 2367 transii,
2954 2287 3139 2376 quod

601 2376 798 2465 juxta
835 2400 1090 2447 morem
1141 2400 1261 2477 per
1298 2381 1824 2469 quinquagenos
1859 2379 2159 2470 psalmos
2210 2378 2468 2447 trifaria
2503 2376 2874 2446 lectionum
2927 2377 3141 2445 inter-

614 2466 956 2556 polatione
1003 2466 1307 2537 disunxi.
1347 2473 1491 2551 Quo
1525 2469 1622 2540 sic
1659 2469 1949 2560 expleto,
2001 2468 2085 2538 ad
2142 2467 2207 2537 id
2260 2468 2596 2557 protinuS,
2648 2465 2833 2553 quod
2885 2465 3143 2535 omise-

611 2577 782 2635 ram,
839 2556 1032 2634 redii,
1085 2570 1287 2644 atque
1336 2558 1486 2636 hoc,
1539 2559 1723 2645 quod
1772 2559 1857 2627 de
1908 2559 2132 2647 primo
2194 2557 2512 2647 psalterio
2562 2555 2905 2642 reliquum
2963 2567 3135 2635 erat,

607 2644 893 2732 explevi.
947 2649 1251 2731 Cumque
1295 2646 1382 2714 de
1418 2647 1609 2715 tertio
1655 2659 2153 2734 consequenter
2189 2644 2652 2735 aggrediendo
2681 2643 2999 2734 psalterio
3024 2665 3141 2712 co·

607 2734 920 2823 gitarem,
977 2733 1433 2813 benefactum,
1481 2747 1555 2803 ut
1597 2735 1686 2804 ita
1730 2736 2043 2814 dixerim,
2112 2736 2386 2825 signum
2439 2748 2712 2822 repente
2761 2745 3136 2802 nocturnae

605 2823 883 2910 synaxis
934 2821 1260 2903 insonuit,
1298 2823 1478 2909 quod
1519 2845 1624 2891 me
1649 2823 1978 2912 depositis
2011 2824 2195 2893 ulnis
2239 2822 2552 2892 Officium
2602 2846 2763 2892 cum
2806 2820 3139 2890 fratribus

605 2910 946 3010 celebrare
993 2911 1253 3000 coegit;
1303 2925 1367 2980 et
1414 2925 1593 2980 certe
1651 2914 1881 2982 nescio
1935 2935 2073 3001 quo
2119 2913 2283 2981 anni
2339 2925 2638 3000 tempore
2698 2923 2931 2979 noctes
2978 2910 3137 2979 bre-

605 3019 824 3068 viores
869 3012 1085 3067 erant.
1124 3023 1160 3064 »

691 3089 726 3173 5
774 3089 920 3159 18.
974 3087 1356 3174 Aliquantis
1405 3110 1606 3178 porro
1653 3103 1810 3158 ante
1857 3090 2119 3160 obitum
2170 3090 2397 3170 annis,
2433 3087 2629 3175 quasi
2674 3108 2926 3157 novum
2962 3108 3141 3175 sup-

607 3174 794 3262 plicii
845 3195 1062 3264 genus
1111 3177 1490 3257 invenienS,
1549 3178 1897 3268 virgarum
1935 3200 2178 3268 scopas
2219 3178 2285 3246 in
2329 3176 2784 3266 corrigiarum
2832 3175 3141 3246 scuticas

601 3264 823 3341 vertit,
880 3263 1229 3350 semelque
1275 3278 1568 3354 gustato,
1620 3268 1786 3354 quia
1832 3267 2147 3336 duriores
2194 3278 2392 3347 sunt,
2448 3267 2515 3333 in
2568 3266 2675 3335 his
2726 3264 3135 3334 verberandi

605 3350 1170 3420 consuetudinem
1225 3357 1473 3442 posuit.
1529 3360 1668 3425 Hoc
1718 3355 2093 3444 flagellum,
2149 3357 2206 3424 si
2253 3355 2528 3442 quando
2575 3376 2611 3422 e
2664 3354 3006 3424 rederetur
3039 3352 3135 3422 ad

603 3437 942 3518 seculum,
997 3441 1307 3539 portabat
1356 3443 1423 3511 in
1473 3444 1658 3523 sinu,
1714 3456 1787 3514 ut
1834 3444 2257 3530 ubicumque
2303 3465 2458 3512 eum
2502 3444 2615 3533 jac
2664 3465 2731 3511 re
2778 3442 3141 3531 continge—

607 3540 728 3606 ret,
778 3548 818 3595 a
864 3529 1261 3598 verberibus
1311 3553 1444 3600 non
1496 3545 1785 3601 vacaret.
1837 3532 2218 3620 Aliquando
2268 3554 2422 3602 vero
2472 3554 2631 3601 cum
2682 3532 2812 3602 loci
2857 3530 3140 3600 occasio

603 3635 742 3683 non
786 3616 1132 3705 praeberet
1163 3629 1376 3688 totum
1425 3641 1496 3688 se
1547 3642 1743 3710 posse
1791 3642 2060 3699 exuere,
2099 3643 2220 3711 per
2251 3643 2451 3691 crura
2478 3620 2717 3691 saltem
2748 3633 2813 3689 et
2834 3619 3131 3700 femora,

603 3723 723 3793 per
782 3717 991 3794 caput
1036 3717 1236 3792 atque
1284 3709 1639 3789 cervicem,
1692 3730 1842 3779 sese
1886 3731 2023 3780 non
2075 3711 2387 3780 cessabat
2432 3710 2756 3800 affligere.
2836 3705 3141 3778 Circulis

598 3813 870 3879 quoque
909 3793 1143 3863 ferreis
1182 3808 1521 3882 quatuor,
1576 3799 1742 3884 quia
1788 3798 1917 3867 sibi
1973 3820 2135 3887 prae
2183 3798 2386 3889 longa
2434 3796 2931 3869 consuetudine
2976 3795 3128 3879 iam

597 3880 959 3963 viluerant,
1013 3896 1307 3970 quatuor
1355 3885 1534 3955 idem
1587 3886 2088 3975 superaddidit,
2142 3900 2218 3957 ut
2262 3887 2536 3957 duobus
2585 3887 2651 3954 in
2700 3886 2907 3966 coxiS‚
2951 3883 3141 3954 duo—

599 3969 729 4069 bus
774 3986 1269 4057 consequenter
1317 3974 1385 4042 in
1436 3975 1759 4044 cruribus
1807 3976 2280 4065 stringeretur.
2321 3976 2679 4045 Enimvero
2714 3975 3023 4056 loricam,
3062 3987 3137 4044 et

596 4057 848 4143 quibus
881 4061 1220 4138 utebatur,
1257 4074 1602 4151 tamquam
1633 4063 1903 4144 ciliciis,
1952 4065 2051 4133 vel
2084 4065 2278 4134 lanea
2359 4063 2655 4134 uaelibet
2685 4062 3129 4142 indumenta,

598 4157 752 4234 post
800 4169 1086 4231 menseS,
1140 4151 1281 4219 sive
1315 4166 1464 4235 post
1513 4153 1809 4242 spatium
1864 4153 2200 4243 prolixius
2245 4154 2329 4224 ab
2366 4153 2587 4234 uehat,
2622 4167 2696 4223 ut
2725 4151 3133 4240 rubiginem

597 4234 1036 4324 deponerent,
1072 4249 1135 4307 et
1184 4240 1397 4311 aridis
1446 4242 1889 4331 ingerendam
1942 4244 2272 4313 membris
2318 4242 2673 4312 uredinem
2726 4262 2858 4310 non
2911 4240 3143 4310 habe-—

601 4335 771 4392 rent.
823 4329 1028 4394 Porro
1101 4342 1326 4397 autem
1378 4352 1535 4399 cum
1596 4352 1835 4400 omnes
1882 4332 2003 4418 qui
2053 4332 2121 4400 in
2172 4331 2441 4401 cellulis
2490 4331 2881 4401 habitamus
2915 4384 2931 4411 ,
2989 4329 3135 4401 hoc

599 4412 1011 4495 laboremus
1055 4428 1130 4485 ut
1163 4438 1282 4506 pro
1332 4418 1729 4490 muniendis
1776 4443 1815 4489 a
1863 4420 2115 4512 frigore
2150 4421 2440 4512 pedibus
2471 4422 2870 4491 vestimenta
2894 4441 3143 4508 usque
