3347 4999
703 333 787 397 82
1390 350 1468 395 m:
1519 348 1609 395 ss.
1665 349 1951 394 numinis
2002 349 2398 396 narramus
2888 330 3076 396 OCT.
3141 331 3188 394 3

613 456 846 504 secum
889 433 1194 504 retinuit.
1247 433 1378 516 Qui
1425 454 1586 503 cum
1636 433 1894 523 cogniti
1950 448 2177 502 essent
2224 455 2263 501 a
2303 433 2641 514 barbaris,
2696 434 2874 522 quod
2930 447 3188 503 esseut

613 523 898 594 alterius
945 522 1299 612 religionis
1344 522 1535 611 (nam
1588 519 1872 610 hymnis
1903 533 1970 590 et
2009 519 2296 610 psalmis
2326 543 2599 611 semper
2629 533 2694 591 et
2722 522 3185 592 orationibus

610 612 986 691 vacabant,
1037 624 1103 680 et
1161 610 1469 699 quotidie
1526 609 1950 679 sacrificium
2002 615 2133 679 Deo
2181 611 2496 680 victimae
2544 611 2867 682 salutaris
2917 612 3185 682 offere-

612 702 823 781 bant,
878 700 1206 771 habentes
1269 720 1500 769 secum
1567 698 1847 767 vascula
1915 721 2154 778 sacra,
2210 712 2274 768 et
2339 699 2644 769 tabulam
2710 700 2952 771 altaris
3019 700 3185 769 vice

612 790 1062 872 dedicatam),
1118 788 1418 879 suspecti
1467 799 1629 857 sunt
1682 786 1892 857 habiti
1932 841 1947 867 ,
2001 788 2163 874 quia
2214 788 2268 856 si
2369 789 2758 858 ervenirent
2803 789 2886 858 ad
2942 803 3183 858 satra·

613 901 772 970 pam
826 893 893 950 et
939 877 1383 965 loquerentur
1429 898 1590 946 cum
1641 874 1762 943 illo
1797 929 1813 954 ‚
1871 888 2250 946 averterent
2298 876 2316 945 i
2355 875 2498 946 lum
2540 900 2577 946 a
2635 877 2770 947 diis
2827 878 2979 950 suis
3010 933 3029 956 ‚
3114 891 3185 946 et
3213 874 3238 932 -‘

613 967 699 1038 ad
748 987 993 1036 novam
1042 967 1460 1037 christianae
1509 963 1667 1034 fidei
1720 963 2122 1055 religionem
2162 965 2646 1036 transferrent:
2701 966 2940 1054 sicque
2989 989 3182 1056 pau-

615 1055 805 1126 latim
856 1055 1085 1126 omnis
1131 1077 1369 1126 eorum
1424 1053 1819 1144 provinciae
1867 1065 2156 1123 veterem
2208 1066 2566 1145 cogeretur
2616 1055 2685 1123 in
2723 1076 2972 1124 novam
3009 1077 3181 1125 mu-

615 1158 759 1215 tare
804 1143 1174 1214 culturam.
1230 1149 1465 1230 Itaque
1510 1154 1897 1231 rapuerunt
1942 1163 2057 1212 eos
2104 1143 2334 1213 subito
2380 1156 2446 1212 et
2495 1144 3020 1222 interemerunt,
3075 1144 3180 1213 al-

611 1234 782 1304 bum
832 1231 1113 1321 quidem
1164 1232 1513 1302 Ewaldum
1564 1229 1779 1300 veloci
1843 1231 2188 1302 occisione
2234 1230 2491 1321 gladii3
2543 1232 2876 1323 nigellum
2927 1246 3181 1302 autem

616 1321 823 1414 longo
871 1320 1373 1411 suppliciorum
1425 1320 1764 1400 cruciatu,
1816 1333 1881 1389 et
1928 1319 2271 1389 horrenda
2320 1321 2790 1391 membrorum
2827 1322 3168 1392 omnium

614 1410 1121 1501 discerptione:
1174 1431 1348 1496 quos
1396 1409 1842 1497 interemptos
1908 1409 1976 1477 in
2043 1409 2358 1479 Rhenum
2425 1410 2885 1510 projecerunt.
2962 1411 3174 1493 Quod

613 1523 776 1572 cum
828 1512 1100 1589 satrapa
1138 1497 1277 1579 ille,
1311 1519 1512 1585 quem
1544 1497 1775 1567 videre
1803 1496 2142 1580 volebant,
2180 1497 2509 1580 audisset,
2548 1512 2766 1568 iratus
2796 1512 2898 1569 est
2925 1499 3204 1602 valde„

614 1588 798 1676 quod
848 1587 931 1656 ad
983 1609 1056 1657 se
1103 1588 1332 1657 venire
1366 1586 1666 1656 volentes
1702 1586 2071 1676 peregrini,
2103 1608 2237 1656 non
2272 1588 2859 1676 permitterentur:
2897 1601 2964 1656 et
3005 1588 3178 1657 mit-

616 1690 789 1757 tens,
841 1676 1090 1747 occidit
1134 1676 1413 1745 vicanos
1445 1675 1602 1745 illos
1634 1695 1899 1754 omnes,
1930 1675 2297 1763 vicumque
2331 1675 2650 1746 incendio
2690 1678 3172 1763 consumpsit.

613 1767 806 1836 Passi
854 1778 1016 1836 sunt
1075 1777 1302 1835 autem
1354 1763 1639 1854 praefati
1707 1765 2092 1835 sacerdotes
2164 1777 2229 1835 et
2290 1763 2534 1834 famuli
2600 1765 2864 1836 Christi·
2910 1766 3180 1852 quinto

615 1861 960 1925 Nonarum
1013 1854 1403 1924 Octobrium
1456 1852 1591 1934 die,
1646 1873 1772 1921 nec
1822 1853 2151 1942 martyrio
2213 1875 2449 1923 eorum
2501 1854 2821 1925 coelestia
2877 1851 3182 1924 defuere

615 1943 973 2014 miracula.

702 2035 739 2120 ἓ
787 2038 870 2105 ιι.
923 2037 1087 2101 Nam
1129 2053 1288 2100 cum
1343 2042 1695 2121 perempta
1737 2050 1975 2099 eorum
2027 2050 2339 2120 corpora,
2393 2031 2630 2112 amni,
2687 2043 2764 2101 ut
2812 2031 3174 2110 diximus,

616 2144 657 2190 a
707 2121 999 2211 paganis
1036 2133 1264 2189 essent
1301 2119 1574 2209 injecta,
1630 2119 1941 2209 contigit,
1987 2131 2064 2188 ut
2107 2119 2272 2191 haec
2321 2133 2560 2190 contra
2587 2119 2921 2210 impetum
2960 2122 3175 2191 fluvii

616 2209 1046 2281 decurrentis
1097 2231 1217 2299 per
1247 2208 1707 2299 quadraginta
1755 2207 1893 2279 sere
1943 2206 2160 2277 millia
2194 2229 2477 2297 passum
2520 2208 2603 2278 ad
2641 2231 2720 2277 ea
2751 2231 2977 2297 usque
3016 2210 3178 2281 loca

613 2300 737 2371 ubi
784 2320 1022 2368 eorum
1073 2310 1302 2368 essent
1348 2297 1540 2378 socii,
1594 2297 2152 2367 transferrentur.
2191 2297 2316 2367 Sed
2367 2309 2431 2367 et
2480 2297 2720 2366 radius
2770 2296 2949 2367 lucis
3005 2321 3178 2387 per-

617 2386 979 2465 maximus,
1034 2400 1236 2474 atque
1282 2386 1367 2455 ad
1416 2385 1684 2456 coelum
1737 2407 1959 2473 usque
1991 2384 2194 2467 altuS,
2232 2386 2422 2454 omni
2455 2398 2648 2455 nocte
2677 2408 2884 2475 supra
2919 2386 3173 2458 locum

617 2475 921 2567 fulgebat
953 2475 1177 2556 illum,
1200 2475 1625 2562 ubicumque
1651 2495 1730 2544 ea
1765 2474 2159 2577 pervenisse
2188 2474 2652 2565 contingeret:
2688 2488 2753 2545 et
2789 2475 2915 2546 hoc
2941 2478 3174 2548 etiam

502 2606 510 2615 ·
616 2566 929 2666 paganis,
980 2566 1103 2652 qui
1151 2585 1267 2635 eos
1314 2563 1731 2641 occiderant,
1771 2564 2225 2634 1ntuentibu5.
2273 2563 2398 2632 Sed
2451 2577 2515 2633 et
2564 2587 2748 2634 unus
2796 2587 2876 2636 ex
2926 2566 3034 2635 eis
3093 2568 3169 2635 in

614 2656 873 2725 vistone
921 2667 1252 2724 nocturna
1305 2653 1629 2743 apparuit
1666 2652 1945 2722 cuidam
1979 2653 2066 2722 de
2114 2652 2318 2722 sociis
2367 2654 2536 2732 suiS‚
2572 2655 2684 2723 cui
2728 2675 2980 2723 nomen
3020 2657 3172 2724 Til-

615 2766 799 2824 mon‚
853 2742 997 2814 viro
1045 2741 1324 2823 illustri,
1377 2752 1442 2810 et
1488 2741 1570 2811 ad
1625 2741 1935 2812 seculum
1987 2762 2260 2829 quoque
2311 2740 2563 2823 nobili,
2625 2742 2747 2827 qui
2795 2741 2880 2811 de
2933 2743 3171 2813 milite

613 2834 833 2903 factus
879 2830 1101 2902 suerat
1158 2831 1543 2901 monachus
1573 2885 1590 2911 ‚
1635 2830 1954 2901 indicans
2001 2830 2181 2917 quod
2234 2851 2314 2900 eo
2375 2828 2505 2899 loci
2568 2852 2857 2920 corpora
2904 2852 3164 2902 eorum

612 2934 837 3013 posset
885 2920 1214 3001 invenire,
1269 2919 1391 2990 ubi
1443 2919 1666 2988 lucem
1709 2918 1793 2988 de
1839 2917 2028 2988 coelo
2078 2919 2275 2988 terris
2323 2919 2629 2990 radiasse
2677 2920 3164 3010 conspiceret:

610 3010 790 3098 quod
843 3010 934 3079 ita
981 3008 1399 3099 completum
1457 3020 1583 3077 est.
1654 3012 1936 3077 Inventa
1987 3028 2286 3092 namque
2333 3029 2571 3078 eorum
2621 3030 2909 3109 corpora
2949 3010 3164 3099 juxta

611 3100 938 3168 honorem
992 3098 1413 3186 martyribus
1459 3095 1884 3186 condignum
1936 3094 2284 3166 recondita
2334 3111 2531 3167 sunt:
2575 3109 2640 3168 et
2687 3096 2835 3169 dies
2884 3101 3162 3188 passio·

614 3188 722 3257 nis
769 3187 870 3254 vel
905 3187 1318 3257 inventionis
1364 3206 1603 3256 eorum
1654 3207 1964 3276 congrua
2018 3184 2160 3256 illis
2208 3185 2279 3253 in
2331 3184 2501 3255 locis
2549 3187 2991 3257 veneratione
3046 3210 3164 3257 ce-

614 3275 939 3345 lebratur.
967 3275 1267 3362 Denique
1298 3274 1844 3366 gloriosissimus
1875 3279 2021 3344 Dux
2046 3279 2464 3344 Francorum
2503 3276 2790 3366 Pipinus
2821 3277 2940 3345 ubi
2980 3277 3162 3346 haec

612 3364 965 3453 comperit,
1004 3363 1300 3434 adducta
1326 3364 1409 3434 ad
1438 3385 1511 3433 se
1534 3385 1772 3433 eorum
1809 3384 2092 3453 corpora
2134 3362 2444 3432 condidit
2480 3386 2641 3433 cum
2677 3363 2888 3433 multa
2926 3364 3162 3455 gloria

613 3456 683 3522 in
733 3451 1019 3522 ecclesia
1068 3451 1380 3521 Coloniae
1428 3452 1721 3522 civitatis
1759 3453 1955 3542 juxta
2005 3452 2347 3521 Rhenum.
2398 3457 2635 3521 Fertur
2683 3467 2939 3533 autem,
2981 3456 3160 3541 quia

613 3544 683 3611 in
736 3541 903 3621 1000,
958 3542 1026 3608 in
1077 3562 1235 3628 quo,
1261 3541 1465 3611 occisi
1535 3554 1721 3622 sunt,
1776 3539 1928 3610 fons
1975 3538 2356 3621 ebullierit,
2412 3542 2532 3627 qui
2585 3542 2651 3609 in
2704 3542 2942 3611 eodem
3002 3543 3162 3613 loco

612 3652 832 3718 usque
883 3630 1083 3699 hodie
1130 3630 1403 3720 copiosa
1456 3630 1693 3698 fluenti
1746 3630 1854 3699 sui
1895 3629 2074 3699 dona
2127 3627 2516 3717 perfundat.

879 3828 1220 3893 LITTERA
1271 3829 1336 3893 S.
1391 3827 1740 3893 ANNONIS
1796 3828 2304 3894 ARCHIEPISC.
2359 3829 2887 3895 COLONlENSIS

1067 3932 1166 4000 DE
1215 3934 1649 4000 TRANSLAT.
1708 3934 1819 4000 SS.
1877 3935 2393 4001 EWALDORUM
2448 3937 2688 4001 MART.

698 4080 835 4166 §t
892 4081 967 4145 In
1006 4077 1283 4144 nomine
1319 4084 1595 4144 sanctae
1625 4086 1691 4141 et
1727 4073 2123 4143 individuae
2159 4076 2530 4153 Trinitatis,
2576 4097 2759 4145 anno
2803 4078 3161 4147 secundus

609 4166 938 4236 ecclesiae
1006 4162 1428 4235 Coloniensis
1475 4160 2088 4253 ArchiepiscopuS,
2146 4164 2474 4234 omnibus
2526 4165 2772 4234 Christi
2823 4163 3155 4236 fidelibus

609 4268 746 4324 tam
797 4253 1074 4333 futuriS‚
1127 4275 1331 4341 quam
1385 4251 1890 4341 praesentibus.
1944 4249 2281 4333 Quoniam
2335 4254 2510 4323 vitae
2576 4255 2784 4343 hujus
2842 4255 3150 4342 spatium

610 4345 812 4415 breve
872 4343 1198 4432 probatur
1262 4362 1409 4411 esse
1468 4353 1535 4408 et
1597 4339 1978 4409 invalidum
2015 4396 2030 4421 ‚
2099 4364 2178 4414 eo
2245 4342 2423 4429 quod
2495 4342 2797 4411 humana
2846 4358 3037 4412 aetas
3086 4359 3152 4414 et

612 4432 937 4505 nascendi
994 4431 1140 4503 lex.
1202 4432 1349 4500 licet
1399 4448 1742 4498 annorum
1805 4433 2263 4502 numerositas
2327 4431 2718 4521 prolongari
2783 4432 3146 4514 videatur,
