3347 4999
667 347 752 410 28
1434 363 1511 408 nr,
1560 363 1611 408 s.
1669 361 1927 410 asmicto
1975 362 2267 409 Ancmssr.
2855 344 3025 409 OCT.
3091 345 3112 408 l

579 443 953 544 apostolica
984 442 1295 513 doctrina
1329 455 1392 511 et
1422 443 1748 512 virtutum
1784 442 2004 546 gratia
2033 442 2202 512 alter
2233 441 2732 532 repraesentari
2761 441 3134 512 videbatur

580 533 922 602 Silvester.
993 537 1312 622 Ingresso
1361 546 1586 600 autem
1639 532 1710 599 in
1779 536 2030 601 iontem
2086 531 2356 600 vitalem
2410 531 2785 611 ClodoveO,
2841 545 3132 601 sanctus

576 624 943 711 episcopus
1009 621 1179 690 dixit
1247 643 1362 690 ore
1431 620 1774 690 facundo:
1830 645 1865 687 «
1919 621 2097 689 Mitis
2145 620 2410 708 depone
2458 620 2660 699 colla,
2719 620 3119 689 sicamber:

577 710 789 779 adora
837 710 1015 796 quod
1070 710 1463 789 incendisti,
1505 709 1795 778 incende
1833 710 2015 796 quod
2068 710 2408 779 adorasti:
2452 734 2487 775 »
2524 710 2908 798 praeceptis
2940 709 3128 779 salu-

575 799 842 868 taribus
883 798 1079 867 illum
1134 799 1525 877 instituens,
1569 798 1826 867 humili
1877 798 2235 868 devotione
2284 798 2593 867 venerari
2643 797 2993 879 ecclesiaS,
3035 797 3129 868 ad

575 886 836 957 cultum
893 887 1249 988 religionis
1280 887 1698 967 aedificatas,
1752 900 1831 956 ut
1881 892 2089 956 Deum
2143 886 2457 956 adoraret
2505 888 2575 955 in
2628 889 2751 969 eis,
2805 909 2980 974 quas
3031 887 3123 955 ri-

574 977 735 1066 gida
786 975 1192 1065 profanitate
1242 975 1609 1044 incendere
1656 989 2148 1055 consueverat;
2200 988 2264 1045 et
2314 976 2495 1046 idola
2548 998 2725 1063 quae
2773 977 2843 1044 in
2907 976 3121 1066 asylis

574 1065 721 1135 suis
772 1087 895 1154 pro
946 1070 1078 1134 Deo
1125 1065 1412 1134 adorare
1461 1064 1742 1145 solebat,
1789 1064 1947 1133 fidei
1982 1063 2228 1135 ardore
2276 1086 2701 1153 succensuS,
2732 1065 3130 1152 dejiciendo·

573 1154 988 1224 incenderet.
1037 1158 1245 1239 Cuius
1295 1153 1628 1243 sapientia
1683 1153 1999 1222 miranda
2042 1168 2144 1224 est
2191 1155 2259 1222 in
2314 1154 2641 1224 brevitate
2688 1175 3115 1233 sermonum,

571 1244 822 1330 quibus
871 1242 1350 1311 discretionem
1404 1242 1703 1312 ostendit
1751 1244 1926 1312 inter
1974 1242 2165 1312 illam
2207 1242 2673 1313 adorationem
2727 1255 2792 1312 et
2832 1243 3124 1312 servitu-

574 1347 752 1412 tem,
809 1352 1017 1418 quam
1071 1353 1273 1420 saepe
1321 1353 1360 1399 a
1415 1331 1673 1400 sanctis
1721 1332 1888 1399 viris
1942 1332 2198 1401 honore
2266 1332 2724 1401 venerationis
2771 1343 2836 1400 et
2884 1353 3120 1401 amore

570 1421 908 1507 obsequii,
962 1420 1229 1510 angelis
1278 1432 1343 1490 et
1391 1420 1793 1489 hominibus
1842 1421 2214 1490 exhibitam
2258 1421 2591 1511 legimus:
2632 1435 2697 1490 et
2729 1420 2920 1489 illam
2957 1419 3124 1489 ado-

572 1510 907 1579 rationem
956 1522 1021 1577 et
1070 1510 1517 1589 servitutem,
1574 1530 1782 1596 quam
1834 1510 2027 1580 cultu
2085 1510 2428 1578 divinitati
2479 1509 2750 1590 debit0‚
2809 1514 2942 1578 Deo
2990 1507 3118 1578 soli

564 1598 758 1686 juxta
812 1611 1249 1687 praeceptum
1304 1598 1547 1688 ipsiuS,
1607 1619 1739 1667 non
1792 1612 2020 1668 autem
2066 1597 2188 1667 ulli
2240 1611 2595 1668 creaturae
2623 1596 3116 1677 exhibendam,

570 1700 845 1756 sanctae
877 1687 1258 1776 scripturae
1292 1686 1579 1757 lectione
1619 1688 2131 1777 cognoscimus.
2178 1692 2254 1757 Et
2294 1689 2392 1756 sic
2432 1700 2579 1776 post
2613 1686 3118 1756 confessionem

571 1776 984 1845 orthodoxae
1036 1775 1219 1855 fidei,
1275 1776 1358 1844 ad
1414 1776 2017 1863 interrogationem
2069 1777 2289 1845 sancti
2339 1776 2690 1866 pontificis
2731 1775 3119 1846 secundum

568 1864 1111 1934 ecclesiasticum
1168 1887 1451 1939 morem,
1500 1865 1887 1953 baptizatus
1934 1877 2035 1934 est
2084 1866 2262 1935 trina
2314 1865 2656 1934 mersione
2705 1864 2775 1932 in
2842 1865 3126 1933 nomine

569 1967 843 2023 sanctae
891 1966 955 2022 et
996 1952 1395 2022 individuae
1444 1954 1817 2034 TrinitatiS,
1873 1955 2091 2023 Patris
2138 1969 2204 2023 et
2237 1953 2385 2022 Filii
2421 1968 2486 2022 et
2527 1955 2824 2043 Spiritus
2857 1953 3111 2022 Sancti.

569 2046 646 2110 Et
694 2055 1057 2131 susceptus
1085 2042 1172 2111 ab
1204 2042 1354 2131 ipso
1387 2042 1711 2132 pontifice
1743 2042 1827 2112 de
1857 2055 2095 2111 sancto
2127 2042 2334 2123 sonte,
2372 2055 2747 2132 perunctus
2786 2054 2890 2110 est
2922 2063 3124 2111 sacro

568 2131 963 2212 chrismate,
1021 2154 1180 2201 cum
1234 2132 1433 2221 signo
1482 2144 1758 2202 sanctae
1805 2132 2033 2216 crucis
2067 2132 2336 2201 Domini
2387 2132 2602 2201 nostri
2632 2132 2805 2200 Jesu
2839 2130 3115 2199 Christi.

570 2221 1010 2308 Baptizantur
1056 2232 1283 2290 autem
1336 2220 1420 2290 de
1466 2221 1765 2289 exercitu
1814 2220 1961 2307 ejas
2013 2222 2139 2290 tria
2191 2219 2408 2289 millia
2449 2221 2778 2293 virorum.
2810 2220 3118 2308 exceptis

571 2310 877 2397 parvulis
924 2322 988 2378 et
1023 2309 1456 2389 mulieribus,
1504 2310 1944 2399 baptizantur
1977 2331 2243 2379 sorores
2272 2308 2421 2394 ejus
2452 2308 2821 2379 Albossedis
2850 2322 2913 2376 et
2947 2312 3123 2377 Lan-

567 2397 914 2478 dehildis‚
968 2409 1033 2467 et
1098 2397 1353 2466 factum
1417 2411 1518 2466 est
1580 2397 1913 2488 gaudium
1976 2400 2044 2466 in
2099 2398 2216 2468 illa
2266 2398 2376 2467 die
2424 2399 2689 2488 angelis
2738 2397 2995 2467 sanctis
3042 2397 3115 2465 in

567 2487 796 2566 coe10,
853 2501 918 2556 et
964 2486 1367 2556 hominibus
1415 2486 1678 2556 devotis
1725 2487 1795 2556 in
1849 2501 2050 2557 terra.
2105 2487 2297 2557 Multi
2345 2486 2641 2574 danique
2692 2491 3116 2556 Francorum

566 2576 927 2656 exercitus,
982 2576 1277 2645 necdum
1329 2576 1413 2644 ad
1466 2576 1671 2646 fidem
1706 2579 2042 2657 conversi,
2078 2575 2238 2647 cur'n
2276 2578 2664 2667 Raganario
2711 2576 2892 2645 ultra
2925 2580 3121 2644 Som-

568 2686 749 2733 mam
802 2665 1091 2734 fluvium
1146 2664 1556 2751 aliquandiu
1603 2664 1986 2754 degerunt,
2041 2666 2260 2735 donec
2310 2665 2553 2735 Christi
2606 2665 2825 2755 gratia
2875 2686 3120 2753 coope—

565 2766 783 2833 rante,
893 2753 1164 2823 loriosis
1213 2754 1471 2843 potitus
1518 2754 1865 2835 victoriis,
1920 2755 2217 2824 eundem
2271 2756 2779 2845 Raganarium‚
2833 2753 3120 2843 flagitiis

567 2855 679 2911 tur
730 2843 829 2911 itu
888 2844 1078 2912 inum
1132 2837 1643 2922 inservientem,
1683 2844 1984 2912 vinctum
2022 2866 2061 2913 a
2113 2845 2415 2924 FranciS,
2454 2843 2586 2912 sibi
2636 2842 2966 2912 traditum
3000 2864 3121 2911 rex

566 2935 661 3000 Lu
714 2933 950 3002 ovicus
997 2932 1032 2967 ⁴*
1079 2932 1353 3012 occidit,
1410 2944 1475 3001 et
1523 2953 1797 3001 omnem
1841 2937 2257 3001 Francorum
2311 2932 2649 3022 populum
2686 2952 2807 3022 per
2837 2931 3115 3001 beatum

565 3021 957 3108 Remigium
1010 3021 1095 3089 ad
1149 3020 1353 3089 fidem
1406 3021 1709 3089 converti
1758 3033 1822 3089 et
1871 3020 2201 3111 baptizari
2252 3020 2572 3091 obtinuit.

654 3110 894 3195 ᾅδει.
968 3114 1056 3177 De
1118 3109 1456 3179 miraculo
1522 3109 1910 3196 siquidem,
1979 3110 2161 3197 quod
2226 3111 2558 3179 Dominus
2619 3109 2947 3198 dignatus
3012 3119 3122 3177 est

564 3195 923 3265 ostendere
988 3220 1107 3286 per
1167 3197 1529 3267 columbae
1588 3221 1618 3266 s
1672 3199 1885 3267 eciem
1939 3199 2007 3266 in
2060 3198 2385 3268 allatione
2431 3197 2827 3268 chrismatis
2862 3251 2878 3277 ,
2932 3195 3122 3265 sicut

563 3297 628 3353 et
676 3284 758 3353 de
806 3285 962 3353 aliis
998 3340 1013 3366 ,
1068 3298 1214 3354 rata
1262 3298 1363 3355 est
1411 3287 1616 3356 Catho
1652 3287 1915 3356 icorum
1971 3292 2243 3356 Patrum
2321 3285 2668 3374 sebuenda
2727 3285 3105 3364 sententia,

562 3395 700 3461 qua
747 3374 1037 3442 dicitur:
1096 3375 1331 3443 Divina
1381 3376 1689 3465 operatio
1737 3377 1791 3444 si
1846 3376 2108 3445 ratione
2156 3375 2793 3465 comprehenditur,
2833 3395 2965 3443 non
3009 3386 3114 3443 est

562 3461 1043 3531 admirabilis:
1100 3484 1224 3532 nec
1273 3463 1445 3534 fides
1493 3463 1700 3533 habet
1742 3465 2090 3549 meritum,
2132 3465 2245 3535 cui
2282 3465 2587 3533 humana
2626 3465 2796 3532 ratio
2834 3462 3115 3549 praebet

561 3552 1130 3640 experimentum.
1166 3553 1554 3642 Baptizatus
1585 3565 1814 3622 autem
1850 3559 1988 3623 Rex
2019 3575 2176 3623 cum
2212 3567 2414 3643 gente
2447 3554 2735 3642 integra,
2771 3551 3117 3641 plurimas

564 3640 1033 3728 possessiones
1099 3661 1218 3730 per
1278 3642 1584 3710 diversas
1649 3642 2042 3730 provincias
2109 3655 2347 3712 sancto
2410 3643 2723 3733 Remigio
2773 3654 2909 3709 tam
2963 3641 3114 3729 ipse

560 3749 767 3814 quam
806 3729 1046 3798 Franci
1101 3742 1406 3819 potentes
1458 3729 1836 3800 dederunt:
1875 3752 2051 3819 quas
2088 3731 2108 3799 i
2164 3753 2234 3801 se
2272 3753 2391 3821 per
2423 3731 2731 3800 diversas
2780 3729 3112 3798 ecclesias

562 3816 866 3897 tradidit,
924 3839 1007 3886 ne
1036 3819 1279 3888 Franci
1326 3841 1482 3888 eum
1528 3840 1757 3888 rerum
1804 3754 2288 3910 temporaiium
2340 3819 2675 3908 cupidum
2711 3839 2885 3897 esse,
2924 3831 2987 3886 et
3019 3818 3110 3886 ob

562 3904 628 3972 id
661 3905 744 3974 ad
781 3906 1359 3976 Christianitatem
1389 3929 1504 3977 eos
1540 3930 1817 3977 vocasse
1852 3921 2193 3997 putarent,
2229 3923 2295 3978 et
2326 3907 2533 3977 fidem
2564 3907 2811 3976 Christi
2843 3929 2923 3975 ac
2954 3928 3114 3976 san-

561 4006 749 4063 ctum
795 3994 1255 4066 sacerdotium
1298 3995 1824 4086 vilipenderent.

648 4085 684 4169 §
733 4087 888 4155 85.
944 4089 1034 4152 De
1073 4085 1333 4172 quibus
1381 4084 1590 4156 rebus
1639 4085 1708 4154 in
1747 4084 2210 4156 Orientalibus
2253 4084 2580 4156 Franciae
2609 4085 2954 4186 partibuS,
2991 4105 3112 4173 pe-

560 4171 862 4242 tentibus
915 4172 1400 4254 traditoribus,
1455 4174 1834 4263 portionem
1883 4175 2256 4261 quamdam
2319 4176 2669 4264 episcopio
2736 4172 3112 4243 Rhemensi

557 4259 911 4349 adjunxit:
992 4275 1057 4332 et
1111 4262 1195 4331 de
1258 4263 1367 4332 his
1431 4284 1609 4350 quae
1677 4264 1747 4332 in
1801 4263 2175 4333 Rhemensi
2248 4264 2601 4355 provincia
2653 4262 2755 4332 illi
2827 4261 3113 4342 fuerunt

611 4423 636 4450 ¹⁸
665 4423 795 4463 Idem
824 4427 897 4464 est
923 4434 1065 4472 saepe
1097 4423 1143 4463 in
1173 4425 1257 4465 hac
1277 4423 1489 4471 historia.
1509 4436 1561 4466 ac
1583 4427 1869 4470 clodoveus:
1894 4435 2034 4474 quem
2055 4436 2163 4466 cum
2183 4427 2450 4468 clodericum
2472 4422 2688 4467 nonnulli
2709 4426 2932 4471 dixerint.
2950 4425 3112 4464 ortum

555 4476 767 4516 Ludat-ici
787 4488 956 4519 nomen
975 4484 1064 4525 est,
1083 4480 1371 4520 Francorum
1391 4481 1572 4530 Regum
1595 4477 1734 4529 stirpi
1756 4481 1871 4520 adeo
1893 4480 2116 4521 sole-mne.
