3347 4999
169 387 332 454 OCT.
385 389 472 454 29
914 409 992 454 m:
1038 408 1093 455 s.
1146 407 1448 456 NAnmsso
1494 409 1592 455 ΕΡ.
1644 406 1934 456 mnosot..
2473 393 2588 458 744

166 514 328 561 usus
379 490 824 582 providentia,
887 491 1215 562 fratribus
1264 493 1457 582 ipsis,
1530 515 1613 561 ne
1661 493 2031 562 deficerent
2079 492 2148 560 in
2202 492 2682 564 mandatorum

167 580 430 649 Domini
469 581 596 660 via,
644 581 863 650 victus
895 594 1097 667 atque
1134 581 1414 651 vestitus
1448 581 1868 651 sufficientes
1902 579 2211 651 redditus
2240 584 2683 665 contradidit,

167 668 529 758 ipsumque
581 669 835 748 locum,
895 669 1110 738 donec
1151 670 1220 739 in
1270 691 1552 760 corpore
1601 671 1787 751 vixit,
1844 674 2113 740 summa
2158 670 2515 741 devotione
2567 695 2690 763 pro

164 758 386 827 Sancti
434 758 808 826 reverentia
855 757 1090 828 coluit.
1157 764 1521 846 Postquam
1582 772 1808 829 autem
1879 756 2130 828 domus
2163 760 2313 849 ejus
2357 762 2692 832 terrestris

161 845 601 916 habitationis
653 846 860 933 hujus
910 846 1131 916 luteae
1180 847 1402 917 soluta
1450 860 1573 926 est,
1612 860 1689 917 ut
1729 870 1863 917 non
1904 846 2392 930 manufactam,
2431 848 2546 921 sed
2581 872 2691 920 ae-

162 948 421 1004 ternam
473 935 540 1004 in
612 934 821 1004 coelis
871 935 1323 1018 inhabitaret,
1380 936 1821 1025 pontificatus
1870 936 2061 1005 illius
2123 938 2384 1026 pariter
2422 952 2487 1008 et
2534 939 2692 1008 reli-

160 1024 384 1114 gionis
435 1045 864 1095 successores
898 1024 1279 1106 Richolsus,
1324 1024 1771 1116 Haistolphus
1811 1037 1876 1094 et
1904 1027 2254 1106 RabanUS,
2301 1027 2537 1096 eadem
2572 1027 2688 1096 de-

160 1112 425 1182 votione
474 1113 700 1182 locum
774 1128 1085 1182 sanctum
1138 1112 1545 1194 coluerunt,
1615 1113 1973 1183 ecclesiam
2047 1114 2684 1204 amplificaverunt,

162 1203 469 1271 tumbam
521 1214 913 1271 sanctarum
966 1202 1364 1272 exuviarum
1417 1203 1736 1273 decenter
1765 1216 2324 1293 composuerunt,
2360 1227 2694 1295 pauperes

160 1290 407 1360 Christi
457 1290 673 1360 sacris
716 1290 992 1361 ossibus
1038 1291 1456 1362 excubantes
1505 1291 1957 1362 humanitatis
2004 1313 2318 1361 summae
2380 1294 2694 1365 consola-

161 1379 340 1448 tione
380 1378 718 1448 foverunt.

250 1476 286 1549 ἓ
337 1473 477 1540 15.
537 1472 613 1537 Et
660 1489 807 1551 nos,
847 1466 1088 1538 fratres
1122 1468 1492 1550 carissimi,
1548 1474 1787 1549 Deum,
1831 1490 1912 1537 ex
1960 1489 2120 1555 quo,
2175 1490 2297 1558 per
2342 1491 2574 1557 quem,
2628 1487 2693 1542 et

158 1556 228 1626 in
280 1578 417 1644 quo
465 1571 626 1628 sunt
673 1569 943 1639 cuncta,
996 1579 1171 1645 quae
1221 1571 1383 1627 sunt
1431 1560 1634 1639 bona,
1689 1556 2080 1636 laudemus,
2117 1573 2182 1626 et
2233 1580 2354 1648 pro
2415 1559 2695 1630 modulo

161 1658 394 1715 nostro
432 1645 812 1715 secundum
867 1646 1380 1716 multitudinem
1437 1646 1957 1716 miserationum
2008 1647 2158 1736 ejus
2196 1646 2692 1737 glorificemus,

160 1734 280 1822 qui
331 1734 528 1805 nobis
578 1734 780 1803 talem
840 1734 1166 1826 dignatus
1213 1749 1314 1805 est
1360 1734 1667 1805 conferre
1742 1750 2101 1825 patronum
2144 1790 2160 1817 ,
2213 1736 2418 1826 cujus
2471 1737 2693 1807 excel-

159 1823 371 1892 lentia
420 1823 847 1902 meritorum,
902 1824 1204 1893 solamen
1258 1824 1614 1905 laborum,
1667 1837 1733 1893 et
1792 1823 2090 1893 fructum
2142 1826 2343 1893 nobis
2391 1841 2663 1896 aeterno

158 1934 314 1982 rum
348 1912 649 1982 obtineat
678 1914 1168 2002 praemiorum.
1208 1918 1633 1983 Praesentem
1665 1934 1822 1981 vero
1851 1925 2159 1982 nostrum
2188 1913 2695 2003 specialemque

161 2013 528 2091 patronum
582 2000 1033 2091 imploremus
1081 2022 1346 2082 omneS‚
1390 2001 1844 2092 imploremus
1893 2000 2148 2090 singuli
2191 2001 2550 2073 sedulitate
2584 2025 2697 2074 vo-

163 2105 413 2171 torum,
459 2101 801 2177 quatenus
841 2089 1231 2181 fragilitatis
1265 2102 1535 2161 nostrae
1586 2090 1916 2179 percipiat
1954 2090 2252 2180 gemitus
2280 2146 2296 2171 ,
2348 2091 2692 2163 humanos

163 2191 434 2248 nostros
473 2200 790 2248 excessus
839 2178 1020 2269 apud
1073 2201 1407 2268 supernos
1440 2177 2031 2260 excusetauditus,
2069 2178 2175 2268 pie
2204 2181 2695 2269 patrocinando

160 2289 287 2337 nos
336 2265 577 2348 foveat,
625 2279 963 2357 pastorem
998 2280 1304 2337 nostrum
1338 2280 1667 2358 protegat,
1703 2266 2037 2337 familiam
2073 2266 2416 2350 defendat,
2458 2269 2687 2341 locum

158 2355 525 2437 custodiat,
563 2379 601 2424 a
651 2357 1020 2446 spirituum
1076 2356 1534 2446 malignorum
1589 2378 1713 2426 nos
1754 2368 2024 2425 tueatur
2071 2355 2346 2428 insidiis
2379 2412 2400 2439 ‚
2458 2359 2544 2428 ab
2587 2360 2695 2427 in-

159 2445 472 2516 numeris
522 2443 731 2535 hujus
781 2443 1027 2515 mundi
1066 2458 1259 2516 eruat
1310 2443 1670 2547 periculis:
1711 2457 1788 2516 ut
1836 2445 2054 2536 ipsius
2085 2459 2149 2516 et
2177 2447 2489 2517 omnium
2523 2450 2694 2519 San-

156 2550 427 2606 ctorum
484 2533 1096 2604 intervenientibus
1163 2535 1470 2616 meritis,
1526 2535 1612 2604 ad
1681 2533 1796 2604 illa
1868 2535 2253 2626 pertingere
2303 2558 2695 2607 mereamur

155 2623 415 2716 gaudia
455 2623 927 2703 beatitudinis,
965 2645 1142 2710 quae
1200 2645 1331 2693 non
1386 2623 1554 2693 vidit
1592 2623 1862 2705 oculus,
1903 2645 2027 2692 nec
2059 2624 2362 2705 auditus,
2400 2647 2523 2695 nec
2564 2626 2692 2695 hu-

157 2734 413 2783 manus
461 2734 704 2802 capere
753 2712 968 2781 valuit
1017 2712 1429 2794 intellectuS,
1486 2735 1661 2800 quae
1711 2717 1888 2782 Deus
1936 2725 2091 2782 ante
2144 2728 2447 2803 tempora
2494 2734 2691 2783 secu-

157 2800 331 2871 laria
373 2800 520 2870 suis
557 2802 985 2891 praeparavit
1012 2800 1491 2873 dilectoribus:
1523 2801 1725 2891 cujus
1756 2801 1997 2882 honor,
2037 2801 2190 2871 laus
2220 2814 2287 2871 et
2320 2801 2688 2892 imperium

156 2891 306 2962 sine
348 2889 484 2959 fine
536 2905 889 2979 permanet
936 2891 1005 2959 in
1059 2890 1291 2960 secula
1330 2889 1747 2970 seculorum,
1792 2894 2027 2958 Amen.

966 3138 1447 3220 H1sT0R1A
1502 3138 1881 3218 BREvls

588 3330 664 3428 S.
735 3329 1215 3430 NARCtSSI
1284 3330 1597 3431 EPtSC.
1665 3328 2147 3432 JEROSOL.

979 3537 1056 3582 Ex
1103 3534 1493 3584 ECCLESIAST·
1547 3537 1882 3585 msronlAE

425 3637 729 3684 BUSBBII
790 3636 1357 3686 CAESAREENSIS
1407 3639 1549 3686 LIB.
1607 3640 1720 3698 VI,
1774 3639 1931 3687 CAP.
2001 3640 2139 3688 VIII
2188 3641 2271 3687 ΕΤ
2331 3640 2432 3688 IX·

628 3738 1013 3786 lN‘rERPRBTR
1059 3738 1301 3789 JOANNE
1349 3738 1948 3789 cnmsropnonsono
1996 3741 2222 3790 ANGLO.

1003 3883 1187 3939 Obiit
1227 3884 1509 3941 ineunte
1550 3900 1683 3943 sec.
1731 3886 1860 3941 111.

249 4030 285 4116 ἓ
336 4035 409 4101 ί.
468 4028 594 4097 Ubi
644 4033 931 4098 Severus
990 4028 1358 4118 imperium
1411 4030 1495 4099 ad
1548 4053 1768 4101 annos
1809 4031 2039 4102 decem
2090 4044 2155 4100 et
2201 4042 2353 4101 octo
2399 4030 2696 4099 admini-

160 4128 513 4196 straverat,
571 4118 955 4186 Antoninus
1003 4117 1038 4152 *
1096 4119 1247 4207 ejus
1296 4116 1485 4189 filius
1521 4175 1536 4201 ,
1603 4119 1688 4188 ad
1753 4142 1908 4189 eum
1982 4120 2304 4190 bonorem
2359 4119 2690 4189 evehitur.

161 4204 414 4275 Eodem
468 4219 773 4308 tempore
838 4228 1021 4275 unus
1068 4229 1145 4276 ex
1196 4228 1432 4276 eorum
1502 4230 1839 4291 numero,
1892 4210 2011 4297 qui
2060 4209 2127 4277 in
2179 4231 2256 4278 ea
2308 4208 2700 4278 turbulenta

161 4296 664 4384 persecutionis
715 4307 1110 4385 tempestate
1150 4317 1220 4365 se
1259 4294 1464 4364 fortes
1493 4308 1557 4366 et
1583 4297 1871 4367 invictos
1905 4297 2421 4388 praestitissent,
2458 4312 2521 4367 et
2550 4310 2699 4389 post

213 4458 240 4484 2
267 4454 473 4502 Scilicet.
503 4459 736 4498 Caracalla
765 4455 970 4507 (Marcu-
1000 4458 1219 4498 Aurelius
1247 4458 1508 4498 Antoninus
1543 4457 1842 4511 Bassianus).
1870 4457 1977 4510 qui.
2003 4460 2197 4501 fratrem
2229 4460 2396 4501 Getam
2417 4460 2507 4501 sibi
2535 4460 2697 4510 adjun-

156 4519 292 4562 gens,
311 4509 507 4559 imperio
531 4513 712 4560 potitus
730 4514 802 4551 est
824 4522 945 4552 ωηο
963 4513 1055 4551 211.
