3347 4999
726 351 852 415 510
1536 369 1609 413 on
1660 369 1714 415 s.
1771 369 2058 414 Hssowtess
2110 369 2300 415 vinna
2860 350 3040 416 OCT.
3115 354 3202 417 47

635 454 910 523 animus
956 453 1105 543 ejus
1178 473 1338 541 erga
1411 473 1743 541 pauperes
1787 465 1851 521 et
1926 465 2274 543 aegrotos,
2337 453 2591 540 quibus
2649 466 2714 523 et
2763 453 3198 524 benevolen-

638 542 799 610 tiam
857 555 921 611 ot
962 540 1295 611 auxilium
1358 540 1819 630 impendebat.
1872 542 1935 610 Si
1985 563 2123 698 3⁰⁰
2171 541 2440 611 defectu
2476 556 2594 612 aut
2646 544 2932 632 penuria
2992 543 3202 612 labo·

635 652 785 699 rare
831 630 1226 719 quempiam
1294 642 1639 711 cerneret,
1721 630 1814 718 pii
1866 652 1983 699 cor
2037 631 2093 700 is
2161 631 2577 720 benignitate
2646 631 2707 700 ei
2773 631 3190 721 opitulaba-

634 734 767 789 tur.
826 717 1331 787 Dormientibus
1370 718 1757 807 pedisequis
1791 718 1939 807 ejus
1986 733 2051 788 et
2081 718 2375 803 ancillis,
2412 733 2726 789 accurate
2753 719 3188 809 inspiciebat

635 808 900 878 calceos
949 829 1210 885 earum,
1264 817 1328 875 et
1377 806 1435 875 si
1483 806 1647 892 quid
1701 807 1770 875 in
1820 806 1919 876 eis
1966 806 2256 877 fractum
2320 809 2701 896 reperisset,
2754 808 3188 909 objurgabat

634 897 813 976 illas,
868 895 1051 982 quod
1088 894 1153 964 id
1189 894 1769 975 dissimulassem,
1820 916 2171 984 ocyusque
2221 897 2404 966 refici
2433 896 2742 984 jubebat.
2798 902 2861 966 Si
2912 920 3060 984 qua
3114 899 3183 966 in

635 986 1048 1055 monasterio
1096 982 1555 1064 decumberet,
1611 983 1918 1070 quotidie
1965 1006 2111 1052 eam
2168 985 2523 1067 invisebat,
2560 985 2889 1072 flexisque
2934 1008 3181 1055 coram

636 1073 886 1144 lectulo
933 1074 1083 1161 ejus
1130 1071 1445 1160 genibuS,
1501 1073 1724 1142 verbis
1757 1072 2228 1142 consolatoriis
2263 1096 2410 1143 eam
2452 1073 2899 1150 confortabat,
2955 1074 3181 1144 simul

637 1164 866 1249 aliqua
906 1173 1290 1262 opportuna
1324 1160 1634 1230 subsidia
1666 1160 1728 1229 ei
1782 1161 2158 1250 porrigens;
2217 1184 2436 1249 neque
2474 1163 2655 1231 enim
2696 1184 3009 1250 unquam
3071 1185 3182 1232 re·

636 1252 838 1321 cessit
869 1250 954 1319 ab
1000 1249 1303 1329 infirm0‚
1351 1249 1482 1317 nisi
1533 1250 1724 1337 prius
1757 1248 2001 1319 collato
2039 1272 2322 1320 munere
2347 1273 2504 1320 eum
2555 1250 2904 1321 consolata
2958 1265 3174 1321 esset.

634 1347 953 1430 Aegrotos
1001 1358 1275 1425 quoque
1321 1358 1357 1406 e
1404 1337 1666 1407 familia
1714 1361 1838 1408 sua
1886 1338 2141 1419 adibat,
2187 1339 2685 1409 medicamenta
2733 1338 2833 1408 eis
2886 1362 3177 1439 praepa-

636 1430 852 1505 rabat,
898 1441 961 1496 et
1010 1426 1309 1496 medicos
1342 1426 1424 1494 ad
1480 1426 1633 1496 illos
1684 1426 2009 1507 mittebat,
2066 1428 2281 1497 instar
2330 1428 2564 1497 matris
2599 1450 2835 1497 curam
2886 1427 3173 1498 illorum

636 1539 903 1609 gerens.
945 1515 1333 1584 Dominicae
1382 1513 1571 1584 illius
1606 1516 1976 1585 sententiae
2025 1517 2354 1586 suavitate
2403 1515 2648 1596 illecta,
2687 1518 3007 1605 Infirmus
3030 1520 3167 1605 sui,

638 1618 698 1676 et
726 1607 1045 1675 visitastis
1076 1627 1178 1672 me
1215 1604 1475 1692 (Matth.
1530 1604 1704 1691 xxv),
1723 1625 2208 1691 quoscumque
2267 1606 2646 1695 comperire
2695 1606 2913 1694 potuit
2967 1607 3170 1674 infir-

638 1717 808 1773 mos,
877 1693 1169 1763 maxime
1221 1714 1577 1782 pauperes,
1648 1692 1850 1761 modo
1898 1692 1964 1760 id
2017 1692 2161 1762 fieri
2228 1706 2475 1783 posset,
2527 1694 2844 1763 visitavit.
2909 1695 2981 1763 Si
3027 1715 3170 1781 quo

637 1785 816 1852 itura
862 1795 1037 1852 esset
1072 1781 1362 1869 longiori
1412 1781 1673 1862 itinere,
1715 1781 1832 1850 ubi
1867 1780 2220 1851 infirmum
2257 1783 2650 1872 quempiam
2687 1783 3031 1871 cognovit,
3079 1782 3166 1851 ad

635 1894 817 1952 eum,
876 1870 1261 1961 posthabito
1318 1870 1579 1949 itinere,
1634 1869 2019 1939 accedebat.
2085 1875 2265 1953 Quos
2308 1892 2459 1941 vero
2546 1885 2816 1961 propter
2875 1871 3167 1940 nimiam

637 1960 942 2030 locorum
1004 1958 1396 2028 distantiam
1451 1958 1723 2026 visitare
1772 1979 1904 2026 non
1957 1971 2253 2046 poterat,
2311 1959 2394 2028 iis
2446 1982 2766 2029 nummos
2815 1960 3165 2028 transmit·

635 2049 837 2117 tebat.
874 2052 1139 2130 Quanto
1182 2047 1337 2133 quis
1386 2046 1560 2115 inter
1599 2061 1907 2135 aegrotos
1939 2060 2114 2116 esset
2176 2048 2651 2130 miserabilior,
2707 2061 2891 2117 tanto
2938 2050 3029 2118 ab
3087 2070 3166 2117 ea

634 2138 895 2227 potiora
930 2133 1419 2205 consolationis
1469 2134 1800 2204 beneficia
1860 2135 2297 2224 percipiebat.
2341 2138 2654 2207 Feminas
2689 2137 2758 2205 in
2794 2159 2967 2226 puer
3018 2138 3164 2206 erio

641 2225 1150 2304 decumbentes,
1190 2222 1532 2312 imprimis
1566 2245 1926 2313 pauperes,
1967 2223 2319 2305 invisebat,
2353 2226 2412 2294 si
2449 2246 2586 2311 qua
2621 2226 2882 2295 ratione
2915 2226 2932 2293 i
3016 2225 3167 2295 fieri

638 2326 889 2402 posset,
943 2312 1177 2398 eisque
1227 2311 1589 2400 praebebat
1630 2312 2032 2380 necessaria.

722 2404 757 2487 ξ
802 2404 965 2472 38.
1021 2405 1096 2469 In
1147 2421 1483 2469 carcerem
1534 2401 1874 2489 conjectos
1907 2399 2031 2470 etsi
2067 2421 2185 2489 per
2231 2401 2522 2489 seipsam
2575 2400 2763 2470 adire
2816 2423 2948 2471 non
3006 2424 3165 2492 pos-

635 2504 754 2568 set,
798 2512 928 2559 non
966 2503 1185 2559 tamen
1229 2488 1460 2559 omisit
1486 2489 1756 2578 magnis
1788 2511 1902 2560 eos
1936 2488 2285 2558 beneficiis
2311 2489 2623 2560 invisere.
2667 2489 2943 2560 Ardenti
2972 2491 3165 2561 enim

634 2578 973 2649 desiderio
1020 2578 1309 2668 cupiens
1357 2577 1770 2664 quandoque
1834 2578 2072 2647 audire
2124 2599 2350 2647 vocem
2410 2579 2676 2647 Domini
2726 2579 3112 2670 injudicio
3143 2636 3160 2660 ,

629 2673 709 2737 In
757 2691 1018 2737 carcere
1062 2669 1190 2755 sui,
1245 2678 1307 2736 et
1352 2668 1675 2736 visitastis
1724 2689 1873 2735 me:
1924 2665 2478 2754 quandoquidem
2531 2666 2679 2757 ipsa
2728 2667 2798 2737 in
2849 2690 3165 2739 carceres

632 2756 902 2847 ingredi
950 2778 1083 2824 non
1155 2756 1397 2845 potuit,
1465 2777 1586 2845 per
1635 2755 1925 2825 nuncios
1981 2776 2142 2824 suos
2192 2755 2497 2825 mittebat
2543 2755 2642 2824 eis
2702 2757 3056 2827 esculenta
3098 2771 3166 2827 et

632 2846 1018 2936 poculenta,
1072 2844 1375 2931 satisque
1424 2844 1736 2922 vestium,
1795 2865 1876 2912 ne
1909 2842 2157 2933 frigore
2189 2843 2674 2933 affligerentur;
2725 2859 2790 2914 et
2832 2868 2916 2914 ne
2965 2846 3165 2936 pedi-

631 2934 825 3005 culos
874 2934 1165 3004 nimium
1220 2931 1498 3002 infestos
1539 2932 1888 3010 sentirent,
1934 2945 2147 3002 vestes
2198 2932 2448 3013 lineaS,
2502 2932 2807 3020 aliasque
2858 2949 3158 3004 mutato-

627 3024 791 3103 rias,
844 3044 1019 3109 quae
1073 3021 1486 3101 sufficerent,
1537 3022 1636 3090 eis
1688 3020 2168 3178 suppeditavit,
2222 3020 2481 3089 addens
2528 3022 2731 3090 etiam
2781 3022 3154 3105 candelas.

626 3124 705 3180 ut
735 3111 1065 3182 beneficio
1107 3109 1418 3190 luminis,
1456 3109 1750 3179 carceris
1830 3130 2092 3179 orrores
2121 3120 2185 3177 et
2216 3109 2525 3178 tenebras
2566 3110 2698 3180 sibi
2735 3110 3155 3192 minuerent,

629 3200 818 3269 omni
868 3193 1577 3354 studio’cpraecavens,
1644 3220 1729 3266 ne
1785 3198 1880 3266 rei
1928 3197 2224 3287 alicujus
2271 3197 2534 3267 defectu
2600 3199 2986 3288 periculum
3051 3202 3161 3270 eis

629 3301 993 3358 crearetur.
1037 3292 1115 3356 Se
1211 3300 1275 3356 et
1322 3287 1595 3357 altiores
1642 3286 1992 3357 charitatis
2039 3285 2294 3376 gradus
2327 3285 2726 3367 ascendenS,
2774 3289 2977 3358 etiam
3029 3288 3162 3359 ho-

633 3389 769 3445 stes
815 3387 879 3444 et
924 3373 1349 3444 adversarios
1398 3375 1622 3446 mariti
1672 3375 1818 3456 sui,
1878 3374 1997 3461 qui
2059 3375 2401 3444 interdum
2453 3375 2521 3442 in
2575 3396 2880 3445 carceres
2929 3376 3163 3447 mitte·

628 3466 904 3543 bantur,
958 3463 1298 3549 ejusmodi
1350 3463 1833 3534 beneficiorum
1888 3485 2020 3531 non
2084 3463 2349 3533 sinebat
2409 3476 2713 3552 expertes
2761 3486 2951 3534 esse:
3025 3466 3155 3536 sed

627 3552 1014 3621 necessaria
1048 3551 1416 3622 liberaliter
1462 3553 1560 3621 eis
1594 3551 2004 3642 porrigebat.
2050 3552 2527 3621 convenienter
2560 3551 2660 3621 illi
2709 3553 3086 3624 sententiae
3129 3578 3146 3620 t

624 3643 704 3711 Si
748 3641 1056 3710 esurie-rit
1102 3642 1410 3710 inimicus
1487 3651 1639 3709 tuus
1667 3694 1687 3719 ,
1745 3642 1890 3709 ciba
1950 3643 2186 3709 illum:
2233 3643 2296 3709 si
2337 3642 2480 3709 sitit
2513 3693 2527 3720 ,
2603 3652 2838 3732 potum
2900 3643 2991 3710 da
3040 3645 3164 3712 illi

622 3730 837 3818 (Rom.
890 3728 1035 3817 111).
1088 3734 1356 3798 Praeter
1410 3729 1641 3798 omnia
1691 3740 1916 3797 autem
1953 3782 1968 3808 ,
2021 3749 2197 3815 quae
2264 3728 2549 3816 captivis
2596 3742 2660 3798 et
2729 3731 2798 3798 in
2838 3731 3162 3803 carceres

625 3818 923 3888 detrusis
969 3818 1299 3887 beneficia
1347 3818 1722 3908 praestitit,
1777 3819 1903 3887 sua
1949 3816 2433 3887 intercessione
2493 3818 2894 3907 saepissime
2939 3840 3058 3890 eos
3115 3843 3163 3890 a

623 3907 918 3978 vinculis
969 3906 1299 3988 liberavit,
1352 3919 1414 3976 et
1453 3907 1522 3974 in
1565 3905 1942 3977 libertatem
1996 3905 2386 3975 vindicavit.
2440 3905 2586 3976 Illis
2628 3906 2859 3984 etiam,
2901 3908 3025 3994 qui
3073 3908 3154 3978 iu

625 3997 806 4067 mala
853 3996 1072 4088 gratia
1120 4008 1316 4066 erant
1362 3994 1543 4084 apud
1597 3994 1922 4063 maritum
1969 3994 2142 4084 ejus,
2200 4016 2331 4063 non
2383 3995 2693 4064 cessabat
2741 3993 2930 4067 illius
2977 4017 3159 4065 con—

624 4086 858 4155 ciliare
905 4085 1243 4166 animum,
1284 4084 1475 4154 flexis
1524 4082 1814 4174 genibus
1861 4093 1926 4151 et
1971 4105 2126 4152 cum
2180 4083 2503 4172 lacrymis
2546 4082 2809 4153 tamdiu
2845 4105 2963 4175 pro
3007 4084 3159 4156 illis

623 4195 828 4243 orans
880 4173 1304 4262 principem,
1377 4172 1590 4242 donec
1638 4193 1710 4250 se
1771 4171 2048 4241 sentiret
2106 4172 2519 4241 exauditam.
2571 4172 2885 4253 Afflictis,
2942 4173 3158 4244 modo

620 4261 767 4330 ulla
815 4275 1201 4351 suppeteret
1247 4260 1557 4340 facultas,
1626 4259 1990 4329 efficaciter
2042 4260 2504 4332 subveniebat.
2557 4265 2919 4347 Nunquam
3050 4262 3159 4332 lo-

626 4348 943 4419 rantibus
993 4372 1188 4419 suam
1240 4349 1450 4419 voluit
1488 4349 1722 4418 deesse
1775 4348 2345 4430 consolationem,
2403 4370 2619 4436 neque
2667 4348 3005 4440 indigenti
3063 4373 3155 4423 us

624 4437 956 4510 auxilium
1008 4451 1495 4529 opportunum.
1550 4441 1713 4507 Aere
1747 4436 1970 4507 alieno
2005 4459 2392 4530 oppress08,
2429 4438 2658 4526 etqui
2708 4450 2984 4529 propter
3029 4460 3156 4511 aes
