3347 4999
173 313 334 383 OCT.
387 315 471 380 28
1032 330 1112 375 mt
1158 329 1215 376 s.
1268 327 1579 376 rnauurlo
1626 329 1817 375 nar.
2480 311 2608 377 735

170 416 448 487 consilio
473 414 951 506 praemunivit,
977 412 1239 483 arbitrii
1272 412 1582 482 libertate
1606 411 1906 481 donavit:
1934 425 2009 483 ut
2036 435 2157 502 pro
2180 412 2512 503 dignitate
2536 436 2692 485 con-

167 504 440 575 ditionis
490 504 856 593 imperaret
905 501 1190 582 mund0,
1243 500 1370 570 soli
1419 502 1702 570 serviret
1753 506 1905 582 Deo,
1963 523 2083 590 pro
2115 502 2454 573 famulatu
2493 525 2698 594 spon·

164 606 355 663 taneo
403 592 611 683 digne
647 590 1219 668 remunerandus,
1276 588 1375 659 vel
1429 611 1550 679 pro
1598 602 1996 679 contemptu
2030 590 2415 662 voluntario
2455 593 2698 663 merito

164 681 579 773 puniendus.
611 685 812 751 Hunc
840 680 857 747 i
912 681 1049 749 itur
1077 678 1369 768 angelus
1398 690 1704 769 apostata
1727 678 2174 749 beatitudinis
2207 679 2457 760 locum,
2489 702 2690 768 quem

162 770 620 862 superbiendo
672 703 1059 858 pei-digerat
1115 768 1260 857 ipse
1294 822 1310 849 ,
1366 767 1701 838 invidiose
1760 767 2001 838 dolens
2048 768 2465 850 subiturum,
2519 768 2696 840 dolis

160 860 701 930 circumventum
753 857 1000 947 dejecit
1059 856 1461 926 incautum:
1530 856 1766 943 sicque
1813 877 1970 925 cum
2024 857 2209 926 omni
2269 857 2456 947 prole
2516 870 2695 947 post·

159 949 372 1019 huma
406 946 709 1037 possedit
741 968 934 1026 eum,
972 946 1171 1033 quasi
1211 946 1369 1034 jure
1409 943 1540 1015 sibi
1581 944 1997 1032 subjectum.
2032 946 2079 1014 J
2086 968 2205 1015 ure
2236 947 2497 1034 quippe
2524 968 2695 1034 quo-

157 1035 525 1106 dammodo
570 1035 916 1124 possedit,
974 1056 1177 1122 quem
1230 1033 1360 1102 sibi
1418 1035 1850 1105 consensisse
1899 1034 1960 1102 vi
2002 1033 2196 1104 nulla
2251 1036 2473 1126 coegit
2506 1089 2522 1116 ,
2575 1034 2690 1106 sed

156 1126 596 1216 suggestione
635 1123 780 1192 sola
812 1137 1345 1193 consentaneum
1380 1121 1672 1212 subegit.
2285 1127 2292 1136 ’

240 1215 277 1303 ξ
325 1220 410 1287 ὅ.
467 1217 772 1299 Cumque
820 1212 1205 1303 generalem
1245 1211 1448 1280 totius
1489 1211 1836 1281 humanae
1887 1211 2285 1302 propaginis
2336 1234 2632 1282 massam
2672 1267 2688 1294 ,

155 1302 760 1395 praevaricationis
793 1301 1004 1386 hujus
1051 1300 1618 1401 complecteretur
1664 1312 1915 1381 reatus,
1966 1305 2228 1388 Deoque
2276 1313 2689 1390 contempto,

154 1391 463 1462 mundus
499 1390 673 1460 hosti
719 1389 1021 1479 maligno
1062 1400 1340 1460 serviret
1371 1388 1757 1469 universuS,
1795 1402 2059 1458 creator
2105 1390 2415 1459 omnium
2474 1395 2688 1471 DeuS,

154 1494 400 1551 natura
435 1481 681 1559 bonus,
725 1478 1068 1548 voluntate
1103 1492 1364 1568 potenS,
1404 1498 1607 1565 opere
1649 1478 2062 1557 misericors,
2096 1491 2372 1568 propter
2406 1479 2690 1548 nimiam

149 1569 553 1639 charitatem
588 1590 783 1636 suam
823 1567 1125 1636 hominis
1160 1561 1336 1724 lafisi
1387 1567 1733 1647 misertus,
1784 1589 1904 1653 per
1952 1580 2201 1637 aetates
2254 1566 2469 1637 seculi
2520 1589 2690 1638 cun-

150 1671 320 1738 ctas,
374 1656 727 1727 electionis
767 1656 1103 1744 quaedam
1165 1656 1218 1724 si
1279 1656 1296 1723 i
1345 1677 1503 1723 vasa
1554 1656 1868 1736 servavit,
1909 1677 2028 1745 per
2066 1677 2241 1742 quae
2281 1657 2526 1747 pietate
2577 1679 2691 1745 pa-

152 1751 349 1817 terna
396 1759 697 1815 caeteros
744 1745 829 1813 ad
880 1744 1283 1834 originalem
1337 1742 1830 1814 beatitudinem
1888 1743 2303 1831 quandoque
2355 1745 2691 1834 respirare

149 1836 423 1906 monuit
477 1848 543 1903 et
600 1834 943 1903 instruxit.
998 1838 1241 1902 Verum
1305 1832 1435 1902 hoc
1493 1833 1811 1902 seductor
1858 1832 1974 1901 ille
2021 1832 2503 1903 fraudulentus
2554 1855 2686 1902 non

147 1923 653 2012 aequanimiter
701 1921 905 2002 tulit;
959 1921 1074 1991 sed
1136 1943 1291 2005 vasa
1352 1921 1860 1989 misericordiae
1912 1943 2031 2012 per
2080 1919 2235 1991 vasa
2289 1921 2691 2012 perditionis

144 2025 212 2083 et
254 2014 396 2083 irae
431 2013 839 2113 impugnare
889 2032 1021 2080 non
1058 2010 1333 2079 destitit.
1375 2013 1540 2078 Nam
1588 2009 1653 2076 in
1699 2011 1938 2079 Genesi
1974 2011 2006 2044 ⁴
2044 2011 2164 2096 qui
2201 2025 2531 2081 vocantur
2564 2010 2684 2079 filii

149 2101 291 2181 Dei,
341 2101 472 2170 nisi
516 2101 685 2186 Justi
733 2113 799 2168 et
847 2098 1193 2168 timorati?
1239 2103 1370 2167 Nec
1419 2097 1782 2179 immerito,
1821 2097 1985 2167 dum
2033 2120 2155 2188 pro
2193 2098 2406 2167 divini
2458 2099 2689 2169 cultus

143 2190 478 2276 obsequio
541 2188 897 2257 filiationis
948 2187 1084 2256 illis
1151 2185 1537 2276 proveniret
1583 2184 1881 2275 adoptio.
1935 2191 2011 2255 Et
2060 2187 2304 2256 horum
2361 2188 2687 2257 memoria

141 2279 531 2358 benedicta,
586 2278 685 2346 sic
724 2298 804 2345 ex
855 2275 1322 2364 thymiamatis
1371 2273 1673 2342 Davidici
1722 2278 1996 2344 emanat
2035 2274 2452 2365 fragrantia:
2508 2281 2687 2346 Haec

141 2377 243 2436 est
268 2368 614 2455 generatio
640 2366 1106 2455 quaerentium
1137 2363 1512 2442 Dominum,
1557 2365 2024 2453 quaerentium
2056 2366 2301 2453 faciem
2327 2367 2452 2435 Dei
2481 2367 2685 2435 Jacob

136 2455 362 2545 (Psal.
418 2454 569 2542 23);
627 2468 691 2523 et
729 2453 1080 2524 Generatio
1132 2461 1463 2522 rectorum
1502 2452 1923 2522 benedicetur
1965 2453 2180 2542 (Psal.
2238 2454 2436 2543 lll);
2500 2467 2567 2525 et
2614 2454 2678 2524 id

135 2565 366 2633 genus
411 2543 731 2631 plurima,
785 2542 1040 2628 quibus
1091 2541 1343 2630 passim
1398 2539 1736 2610 redundat
1764 2542 1998 2611 divina
2042 2543 2318 2633 pagina.
2363 2544 2492 2627 Qui
2527 2565 2684 2613 vero

187 2654 269 2702 er
298 2631 479 2700 filios
513 2631 900 2711 hominum,
956 2629 1087 2698 nisi
1134 2642 1526 2730 peccatores
1582 2631 2082 2719 exprimuntur,
2127 2632 2246 2718 qui
2279 2632 2511 2701 carnis
2560 2654 2684 2721 pro

163 2720 510 2812 ragilitate
550 2721 617 2789 in
660 2740 932 2788 omnem
984 2717 1334 2788 lasciviam
1377 2717 1720 2800 dissoluti,
1775 2718 2333 2789 detestandorum
2389 2741 2677 2809 operum

129 2809 536 2881 executione
561 2810 1063 2898 reprobantur?
1097 2812 1181 2876 De
1210 2807 1317 2877 his
1348 2806 1415 2875 in
1454 2806 1901 2896 thymiamate
1929 2808 2323 2896 supradicto
2352 2808 2452 2878 sic
2477 2808 2681 2877 exha-

129 2899 346 2979 latur,
384 2899 506 2968 ubi
528 2898 722 2983 juxta
760 2896 1204 2987 proprietates
1250 2909 1662 2976 aromatum,
1715 2918 1870 2964 cum
1906 2894 2228 2966 dulcibus
2275 2918 2511 2966 amara
2550 2897 2681 2966 mi·-

125 3001 462 3058 scentur:
520 2988 832 3076 Corra-pti
855 2997 1032 3066 sunt,
1090 2996 1152 3054 et
1200 2985 1677 3053 abominabiles
1707 2987 1881 3074 facti
1920 2987 2174 3054 suntin
2220 2986 2463 3054 studiis
2506 2988 2670 3055 suis.

121 3091 194 3148 et
233 3075 458 3146 infra:
517 3077 834 3147 Conci-itio
867 3084 927 3143 et
975 3075 1342 3163 infelicitas
1390 3075 1460 3142 in
1504 3074 1633 3141 viis
1672 3096 1900 3142 eorum
1935 3073 2150 3161 (Psal.
2206 3074 2342 3162 ⁴3).
2390 3075 2674 3163 Sapien-

123 3168 270 3236 tiae
302 3185 575 3251 quoque
615 3163 1019 3243 sacrarium,
1061 3163 1215 3232 licet
1250 3162 1315 3230 in
1354 3161 1491 3230 fine
1539 3173 1922 3250 pertusum,
1970 3162 2354 3250 Christique
2394 3185 2510 3232 vas
2542 3162 2679 3234 ele-

118 3255 387 3325 ctionis
445 3252 799 3333 eximium,
859 3250 1100 3320 iisdem
1166 3272 1336 3341 pene
1386 3249 1631 3330 verbiS,
1679 3249 1792 3319 sed
1846 3250 2080 3320 eodem
2141 3273 2372 3334 sensu,
2425 3253 2679 3324 erroris

116 3364 372 3414 eorum
424 3341 603 3410 inter
639 3354 898 3409 caetera
936 3340 1034 3409 sic
1066 3339 1468 3409 describunt
1495 3338 1714 3408 devia.
1753 3339 1884 3421 Qui
1922 3353 2519 3411 commutaverunt
2565 3341 2675 3410 in-

115 3428 608 3516 corruptibilis
655 3429 770 3497 Dei
819 3428 1103 3517 gloriam
1155 3429 1223 3497 in
1264 3427 1588 3518 imaginis
1634 3427 2105 3519 corruptibilis
2141 3428 2445 3500 hominis
2494 3431 2672 3520 figu-

115 3540 312 3597 ram,
358 3528 422 3585 et
465 3516 845 3595 volucrum,
898 3528 963 3585 et
1008 3515 1564 3606 quadrupedum,
1617 3529 1684 3586 et
1730 3517 2178 3607 serpentium.
2233 3523 2310 3588 Et
2340 3519 2503 3606 quia
2536 3540 2671 3587 non

114 3612 195 3679 in
262 3604 501 3705 notitia
550 3609 760 3675 Deum
815 3604 1272 3693 probaverunt
1318 3605 1607 3686 habere,
1655 3605 1936 3675 tradidit
1989 3605 2146 3677 illos
2197 3606 2261 3675 in
2316 3607 2671 3698 passiones

114 3701 581 3790 ignominiae.

218 3793 260 3866 ἓ
310 3789 404 3855 6.
460 3783 568 3851 Sic
615 3781 701 3851 ab
750 3781 945 3850 initio
976 3780 1154 3851 duae
1182 3781 1509 3861 civitateS‚
1568 3804 1689 3873 per
1736 3781 1993 3852 multas
2037 3796 2471 3854 constructae
2503 3796 2666 3854 sunt

112 3873 603 3944 diversitates:
657 3892 798 3940 una
846 3870 984 3948 Dei,
1037 3868 1249 3939 altera
1286 3869 1583 3940 diaboli:
1636 3871 1766 3940 hac
1814 3871 1898 3941 de
1946 3873 2192 3942 virtute
2239 3872 2307 3941 in
2346 3873 2662 3942 virtutem

115 3962 554 4053 proficiente,
593 3959 713 4029 illa
760 3958 1138 4048 sacrilegiis
1176 3959 1503 4046 omnique
1553 3958 1868 4029 vitiorum
1922 3960 2349 4031 immanitate
2397 3982 2670 4051 semper

113 4051 508 4120 decidente.
563 4048 809 4119 Civitas
854 4048 1114 4147 quippe
1164 4047 1300 4128 Dei,
1342 4047 1722 4118 Jerusalem
1774 4061 1876 4118 est
1913 4047 2033 4119 illa
2081 4049 2413 4129 coelestis,
2468 4071 2663 4119 verae

112 4138 301 4208 visio
352 4138 562 4228 pacis,
614 4159 791 4224 quae
826 4148 1071 4225 partlm
1106 4134 1334 4204 adhuc
1384 4136 1454 4203 in
1513 4136 1841 4205 membris
1891 4137 2136 4207 Christi
2189 4138 2664 4229 peregrinatur

110 4230 197 4298 in
246 4228 463 4309 terriS,
565 4226 765 4296 artim
817 4247 974 4294 cum
1030 4223 1313 4293 Domino
1347 4236 1585 4313 regnat
1631 4224 1699 4292 in
1751 4225 1982 4295 coelis.
2037 4226 2283 4297 Civitas
2317 4248 2473 4296 vero
2519 4227 2671 4296 dia-

107 4314 291 4396 boli,
331 4317 511 4406 Baby
545 4337 630 4386 on
665 4327 768 4385 est
801 4313 916 4384 illa
957 4311 1382 4383 confusionis
1432 4310 1655 4401 plena,
1692 4334 1869 4401 quae
1910 4314 2301 4387 seducendo
2340 4315 2665 4386 fornicari

173 4444 202 4472 2
232 4443 290 4484 In
310 4441 481 4486 Genesi
502 4454 563 4484 vx.
