<?xml version="1.0" encoding="UTF-8"?>
<!DOCTYPE html PUBLIC "-//W3C//DTD XHTML 1.0 Transitional//EN"
    "http://www.w3.org/TR/xhtml1/DTD/xhtml1-transitional.dtd">
<html xmlns="http://www.w3.org/1999/xhtml" xml:lang="en" lang="en">
 <head>
  <title>
</title>
<meta http-equiv="Content-Type" content="text/html;charset=utf-8" />
  <meta name='ocr-system' content='tesseract 3.04.00' />
  <meta name='ocr-capabilities' content='ocr_page ocr_carea ocr_par ocr_line ocrx_word'/>
</head>
<body>
  <div class='ocr_page' id='page_1' title='image "./historiaeseuvit03lippgoog_0345.png"; bbox 0 0 3347 4999; ppageno 0'>
   <div class='ocr_carea' id='block_1_1' title="bbox 223 336 2701 407">
    <p class='ocr_par' dir='ltr' id='par_1_1' title="bbox 223 336 2701 407">
     <span class='ocr_line' id='line_1_1' title="bbox 223 336 2701 407; baseline -0.002 -1"><span class='ocrx_word' id='word_1_1' title='bbox 223 339 417 407; x_wconf 86' lang='lat' dir='ltr'>OCT.</span> <span class='ocrx_word' id='word_1_2' title='bbox 469 336 526 399; x_wconf 22' lang='lat'>9.</span> <span class='ocrx_word' id='word_1_3' title='bbox 913 353 1092 399; x_wconf 67' lang='lat' dir='ltr'>nas.</span> <span class='ocrx_word' id='word_1_4' title='bbox 1146 350 1453 399; x_wconf 73' lang='lat' dir='ltr'>Lunovtco</span> <span class='ocrx_word' id='word_1_5' title='bbox 1502 352 1869 399; x_wconf 70' lang='lat' dir='ltr'>nssaTaAnno</span> <span class='ocrx_word' id='word_1_6' title='bbox 1917 351 2106 400; x_wconf 69' lang='lat' dir='ltr'>coivr.</span> <span class='ocrx_word' id='word_1_7' title='bbox 2573 338 2701 402; x_wconf 88' lang='lat'>303</span> 
     </span>
    </p>
   </div>
   <div class='ocr_carea' id='block_1_2' title="bbox 166 431 2791 4520">
    <p class='ocr_par' dir='ltr' id='par_1_2' title="bbox 166 431 2791 4162">
     <span class='ocr_line' id='line_1_2' title="bbox 220 431 2790 524; baseline -0.001 -16"><span class='ocrx_word' id='word_1_8' title='bbox 220 437 470 514; x_wconf 86' lang='lat' dir='ltr'>nituit,</span> <span class='ocrx_word' id='word_1_9' title='bbox 516 446 587 503; x_wconf 92' lang='lat' dir='ltr'>ut</span> <span class='ocrx_word' id='word_1_10' title='bbox 635 433 983 503; x_wconf 78' lang='lat' dir='ltr'>adstantes</span> <span class='ocrx_word' id='word_1_11' title='bbox 1033 433 1098 500; x_wconf 92' lang='lat' dir='ltr'>in</span> <span class='ocrx_word' id='word_1_12' title='bbox 1135 433 1287 519; x_wconf 84' lang='lat' dir='ltr'>ejus</span> <span class='ocrx_word' id='word_1_13' title='bbox 1331 431 1634 521; x_wconf 71' lang='lat' dir='ltr'>virginea</span> <span class='ocrx_word' id='word_1_14' title='bbox 1686 454 1914 514; x_wconf 90' lang='lat' dir='ltr'>carne,</span> <span class='ocrx_word' id='word_1_15' title='bbox 1956 432 2138 502; x_wconf 91' lang='lat' dir='ltr'>velut</span> <span class='ocrx_word' id='word_1_16' title='bbox 2188 433 2254 500; x_wconf 92' lang='lat' dir='ltr'>in</span> <span class='ocrx_word' id='word_1_17' title='bbox 2296 433 2790 524; x_wconf 90' lang='lat' dir='ltr'>limpidissimo</span> 
     </span>
     <span class='ocr_line' id='line_1_3' title="bbox 221 519 2790 617; baseline -0.001 -21"><span class='ocrx_word' id='word_1_18' title='bbox 221 524 548 617; x_wconf 84' lang='lat' dir='ltr'>speculo,</span> <span class='ocrx_word' id='word_1_19' title='bbox 614 533 919 591; x_wconf 90' lang='lat' dir='ltr'>suosmet</span> <span class='ocrx_word' id='word_1_20' title='bbox 974 520 1205 590; x_wconf 89' lang='lat' dir='ltr'>vultus</span> <span class='ocrx_word' id='word_1_21' title='bbox 1253 519 1507 589; x_wconf 86' lang='lat' dir='ltr'>fuerint</span> <span class='ocrx_word' id='word_1_22' title='bbox 1559 520 1980 610; x_wconf 89' lang='lat' dir='ltr'>conspicati;</span> <span class='ocrx_word' id='word_1_23' title='bbox 2038 534 2173 590; x_wconf 90' lang='lat' dir='ltr'>toto</span> <span class='ocrx_word' id='word_1_24' title='bbox 2242 523 2445 592; x_wconf 90' lang='lat' dir='ltr'>etiam</span> <span class='ocrx_word' id='word_1_25' title='bbox 2505 546 2790 614; x_wconf 90' lang='lat' dir='ltr'>corpore</span> 
     </span>
     <span class='ocr_line' id='line_1_4' title="bbox 219 607 2788 700; baseline -0.002 -14"><span class='ocrx_word' id='word_1_26' title='bbox 219 613 697 686; x_wconf 86' lang='lat' dir='ltr'>suavissimus</span> <span class='ocrx_word' id='word_1_27' title='bbox 745 610 915 679; x_wconf 92' lang='lat' dir='ltr'>odor</span> <span class='ocrx_word' id='word_1_28' title='bbox 946 631 1323 700; x_wconf 86' lang='lat' dir='ltr'>erumpens</span> <span class='ocrx_word' id='word_1_29' title='bbox 1381 631 1514 677; x_wconf 92' lang='lat' dir='ltr'>non</span> <span class='ocrx_word' id='word_1_30' title='bbox 1553 607 1777 679; x_wconf 91' lang='lat' dir='ltr'>solum</span> <span class='ocrx_word' id='word_1_31' title='bbox 1820 610 2124 698; x_wconf 84' lang='lat' dir='ltr'>proxime</span> <span class='ocrx_word' id='word_1_32' title='bbox 2156 609 2440 691; x_wconf 79' lang='lat' dir='ltr'>vicinOS,</span> <span class='ocrx_word' id='word_1_33' title='bbox 2481 613 2598 681; x_wconf 90' lang='lat' dir='ltr'>sed</span> <span class='ocrx_word' id='word_1_34' title='bbox 2638 614 2788 682; x_wconf 91' lang='lat' dir='ltr'>lon-</span> 
     </span>
     <span class='ocr_line' id='line_1_5' title="bbox 278 698 2791 787; baseline -0.001 -14"><span class='ocrx_word' id='word_1_35' title='bbox 278 706 396 773; x_wconf 89' lang='lat' dir='ltr'>ius</span> <span class='ocrx_word' id='word_1_36' title='bbox 433 700 711 770; x_wconf 90' lang='lat' dir='ltr'>dissitos</span> <span class='ocrx_word' id='word_1_37' title='bbox 763 700 1094 769; x_wconf 83' lang='lat' dir='ltr'>mirificae</span> <span class='ocrx_word' id='word_1_38' title='bbox 1151 699 1545 787; x_wconf 77' lang='lat' dir='ltr'>peregrinae</span> <span class='ocrx_word' id='word_1_39' title='bbox 1598 698 2015 787; x_wconf 81' lang='lat' dir='ltr'>fragrantiae</span> <span class='ocrx_word' id='word_1_40' title='bbox 2049 698 2546 769; x_wconf 84' lang='lat' dir='ltr'>oblectamento</span> <span class='ocrx_word' id='word_1_41' title='bbox 2581 702 2791 770; x_wconf 89' lang='lat' dir='ltr'>adha-</span> 
     </span>
     <span class='ocr_line' id='line_1_6' title="bbox 256 786 2787 863; baseline -0 -1"><span class='ocrx_word' id='word_1_42' title='bbox 256 792 432 863; x_wconf 90' lang='lat' dir='ltr'>avit.</span> <span class='ocrx_word' id='word_1_43' title='bbox 500 794 623 858; x_wconf 87' lang='lat' dir='ltr'>Sex</span> <span class='ocrx_word' id='word_1_44' title='bbox 674 789 946 857; x_wconf 75' lang='lat' dir='ltr'>circiter</span> <span class='ocrx_word' id='word_1_45' title='bbox 1011 788 1368 856; x_wconf 88' lang='lat' dir='ltr'>mensibus</span> <span class='ocrx_word' id='word_1_46' title='bbox 1426 786 1574 855; x_wconf 92' lang='lat' dir='ltr'>loco</span> <span class='ocrx_word' id='word_1_47' title='bbox 1626 787 1911 856; x_wconf 85' lang='lat' dir='ltr'>humido</span> <span class='ocrx_word' id='word_1_48' title='bbox 1946 810 2024 857; x_wconf 93' lang='lat' dir='ltr'>ac</span> <span class='ocrx_word' id='word_1_49' title='bbox 2083 787 2463 857; x_wconf 70' lang='lat' dir='ltr'>stillicidiis</span> <span class='ocrx_word' id='word_1_50' title='bbox 2493 791 2787 861; x_wconf 90' lang='lat' dir='ltr'>obnoxio</span> 
     </span>
     <span class='ocr_line' id='line_1_7' title="bbox 223 876 2782 972; baseline -0.003 -20"><span class='ocrx_word' id='word_1_51' title='bbox 223 879 592 972; x_wconf 89' lang='lat' dir='ltr'>sepultum</span> <span class='ocrx_word' id='word_1_52' title='bbox 625 878 938 966; x_wconf 87' lang='lat' dir='ltr'>jacuerat</span> <span class='ocrx_word' id='word_1_53' title='bbox 986 876 1203 945; x_wconf 90' lang='lat' dir='ltr'>sancti</span> <span class='ocrx_word' id='word_1_54' title='bbox 1258 876 1383 944; x_wconf 92' lang='lat' dir='ltr'>viri</span> <span class='ocrx_word' id='word_1_55' title='bbox 1440 876 1754 957; x_wconf 87' lang='lat' dir='ltr'>cadaver,</span> <span class='ocrx_word' id='word_1_56' title='bbox 1793 876 2070 963; x_wconf 88' lang='lat' dir='ltr'>quando</span> <span class='ocrx_word' id='word_1_57' title='bbox 2118 889 2494 946; x_wconf 90' lang='lat' dir='ltr'>extractum</span> <span class='ocrx_word' id='word_1_58' title='bbox 2550 891 2624 947; x_wconf 91' lang='lat' dir='ltr'>ut</span> <span class='ocrx_word' id='word_1_59' title='bbox 2665 878 2782 945; x_wconf 92' lang='lat' dir='ltr'>de—</span> 
     </span>
     <span class='ocr_line' id='line_1_8' title="bbox 220 964 2788 1055; baseline -0.002 -14"><span class='ocrx_word' id='word_1_60' title='bbox 220 969 528 1041; x_wconf 89' lang='lat' dir='ltr'>centiori</span> <span class='ocrx_word' id='word_1_61' title='bbox 580 966 850 1036; x_wconf 91' lang='lat' dir='ltr'>tumulo</span> <span class='ocrx_word' id='word_1_62' title='bbox 900 964 1287 1046; x_wconf 77' lang='lat' dir='ltr'>inferretur,</span> <span class='ocrx_word' id='word_1_63' title='bbox 1343 966 1686 1053; x_wconf 86' lang='lat' dir='ltr'>integrum</span> <span class='ocrx_word' id='word_1_64' title='bbox 1741 966 2359 1055; x_wconf 88' lang='lat' dir='ltr'>incorruptumque</span> <span class='ocrx_word' id='word_1_65' title='bbox 2391 1020 2405 1046; x_wconf 91' lang='lat'>,</span> <span class='ocrx_word' id='word_1_66' title='bbox 2461 965 2625 1035; x_wconf 93' lang='lat' dir='ltr'>solis</span> <span class='ocrx_word' id='word_1_67' title='bbox 2676 989 2788 1036; x_wconf 88' lang='lat' dir='ltr'>ve-</span> 
     </span>
     <span class='ocr_line' id='line_1_9' title="bbox 221 1053 2788 1144; baseline -0.002 -14"><span class='ocrx_word' id='word_1_68' title='bbox 221 1060 464 1130; x_wconf 90' lang='lat' dir='ltr'>stibus</span> <span class='ocrx_word' id='word_1_69' title='bbox 500 1056 807 1141; x_wconf 91' lang='lat' dir='ltr'>undique</span> <span class='ocrx_word' id='word_1_70' title='bbox 846 1053 1262 1144; x_wconf 84' lang='lat' dir='ltr'>putrefactis,</span> <span class='ocrx_word' id='word_1_71' title='bbox 1319 1068 1661 1142; x_wconf 88' lang='lat' dir='ltr'>repertum</span> <span class='ocrx_word' id='word_1_72' title='bbox 1699 1067 1821 1133; x_wconf 82' lang='lat' dir='ltr'>est,</span> <span class='ocrx_word' id='word_1_73' title='bbox 1871 1055 2250 1141; x_wconf 78' lang='lat' dir='ltr'>iterumque</span> <span class='ocrx_word' id='word_1_74' title='bbox 2289 1054 2588 1124; x_wconf 87' lang='lat' dir='ltr'>mirabili</span> <span class='ocrx_word' id='word_1_75' title='bbox 2627 1077 2788 1124; x_wconf 90' lang='lat' dir='ltr'>sua·-</span> 
     </span>
     <span class='ocr_line' id='line_1_10' title="bbox 221 1142 2789 1231; baseline -0.002 -13"><span class='ocrx_word' id='word_1_76' title='bbox 221 1146 578 1218; x_wconf 70' lang='lat' dir='ltr'>veolentia</span> <span class='ocrx_word' id='word_1_77' title='bbox 644 1145 1171 1213; x_wconf 82' lang='lat' dir='ltr'>circumstantes</span> <span class='ocrx_word' id='word_1_78' title='bbox 1234 1143 1564 1231; x_wconf 89' lang='lat' dir='ltr'>implevit.</span> <span class='ocrx_word' id='word_1_79' title='bbox 1648 1142 1928 1212; x_wconf 89' lang='lat' dir='ltr'>Ursulae</span> <span class='ocrx_word' id='word_1_80' title='bbox 1994 1144 2181 1212; x_wconf 88' lang='lat' dir='ltr'>Soler</span> <span class='ocrx_word' id='word_1_81' title='bbox 2231 1144 2372 1212; x_wconf 84' lang='lat' dir='ltr'>filia</span> <span class='ocrx_word' id='word_1_82' title='bbox 2421 1156 2614 1223; x_wconf 88' lang='lat' dir='ltr'>erat,</span> <span class='ocrx_word' id='word_1_83' title='bbox 2672 1145 2789 1215; x_wconf 87' lang='lat' dir='ltr'>cui</span> 
     </span>
     <span class='ocr_line' id='line_1_11' title="bbox 223 1230 2782 1322; baseline -0.002 -16"><span class='ocrx_word' id='word_1_84' title='bbox 223 1238 585 1306; x_wconf 86' lang='lat' dir='ltr'>immanes</span> <span class='ocrx_word' id='word_1_85' title='bbox 633 1233 879 1322; x_wconf 90' lang='lat' dir='ltr'>capitis</span> <span class='ocrx_word' id='word_1_86' title='bbox 920 1232 1192 1300; x_wconf 90' lang='lat' dir='ltr'>dolores</span> <span class='ocrx_word' id='word_1_87' title='bbox 1219 1253 1473 1301; x_wconf 88' lang='lat' dir='ltr'>omnes</span> <span class='ocrx_word' id='word_1_88' title='bbox 1505 1230 1916 1320; x_wconf 90' lang='lat' dir='ltr'>capillitium</span> <span class='ocrx_word' id='word_1_89' title='bbox 1971 1233 2302 1301; x_wconf 85' lang='lat' dir='ltr'>radicitus</span> <span class='ocrx_word' id='word_1_90' title='bbox 2332 1232 2782 1302; x_wconf 86' lang='lat' dir='ltr'>abstulerant.</span> 
     </span>
     <span class='ocr_line' id='line_1_12' title="bbox 223 1319 2781 1410; baseline -0.002 -15"><span class='ocrx_word' id='word_1_91' title='bbox 223 1324 846 1401; x_wconf 84' lang='lat' dir='ltr'>Medicamentum,</span> <span class='ocrx_word' id='word_1_92' title='bbox 900 1320 1079 1407; x_wconf 90' lang='lat' dir='ltr'>quod</span> <span class='ocrx_word' id='word_1_93' title='bbox 1134 1320 1352 1410; x_wconf 85' lang='lat' dir='ltr'>magis</span> <span class='ocrx_word' id='word_1_94' title='bbox 1403 1319 1804 1389; x_wconf 87' lang='lat' dir='ltr'>obfuturum</span> <span class='ocrx_word' id='word_1_95' title='bbox 1868 1321 1954 1390; x_wconf 90' lang='lat' dir='ltr'>ab</span> <span class='ocrx_word' id='word_1_96' title='bbox 2010 1322 2337 1390; x_wconf 90' lang='lat' dir='ltr'>omnibus</span> <span class='ocrx_word' id='word_1_97' title='bbox 2385 1321 2781 1399; x_wconf 81' lang='lat' dir='ltr'>timebatur,</span> 
     </span>
     <span class='ocr_line' id='line_1_13' title="bbox 221 1409 2791 1507; baseline -0.002 -23"><span class='ocrx_word' id='word_1_98' title='bbox 221 1416 530 1507; x_wconf 89' lang='lat' dir='ltr'>petitum</span> <span class='ocrx_word' id='word_1_99' title='bbox 575 1434 614 1480; x_wconf 90' lang='lat' dir='ltr'>a</span> <span class='ocrx_word' id='word_1_100' title='bbox 650 1410 969 1499; x_wconf 88' lang='lat' dir='ltr'>lampade</span> <span class='ocrx_word' id='word_1_101' title='bbox 1009 1430 1184 1496; x_wconf 89' lang='lat' dir='ltr'>quae</span> <span class='ocrx_word' id='word_1_102' title='bbox 1224 1431 1450 1478; x_wconf 91' lang='lat' dir='ltr'>coram</span> <span class='ocrx_word' id='word_1_103' title='bbox 1497 1410 1673 1479; x_wconf 88' lang='lat' dir='ltr'>beati</span> <span class='ocrx_word' id='word_1_104' title='bbox 1707 1410 1831 1477; x_wconf 89' lang='lat' dir='ltr'>viri</span> <span class='ocrx_word' id='word_1_105' title='bbox 1863 1409 2181 1499; x_wconf 89' lang='lat' dir='ltr'>sepulcro</span> <span class='ocrx_word' id='word_1_106' title='bbox 2215 1411 2533 1491; x_wconf 88' lang='lat' dir='ltr'>ardebat;</span> <span class='ocrx_word' id='word_1_107' title='bbox 2575 1410 2791 1498; x_wconf 85' lang='lat' dir='ltr'>hujus</span> 
     </span>
     <span class='ocr_line' id='line_1_14' title="bbox 222 1496 2783 1602; baseline -0.003 -27"><span class='ocrx_word' id='word_1_108' title='bbox 222 1504 385 1575; x_wconf 90' lang='lat' dir='ltr'>oleo</span> <span class='ocrx_word' id='word_1_109' title='bbox 441 1512 848 1602; x_wconf 88' lang='lat' dir='ltr'>perunctum</span> <span class='ocrx_word' id='word_1_110' title='bbox 904 1511 1112 1588; x_wconf 78' lang='lat' dir='ltr'>eaput</span> <span class='ocrx_word' id='word_1_111' title='bbox 1146 1496 1436 1588; x_wconf 86' lang='lat' dir='ltr'>puellae,</span> <span class='ocrx_word' id='word_1_112' title='bbox 1496 1520 1627 1567; x_wconf 90' lang='lat' dir='ltr'>non</span> <span class='ocrx_word' id='word_1_113' title='bbox 1667 1497 1888 1567; x_wconf 90' lang='lat' dir='ltr'>solum</span> <span class='ocrx_word' id='word_1_114' title='bbox 1927 1500 2189 1569; x_wconf 82' lang='lat' dir='ltr'>abactis</span> <span class='ocrx_word' id='word_1_115' title='bbox 2226 1499 2499 1589; x_wconf 90' lang='lat' dir='ltr'>penitus</span> <span class='ocrx_word' id='word_1_116' title='bbox 2532 1499 2783 1568; x_wconf 89' lang='lat' dir='ltr'>dolori-</span> 
     </span>
     <span class='ocr_line' id='line_1_15' title="bbox 223 1586 2783 1678; baseline -0.002 -16"><span class='ocrx_word' id='word_1_117' title='bbox 223 1594 396 1671; x_wconf 89' lang='lat' dir='ltr'>bus,</span> <span class='ocrx_word' id='word_1_118' title='bbox 441 1602 778 1678; x_wconf 88' lang='lat' dir='ltr'>mtegram</span> <span class='ocrx_word' id='word_1_119' title='bbox 819 1586 1307 1667; x_wconf 84' lang='lat' dir='ltr'>valetudinem,</span> <span class='ocrx_word' id='word_1_120' title='bbox 1354 1587 1469 1657; x_wconf 86' lang='lat' dir='ltr'>sed</span> <span class='ocrx_word' id='word_1_121' title='bbox 1508 1600 1570 1656; x_wconf 91' lang='lat' dir='ltr'>et</span> <span class='ocrx_word' id='word_1_122' title='bbox 1612 1586 1902 1677; x_wconf 79' lang='lat' dir='ltr'>capillos</span> <span class='ocrx_word' id='word_1_123' title='bbox 1940 1588 2404 1677; x_wconf 89' lang='lat' dir='ltr'>recuperavit;</span> <span class='ocrx_word' id='word_1_124' title='bbox 2444 1589 2783 1674; x_wconf 86' lang='lat' dir='ltr'>quaedam</span> 
     </span>
     <span class='ocr_line' id='line_1_16' title="bbox 226 1675 2790 1772; baseline -0.002 -22"><span class='ocrx_word' id='word_1_125' title='bbox 226 1679 478 1772; x_wconf 86' lang='lat' dir='ltr'>puella</span> <span class='ocrx_word' id='word_1_126' title='bbox 514 1676 735 1747; x_wconf 90' lang='lat' dir='ltr'>oculis</span> <span class='ocrx_word' id='word_1_127' title='bbox 769 1677 1029 1755; x_wconf 87' lang='lat' dir='ltr'>orbata,</span> <span class='ocrx_word' id='word_1_128' title='bbox 1076 1675 1162 1744; x_wconf 91' lang='lat' dir='ltr'>ad</span> <span class='ocrx_word' id='word_1_129' title='bbox 1216 1675 1466 1745; x_wconf 88' lang='lat' dir='ltr'>fontem</span> <span class='ocrx_word' id='word_1_130' title='bbox 1532 1676 1661 1745; x_wconf 89' lang='lat' dir='ltr'>loci</span> <span class='ocrx_word' id='word_1_131' title='bbox 1698 1675 1974 1757; x_wconf 86' lang='lat' dir='ltr'>Ruzafa‚</span> <span class='ocrx_word' id='word_1_132' title='bbox 2019 1698 2056 1745; x_wconf 88' lang='lat' dir='ltr'>e</span> <span class='ocrx_word' id='word_1_133' title='bbox 2110 1699 2245 1763; x_wconf 88' lang='lat' dir='ltr'>quo</span> <span class='ocrx_word' id='word_1_134' title='bbox 2279 1681 2522 1747; x_wconf 87' lang='lat' dir='ltr'>Beatus</span> <span class='ocrx_word' id='word_1_135' title='bbox 2558 1677 2790 1746; x_wconf 87' lang='lat' dir='ltr'>bibere</span> 
     </span>
     <span class='ocr_line' id='line_1_17' title="bbox 226 1765 2790 1855; baseline -0.003 -14"><span class='ocrx_word' id='word_1_136' title='bbox 226 1770 529 1846; x_wconf 88' lang='lat' dir='ltr'>solebat,</span> <span class='ocrx_word' id='word_1_137' title='bbox 586 1766 741 1835; x_wconf 88' lang='lat' dir='ltr'>lotis</span> <span class='ocrx_word' id='word_1_138' title='bbox 775 1765 1018 1845; x_wconf 80' lang='lat' dir='ltr'>oculiS,</span> <span class='ocrx_word' id='word_1_139' title='bbox 1062 1765 1427 1853; x_wconf 90' lang='lat' dir='ltr'>pristinum</span> <span class='ocrx_word' id='word_1_140' title='bbox 1479 1786 1718 1834; x_wconf 87' lang='lat' dir='ltr'>eorum</span> <span class='ocrx_word' id='word_1_141' title='bbox 1772 1788 1974 1835; x_wconf 88' lang='lat' dir='ltr'>usum</span> <span class='ocrx_word' id='word_1_142' title='bbox 2020 1766 2481 1854; x_wconf 88' lang='lat' dir='ltr'>recuperavit;</span> <span class='ocrx_word' id='word_1_143' title='bbox 2530 1770 2790 1855; x_wconf 86' lang='lat' dir='ltr'>Gaspar</span> 
     </span>
     <span class='ocr_line' id='line_1_18' title="bbox 229 1852 2787 1944; baseline -0.003 -15"><span class='ocrx_word' id='word_1_144' title='bbox 229 1858 561 1929; x_wconf 85' lang='lat' dir='ltr'>Ramirez</span> <span class='ocrx_word' id='word_1_145' title='bbox 610 1876 857 1923; x_wconf 90' lang='lat' dir='ltr'>caecus</span> <span class='ocrx_word' id='word_1_146' title='bbox 910 1853 992 1922; x_wconf 93' lang='lat' dir='ltr'>ad</span> <span class='ocrx_word' id='word_1_147' title='bbox 1056 1852 1403 1922; x_wconf 89' lang='lat' dir='ltr'>tumulum</span> <span class='ocrx_word' id='word_1_148' title='bbox 1451 1854 1676 1923; x_wconf 84' lang='lat' dir='ltr'>Sancti</span> <span class='ocrx_word' id='word_1_149' title='bbox 1730 1874 2064 1922; x_wconf 84' lang='lat' dir='ltr'>novenam</span> <span class='ocrx_word' id='word_1_150' title='bbox 2117 1857 2474 1944; x_wconf 79' lang='lat' dir='ltr'>peragens,</span> <span class='ocrx_word' id='word_1_151' title='bbox 2520 1854 2787 1923; x_wconf 76' lang='lat' dir='ltr'>ultima-</span> 
     </span>
     <span class='ocr_line' id='line_1_19' title="bbox 230 1941 2788 2100; baseline -0.002 -84"><span class='ocrx_word' id='word_1_152' title='bbox 230 1945 553 2034; x_wconf 78' lang='lat' dir='ltr'>quedie</span> <span class='ocrx_word' id='word_1_153' title='bbox 611 1941 847 2012; x_wconf 90' lang='lat' dir='ltr'>oculos</span> <span class='ocrx_word' id='word_1_154' title='bbox 904 1942 1222 2100; x_wconf 53' lang='lat' dir='ltr'>segulcro</span> <span class='ocrx_word' id='word_1_155' title='bbox 1272 1964 1430 2011; x_wconf 87' lang='lat' dir='ltr'>curn</span> <span class='ocrx_word' id='word_1_156' title='bbox 1490 1942 1622 2010; x_wconf 83' lang='lat' dir='ltr'>fide</span> <span class='ocrx_word' id='word_1_157' title='bbox 1673 1942 2055 2033; x_wconf 87' lang='lat' dir='ltr'>applicans,</span> <span class='ocrx_word' id='word_1_158' title='bbox 2105 1944 2515 2033; x_wconf 87' lang='lat' dir='ltr'>profluvium</span> <span class='ocrx_word' id='word_1_159' title='bbox 2566 1943 2788 2011; x_wconf 90' lang='lat' dir='ltr'>crocei</span> 
     </span>
     <span class='ocr_line' id='line_1_20' title="bbox 231 2030 2780 2120; baseline -0.003 -15"><span class='ocrx_word' id='word_1_160' title='bbox 231 2032 564 2105; x_wconf 89' lang='lat' dir='ltr'>humoris</span> <span class='ocrx_word' id='word_1_161' title='bbox 638 2031 866 2099; x_wconf 84' lang='lat' dir='ltr'>emisit</span> <span class='ocrx_word' id='word_1_162' title='bbox 930 2054 966 2099; x_wconf 90' lang='lat' dir='ltr'>a</span> <span class='ocrx_word' id='word_1_163' title='bbox 1065 2030 1328 2110; x_wconf 86' lang='lat' dir='ltr'>oculis,</span> <span class='ocrx_word' id='word_1_164' title='bbox 1384 2053 1461 2099; x_wconf 89' lang='lat' dir='ltr'>ac</span> <span class='ocrx_word' id='word_1_165' title='bbox 1513 2031 1741 2100; x_wconf 87' lang='lat' dir='ltr'>subito</span> <span class='ocrx_word' id='word_1_166' title='bbox 1788 2032 2133 2101; x_wconf 90' lang='lat' dir='ltr'>caecitatis</span> <span class='ocrx_word' id='word_1_167' title='bbox 2200 2054 2366 2102; x_wconf 89' lang='lat' dir='ltr'>suae</span> <span class='ocrx_word' id='word_1_168' title='bbox 2414 2031 2780 2120; x_wconf 90' lang='lat' dir='ltr'>caliginem</span> 
     </span>
     <span class='ocr_line' id='line_1_21' title="bbox 233 2119 2790 2210; baseline -0.002 -18"><span class='ocrx_word' id='word_1_169' title='bbox 233 2125 468 2193; x_wconf 89' lang='lat' dir='ltr'>laetus</span> <span class='ocrx_word' id='word_1_170' title='bbox 508 2119 906 2189; x_wconf 86' lang='lat' dir='ltr'>abstersit...</span> <span class='ocrx_word' id='word_1_171' title='bbox 958 2120 1246 2188; x_wconf 87' lang='lat' dir='ltr'>Isabella</span> <span class='ocrx_word' id='word_1_172' title='bbox 1281 2125 1548 2188; x_wconf 88' lang='lat' dir='ltr'>Joanna</span> <span class='ocrx_word' id='word_1_173' title='bbox 1590 2119 1789 2189; x_wconf 92' lang='lat' dir='ltr'>Salon</span> <span class='ocrx_word' id='word_1_174' title='bbox 1834 2142 1990 2188; x_wconf 84' lang='lat' dir='ltr'>cum</span> <span class='ocrx_word' id='word_1_175' title='bbox 2047 2119 2370 2210; x_wconf 90' lang='lat' dir='ltr'>plurimis</span> <span class='ocrx_word' id='word_1_176' title='bbox 2400 2122 2602 2189; x_wconf 88' lang='lat' dir='ltr'>annis</span> <span class='ocrx_word' id='word_1_177' title='bbox 2635 2141 2790 2209; x_wconf 87' lang='lat' dir='ltr'>gra·-</span> 
     </span>
     <span class='ocr_line' id='line_1_22' title="bbox 225 2208 2783 2295; baseline -0.001 -17"><span class='ocrx_word' id='word_1_178' title='bbox 225 2213 416 2280; x_wconf 87' lang='lat' dir='ltr'>viter</span> <span class='ocrx_word' id='word_1_179' title='bbox 453 2209 766 2278; x_wconf 88' lang='lat' dir='ltr'>ulceroso</span> <span class='ocrx_word' id='word_1_180' title='bbox 800 2208 1097 2295; x_wconf 91' lang='lat' dir='ltr'>quodam</span> <span class='ocrx_word' id='word_1_181' title='bbox 1151 2208 1477 2278; x_wconf 88' lang='lat' dir='ltr'>abscessu</span> <span class='ocrx_word' id='word_1_182' title='bbox 1529 2222 1980 2294; x_wconf 85' lang='lat' dir='ltr'>torqueretur,</span> <span class='ocrx_word' id='word_1_183' title='bbox 2035 2222 2281 2278; x_wconf 90' lang='lat' dir='ltr'>attacta</span> <span class='ocrx_word' id='word_1_184' title='bbox 2311 2210 2555 2278; x_wconf 84' lang='lat' dir='ltr'>feretro</span> <span class='ocrx_word' id='word_1_185' title='bbox 2603 2209 2783 2295; x_wconf 90' lang='lat' dir='ltr'>quod</span> 
     </span>
     <span class='ocr_line' id='line_1_23' title="bbox 231 2296 2781 2387; baseline -0.003 -16"><span class='ocrx_word' id='word_1_186' title='bbox 231 2299 475 2371; x_wconf 87' lang='lat' dir='ltr'>Sancti</span> <span class='ocrx_word' id='word_1_187' title='bbox 504 2297 796 2367; x_wconf 89' lang='lat' dir='ltr'>cadaver</span> <span class='ocrx_word' id='word_1_188' title='bbox 830 2310 1232 2384; x_wconf 84' lang='lat' dir='ltr'>gestaverat,</span> <span class='ocrx_word' id='word_1_189' title='bbox 1283 2297 1615 2385; x_wconf 86' lang='lat' dir='ltr'>perfectae</span> <span class='ocrx_word' id='word_1_190' title='bbox 1644 2296 1958 2366; x_wconf 90' lang='lat' dir='ltr'>sanitatis</span> <span class='ocrx_word' id='word_1_191' title='bbox 1991 2297 2324 2366; x_wconf 88' lang='lat' dir='ltr'>beneficio</span> <span class='ocrx_word' id='word_1_192' title='bbox 2362 2299 2569 2387; x_wconf 89' lang='lat' dir='ltr'>potita</span> <span class='ocrx_word' id='word_1_193' title='bbox 2600 2312 2781 2367; x_wconf 90' lang='lat' dir='ltr'>est...</span> 
     </span>
     <span class='ocr_line' id='line_1_24' title="bbox 226 2386 2779 2475; baseline -0.001 -17"><span class='ocrx_word' id='word_1_194' title='bbox 226 2395 431 2458; x_wconf 82' lang='lat' dir='ltr'>Anna</span> <span class='ocrx_word' id='word_1_195' title='bbox 467 2386 776 2464; x_wconf 87' lang='lat' dir='ltr'>Monfort,</span> <span class='ocrx_word' id='word_1_196' title='bbox 816 2386 928 2454; x_wconf 89' lang='lat' dir='ltr'>cui</span> <span class='ocrx_word' id='word_1_197' title='bbox 970 2386 1305 2475; x_wconf 82' lang='lat' dir='ltr'>paralysis</span> <span class='ocrx_word' id='word_1_198' title='bbox 1343 2408 1545 2454; x_wconf 86' lang='lat' dir='ltr'>usum</span> <span class='ocrx_word' id='word_1_199' title='bbox 1586 2387 2052 2455; x_wconf 88' lang='lat' dir='ltr'>membrorum</span> <span class='ocrx_word' id='word_1_200' title='bbox 2094 2408 2376 2475; x_wconf 88' lang='lat' dir='ltr'>prorsus</span> <span class='ocrx_word' id='word_1_201' title='bbox 2408 2386 2779 2468; x_wconf 75' lang='lat' dir='ltr'>ademerat,</span> 
     </span>
     <span class='ocr_line' id='line_1_25' title="bbox 228 2474 2785 2563; baseline -0.001 -15"><span class='ocrx_word' id='word_1_202' title='bbox 228 2491 299 2548; x_wconf 90' lang='lat' dir='ltr'>et</span> <span class='ocrx_word' id='word_1_203' title='bbox 351 2476 577 2546; x_wconf 89' lang='lat' dir='ltr'>morbi</span> <span class='ocrx_word' id='word_1_204' title='bbox 628 2474 948 2545; x_wconf 86' lang='lat' dir='ltr'>violentia</span> <span class='ocrx_word' id='word_1_205' title='bbox 980 2475 1186 2546; x_wconf 88' lang='lat' dir='ltr'>situm</span> <span class='ocrx_word' id='word_1_206' title='bbox 1222 2476 1360 2544; x_wconf 90' lang='lat' dir='ltr'>oris</span> <span class='ocrx_word' id='word_1_207' title='bbox 1394 2474 1788 2545; x_wconf 85' lang='lat' dir='ltr'>foedissime</span> <span class='ocrx_word' id='word_1_208' title='bbox 1822 2475 2243 2555; x_wconf 89' lang='lat' dir='ltr'>distorserat,</span> <span class='ocrx_word' id='word_1_209' title='bbox 2279 2476 2530 2545; x_wconf 88' lang='lat' dir='ltr'>haustu</span> <span class='ocrx_word' id='word_1_210' title='bbox 2565 2497 2785 2563; x_wconf 87' lang='lat' dir='ltr'>aquae</span> 
     </span>
     <span class='ocr_line' id='line_1_26' title="bbox 228 2563 2780 2645; baseline -0.002 -8"><span class='ocrx_word' id='word_1_211' title='bbox 228 2591 313 2637; x_wconf 87' lang='lat' dir='ltr'>ex</span> <span class='ocrx_word' id='word_1_212' title='bbox 379 2566 617 2635; x_wconf 90' lang='lat' dir='ltr'>eodem</span> <span class='ocrx_word' id='word_1_213' title='bbox 665 2563 957 2633; x_wconf 85' lang='lat' dir='ltr'>Ruzafae</span> <span class='ocrx_word' id='word_1_214' title='bbox 1024 2563 1229 2644; x_wconf 88' lang='lat' dir='ltr'>fonte,</span> <span class='ocrx_word' id='word_1_215' title='bbox 1284 2586 1365 2632; x_wconf 88' lang='lat' dir='ltr'>ac</span> <span class='ocrx_word' id='word_1_216' title='bbox 1425 2566 1737 2633; x_wconf 90' lang='lat' dir='ltr'>invocato</span> <span class='ocrx_word' id='word_1_217' title='bbox 1787 2570 1847 2634; x_wconf 90' lang='lat' dir='ltr'>S.</span> <span class='ocrx_word' id='word_1_218' title='bbox 1903 2565 2220 2634; x_wconf 89' lang='lat' dir='ltr'>Ludovici</span> <span class='ocrx_word' id='word_1_219' title='bbox 2274 2567 2574 2645; x_wconf 89' lang='lat' dir='ltr'>nomine,</span> <span class='ocrx_word' id='word_1_220' title='bbox 2639 2579 2780 2633; x_wconf 90' lang='lat' dir='ltr'>tum</span> 
     </span>
     <span class='ocr_line' id='line_1_27' title="bbox 228 2651 2784 2745; baseline -0.002 -19"><span class='ocrx_word' id='word_1_221' title='bbox 228 2658 391 2745; x_wconf 88' lang='lat' dir='ltr'>ipsa</span> <span class='ocrx_word' id='word_1_222' title='bbox 430 2653 828 2736; x_wconf 87' lang='lat' dir='ltr'>valetudini,</span> <span class='ocrx_word' id='word_1_223' title='bbox 865 2665 1005 2721; x_wconf 87' lang='lat' dir='ltr'>tum</span> <span class='ocrx_word' id='word_1_224' title='bbox 1043 2676 1119 2723; x_wconf 89' lang='lat' dir='ltr'>os</span> <span class='ocrx_word' id='word_1_225' title='bbox 1173 2651 1379 2742; x_wconf 90' lang='lat' dir='ltr'>priori</span> <span class='ocrx_word' id='word_1_226' title='bbox 1421 2654 1584 2722; x_wconf 92' lang='lat' dir='ltr'>situi</span> <span class='ocrx_word' id='word_1_227' title='bbox 1635 2656 2023 2723; x_wconf 89' lang='lat' dir='ltr'>restitutum</span> <span class='ocrx_word' id='word_1_228' title='bbox 2076 2654 2284 2724; x_wconf 89' lang='lat' dir='ltr'>fuit...</span> <span class='ocrx_word' id='word_1_229' title='bbox 2324 2655 2784 2741; x_wconf 74' lang='lat' dir='ltr'>Hieronymae</span> 
     </span>
     <span class='ocr_line' id='line_1_28' title="bbox 230 2741 2780 2834; baseline -0.003 -18"><span class='ocrx_word' id='word_1_230' title='bbox 230 2744 466 2834; x_wconf 87' lang='lat' dir='ltr'>Capell</span> <span class='ocrx_word' id='word_1_231' title='bbox 521 2741 799 2822; x_wconf 83' lang='lat' dir='ltr'>filiolus,</span> <span class='ocrx_word' id='word_1_232' title='bbox 857 2755 1057 2832; x_wconf 88' lang='lat' dir='ltr'>rupto</span> <span class='ocrx_word' id='word_1_233' title='bbox 1103 2744 1468 2831; x_wconf 88' lang='lat' dir='ltr'>peritone0,</span> <span class='ocrx_word' id='word_1_234' title='bbox 1535 2742 1853 2829; x_wconf 88' lang='lat' dir='ltr'>forasque</span> <span class='ocrx_word' id='word_1_235' title='bbox 1900 2744 2196 2814; x_wconf 84' lang='lat' dir='ltr'>extrusis</span> <span class='ocrx_word' id='word_1_236' title='bbox 2250 2743 2630 2820; x_wconf 86' lang='lat' dir='ltr'>intestinis,</span> <span class='ocrx_word' id='word_1_237' title='bbox 2671 2743 2780 2830; x_wconf 88' lang='lat' dir='ltr'>ju-</span> 
     </span>
     <span class='ocr_line' id='line_1_29' title="bbox 231 2830 2782 2924; baseline -0.002 -22"><span class='ocrx_word' id='word_1_238' title='bbox 231 2835 420 2924; x_wconf 86' lang='lat' dir='ltr'>giter</span> <span class='ocrx_word' id='word_1_239' title='bbox 443 2832 715 2923; x_wconf 77' lang='lat' dir='ltr'>ejulans</span> <span class='ocrx_word' id='word_1_240' title='bbox 742 2844 806 2900; x_wconf 88' lang='lat' dir='ltr'>et</span> <span class='ocrx_word' id='word_1_241' title='bbox 845 2831 1256 2921; x_wconf 89' lang='lat' dir='ltr'>sanguinem</span> <span class='ocrx_word' id='word_1_242' title='bbox 1291 2852 1596 2913; x_wconf 89' lang='lat' dir='ltr'>vomens,</span> <span class='ocrx_word' id='word_1_243' title='bbox 1634 2832 1753 2901; x_wconf 90' lang='lat' dir='ltr'>ubi</span> <span class='ocrx_word' id='word_1_244' title='bbox 1790 2831 2060 2901; x_wconf 89' lang='lat' dir='ltr'>tandem</span> <span class='ocrx_word' id='word_1_245' title='bbox 2092 2854 2133 2901; x_wconf 89' lang='lat' dir='ltr'>a</span> <span class='ocrx_word' id='word_1_246' title='bbox 2166 2847 2378 2900; x_wconf 89' lang='lat' dir='ltr'>matre</span> <span class='ocrx_word' id='word_1_247' title='bbox 2405 2831 2486 2900; x_wconf 90' lang='lat' dir='ltr'>ad</span> <span class='ocrx_word' id='word_1_248' title='bbox 2524 2830 2782 2899; x_wconf 86' lang='lat' dir='ltr'>fontem</span> 
     </span>
     <span class='ocr_line' id='line_1_30' title="bbox 234 2919 2788 3011; baseline -0.002 -18"><span class='ocrx_word' id='word_1_249' title='bbox 234 2922 544 2993; x_wconf 89' lang='lat' dir='ltr'>Ruzafae</span> <span class='ocrx_word' id='word_1_250' title='bbox 577 2921 828 3011; x_wconf 89' lang='lat' dir='ltr'>pannis</span> <span class='ocrx_word' id='word_1_251' title='bbox 865 2921 930 2988; x_wconf 91' lang='lat' dir='ltr'>in</span> <span class='ocrx_word' id='word_1_252' title='bbox 967 2942 1047 2990; x_wconf 89' lang='lat' dir='ltr'>eo</span> <span class='ocrx_word' id='word_1_253' title='bbox 1083 2919 1484 2991; x_wconf 87' lang='lat' dir='ltr'>madefactis</span> <span class='ocrx_word' id='word_1_254' title='bbox 1532 2921 1879 2990; x_wconf 88' lang='lat' dir='ltr'>incinctus</span> <span class='ocrx_word' id='word_1_255' title='bbox 1913 2920 2061 3000; x_wconf 89' lang='lat' dir='ltr'>fuit,</span> <span class='ocrx_word' id='word_1_256' title='bbox 2106 2920 2369 3008; x_wconf 81' lang='lat' dir='ltr'>integre</span> <span class='ocrx_word' id='word_1_257' title='bbox 2418 2941 2633 2988; x_wconf 89' lang='lat' dir='ltr'>sanus</span> <span class='ocrx_word' id='word_1_258' title='bbox 2668 2919 2788 2988; x_wconf 88' lang='lat' dir='ltr'>do-</span> 
     </span>
     <span class='ocr_line' id='line_1_31' title="bbox 234 3008 2778 3099; baseline -0.002 -18"><span class='ocrx_word' id='word_1_259' title='bbox 234 3034 436 3081; x_wconf 88' lang='lat' dir='ltr'>mum</span> <span class='ocrx_word' id='word_1_260' title='bbox 491 3022 957 3099; x_wconf 75' lang='lat' dir='ltr'>reportatur...</span> <span class='ocrx_word' id='word_1_261' title='bbox 1002 3014 1166 3079; x_wconf 88' lang='lat' dir='ltr'>Cum</span> <span class='ocrx_word' id='word_1_262' title='bbox 1205 3010 1271 3079; x_wconf 91' lang='lat' dir='ltr'>in</span> <span class='ocrx_word' id='word_1_263' title='bbox 1316 3024 1655 3079; x_wconf 89' lang='lat' dir='ltr'>conventu</span> <span class='ocrx_word' id='word_1_264' title='bbox 1687 3015 1752 3079; x_wconf 85' lang='lat' dir='ltr'>S.</span> <span class='ocrx_word' id='word_1_265' title='bbox 1781 3008 2169 3097; x_wconf 88' lang='lat' dir='ltr'>Honuphrii</span> <span class='ocrx_word' id='word_1_266' title='bbox 2207 3009 2498 3097; x_wconf 90' lang='lat' dir='ltr'>priorem</span> <span class='ocrx_word' id='word_1_267' title='bbox 2542 3030 2778 3097; x_wconf 89' lang='lat' dir='ltr'>agens,</span> 
     </span>
     <span class='ocr_line' id='line_1_32' title="bbox 166 3096 2779 3188; baseline -0.002 -19"><span class='ocrx_word' id='word_1_268' title='bbox 166 3133 172 3142; x_wconf 84' lang='lat'><em>·</em></span> <span class='ocrx_word' id='word_1_269' title='bbox 235 3099 656 3174; x_wconf 87' lang='lat' dir='ltr'>reficiendae</span> <span class='ocrx_word' id='word_1_270' title='bbox 706 3097 1181 3187; x_wconf 88' lang='lat' dir='ltr'>religiosorum</span> <span class='ocrx_word' id='word_1_271' title='bbox 1253 3098 1734 3168; x_wconf 84' lang='lat' dir='ltr'>communitati</span> <span class='ocrx_word' id='word_1_272' title='bbox 1797 3119 2008 3188; x_wconf 88' lang='lat' dir='ltr'>panes</span> <span class='ocrx_word' id='word_1_273' title='bbox 2064 3096 2300 3167; x_wconf 88' lang='lat' dir='ltr'>deesse</span> <span class='ocrx_word' id='word_1_274' title='bbox 2357 3097 2779 3178; x_wconf 90' lang='lat' dir='ltr'>adverteret,</span> 
     </span>
     <span class='ocr_line' id='line_1_33' title="bbox 237 3185 2785 3275; baseline -0.002 -17"><span class='ocrx_word' id='word_1_275' title='bbox 237 3189 493 3258; x_wconf 87' lang='lat' dir='ltr'>Christi</span> <span class='ocrx_word' id='word_1_276' title='bbox 543 3189 611 3255; x_wconf 91' lang='lat' dir='ltr'>in</span> <span class='ocrx_word' id='word_1_277' title='bbox 663 3186 929 3257; x_wconf 85' lang='lat' dir='ltr'>deserto</span> <span class='ocrx_word' id='word_1_278' title='bbox 1020 3186 1467 3255; x_wconf 87' lang='lat' dir='ltr'>rovidentiam</span> <span class='ocrx_word' id='word_1_279' title='bbox 1512 3188 1846 3266; x_wconf 55' lang='lat' dir='ltr'>imitatus</span> <span class='ocrx_word' id='word_1_280' title='bbox 1875 3199 2131 3275; x_wconf 89' lang='lat' dir='ltr'>septem</span> <span class='ocrx_word' id='word_1_281' title='bbox 2167 3185 2575 3274; x_wconf 86' lang='lat' dir='ltr'>fragmenta,</span> <span class='ocrx_word' id='word_1_282' title='bbox 2607 3207 2785 3272; x_wconf 90' lang='lat' dir='ltr'>quae</span> 
     </span>
     <span class='ocr_line' id='line_1_34' title="bbox 238 3273 2784 3366; baseline -0.003 -19"><span class='ocrx_word' id='word_1_283' title='bbox 238 3278 469 3347; x_wconf 91' lang='lat' dir='ltr'>solum</span> <span class='ocrx_word' id='word_1_284' title='bbox 524 3275 707 3344; x_wconf 90' lang='lat' dir='ltr'>domi</span> <span class='ocrx_word' id='word_1_285' title='bbox 747 3298 954 3364; x_wconf 91' lang='lat' dir='ltr'>super</span> <span class='ocrx_word' id='word_1_286' title='bbox 989 3289 1250 3355; x_wconf 83' lang='lat' dir='ltr'>nerant,</span> <span class='ocrx_word' id='word_1_287' title='bbox 1308 3275 1624 3366; x_wconf 89' lang='lat' dir='ltr'>arripuit,</span> <span class='ocrx_word' id='word_1_288' title='bbox 1663 3297 1879 3361; x_wconf 89' lang='lat' dir='ltr'>eaque</span> <span class='ocrx_word' id='word_1_289' title='bbox 1927 3273 2071 3343; x_wconf 93' lang='lat' dir='ltr'>solo</span> <span class='ocrx_word' id='word_1_290' title='bbox 2107 3275 2603 3345; x_wconf 88' lang='lat' dir='ltr'>benedictionis</span> <span class='ocrx_word' id='word_1_291' title='bbox 2654 3275 2784 3343; x_wconf 88' lang='lat' dir='ltr'>im-</span> 
     </span>
     <span class='ocr_line' id='line_1_35' title="bbox 241 3363 2782 3465; baseline -0.001 -30"><span class='ocrx_word' id='word_1_292' title='bbox 241 3364 498 3456; x_wconf 90' lang='lat' dir='ltr'>pendio</span> <span class='ocrx_word' id='word_1_293' title='bbox 533 3365 629 3432; x_wconf 88' lang='lat' dir='ltr'>sic</span> <span class='ocrx_word' id='word_1_294' title='bbox 665 3363 1170 3465; x_wconf 85' lang='lat' dir='ltr'>multiplicavit,</span> <span class='ocrx_word' id='word_1_295' title='bbox 1210 3377 1284 3432; x_wconf 93' lang='lat' dir='ltr'>ut</span> <span class='ocrx_word' id='word_1_296' title='bbox 1321 3387 1451 3433; x_wconf 91' lang='lat' dir='ltr'>non</span> <span class='ocrx_word' id='word_1_297' title='bbox 1500 3377 1761 3433; x_wconf 90' lang='lat' dir='ltr'>tantum</span> <span class='ocrx_word' id='word_1_298' title='bbox 1801 3364 1869 3432; x_wconf 90' lang='lat' dir='ltr'>in</span> <span class='ocrx_word' id='word_1_299' title='bbox 1915 3364 2137 3453; x_wconf 73' lang='lat' dir='ltr'>prima</span> <span class='ocrx_word' id='word_1_300' title='bbox 2181 3367 2416 3434; x_wconf 77' lang='lat' dir='ltr'>mensa</span> <span class='ocrx_word' id='word_1_301' title='bbox 2451 3363 2782 3434; x_wconf 89' lang='lat' dir='ltr'>fratribus</span> 
     </span>
     <span class='ocr_line' id='line_1_36' title="bbox 240 3451 2783 3544; baseline -0.001 -21"><span class='ocrx_word' id='word_1_302' title='bbox 240 3455 530 3544; x_wconf 87' lang='lat' dir='ltr'>triginta</span> <span class='ocrx_word' id='word_1_303' title='bbox 577 3466 641 3522; x_wconf 90' lang='lat' dir='ltr'>et</span> <span class='ocrx_word' id='word_1_304' title='bbox 680 3453 983 3541; x_wconf 76' lang='lat' dir='ltr'>amplius</span> <span class='ocrx_word' id='word_1_305' title='bbox 1019 3454 1085 3521; x_wconf 92' lang='lat' dir='ltr'>in</span> <span class='ocrx_word' id='word_1_306' title='bbox 1126 3452 1493 3542; x_wconf 90' lang='lat' dir='ltr'>prandium</span> <span class='ocrx_word' id='word_1_307' title='bbox 1531 3451 1807 3536; x_wconf 80' lang='lat' dir='ltr'>abunde</span> <span class='ocrx_word' id='word_1_308' title='bbox 1840 3451 2256 3532; x_wconf 84' lang='lat' dir='ltr'>suffecerint,</span> <span class='ocrx_word' id='word_1_309' title='bbox 2293 3452 2410 3521; x_wconf 84' lang='lat' dir='ltr'>sed</span> <span class='ocrx_word' id='word_1_310' title='bbox 2443 3453 2645 3522; x_wconf 88' lang='lat' dir='ltr'>etiam</span> <span class='ocrx_word' id='word_1_311' title='bbox 2680 3473 2783 3520; x_wconf 90' lang='lat' dir='ltr'>re-</span> 
     </span>
     <span class='ocr_line' id='line_1_37' title="bbox 229 3539 2784 3631; baseline -0.002 -19"><span class='ocrx_word' id='word_1_312' title='bbox 229 3542 474 3631; x_wconf 81' lang='lat' dir='ltr'>&#39;liquos</span> <span class='ocrx_word' id='word_1_313' title='bbox 519 3542 588 3609; x_wconf 90' lang='lat' dir='ltr'>in</span> <span class='ocrx_word' id='word_1_314' title='bbox 647 3541 949 3610; x_wconf 75' lang='lat' dir='ltr'>secunda</span> <span class='ocrx_word' id='word_1_315' title='bbox 994 3545 1229 3610; x_wconf 73' lang='lat' dir='ltr'>mensa</span> <span class='ocrx_word' id='word_1_316' title='bbox 1264 3562 1567 3629; x_wconf 85' lang='lat' dir='ltr'>congrue</span> <span class='ocrx_word' id='word_1_317' title='bbox 1615 3543 2107 3621; x_wconf 81' lang='lat' dir='ltr'>saturaverint3</span> <span class='ocrx_word' id='word_1_318' title='bbox 2143 3541 2396 3610; x_wconf 78' lang='lat' dir='ltr'>Joanni</span> <span class='ocrx_word' id='word_1_319' title='bbox 2443 3542 2527 3611; x_wconf 89' lang='lat' dir='ltr'>de</span> <span class='ocrx_word' id='word_1_320' title='bbox 2576 3539 2784 3610; x_wconf 90' lang='lat' dir='ltr'>Pede-</span> 
     </span>
     <span class='ocr_line' id='line_1_38' title="bbox 240 3628 2782 3719; baseline -0 -21"><span class='ocrx_word' id='word_1_321' title='bbox 240 3653 403 3701; x_wconf 89' lang='lat' dir='ltr'>vera</span> <span class='ocrx_word' id='word_1_322' title='bbox 454 3629 828 3699; x_wconf 89' lang='lat' dir='ltr'>domestico</span> <span class='ocrx_word' id='word_1_323' title='bbox 876 3629 1213 3699; x_wconf 85' lang='lat' dir='ltr'>Valentini</span> <span class='ocrx_word' id='word_1_324' title='bbox 1253 3629 1756 3719; x_wconf 86' lang='lat' dir='ltr'>archiepiscopi</span> <span class='ocrx_word' id='word_1_325' title='bbox 1808 3629 2067 3699; x_wconf 86' lang='lat' dir='ltr'>famulo</span> <span class='ocrx_word' id='word_1_326' title='bbox 2100 3629 2460 3719; x_wconf 87' lang='lat' dir='ltr'>delapsum</span> <span class='ocrx_word' id='word_1_327' title='bbox 2518 3653 2597 3699; x_wconf 85' lang='lat' dir='ltr'>ex</span> <span class='ocrx_word' id='word_1_328' title='bbox 2646 3628 2782 3698; x_wconf 90' lang='lat' dir='ltr'>alto</span> 
     </span>
     <span class='ocr_line' id='line_1_39' title="bbox 241 3717 2783 3809; baseline -0.001 -20"><span class='ocrx_word' id='word_1_329' title='bbox 241 3719 522 3809; x_wconf 90' lang='lat' dir='ltr'>pondus</span> <span class='ocrx_word' id='word_1_330' title='bbox 571 3717 1057 3808; x_wconf 87' lang='lat' dir='ltr'>gravissimum</span> <span class='ocrx_word' id='word_1_331' title='bbox 1112 3719 1204 3787; x_wconf 91' lang='lat' dir='ltr'>ita</span> <span class='ocrx_word' id='word_1_332' title='bbox 1251 3730 1626 3803; x_wconf 90' lang='lat' dir='ltr'>utrumque</span> <span class='ocrx_word' id='word_1_333' title='bbox 1675 3740 1836 3789; x_wconf 87' lang='lat' dir='ltr'>crus</span> <span class='ocrx_word' id='word_1_334' title='bbox 1883 3719 2298 3808; x_wconf 83' lang='lat' dir='ltr'>diffregerat,</span> <span class='ocrx_word' id='word_1_335' title='bbox 2362 3730 2434 3786; x_wconf 91' lang='lat' dir='ltr'>ut</span> <span class='ocrx_word' id='word_1_336' title='bbox 2490 3740 2613 3807; x_wconf 88' lang='lat' dir='ltr'>per</span> <span class='ocrx_word' id='word_1_337' title='bbox 2660 3740 2783 3787; x_wconf 93' lang='lat' dir='ltr'>no-</span> 
     </span>
     <span class='ocr_line' id='line_1_40' title="bbox 240 3805 2780 3896; baseline 0 -21"><span class='ocrx_word' id='word_1_338' title='bbox 240 3831 392 3878; x_wconf 87' lang='lat' dir='ltr'>vem</span> <span class='ocrx_word' id='word_1_339' title='bbox 449 3829 718 3876; x_wconf 90' lang='lat' dir='ltr'>menses</span> <span class='ocrx_word' id='word_1_340' title='bbox 767 3807 964 3875; x_wconf 89' lang='lat' dir='ltr'>aliter</span> <span class='ocrx_word' id='word_1_341' title='bbox 1009 3829 1215 3894; x_wconf 92' lang='lat' dir='ltr'>quam</span> <span class='ocrx_word' id='word_1_342' title='bbox 1281 3805 1521 3896; x_wconf 89' lang='lat' dir='ltr'>grallis</span> <span class='ocrx_word' id='word_1_343' title='bbox 1556 3807 1837 3876; x_wconf 89' lang='lat' dir='ltr'>innixus</span> <span class='ocrx_word' id='word_1_344' title='bbox 1874 3810 2128 3877; x_wconf 89' lang='lat' dir='ltr'>moveri</span> <span class='ocrx_word' id='word_1_345' title='bbox 2166 3829 2299 3875; x_wconf 90' lang='lat' dir='ltr'>non</span> <span class='ocrx_word' id='word_1_346' title='bbox 2341 3808 2655 3896; x_wconf 91' lang='lat' dir='ltr'>potuerit.</span> <span class='ocrx_word' id='word_1_347' title='bbox 2700 3812 2780 3876; x_wconf 90' lang='lat' dir='ltr'>In</span> 
     </span>
     <span class='ocr_line' id='line_1_41' title="bbox 239 3894 2779 3987; baseline 0 -23"><span class='ocrx_word' id='word_1_348' title='bbox 239 3896 352 3966; x_wconf 88' lang='lat' dir='ltr'>his</span> <span class='ocrx_word' id='word_1_349' title='bbox 387 3896 763 3987; x_wconf 85' lang='lat' dir='ltr'>aegerrime</span> <span class='ocrx_word' id='word_1_350' title='bbox 796 3917 1015 3981; x_wconf 90' lang='lat' dir='ltr'>usque</span> <span class='ocrx_word' id='word_1_351' title='bbox 1058 3896 1141 3964; x_wconf 91' lang='lat' dir='ltr'>ad</span> <span class='ocrx_word' id='word_1_352' title='bbox 1182 3894 1400 3965; x_wconf 88' lang='lat' dir='ltr'>sancti</span> <span class='ocrx_word' id='word_1_353' title='bbox 1437 3895 1561 3965; x_wconf 87' lang='lat' dir='ltr'>viri</span> <span class='ocrx_word' id='word_1_354' title='bbox 1598 3918 1668 3964; x_wconf 91' lang='lat' dir='ltr'>se</span> <span class='ocrx_word' id='word_1_355' title='bbox 1725 3895 1999 3966; x_wconf 89' lang='lat' dir='ltr'>ulcrum</span> <span class='ocrx_word' id='word_1_356' title='bbox 2037 3895 2395 3974; x_wconf 75' lang='lat' dir='ltr'>accedenS,</span> <span class='ocrx_word' id='word_1_357' title='bbox 2436 3894 2591 3964; x_wconf 70' lang='lat' dir='ltr'>fusa</span> <span class='ocrx_word' id='word_1_358' title='bbox 2624 3918 2779 3964; x_wconf 88' lang='lat' dir='ltr'>ora-</span> 
     </span>
     <span class='ocr_line' id='line_1_42' title="bbox 247 3982 2781 4075; baseline -0 -22"><span class='ocrx_word' id='word_1_359' title='bbox 247 3985 452 4066; x_wconf 89' lang='lat' dir='ltr'>tione,</span> <span class='ocrx_word' id='word_1_360' title='bbox 498 3983 857 4054; x_wconf 78' lang='lat' dir='ltr'>confestim</span> <span class='ocrx_word' id='word_1_361' title='bbox 903 3985 970 4050; x_wconf 90' lang='lat' dir='ltr'>in</span> <span class='ocrx_word' id='word_1_362' title='bbox 1019 3983 1222 4073; x_wconf 81' lang='lat' dir='ltr'>pedes</span> <span class='ocrx_word' id='word_1_363' title='bbox 1274 3983 1510 4064; x_wconf 89' lang='lat' dir='ltr'>exiliit,</span> <span class='ocrx_word' id='word_1_364' title='bbox 1553 4007 1678 4075; x_wconf 89' lang='lat' dir='ltr'>gra</span> <span class='ocrx_word' id='word_1_365' title='bbox 1712 3984 1932 4073; x_wconf 90' lang='lat' dir='ltr'>lisque</span> <span class='ocrx_word' id='word_1_366' title='bbox 1966 3984 2140 4053; x_wconf 91' lang='lat' dir='ltr'>inibi</span> <span class='ocrx_word' id='word_1_367' title='bbox 2175 3982 2454 4066; x_wconf 81' lang='lat' dir='ltr'>relictiS,</span> <span class='ocrx_word' id='word_1_368' title='bbox 2491 3983 2781 4054; x_wconf 85' lang='lat' dir='ltr'>domum</span> 
     </span>
     <span class='ocr_line' id='line_1_43' title="bbox 245 4071 1094 4162; baseline -0.001 -23"><span class='ocrx_word' id='word_1_369' title='bbox 245 4071 619 4143; x_wconf 88' lang='lat' dir='ltr'>incolumis</span> <span class='ocrx_word' id='word_1_370' title='bbox 669 4071 1094 4162; x_wconf 86' lang='lat' dir='ltr'>repedavit...</span> 
     </span>
    </p>

    <p class='ocr_par' dir='ltr' id='par_1_3' title="bbox 247 4161 2783 4520">
     <span class='ocr_line' id='line_1_44' title="bbox 335 4161 2783 4251; baseline -0.001 -18"><span class='ocrx_word' id='word_1_371' title='bbox 335 4164 370 4246; x_wconf 68' lang='grc' dir='ltr'><strong>ξ</strong></span> <span class='ocrx_word' id='word_1_372' title='bbox 422 4169 580 4234; x_wconf 72' lang='grc'>26.</span> <span class='ocrx_word' id='word_1_373' title='bbox 626 4163 746 4231; x_wconf 90' lang='lat' dir='ltr'>His</span> <span class='ocrx_word' id='word_1_374' title='bbox 781 4161 1071 4248; x_wconf 90' lang='lat' dir='ltr'>aliisque</span> <span class='ocrx_word' id='word_1_375' title='bbox 1125 4183 1259 4230; x_wconf 91' lang='lat' dir='ltr'>non</span> <span class='ocrx_word' id='word_1_376' title='bbox 1303 4162 1546 4251; x_wconf 81' lang='lat' dir='ltr'>pau&#39;cis</span> <span class='ocrx_word' id='word_1_377' title='bbox 1594 4161 1962 4232; x_wconf 87' lang='lat' dir='ltr'>virtutibus</span> <span class='ocrx_word' id='word_1_378' title='bbox 2015 4182 2095 4230; x_wconf 89' lang='lat' dir='ltr'>ac</span> <span class='ocrx_word' id='word_1_379' title='bbox 2157 4161 2377 4250; x_wconf 90' lang='lat' dir='ltr'>signis</span> <span class='ocrx_word' id='word_1_380' title='bbox 2432 4172 2783 4251; x_wconf 89' lang='lat' dir='ltr'>permotus</span> 
     </span>
     <span class='ocr_line' id='line_1_45' title="bbox 247 4245 2782 4340; baseline 0.002 -27"><span class='ocrx_word' id='word_1_381' title='bbox 247 4245 465 4320; x_wconf 88' lang='lat' dir='ltr'>felicis</span> <span class='ocrx_word' id='word_1_382' title='bbox 502 4250 990 4322; x_wconf 89' lang='lat' dir='ltr'>recordationis</span> <span class='ocrx_word' id='word_1_383' title='bbox 1022 4248 1276 4319; x_wconf 90' lang='lat' dir='ltr'>Paulus</span> <span class='ocrx_word' id='word_1_384' title='bbox 1308 4256 1426 4340; x_wconf 92' lang='lat' dir='ltr'>Pp.</span> <span class='ocrx_word' id='word_1_385' title='bbox 1464 4257 1535 4331; x_wconf 87' lang='lat' dir='ltr'>V,</span> <span class='ocrx_word' id='word_1_386' title='bbox 1570 4272 1841 4320; x_wconf 84' lang='lat' dir='ltr'>servum</span> <span class='ocrx_word' id='word_1_387' title='bbox 1873 4250 1987 4318; x_wconf 89' lang='lat' dir='ltr'>Dei</span> <span class='ocrx_word' id='word_1_388' title='bbox 2020 4249 2437 4319; x_wconf 91' lang='lat' dir='ltr'>Ludovicum</span> <span class='ocrx_word' id='word_1_389' title='bbox 2472 4248 2782 4340; x_wconf 88' lang='lat' dir='ltr'>catalogo</span> 
     </span>
     <span class='ocr_line' id='line_1_46' title="bbox 248 4338 2778 4441; baseline 0.002 -38"><span class='ocrx_word' id='word_1_390' title='bbox 248 4339 604 4435; x_wconf 72' lang='lat' dir='ltr'>Beatorum</span> <span class='ocrx_word' id='word_1_391' title='bbox 642 4339 1033 4430; x_wconf 89' lang='lat' dir='ltr'>adscripsit.</span> <span class='ocrx_word' id='word_1_392' title='bbox 1081 4339 1336 4408; x_wconf 85' lang='lat' dir='ltr'>Exinde</span> <span class='ocrx_word' id='word_1_393' title='bbox 1370 4339 1525 4409; x_wconf 90' lang='lat' dir='ltr'>aliis</span> <span class='ocrx_word' id='word_1_394' title='bbox 1559 4338 1875 4408; x_wconf 89' lang='lat' dir='ltr'>deductis</span> <span class='ocrx_word' id='word_1_395' title='bbox 1915 4339 2450 4441; x_wconf 87' lang='lat' dir='ltr'>approbatisque</span> <span class='ocrx_word' id='word_1_396' title='bbox 2485 4339 2778 4407; x_wconf 87' lang='lat' dir='ltr'>miracu·</span> 
     </span>
     <span class='ocr_line' id='line_1_47' title="bbox 247 4421 2779 4520; baseline 0.002 -30"><span class='ocrx_word' id='word_1_397' title='bbox 247 4421 373 4506; x_wconf 79' lang='lat' dir='ltr'>11s;</span> <span class='ocrx_word' id='word_1_398' title='bbox 413 4427 720 4500; x_wconf 86' lang='lat' dir='ltr'>Clemens</span> <span class='ocrx_word' id='word_1_399' title='bbox 767 4434 853 4498; x_wconf 89' lang='lat' dir='ltr'>IX</span> <span class='ocrx_word' id='word_1_400' title='bbox 915 4428 1210 4498; x_wconf 88' lang='lat' dir='ltr'>decrevit</span> <span class='ocrx_word' id='word_1_401' title='bbox 1272 4451 1469 4520; x_wconf 89' lang='lat' dir='ltr'>posse</span> <span class='ocrx_word' id='word_1_402' title='bbox 1519 4441 1660 4500; x_wconf 91' lang='lat' dir='ltr'>tuto</span> <span class='ocrx_word' id='word_1_403' title='bbox 1723 4428 2030 4499; x_wconf 81' lang='lat' dir='ltr'>devenirt</span> <span class='ocrx_word' id='word_1_404' title='bbox 2062 4429 2146 4498; x_wconf 91' lang='lat' dir='ltr'>ad</span> <span class='ocrx_word' id='word_1_405' title='bbox 2198 4429 2574 4499; x_wconf 90' lang='lat' dir='ltr'>solemnem</span> <span class='ocrx_word' id='word_1_406' title='bbox 2611 4426 2779 4495; x_wconf 90' lang='lat' dir='ltr'>dicti</span> 
     </span>
    </p>
   </div>
  </div>
 </body>
</html>
