3347 4999
675 361 804 424 318
1237 377 1312 422 ne
1362 376 1451 424 ss.
1507 376 1823 424 numilem
1873 376 1947 422 m
1998 376 2312 422 sumnam
2361 377 2471 423 un.
2824 360 3001 426 OCT.
3076 364 3172 427 10

433 436 436 439 ’
533 475 538 480 ’
584 457 771 558 ipsa)
820 469 1170 542 tamquam
1221 456 1553 543 caligans,
1607 470 1683 525 ut
1730 478 1907 542 quae
1953 470 2129 524 esset
2181 459 2425 524 natura
2477 456 2770 536 mollior,
2809 472 2874 526 et
2915 481 2951 527 a
2992 482 3172 527 ma-

585 546 775 635 ligno
819 543 1285 634 impelleretur
1331 545 1416 613 ad
1470 544 1933 625 timiditatem,
1988 544 2381 614 labascebat
2419 545 2473 612 *.
2532 545 2657 615 Sed
2710 546 2957 627 frater,
3016 549 3164 635 qui

584 635 765 704 idem
801 648 944 702 erat
978 634 1207 704 socius
1240 633 1660 714 certaminis,
1702 636 1788 703 ab
1825 636 1963 702 imo
1993 655 2377 722 emergens,
2412 646 2763 727 tamquam
2807 649 2871 705 et
2899 637 3163 724 aliquo

584 724 892 794 convivio
939 733 1003 790 et
1054 723 1323 808 requie,
1380 723 1662 791 vocabat
1712 744 2037 801 sororem,
2092 735 2156 791 et
2202 724 2260 791 ei
2306 722 2603 792 addebat
2653 724 2966 795 animum
3002 781 3018 806 ,
3080 740 3162 795 et

586 812 987 882 hortabatur
1033 822 1110 879 ut
1158 810 1633 901 ingrederetur
1682 810 1996 888 lebetem,
2049 811 2329 880 dicens:
2386 834 2421 877 «
2461 812 2640 881 Nihil
2701 814 3152 897 extimescaS,

584 902 809 972 solum
859 899 1219 969 attendens
1269 899 1334 968 id
1387 900 1564 986 quod
1607 899 1897 980 videtur,
1934 913 1998 969 et
2036 922 2165 970 non
2204 899 2287 968 ad
2331 906 2538 969 Deum
2591 901 2828 971 oculos
2861 903 3157 974 animae

583 991 914 1080 defigens,
971 989 1083 1058 cui
1133 1000 1197 1056 et
1243 989 1706 1058 communiter
1751 989 2199 1069 credidimus,
2254 1001 2319 1057 et
2366 1013 2404 1058 a
2439 1011 2578 1075 quo
2616 992 2984 1060 maximam
3036 994 3159 1060 in-

586 1082 904 1148 venimus
938 1077 1583 1146 remunerationem.
1623 1077 1692 1146 Si
1731 1078 1914 1146 enim
1955 1078 2131 1147 hanc
2174 1077 2573 1147 bullientem
2618 1101 2869 1165 aquam
2908 1079 3151 1149 solum

582 1168 889 1257 attigeris
926 1221 941 1248 ,
995 1167 1083 1236 ab
1150 1166 1302 1266 ipso
1353 1188 1682 1256 magnum
1752 1167 2000 1235 senties
2056 1167 2390 1235 auxilium
2430 1221 2445 1246 ,
2516 1168 2724 1255 cujus
2787 1190 2914 1257 ego
2974 1182 3153 1239 tuus

583 1258 791 1326 frater
840 1279 995 1326 sum
1051 1268 1261 1337 tes11S,
1315 1255 1437 1342 qui
1486 1256 1584 1325 sic
1633 1255 1757 1324 tibi
1809 1277 2052 1325 cernor
2086 1256 2515 1345 impatibiliS,
2561 1271 2625 1326 et
2666 1258 2838 1326 nihil
2877 1257 3151 1329 doloris

583 1348 908 1417 sentiens.
956 1368 991 1411 »

584 1491 587 1495 .
670 1439 911 1522 §.lu
966 1435 1088 1504 His
1139 1455 1517 1523 persuasa,
1573 1431 1981 1523 Eulampia,
2038 1446 2100 1502 et
2148 1432 2433 1502 omnino
2490 1435 2937 1521 acquiescens
2985 1436 3152 1525 ejus

584 1524 1052 1604 suasionibuS‚
1099 1523 1415 1612 protinus
1466 1535 1781 1610 prompto
1829 1535 1892 1591 et
1940 1521 2152 1591 alacri
2202 1524 2435 1592 animo
2470 1522 2779 1612 ingressa
2812 1536 2915 1593 est
2955 1524 3148 1594 lebe-

585 1629 743 1684 tem.
775 1613 1028 1682 Deinde
1055 1614 1257 1681 etiam
1289 1610 1749 1680 communiter
1776 1612 2022 1700 spiritu
2048 1610 2451 1693 exultanteS,
2492 1611 2646 1681 laeti
2678 1629 3149 1703 susceperunt

584 1702 1008 1792 supplicium
1044 1724 1059 1781 ;
1091 1714 1154 1769 et
1187 1700 1502 1790 protinus
1544 1698 1727 1769 lebes
1760 1702 1973 1770 evasit
2012 1700 2331 1790 frigidus,
2384 1714 2450 1769 et
2485 1701 2657 1770 nihil
2696 1702 2861 1770 mali
2898 1724 3148 1791 passos

581 1792 921 1863 continuit
960 1796 1306 1877 Martyres.
1350 1793 1578 1874 Neque
1613 1810 1769 1857 vero
1802 1811 2105 1876 eousque
2150 1790 2452 1860 constitit
2486 1811 2593 1859 res
2641 1790 3135 1861 admirabilis:

583 1880 701 1952 sed
738 1882 939 1950 etiam
989 1900 1121 1947 non
1166 1899 1422 1977 paucos
1469 1899 1549 1946 ex
1601 1878 1684 1947 iis
1732 1878 1849 1964 qui
1899 1878 2490 1958 circumstabant,
2544 1879 2818 1947 induxit
2857 1879 2944 1948 ad
3001 1883 3147 1969 pie-

582 1983 813 2039 tatem.
861 1973 1063 2037 Porro
1094 1980 1321 2035 autem
1363 1987 1590 2055 ipsum
1622 1988 1896 2054 quoque
1924 1973 1971 2035 T
2026 1989 2346 2047 rannum‚
2382 1968 2508 2036 etsi
2548 1990 2680 2037 non
2729 1990 2899 2057 pure
2938 1972 3147 2039 traxit

584 2058 666 2129 ad
705 2079 940 2125 verum
976 2056 1089 2123 Dei
1140 2055 1430 2134 cultum,
1485 2054 1676 2125 illius
1712 2069 1936 2124 tamen
2002 2056 2288 2125 abefecit
2334 2057 2842 2143 cogitationem,
2883 2070 2948 2126 et
2975 2058 3142 2128 fecit

583 2147 902 2218 dubitare
947 2144 1032 2212 de
1090 2166 1217 2212 sua
1283 2144 1635 2300 reliffione.
1691 2144 2009 2234 Aethiops
2061 2159 2284 2214 tamen
2356 2167 2489 2215 non
2544 2145 2671 2215 fuit
2719 2145 3083 2216 dealbatus
3118 2202 3135 2228 ,

582 2250 648 2305 et
696 2255 941 2303 cancer
990 2245 1164 2302 recte
1200 2234 1392 2321 ingre
1447 2234 1467 2301 i
1520 2255 1648 2303 non
1703 2233 1968 2303 didicit.
2025 2238 2190 2302 Cum
2240 2234 2425 2303 enim
2469 2235 2816 2304 vincerent
2848 2236 3137 2322 quidem

584 2323 899 2402 athletae,
948 2322 1332 2390 vinceretur
1370 2328 1594 2390 autem
1650 2322 1933 2411 impius,
1988 2344 2102 2391 eos
2137 2345 2175 2391 a
2226 2344 2295 2392 se
2345 2324 2640 2393 invicem
2689 2336 2753 2392 et
2799 2346 2839 2392 a
2890 2324 3027 2393 fide
3065 2326 3136 2393 in

583 2411 928 2481 Christum
964 2432 1098 2478 non
1149 2410 1382 2479 valens
1430 2410 1834 2491 distrahere,
1893 2411 2065 2480 redit
2096 2433 2341 2481 rursus
2390 2411 2473 2479 ad
2525 2425 2875 2493 consueta,
2929 2428 2990 2482 et
3023 2436 3139 2482 ar-

582 2513 811 2570 matur
859 2501 1084 2569 denuo
1133 2499 1461 2570 adversus
1510 2498 1734 2569 solum
1787 2506 2145 2590 Martyrem
2184 2523 2197 2580 ;
2251 2513 2314 2569 et
2353 2501 2552 2589 jubet
2582 2502 2644 2569 ei
2692 2502 2961 2571 excindi
3006 2525 3139 2591 pu-

584 2589 787 2681 pillas
835 2589 1192 2660 oculorum
1246 2590 1303 2659 is
1343 2589 1463 2675 qui
1512 2589 1741 2658 cordis
1788 2590 2212 2659 caecutiebat
2258 2589 2502 2669 oculis,
2559 2602 2625 2659 et
2674 2590 2869 2659 illum
2910 2593 3137 2681 magis

580 2679 889 2748 cruciare
932 2700 1334 2768 procuranS‚
1370 2690 1435 2746 et
1471 2678 1901 2758 machinanS,
1947 2693 2023 2748 ut
2056 2680 2206 2768 ejus
2238 2679 2491 2748 sororis
2544 2701 2660 2768 per
2699 2680 2827 2748 hoc
2863 2679 3137 2770 frange-

579 2781 768 2839 retur
806 2768 1119 2837 audacia.
1178 2766 1303 2835 Sed
1356 2767 1424 2833 in
1478 2765 1606 2834 hoc
1640 2788 1914 2854 quoque
1962 2767 2090 2836 fuit
2123 2768 2498 2849 convictus,
2546 2789 2717 2837 vana
2772 2782 2837 2837 et
2895 2769 3137 2839 inania

581 2857 812 2926 moliri
860 2856 1191 2926 adversus
1223 2855 1470 2924 Christi
1520 2874 1773 2926 servos.

668 2950 704 3033 ἓ
750 2952 885 3018 11.
939 2944 1271 3015 Postridie
1317 2956 1546 3013 autem
1579 2944 1779 3032 jubet
1812 2949 2171 3035 Martyrem
2213 2944 2640 3034 Eulampiam
2679 2945 2977 3014 sublime
3006 2968 3135 3015 su-

588 3057 620 3104 s
674 3035 836 3104 endi
894 3034 1192 3124 capillis.
1257 3038 1370 3102 Est
1432 3045 1656 3102 autem
1733 3033 1859 3102 hoc
1922 3033 2407 3121 gravissimum
2476 3034 2941 3124 supplicium;
3010 3035 3127 3105 sed

581 3058 829 3195 Christi
880 3123 1170 3192 ancillae
1240 3121 1507 3190 deliciis
1578 3122 1861 3191 suavius
1929 3122 2472 3192 existimabatur.
2550 3123 2740 3192 Unde
2797 3124 2996 3192 etiam
3067 3124 3133 3192 ei

580 3234 816 3302 preces
845 3211 1258 3290 admiscens,
1296 3210 1610 3280 dicebat:
1664 3235 1699 3277 «
1734 3216 1869 3301 Ago
1913 3212 2033 3281 tibi
2070 3212 2350 3301 gratias,
2389 3216 2564 3280 Deus
2602 3234 2797 3281 meus
2837 3226 2901 3281 et
2938 3233 3131 3279 crea-

582 3314 707 3381 tor,
760 3299 942 3389 quod
998 3322 1102 3368 me
1153 3312 1337 3370 tuam
1380 3299 1703 3374 ancillam
1757 3299 2085 3391 dignatus
2119 3301 2215 3371 sis
2255 3322 2376 3390 pro
2409 3313 2469 3369 te
2510 3300 2850 3390 susceptis
2883 3322 3128 3370 ornare

579 3389 962 3459 tormentis.
1020 3411 1054 3454 »
1116 3392 1281 3456 Cum
1355 3401 1580 3456 autem
1647 3410 1769 3479 per
1833 3411 2035 3458 omne
2107 3411 2326 3479 genus
2395 3388 2725 3478 supplicii
2790 3402 3129 3478 oporteret

580 3477 870 3547 athletas
906 3477 1290 3567 pervadere,
1327 3477 1592 3546 etiamsi
1636 3490 1987 3564 tamquam
2027 3477 2158 3547 tela
2193 3476 2560 3547 infantium
2598 3479 3119 3568 reputabantur,

578 3588 756 3654 quae
803 3567 902 3636 eis
951 3564 1442 3645 inferebantur,
1499 3564 1846 3635 fornacem
1889 3567 2170 3636 accendi
2197 3567 2396 3654 jubet
2426 3572 2728 3648 Praeses,
2767 3567 2883 3635 illa
2925 3567 3126 3636 Chal-

580 3656 777 3725 daica
826 3655 1043 3724 nihilo
1100 3653 1533 3722 inferiorem:
1586 3667 1649 3723 et
1698 3654 1783 3723 ad
1832 3677 1983 3723 eam
2034 3654 2239 3724 ducta
2287 3667 2389 3723 est
2432 3656 2713 3723 materia
2761 3678 2934 3743 quae
2981 3669 3125 3726 erat

580 3745 830 3814 alitura
885 3745 985 3813 sic
1022 3765 1407 3823 accensam,
1463 3742 1820 3814 lictoribus
1867 3766 2070 3814 omne
2105 3743 2412 3813 studium
2463 3743 2544 3812 ad
2595 3744 2722 3812 hoc
2772 3744 3125 3814 conseren-

579 3835 791 3904 tibus.
846 3838 1012 3903 Cum
1063 3846 1290 3901 autem
1342 3832 1626 3901 flamma
1673 3844 1850 3902 esset
1898 3833 2065 3901 adeo
2116 3833 2184 3900 in
2221 3831 2435 3900 altum
2477 3831 2771 3914 sublata,
2811 3847 2886 3903 ut
2918 3834 3123 3902 etiam

579 3945 695 3993 eos
733 3922 854 4010 qui
905 3921 1142 4013 procul
1193 3921 1587 4003 cernebant,
1636 3920 2110 4011 stupefaceret,
2156 3921 2353 4010 jubet
2399 3921 2621 3990 Judex
2654 3922 2908 3991 adduci
2949 3928 3126 3991 Mar-

579 4023 787 4100 tyreS,
823 4023 886 4081 et
923 4010 1104 4081 trudi
1157 4011 1224 4079 in
1263 4009 1568 4080 medium
1610 4010 1978 4079 fornacem.
2027 4010 2313 4079 Adducti
2347 4023 2508 4080 sunt
2545 4033 2707 4110 ergo
2757 4017 3119 4100 Martyres:

577 4100 857 4169 divinus
890 4100 1166 4187 quidem
1199 4098 1628 4189 Eulampius,
1690 4112 2042 4189 propterea
2073 4099 2251 4185 quod
2297 4100 2567 4169 fuerant
2599 4122 2659 4167 ei
2702 4101 2874 4169 eruti
2914 4099 3121 4181 oculi,

580 4211 620 4259 a
668 4189 1086 4277 quibusdam
1141 4201 1493 4279 portatus;
1547 4209 1877 4279 generosa
1939 4201 2165 4258 autem
2245 4188 2609 4278 Eulampia
2665 4210 2825 4257 cum
2875 4211 3131 4279 magna

631 4389 654 4409 ⁴‘
685 4389 844 4428 Timor
872 4387 948 4427 hic
977 4386 1263 4426 tenerrimae
1293 4383 1500 4434 Virginis
1529 4388 1578 4426 in
1609 4386 1762 4426 auimo
1794 4387 1852 4426 ad
1886 4387 2179 4427 acerbissimi
2208 4387 2430 4428 tormenti
2461 4388 2778 4436 conspectum.
2801 4387 2989 4426 officere
3008 4387 3131 4428 nihil

576 4439 729 4490 ipsius
767 4442 1010 4483 sanctitati
1031 4442 1200 4490 potest,
1242 4449 1386 4487 quum
1425 4445 1619 4480 naturae
1657 4438 1816 4490 potius
1854 4439 2166 4481 imbecillitati
2201 4451 2341 4491 quam
2380 4441 2554 4482 liberae
2587 4438 2821 4480 voluntati
2850 4441 2913 4480 sit
2959 4439 3132 4481 adseri·

582 4495 776 4537 bendum
