3347 4999
706 353 790 417 88
1293 370 1370 416 nn
1418 369 1474 414 s.
1528 366 1815 414 eenanno
1861 366 2102 412 Annua
2150 365 2484 413 naomnnst
2888 346 3076 412 OCT.
3146 346 3190 410 3

615 447 1021 540 respondet:
1076 455 1165 518 Ne
1212 449 1311 518 sic
1343 502 1358 529 ,
1413 467 1666 534 quaeso
1700 502 1715 528 ,
1771 447 1960 533 loqui
2009 446 2229 516 velitis
2288 459 2513 536 patres
2566 447 2746 526 mei,
2806 467 2930 515 nec
2988 444 3188 513 mihi

616 539 827 628 hujus
874 537 1189 607 beneficii
1240 559 1432 628 spem
1484 550 1622 606 tam
1672 537 1807 611 cito
1854 536 2140 625 eripere.
2186 540 2280 605 An
2335 556 2491 604 vero
2539 534 2842 605 invalida
2874 546 2983 604 est
3036 538 3188 602 Do-

617 628 788 696 mini
838 630 1130 696 manus?
1180 631 1354 697 Num
1404 625 1777 713 quicquam
1831 624 1932 694 illi
1980 623 2259 694 difficile
2308 623 2455 693 est?
2505 624 2629 693 Ubi
2678 624 2915 693 divina
2966 622 3188 692 adest

614 716 974 794 voluntaS,
1037 715 1131 784 ibi
1195 713 1573 784 difficultas
1635 735 1877 784 omnes
1941 725 2017 784 ut
2065 712 2358 784 facessat
2404 725 2690 802 oportet.
2748 712 2874 782 Ubi
2926 724 3186 781 autem

617 804 809 874 nulla
867 817 970 872 est
1029 802 1447 883 difficultaS,
1504 823 1640 871 non
1713 814 1931 892 potest
1991 823 2127 871 non
2185 814 2454 892 praesto
2523 792 2674 872 esse
2721 800 3055 891 expedita
3118 813 3190 869 et

612 904 930 983 prompta
976 891 1289 962 facultas.
1346 897 1436 960 Ex
1498 890 1608 960 his
1670 891 1897 962 verbis
1961 904 2187 981 patres
2251 890 2354 958 illi
2410 911 2734 980 magnam
2790 888 2974 960 beati
3044 889 3183 956 viri

612 981 1050 1072 prudentiam
1100 979 1522 1070 colligentes,
1562 979 1778 1049 animi
1829 979 1938 1049 sui
1980 1001 2394 1069 propensam
2436 1001 2600 1069 erga
2640 981 2870 1069 ipsum
2910 977 3185 1047 volun-

613 1083 815 1142 tatem
870 1091 1153 1160 prorsus
1201 1068 1545 1159 aperiunt,
1600 1067 1934 1154 ajuntque
1982 1068 2065 1136 ad
2126 1090 2325 1138 eum:

1094 1213 1193 1290 Eja
1240 1213 1340 1274 vir
1380 1212 1649 1284 Domini,
1696 1213 2039 1291 perpauciS,
2082 1214 2129 1274 si
2179 1211 2393 1291 placet,
2437 1213 2609 1274 audi:

1090 1294 1310 1371 Accipe
1352 1291 1698 1365 consilium,
1742 1294 1788 1353 si
1841 1293 1932 1352 vis
1974 1293 2279 1369 attingere
2323 1298 2555 1353 votum.

616 1428 684 1498 Si
732 1429 1044 1496 animum
1096 1441 1290 1496 tuum
1332 1425 1610 1495 divinus
1649 1425 2067 1512 quandoque
2124 1427 2620 1515 compungeret
2673 1447 2889 1505 amor,
2946 1447 3186 1514 cupe-

613 1538 858 1603 resque
905 1515 1033 1585 hoc
1082 1516 1151 1584 in
1203 1514 1350 1584 loco
1399 1514 1785 1585 monachus
1831 1514 2004 1594 fieri,
2050 1513 2358 1585 fortassis
2394 1516 2569 1584 Deus
2619 1514 2790 1583 votis
2823 1529 3188 1584 annueret

613 1607 786 1684 tuis,
829 1616 905 1674 ut
949 1604 1132 1692 quod
1185 1616 1538 1691 tantopere
1565 1603 1849 1691 expetiS‚
1882 1603 2061 1674 beati
2113 1604 2436 1694 martyris
2483 1625 2738 1692 corpus
2785 1602 3182 1672 obtineres.

612 1699 793 1763 Haec
839 1694 1120 1781 quidem
1171 1694 1387 1763 nostri
1438 1691 1713 1761 consilii
1763 1713 2039 1762 summa
2100 1704 2238 1762 est:
2293 1706 2368 1763 tu
2415 1692 2582 1778 quid
2635 1691 2758 1764 tibi
2806 1691 3184 1781 agendum

611 1783 721 1864 sit,
777 1793 1000 1852 tecum
1052 1783 1202 1872 ipse
1251 1781 1667 1872 perpendas.
1764 1819 1769 1823 ·

1002 1925 1140 1986 Post
1181 1925 1290 1986 hos
1329 1938 1642 1986 sermones
1683 1923 2016 1987 abscedunt
2056 1923 2130 1987 ad
2173 1942 2274 1986 sua
2319 1924 2564 1986 fratres:

1001 2002 1252 2068 Sanctus
1291 2003 1366 2067 ad
1409 2004 1742 2083 hospitium
1783 2004 2110 2068 deducitur
2149 2012 2289 2068 ante
2332 2011 2624 2082 paratum.

698 2142 734 2226 ἓ
780 2143 938 2211 10.
991 2144 1068 2206 At
1116 2158 1270 2206 vero
1319 2136 1776 2207 consolatoria
1827 2136 2118 2207 fratrum
2162 2135 2440 2206 illorum
2494 2134 2698 2205 verba
2761 2157 3000 2206 secum
3063 2158 3184 2205 ac·

610 2239 867 2309 curate,
928 2226 1137 2313 idque
1187 2225 1426 2295 crebro
1491 2226 1868 2315 pensitans,
1922 2227 2052 2294 sub
2113 2226 2264 2316 ipsa
2326 2236 2523 2295 nocte
2574 2225 3034 2294 manantibus
3088 2228 3183 2293 ab

612 2314 836 2386 oculis
895 2314 1262 2403 lacrymis,
1325 2327 1389 2383 et
1447 2335 1527 2383 ex
1574 2315 1715 2384 imo
1765 2328 2033 2404 pectore
2066 2313 2292 2385 ductis
2325 2313 2672 2404 suspiriis,
2720 2312 3000 2382 tandem
3046 2315 3180 2382 ad-

610 2425 885 2474 versum
938 2425 1009 2473 se
1058 2403 1126 2471 in
1179 2402 1305 2471 has
1355 2403 1671 2493 prorupit
1719 2425 1958 2472 voces:
1999 2402 2176 2485 Quid
2213 2403 2511 2492 agimus,
2551 2403 2831 2471 anima?
2862 2402 3040 2489 quid
3081 2403 3176 2471 ita

612 2492 975 2651 diligimus
1026 2491 1253 2561 vana?
1298 2491 1556 2579 Ecquid
1624 2491 1898 2562 tandem
1964 2491 2239 2581 prodest
2302 2491 2547 2560 mundi
2611 2489 2827 2579 hujus
2886 2490 3186 2581 gloria?

611 2582 734 2670 qui
833 2603 1087 2671 pompa
1119 2580 1474 2668 fastusque
1522 2582 1752 2652 omnis
1789 2581 2237 2651 emolumenti
2288 2580 2538 2650 habet?
2568 2584 2663 2651 An
2699 2601 2833 2649 non
2873 2601 3182 2670 prorsus

610 2670 856 2741 frivola
892 2682 1054 2741 sunt
1084 2670 1286 2749 haec,
1343 2668 1683 2759 planeque
1730 2670 2162 2739 caduca?An
2208 2691 2343 2739 non
2396 2670 2615 2739 instar
2664 2668 2843 2738 fumi
2896 2681 2963 2737 et
3014 2692 3182 2737 um-

610 2762 776 2831 brae
820 2759 955 2829 cito
1002 2762 1467 2828 evanescunt?
1514 2758 1689 2840 Quid
1741 2760 1831 2828 ita
1884 2761 2015 2828 sub
2064 2759 2394 2848 ambiguo
2441 2759 2763 2838 fluctuas,
2817 2770 2883 2826 et
2946 2757 3180 2828 dubia

602 2848 889 2941 jactaris
936 2848 1155 2918 animi
1197 2847 1574 2919 sententia?
1624 2847 1924 2917 Mundus
1959 2849 2224 2929 transit,
2263 2860 2329 2916 et
2367 2846 2934 2937 concupiscentia
2982 2849 3175 2935 eius,

614 2939 872 3030 Spretis
907 2938 1121 3028 igitur
1170 2935 1562 3006 labentibus
1607 2949 1672 3005 et
1722 2936 2028 3017 caduciS,
2072 2957 2514 3024 quaeramus,
2569 2957 2709 3017 or0,
2753 2957 3181 3025 permanen-

613 3028 727 3097 tia.
782 3033 1016 3097 Nonne
1062 3047 1288 3096 sermo
1330 3026 1781 3115 Evangelicus
1828 3038 2058 3115 aperte
2100 3038 2407 3096 testatur:
2443 3025 2574 3107 Qui
2616 3045 2754 3094 non
2808 3026 3178 3093 renuntiat

612 3116 939 3186 omnibus
986 3137 1163 3202 quae
1211 3112 1537 3204 possidet,
1594 3136 1728 3183 non
1783 3136 1983 3203 posse
2028 3136 2187 3183 eum
2221 3135 2372 3183 esse
2403 3114 2651 3184 Christi
2682 3111 3178 3201 discipulum?

612 3204 1127 3274 Renunciemus
1172 3225 1358 3293 ergo,
1417 3204 1908 3274 renunciemus
1955 3203 2303 3282 omnibuS,
2360 3216 2436 3272 ut
2488 3203 2749 3273 Christo
2805 3201 3173 3291 possimus

612 3293 900 3363 liberius
936 3314 1177 3362 vacare
1222 3306 1288 3361 et
1337 3291 1731 3362 adhaerere.
1785 3296 1969 3361 Haec
2023 3305 2089 3361 et
2142 3291 2211 3360 id
2308 3312 2482 3362 enus
2515 3292 2651 3361 alia
2699 3291 2868 3360 dum
2918 3312 3166 3361 secum

613 3393 855 3451 tractat
903 3381 1075 3450 flens
1121 3392 1188 3449 et
1235 3380 1623 3467 lacrymans
1656 3381 1908 3452 athleta
1959 3381 2100 3460 Dei,
2138 3402 2258 3451 coe
2288 3403 2328 3451 o
2361 3381 2791 3459 rubescente,
2827 3379 2926 3448 sol
2961 3381 3174 3450 terris

614 3469 838 3540 lucem
878 3468 1200 3550 refundit,
1240 3470 1555 3559 cogitque
1580 3492 1738 3541 eum
1768 3482 2007 3560 coepto
2039 3491 2160 3560 per
2209 3491 2323 3539 ere
2353 3470 2619 3538 itinere.
2663 3468 2893 3537 Rebus
2927 3481 3169 3537 autem

611 3581 693 3629 ex
732 3559 1067 3629 sententia
1097 3558 1448 3637 confectis,
1498 3580 1631 3628 non
1689 3559 1906 3630 multo
1939 3570 2091 3649 post
2120 3581 2157 3627 a
2240 3558 2586 3633 comitem,
2641 3580 2681 3626 a
2727 3578 2865 3644 quo
2899 3557 3172 3627 missus

609 3647 855 3729 fuerat,
913 3669 1264 3738 regressus
1311 3659 1433 3718 est.
1481 3650 1786 3735 Cumque
1833 3648 1897 3717 ei
1945 3647 2189 3718 ordine
2236 3659 2488 3717 cuncta
2520 3646 2973 3735 exposuisset,
3011 3646 3170 3735 jani

610 3737 929 3808 coelestia
959 3738 1191 3806 animo
1240 3734 1741 3824 contemplans,
1789 3736 2153 3807 desideriis
2201 3737 2313 3806 sui
2367 3749 2599 3806 aestus
2648 3735 2827 3805 inter
2856 3733 3000 3803 alia
3049 3757 3171 3804 ex-

612 3826 843 3917 plicat,
898 3825 991 3895 ita
1022 3825 1301 3896 dicens:
1335 3847 1370 3891 «
1398 3827 1530 3894 Oro
1561 3836 1648 3903 te,
1689 3827 1791 3895 vir
1822 3824 2311 3906 illustrissime,
2345 3845 2550 3912 quem
2595 3824 2926 3893 Dominus
2957 3828 3173 3894 Jesus

610 3913 827 3985 voluit
889 3936 1039 3986 esse
1108 3914 1487 4004 principem
1559 3913 1799 4003 populi
1859 3916 2015 3995 sui,
2067 3926 2144 3984 ut
2201 3913 2542 4003 benignas
2605 3912 2930 4002 precibus
2986 3914 3169 3981 meis

612 4025 815 4074 aures
863 4002 1366 4073 accommodes.
1421 4002 1752 4088 Equidem
1794 4004 1943 4093 jam
1985 4025 2121 4073 non
2212 4024 2410 4073 arum
2445 4002 2568 4071 diu
2608 4002 2739 4072 sub
2774 4013 2836 4071 te
2867 4000 3171 4071 militiae

611 4116 651 4164 o
703 4115 891 4163 eram
942 4092 1147 4161 dedi:
1202 4104 1271 4162 at
1318 4113 1507 4162 nunc
1573 4091 1742 4161 haec
1808 4091 1956 4161 dies
2004 4092 2146 4161 aliu
2245 4090 2569 4182 postulat,
2649 4111 2898 4180 nempe
2947 4104 3028 4159 ut
3082 4090 3170 4160 de

611 4115 748 4251 afia
798 4182 1067 4251 vivendi
1117 4182 1378 4251 ratione
1426 4181 1743 4273 cogitem.
1813 4185 2051 4268 Itaque
2098 4181 2477 4252 monastico
2537 4178 2827 4249 indutus
2878 4179 3162 4253 habitu,

611 4271 938 4361 deinceps
987 4271 1312 4341 constitui
1347 4270 1655 4340 habitare
1705 4270 1772 4338 in
1824 4269 2030 4339 domo
2079 4270 2192 4340 Dei
2244 4270 2404 4352 mei,
2441 4280 2518 4339 ut
2563 4269 2651 4338 ab
2683 4267 2876 4337 omni
2911 4268 3169 4338 mundi

611 4359 824 4517 hufjus
853 4363 1023 4430 cura
1071 4359 1453 4441 absolutus,
1509 4359 1631 4430 uni
1675 4364 1806 4430 Deo
1838 4380 2076 4429 vacare
2123 4380 2399 4446 queam.
2454 4357 2626 4439 Noli,
2679 4377 2956 4445 quaeso,
3019 4358 3168 4427 noli

610 4469 684 4519 re
716 4448 944 4540 ragari
991 4448 1157 4519 huic
1208 4448 1778 4539 meopropositO,
1833 4460 1909 4518 ut
1964 4448 2022 4517 si
2074 4447 2240 4536 quid
2299 4448 2369 4516 in
2425 4445 2835 4518 monasterio
2899 4457 3083 4514 recte
3126 4469 3166 4515 a
