3347 4999
160 230 382 296 OCT.
456 230 543 293 u
970 248 1048 295 ΒΕ
1095 249 1151 295 s.
1205 246 1579 295 Buacnaano
1628 250 1878 296 namur.
1929 251 2027 296 ΕΡ.
2549 233 2663 297 391

169 348 346 401 tum
414 331 700 420 sibiipsi
737 333 1186 422 propriaeque
1219 332 2049 414 voluntati-renunciavit,
2085 334 2453 421 nudusque
2501 334 2759 404 nudam

162 419 631 509 complexus
678 442 978 500 crucem,
1022 442 1168 489 eam
1226 433 1374 509 post
1422 421 1761 491 Christum
1822 422 2127 508 quotidie
2184 422 2539 509 bajulavit.
2597 429 2765 494 Con-

168 509 546 578 siderans
593 521 818 578 autem
870 509 936 577 in
988 508 1116 579 hac
1164 509 1311 599 ipsa
1348 508 1518 578 vitae
1570 509 1976 599 perfectione
2014 510 2347 580 nonnulla
2386 523 2763 581 tentamen-

174 611 448 667 torum
510 596 831 666 scandala
864 597 1015 665 sibi
1062 598 1361 687 opponi,
1429 611 1592 685 puta
1640 619 1803 688 opes
1859 612 1923 667 et
1969 598 2253 668 delicias
2304 600 2597 688 patriae,
2653 623 2765 700 ge-

176 687 403 756 neris
441 684 852 766 claritatem,
907 686 1190 756 affectus
1239 686 1646 766 amicorum,
1701 699 2082 772 spretorum
2135 687 2397 774 objecta
2453 689 2765 776 praedio-

176 797 396 855 rum,
455 773 767 861 aliasque
832 773 1080 844 mundi
1128 772 1459 844 fumantis
1540 774 1868 855 nebulaS,
1923 776 2137 845 aciem
2212 797 2406 845 verae
2468 776 2764 845 theoriae

170 862 747 933 obnubilantes:
818 862 984 949 quid
1036 862 1119 931 de
1168 863 1317 950 ipso
1368 863 1513 932 fieri
1587 863 1784 933 vellet
1853 865 2287 954 omnipotens
2353 870 2572 944 Deus,
2630 864 2761 933 sibi

177 951 513 1021 revelari
565 965 681 1019 aut
739 951 1062 1040 inspirari
1126 952 1475 1021 continuis
1527 952 1844 1041 precibus
1894 954 2261 1023 ambiebat.
2325 952 2762 1040 Tandemque

178 1039 483 1130 spiritu
508 1039 776 1108 consilii
805 1053 869 1108 et
917 1040 1339 1108 fortitudinis
1365 1040 1745 1121 roboratuS,
1788 1055 2150 1131 perpetuae
2195 1041 2762 1132 peregrinationis

179 1129 539 1198 studium
595 1128 816 1197 modis
847 1129 1172 1198 omnibus
1221 1127 1537 1218 amplecti
1574 1129 1995 1198 deliberavit.
2039 1132 2340 1218 Denique
2375 1130 2582 1199 natali
2617 1129 2762 1199 solo

186 1241 329 1320 pro
389 1230 581 1286 terra
626 1218 993 1286 viventium
1048 1216 1304 1295 relicto,
1352 1238 1435 1286 ne
1468 1217 1881 1304 quandoque
1920 1217 2116 1288 illum
2158 1217 2457 1308 pericula
2512 1218 2760 1287 inferni

182 1306 666 1385 lnvenirent,
726 1306 1145 1395 periculosos
1194 1305 1558 1374 allicientis
1621 1306 1748 1375 sali
1799 1307 2049 1378 fluctus
2129 1307 2627 1387 transfretavit,
2700 1319 2764 1376 et

186 1395 489 1465 Galliae
517 1398 826 1463 Comatae
857 1394 892 1429 '⁴‘
928 1393 1211 1463 limitem
1249 1394 1614 1484 attingenS,
1665 1395 1733 1464 in
1767 1394 2064 1481 quodam
2097 1397 2260 1466 satis
2293 1396 2542 1465 humili
2579 1394 2751 1476 loco,

182 1505 364 1552 vere
407 1504 552 1551 non
592 1483 853 1552 habens
892 1483 1004 1551 hic
1037 1496 1424 1551 manentem
1460 1483 1825 1564 civitatem,
1866 1484 1981 1552 sed
2035 1483 2333 1554 futuram
2371 1484 2753 1571 inquirenS,

182 1570 666 1659 aliquamdiu
712 1571 841 1640 sub
876 1571 1113 1639 habitu
1168 1571 1504 1661 peregrini
1556 1571 1847 1641 delituit.

288 1664 331 1747 ἓ
405 1664 509 1730 3.
577 1660 922 1729 Rutilabat
974 1660 1083 1727 his
1134 1660 1556 1748 temporibus
1606 1660 1802 1729 stella
1850 1682 2000 1729 vere
2049 1661 2319 1731 coelesti
2369 1661 2670 1749 fulgore,
2725 1683 2768 1731 a

191 1749 496 1827 multiS,
551 1769 725 1833 quae
777 1761 937 1817 tunc
988 1749 1312 1836 temporis
1353 1748 1779 1830 videbantur,
1821 1749 2035 1818 stellis
2101 1749 2446 1830 differem,
2494 1748 2766 1818 Winfri-

182 1838 368 1918 duS,
423 1836 757 1926 indigena
810 1836 1026 1905 nihilo
1066 1838 1294 1905 minus
1325 1835 1626 1925 Angliae,
1682 1840 1800 1923 qui
1850 1837 2113 1906 dudum
2156 1839 2374 1927 patria
2421 1851 2486 1907 et
2525 1859 2767 1927 paren·

190 1928 431 2005 tibus,
479 1925 692 1992 immo
738 1925 1007 1995 cunctis
1044 1925 1450 1994 transitoriis
1492 1947 1612 2015 pro
1644 1926 1905 1997 Christo
1936 1926 2300 2007 derelictis,
2354 1949 2431 1996 ac
2485 1948 2601 2015 per
2630 1926 2756 1995 hoc

196 2014 461 2083 Sancti
516 2013 811 2102 Spiritus
860 2035 1019 2103 prae
1058 2013 1505 2103 participibus
1556 2014 1702 2083 suis
1752 2028 2003 2084 unctus
2051 2015 2220 2097 oleo,
2277 2014 2538 2086 semina
2578 2013 2766 2083 verbi

199 2104 357 2183 Dei,
403 2102 497 2170 ab
533 2101 912 2191 Apostolica
953 2102 1108 2172 sede
1156 2102 1287 2171 sibi
1327 2101 1596 2181 tradita,
1641 2103 1786 2190 jam
1834 2104 2277 2193 Evangelicae
2325 2124 2765 2193 summopere

206 2191 575 2261 insudans
622 2191 1109 2280 agriculturae,
1165 2213 1285 2280 per
1330 2191 1714 2259 vastissima
1766 2213 2130 2281 regnorum
2183 2193 2586 2262 Germaniae
2647 2190 2765 2259 de-

200 2294 400 2350 serta
461 2279 851 2378 spargebat.
887 2280 1010 2348 Hic
1049 2280 1315 2348 Domini
1363 2279 1643 2359 electuS,
1675 2292 1738 2347 et
1774 2280 1948 2348 inter
1987 2303 2150 2349 suos
2199 2282 2422 2368 primo
2459 2302 2576 2369 per
2621 2302 2766 2349 om-

210 2371 334 2438 nia
382 2367 936 2448 laudatissimuS,
989 2366 1572 2454 quemadmodum
1627 2368 1868 2437 litteris
1903 2369 2270 2458 Anglorum
2323 2368 2509 2459 apud
2544 2367 2768 2437 Eccle-

108 2511 120 2521 .
206 2459 400 2528 siam
460 2462 839 2525 Romanam
913 2456 1476 2538 commendatuS,
1544 2456 1992 2546 ejusdemque
2049 2472 2455 2528 cunctarum
2532 2456 2769 2526 matris

210 2545 692 2616 Ecclesiarum
735 2547 1183 2615 contubernio
1223 2547 1307 2614 sit
1336 2546 1646 2635 junctus,
1687 2545 1855 2615 adeo
1888 2560 1960 2615 ut
2011 2547 2207 2617 bonis
2238 2568 2317 2615 ex
2365 2546 2561 2615 factis
2594 2546 2763 2625 suis,

214 2646 499 2705 mutato
550 2634 865 2714 nomine,
922 2655 1041 2721 per
1089 2636 1488 2723 Gregorium
1562 2639 1813 2722 Papam
1867 2635 2256 2705 Bonifacius
2326 2633 2760 2735 appellatUS,

212 2737 286 2792 et
341 2721 651 2812 pontifex
699 2722 786 2792 sit
825 2736 1262 2792 consecratus
1296 2776 1311 2800 ,
1361 2735 1562 2809 atque
1615 2727 1904 2812 Legatus
1951 2723 2374 2812 Apostolicus
2423 2744 2489 2790 ιη
2546 2735 2768 2809 partes

215 2811 678 2882 Germanicas
726 2811 1129 2890 destinatus,
1198 2810 1571 2900 plurimum
1627 2812 1886 2880 Christo
1940 2812 2269 2900 populum
2320 2809 2762 2896 acquisierit,

220 2906 503 2990 Regum
542 2921 619 2968 ac
680 2900 1070 2989 principum
1114 2899 1403 2988 adeptus
1451 2899 2026 2978 benevolentiam,
2083 2899 2332 2968 nobilis
2383 2898 2769 2986 llloguntiac

222 2988 831 3076 metropolitanam
884 2989 1256 3076 susceperit
1308 2989 1742 3068 cathedram,
1795 2989 2155 3075 ipsamque
2206 2999 2432 3076 postea
2498 2985 2770 3054 Archie·

224 3078 635 3166 piscopatus
685 3075 892 3167 pallio
942 3077 1447 3157 sublimaverit,
1502 3076 1983 3166 generaliaque
2045 3075 2334 3144 concilia
2408 3072 2769 3163 cisalpinis

224 3166 296 3234 in
353 3164 681 3234 Ecclesiis
728 3166 1277 3255 congregaverit,
1335 3165 1564 3250 ibique
1625 3163 1841 3232 multa
1898 3163 2303 3252 corrigenda
2355 3161 2762 3241 correxerit,

225 3254 347 3323 sed
418 3265 486 3322 et
534 3253 985 3343 multiplicem
1040 3275 1321 3342 prorsus
1374 3265 1732 3339 quaestum
1801 3252 2083 3320 Domino
2157 3273 2281 3321 suo
2346 3251 2431 3321 de
2493 3263 2772 3339 accepto

232 3342 493 3412 talento
526 3340 727 3431 longo
761 3353 1060 3431 tempore
1089 3341 1520 3410 villicationis
1551 3362 1717 3409 suae
1751 3339 2055 3410 lucratus
2079 3341 2189 3421 sit;
2230 3341 2419 3421 haec,
2455 3340 2767 3426 inquam,

230 3431 600 3516 multaque
647 3429 781 3497 alia
835 3432 957 3499 Deo
1005 3430 1237 3520 digna,
1281 3431 1591 3514 scituque
1639 3429 2047 3509 necessaria,
2087 3430 2155 3498 in
2201 3428 2546 3518 plurimis,
2594 3449 2772 3513 quae

229 3518 589 3609 eleganter
628 3517 713 3586 de
744 3539 821 3587 eo
855 3518 1104 3608 scripta
1143 3517 1602 3607 reperiuntur,
1637 3516 2001 3617 diligenter
2043 3519 2285 3588 investi
2341 3538 2454 3586 are
2480 3516 2775 3603 quisque

237 3618 484 3696 potest.
541 3608 1041 3695 cooperabatur
1089 3608 1325 3693 utique
1353 3606 1422 3673 in
1462 3605 1568 3673 his
1614 3608 1940 3676 omnibus
1981 3606 2144 3675 huic
2179 3606 2312 3675 fide
2348 3607 2363 3673 i
2401 3627 2592 3674 servo
2619 3624 2769 3685 suc,

237 3697 547 3782 satisque
598 3695 918 3784 prudenti
967 3694 1421 3785 dispensatori
1470 3693 1773 3763 clemens
1821 3695 1939 3763 ille
1997 3694 2492 3763 Paterfamilias
2539 3705 2603 3761 et
2653 3697 2778 3760 Do·

242 3784 502 3863 minuS,
560 3784 626 3851 in
679 3783 878 3872 cujus
930 3806 1140 3852 manu
1188 3795 1592 3852 cunctarum
1647 3784 1954 3874 gentium
2006 3796 2137 3852 stat
2196 3782 2407 3863 saluS,
2462 3781 2532 3849 in
2575 3780 2778 3868 cujus

238 3872 863 3960 praedestinatione
899 3872 1269 3940 miserendi
1307 3892 1544 3940 earum
1597 3871 1898 3961 singulis
1947 3893 2149 3940 suum
2195 3868 2585 3959 disponitur
2612 3882 2780 3937 tem-

243 3981 401 4049 pus.
483 3966 568 4029 De
629 3983 765 4048 quo
815 3959 1238 4028 verissimam
1318 3959 1614 4047 legimus
1666 3960 2128 4060 prophetiam:
2187 3960 2400 4027 immo
2443 3957 2587 4044 jam
2643 3978 2779 4026 non

250 4048 705 4137 prophetiam,
772 4047 887 4117 sed
938 4047 1283 4117 evidenter
1332 4047 1681 4117 cernimus
1744 4047 2140 4117 historiam:
2202 4046 2556 4116 Descendet
2610 4047 2782 4114 sicut

242 4136 481 4224 pluvia
527 4140 598 4207 in
652 4141 905 4218 υείῑιιε,
977 4147 1038 4205 et
1085 4139 1256 4206 sicut
1301 4137 1657 4205 stillicidia
1721 4138 2063 4205 stillantia
2141 4158 2342 4225 super
2392 4145 2664 4216 terram,
2719 4143 2784 4202 et

244 4236 509 4293 caetera
557 4248 775 4313 usque
830 4225 911 4295 ad
962 4247 1119 4295 eum
1201 4225 1468 4296 locum:
1522 4230 1602 4294 Ec
1676 4225 2049 4294 adorabunt
2108 4247 2260 4293 eum
2320 4245 2540 4292 omnes
2595 4244 2783 4312 reyes

302 4346 329 4373 ¹·
363 4347 489 4395 Quae
509 4352 583 4393 est
600 4353 795 4395 Francia
811 4353 1002 4405 proprie
1021 4351 1164 4397 tuoto..
