3347 4999
140 348 357 414 OCT.
411 349 453 413 2
834 366 914 413 nn
962 366 1017 414 s.
1073 366 1462 414 monsontio
1508 367 1708 415 amsa.
1760 369 1835 414 ετ
1882 367 2076 416 uAn'r.
2554 355 2631 419 77

138 450 366 541 vulgi
413 462 480 520 et
529 472 952 539 pauperum,
1006 447 1167 520 cuin
1200 451 1611 521 ¹thuribulis
1657 464 1723 521 et
1771 452 2225 534 suffimentis,
2278 477 2438 525 cum
2491 457 2721 528 Cruci-

139 541 309 610 bus
372 554 440 609 et
498 540 809 609 accensis
877 540 1139 619 cereis,
1215 561 1373 609 cum
1448 539 1731 629 hymnis
1799 553 1864 610 et
1926 544 2256 613 canticis:
2310 567 2724 632 sacrumque

136 649 430 715 eorpus
476 629 850 717 excipienS,
906 628 1200 715 perrexit
1233 628 1317 697 ad
1369 628 1641 697 urbem.
1686 630 1808 699 Ubi
1860 644 2004 699 tum
2053 631 2393 719 quaedam
2445 648 2585 705 erat
2623 633 2723 702 fe·-

137 717 390 799 mina,
446 718 685 788 multis
731 717 938 787 annis
985 716 1155 787 adeo
1203 738 1436 797 curva,
1493 730 1568 786 ut
1613 729 1824 806 caput
1872 741 1996 808 pro
2048 721 2369 790 emodum
2427 723 2717 813 genibus

137 804 585 876 inhaereret.
639 811 947 892 Cumque
991 828 1069 875 ea
1120 805 1484 894 paululum
1538 807 1830 876 sublatis
1868 829 2001 877 ocu
2033 810 2090 878 is
2137 810 2222 878 ad
2277 813 2494 880 sancti
2537 833 2723 880 mar·

140 895 348 983 tyris
396 895 720 965 feretrum
774 908 1046 995 precata
1092 907 1290 976 esset,
1344 894 1615 984 corpori
1648 901 1813 983 ‘ejus
1853 897 2200 986 ‘pristinus
2249 898 2440 999 vigor
2489 899 2716 969 rediit.

138 984 557 1054 Mirabatur
605 983 907 1054 Pontifex
953 995 1019 1053 et
1063 984 1183 1071 qui
1244 984 1307 1052 ei
1372 983 1787 1064 adstabant,
1855 984 2173 1055 virtutem
2243 992 2356 1056 Det
2417 1003 2482 1058 et
2544 988 2725 1058 beati

135 1073 502 1163 martyris
549 1072 723 1160 ejuS.
766 1072 1018 1142 Deinde
1046 1094 1206 1142 cum
1241 1072 1531 1142 canticis
1563 1087 1630 1142 et
1664 1074 1935 1162 magnis
1975 1074 2302 1145 laudibus
2350 1076 2417 1146 in
2468 1077 2721 1146 subur-

138 1162 430 1232 hanam
484 1182 848 1251 pervenere
894 1161 1280 1242 ecclesiam,
1335 1161 1402 1230 in
1453 1182 1591 1247 qua
1651 1162 1849 1231 beata
1897 1163 2343 1253 Radegundis
2402 1165 2717 1253 quiescit.

140 1251 282 1319 Ibi
332 1272 488 1320 vero
535 1250 820 1337 quidam
868 1262 1154 1320 curatus
1197 1264 1301 1320 est
1353 1249 1790 1339 paralyticus,
1847 1251 2169 1339 idemque
2222 1254 2723 1344 aliquantisper

144 1338 500 1409 feretrum
538 1351 836 1420 secutus,
877 1338 1254 1424 permansit
1293 1338 1689 1408 incolumis.
1733 1340 1855 1409 Ubi
1890 1340 1973 1409 ad
2013 1342 2190 1412 beati
2215 1343 2460 1412 ,Hilarii
2489 1343 2724 1413 basili·-

149 1451 330 1498 cam
360 1450 400 1497 a
458 1442 764 1515 portatus
794 1443 897 1497 cst
924 1449 1206 1497 sacrum
1239 1449 1515 1517 corpuS,
1551 1427 1733 1497 alius
1769 1429 2187 1517 paralyticus
2224 1432 2291 1500 in
2330 1433 2433 1501 via
2459 1430 2721 1518 jacenS,

153 1530 355 1587 tacto
411 1530 653 1598 eretro,
698 1515 993 1586 surrexit
1026 1538 1261 1586 sanus.
1300 1517 1669 1605 Paulopost
1701 1540 1904 1587 caeca
1983 1519 2166 1588 uella
2201 1521 2525 1589 invocans
2561 1543 2724 1590 sarn-

156 1620 365 1675 etum
411 1619 806 1695 martyrem,
848 1606 1079 1675 lumen
1120 1606 1589 1692 recuperavit:
1626 1620 1832 1693 atque
1864 1629 1903 1675 a
1986 1608 2134 1695 ejus
2177 1609 2527 1679 tumulum
2565 1631 2720 1700 per-

156 1695 483 1773 veniens,
524 1696 844 1781 usquein
901 1715 1223 1783 praesens
1270 1693 1508 1763 devota
1543 1694 1602 1762 ei
1653 1695 1963 1765 inservit.

265 1785 302 1870 §
351 1787 535 1854 8⁰..
578 1789 812 1852 Postea
852 1804 1017 1852 *vero
1067 1804 1259 1853 sacro
1321 1805 1607 1872 corpore
1675 1806 1755 1852 ex
1825 1784 1997 1854 urbe
2049 1785 2452 1856 Pictaviensi
2504 1787 2728 1877 ipsius

163 1892 212 1939 e
271 1873 486 1959 iscopi
536 1871 858 1940 Ansoaldi
910 1885 975 1941 et
1027 1870 1457 1942 sacerdotum
1534 1894 1613 1941 ac
1684 1874 2157 1943 ministrorum
2211 1875 2363 1959 ejus
2413 1875 2725 1945 humeris

167 1894 682 2061 aliquantisper
708 1973 1080 2050 exportato,
1112 1974 1315 2047 atque
1343 1983 1566 2047 usque
1596 1960 1682 2029 ad
1713 1961 2016 2032 viculum
2052 1963 2478 2032 Zezolliolum
2511 1964 2727 2032 hono·-

169 2048 691 2117 rificentissime
726 2049 1075 2137 perducto,
1128 2071 1382 2139 magna
1420 2051 1625 2119 turba
1675 2051 2170 2120 monachorum
2224 2074 2303 2121 ex
2353 2056 2417 2121 S.
2457 2057 2728 2121 Maxen-

173 2136 258 2204 tii
291 2138 642 2218 coenobio,
696 2139 810 2207 ubi
862 2137 1282 2225 quandoque
1312 2139 1591 2209 Abbatis
1622 2151 1768 2209 erat
1815 2138 2097 2209 functus
2137 2142 2543 2221 ministerio,
2591 2142 2727 2209 lae-

176 2225 490 2295 tabunda
517 2227 586 2294 in
616 2227 766 2314 ejus
813 2228 996 2297 venit
1026 2230 1421 2308 occursum,
1457 2249 1804 2314 suumque
1838 2242 2176 2318 pastorem
2216 2251 2466 2319 magno
2495 2230 2729 2301 studio

176 2314 616 2402 suscipiens,
669 2338 831 2384 cum
880 2315 1266 2406 psalmodia
1314 2316 1385 2383 in
1434 2316 1723 2385 ecclesia
1789 2318 2252 2406 pernoctabat.
2316 2324 2509 2387 Mane
2570 2340 2727 2388 vero

178 2402 524 2489 quaedam
591 2404 842 2474 mulier
911 2404 1138 2474 attulit
1199 2403 1531 2473 infantem
1582 2406 1789 2475 trium
1863 2405 2002 2475 fere
2069 2426 2452 2487 annorum,
2570 2428 2731 2498 rope

179 2492 590 2568 exanimem,
634 2494 755 2581 qui
789 2493 1192 2583 priusquam
1233 2493 1317 2563 ad
1369 2517 1622 2584 corpus
1671 2495 1890 2566 sancti
1941 2495 2065 2565 viri
2096 2496 2469 2579 accederet,
2541 2513 2733 2567 ertur

181 2581 568 2671 exspirasse
615 2583 950 2652 animam.
1001 2589 1078 2651 At
1128 2582 1345 2651 nihilo
1380 2584 1616 2653 minus
1658 2598 1875 2653 mater
1925 2606 2084 2654 eum
2139 2585 2268 2655 sub
2317 2585 2560 2655 feretro
2609 2586 2732 2655 de-

182 2670 437 2769 posuit,
472 2684 538 2740 et
569 2693 725 2739 cum
767 2670 1094 2760 lacrymis
1125 2672 1452 2742 invocans
1484 2687 1798 2742 sanctum
1839 2687 2207 2763 martyrem
2238 2697 2252 2741 :
2285 2675 2569 2743 Domine
2604 2676 2723 2754 mi,

178 2759 431 2843 lnquit,
487 2759 697 2828 redde
745 2760 919 2829 mihi
969 2760 1185 2829 {ilium
1236 2782 1496 2830 meum.
1552 2767 1651 2831 Ita
1687 2763 1892 2831 trium
1937 2762 2074 2831 fere
2133 2762 2461 2831 horarum
2503 2763 2726 2851 spatio

177 2844 302 2915 illa
331 2847 766 2936 deprecante,
804 2850 1006 2936 quasi
1056 2848 1139 2918 de
1174 2850 1364 2939 gravi
1415 2872 1659 2920 somno
1706 2850 2042 2941 evigilans
2092 2849 2344 2930 infanS,
2386 2871 2544 2919 voce
2591 2873 2733 2937 qua

176 2936 427 3025 potuit,
479 2937 575 3005 ait
623 2936 707 3006 ad
754 2950 1076 3006 matrem:
1123 2942 1332 3007 Mater
1367 2960 1542 3018 mea,
1581 2939 1865 3008 ubinam
1898 2942 2016 3007 es?
2054 2944 2222 3007 Tum
2265 2938 2382 3006 illa
2419 2939 2732 3028 gaudens

174 3025 436 3112 recepit
468 3025 691 3095 filium
727 3026 1103 3095 redivivum
1146 3049 1351 3113 quem
1394 3027 1746 3115 planxerat
1778 3027 2178 3096 extinctum.
2218 3027 2368 3096 Fuit
2399 3027 2525 3096 hoc
2560 3050 2730 3098 sane

176 3111 426 3269 indgens
472 3129 538 3183 et
580 3115 1005 3204 stupendum
1058 3115 1500 3195 miraculum,
1556 3116 1742 3186 unde
1783 3116 1992 3188 etiam
2047 3137 2299 3204 magna
2347 3116 2415 3183 in
2473 3115 2729 3206 populo

178 3200 229 3269 fi
282 3224 353 3270 es
391 3204 693 3301 ‘excrevit
729 3203 815 3273 de
842 3205 1019 3273 ,tanti
1059 3203 1185 3273 viri
1216 3205 1597 3285 sanctitate,
1653 3203 1857 3292 quus
1904 3203 2124 3294 gloria
2158 3216 2389 3274 manet
2437 3204 2505 3272 in
2543 3206 2734 3276 coelo

181 3303 628 3378 sempiterna.

269 3380 305 3465 ἓ
352 3381 501 3451 31.
557 3383 825 3449 Rursus
875 3400 1037 3471 ergo
1097 3379 1448 3451 sublatum
1499 3391 1603 3452 est
1650 3379 2030 3451 beatissimi
2081 3382 2403 3471 martyris
2450 3403 2727 3471 corpuS,

178 3476 247 3536 et
292 3489 393 3548 ee,
431 3489 570 3554 quo
620 3490 742 3557 par
790 3482 956 3549 erat,
1005 3469 1260 3538 honore
1306 3469 1766 3557 deportatum.
1806 3474 1884 3539 In
1926 3469 2169 3538 itinere
2216 3485 2443 3539 autem
2494 3493 2735 3540 occur-

180 3567 422 3624 rerunt
466 3557 529 3624 ei
577 3555 717 3625 duo
766 3578 1126 3646 pauperes,
1187 3557 1288 3626 vir
1334 3580 1493 3626 cum
1552 3559 1847 3649 conjuge
1895 3581 2045 3639 sua,
2084 3558 2256 3627 alter
2303 3581 2465 3640 une,
2522 3559 2736 3629 altera

178 3656 473 3727 utroque
516 3666 761 3714 carens
798 3646 1023 3716 oculo.
1062 3651 1357 3733 Utroque
1396 3645 1480 3715 ad
1517 3645 1842 3717 feretrum
1878 3646 2264 3729 accedente,
2306 3648 2554 3716 mulier
2596 3670 2732 3717 non

179 3731 531 3803 haesitans
577 3734 941 3803 amborum
990 3733 1353 3804 oculorum
1395 3735 1639 3824 recipit
1671 3734 1947 3807 lumen:
1993 3737 2095 3806 vir
2125 3736 2479 3816 dubitans,
2535 3757 2735 3806 man·-

180 3822 268 3891 sit
313 3820 518 3891 etiam
558 3820 773 3892 altero
813 3822 1079 3892 lumine
1125 3824 1429 3894 orbatus.
1485 3823 1686 3894 Prius
1731 3838 1987 3907 autem,
2033 3846 2248 3913 *quam
2301 3825 2730 3908 accederent,

179 3909 629 3979 vir‘funiculo
661 3911 973 3983 trahebat
1017 3933 1292 3981 caecam
1341 3934 1647 3982 uxorem.
1703 3919 1938 3983 Postea
1973 3935 2159 3983 uxor
2199 3913 2467 3995 videns,
2513 3914 2731 3984 vicem

179 3998 479 4069 reddidit
528 4000 695 4080 vir0,
732 4022 1014 4069 caecum
1063 4022 1222 4069 eum
1280 3999 1542 4071 ducens
1600 4026 1723 4093 per
1777 4003 1982 4072 viam.
2054 4002 2221 4071 Inde
2285 4015 2736 4092 perrexerunt

182 4087 280 4157 ire
325 4088 410 4157 ad
463 4094 534 4157 B.
590 4089 906 4158 Maxentii
972 4088 1509 4159 monasterium:
1564 4092 1633 4160 in
1685 4113 1823 4180 quo
1861 4113 2018 4160 cum
2067 4090 2167 4158 vir
2215 4092 2458 4161 beatus
2511 4092 2734 4181 prime

184 4178 481 4267 coeperit
529 4198 1005 4270 perversorum
1075 4178 1440 4250 hominurn
1490 4181 1763 4249 animos
1821 4179 2177 4249 traducere
2220 4179 2305 4250 ad
2360 4179 2734 4272 colendum

186 4268 423 4347 Deum,
479 4289 615 4337 non
666 4268 829 4367 siue·
859 4266 1252 4355 justissima
1309 4268 1423 4338 Dei
1494 4269 1922 4370 providentia
1984 4266 2243 4338 factum
2292 4268 2596 4350 videtur,
2658 4281 2736 4337 ut

187 4352 443 4454 ibidem
494 4357 871 4447 superiorls
913 4356 1087 4424 vitae
1117 4358 1450 4447 exemplis
1481 4372 1689 4428 etiam
1743 4355 2238 4427 miraculorum
2281 4355 2571 4447 gloriam
2608 4357 2734 4427 ad-

182 4456 528 4532 jungeret.
