3347 4999
628 329 756 393 240
1041 346 1120 392 na
1168 345 1223 391 S.
1278 344 1570 391 naUNoNE
1615 343 2121 393 exarncsmxoa.
2176 319 2575 392 pArat'Anan
2816 327 2988 394 OCT.
3048 330 3096 394 6

518 429 1002 501 instituendae
1050 430 1478 499 occasionem
1532 429 1870 519 praebuit,
1925 429 2158 499 divina
2207 429 2272 497 id
2331 443 2574 519 agente
2625 429 3085 520 providentia,

538 542 716 607 quae
767 518 1140 588 multorum
1196 518 1410 588 voluit
1457 519 1817 589 consulere
1866 517 2096 588 saluti.
2138 517 2431 600 Quidam
2482 519 2665 587 enim
2729 518 2922 588 valde
2970 541 3095 589 ce-

540 608 748 677 lebris
799 612 1060 688 Doctor,
1103 628 1266 696 prae
1312 607 1597 677 caeteris
1648 608 1866 677 multa
1908 606 2219 677 doctrina
2250 619 2314 675 et
2347 607 2594 675 eximia
2648 629 2917 677 morum
2961 616 3094 677 ho-

539 709 795 768 nestate
837 697 1238 777 instructus,
1291 708 1626 782 quantum
1662 687 2057 783 quidem‘ex
2100 696 2273 764 vitae
2313 695 2813 765 consuetudine
2864 696 3095 767 homi-

539 808 702 867 neS,
776 786 898 872 qui
959 800 1235 855 externa
1296 784 1439 854 sola
1506 785 1912 866 intuentur,
1980 784 2270 872 pectoris
2334 806 2589 854 arcana
2651 784 2876 854 videre
2942 809 3085 868 non

537 888 849 976 possunt,
895 875 1232 962 conjicere
1296 886 1359 942 et
1409 873 1800 942 existimare
1841 885 2165 961 possent;
2220 886 2362 941 tum
2415 874 2621 943 etiam
2685 887 2842 943 ante
2903 875 3088 946 alios

537 963 727 1033 illius
781 963 1001 1052 ipsius
1050 961 1400 1031 doctrinae
1448 974 1512 1030 et
1612 962 1922 1032 robitatis
1971 983 2180 1031 causa
2231 961 2632 1042 honoratus,
2678 962 2744 1030 in
2799 985 3087 1052 gravem

537 1052 860 1121 morbum
913 1050 1177 1131 incidit,
1212 1064 1277 1119 et
1327 1050 1496 1119 lecto
1594 1049 1993 1132 ecumbenS,
2032 1050 2271 1119 morbo
2314 1052 2851 1141 ingravescente,
2893 1051 3083 1121 diem

536 1140 786 1209 clausit
832 1153 1238 1220 extremum,
1277 1152 1433 1208 ante
1466 1151 1688 1207 tamen
1733 1161 1922 1209 more
1960 1138 2367 1219 Christiane,
2414 1153 2489 1207 ut
2531 1139 2631 1207 vir
2655 1140 3081 1221 Cath‘olicus,

536 1227 1036 1298 Ecclesiasticis
1087 1228 1397 1297 munitus
1445 1229 1920 1298 sacramentis.
1990 1233 2296 1315 Cumque
2343 1227 2404 1295 ei
2452 1249 2532 1297 ex
2575 1242 2845 1317 recepta
2891 1230 3084 1319 apud

537 1318 958 1388 Christianos
1005 1316 1503 1387 consuetudine
1558 1316 1859 1387 celebres
1911 1330 2319 1406 pararentur
2362 1318 2737 1405 exequiae,
2814 1318 3084 1388 funeris

538 1408 689 1496 ejus
744 1405 1237 1476 cohonestandi
1290 1406 1535 1496 gratia,
1588 1405 2100 1506 magistrorum,
2154 1406 2651 1487 studiosorum,
2707 1419 2772 1475 et
2820 1407 3080 1477 civium

536 1497 602 1565 in
659 1518 784 1586 ens
830 1495 1105 1565 advenit
1156 1493 1561 1564 multitudo:
1615 1496 1873 1580 quibus
1923 1494 2134 1562 funus
2186 1496 2415 1584 ipsum
2473 1495 3078 1584 prosequentibus,

536 1519 841 1655 deffuncti
870 1585 1183 1653 exanime
1224 1605 1477 1673 eorpus
1511 1581 1580 1650 in
1621 1582 1982 1673 templum,
2016 1583 2132 1652 ubi
2173 1582 2574 1673 sepulturae
2604 1584 3082 1654 mandandum

535 1687 702 1755 erat,
757 1672 1022 1742 illatum
1075 1686 1223 1742 est..

622 1765 658 1850 ξ
706 1767 795 1834 8.
852 1761 1027 1830 Viris
1073 1773 1300 1830 autem
1343 1759 1848 1839 ecclesiasticis,
1901 1759 2021 1847 qui
2061 1759 2142 1827 ad
2198 1758 2267 1828 id
2318 1759 2581 1829 invitati
2633 1759 2928 1840 fuerant,
2971 1782 3084 1831 so-

535 1852 735 1921 litum
789 1850 1091 1920 officium
1139 1849 1648 1938 peragentibuS,
1703 1863 1769 1918 et
1811 1870 2042 1939 preces
2087 1847 2264 1928 illas,
2305 1870 2479 1935 quas
2512 1848 2793 1938 vigilias
2824 1848 3074 1919 defun·

534 1954 799 2010 ctorum
853 1951 1117 2019 vocant,
1173 1938 1640 2017 recitantibus,
1694 1938 1814 2008 ubi
1864 1950 2138 2007 ventum
2191 1950 2292 2006 est
2339 1936 2423 2005 ad
2475 1959 2623 2006 eam
2679 1937 3074 2018 lectionem,

533 2031 735 2118 cujus
786 2028 1058 2096 initium
1120 2041 1243 2106 est,
1301 2029 1638 2118 Responde
1686 2028 1893 2096 milzi:
1944 2027 2026 2107 is,
2091 2027 2211 2112 qui
2256 2039 2401 2096 erat
2449 2027 2584 2095 vita
2632 2025 2937 2106 functus,
3005 2027 3077 2097 in

535 2119 687 2219 ipso
734 2117 978 2187 feretro
1025 2116 1234 2185 erexit
1281 2137 1376 2197 se,
1414 2130 1479 2185 et
1522 2115 1886 2205 paululum
1937 2116 2192 2185 elevato
2241 2116 2487 2204 capite,
2526 2115 2798 2185 cunctis
2839 2115 3080 2185 viden-

535 2208 720 2277 tibus
770 2220 834 2275 et
881 2205 1345 2285 audientibus,
1401 2219 1466 2276 et
1526 2204 1609 2274 ad
1683 2218 1937 2274 tantam
2001 2208 2093 2272 rei
2156 2206 2520 2274 novitatem
2558 2226 2690 2272 non
2729 2204 3083 2276 immerito

534 2294 995 2384 stupentibus,
1053 2293 1183 2363 alta
1227 2307 1292 2362 et
1339 2292 1680 2363 horrenda
1728 2316 1889 2362 voce
1926 2293 2133 2363 dixit:
2182 2294 2372 2363 ‚Iusto
2408 2295 2541 2362 Dei
2564 2294 2827 2384 judicio
2876 2318 3079 2364 accu-

531 2395 720 2453 satus
765 2406 955 2452 sum.-
981 2396 1046 2453 et
1077 2383 1185 2453 his
1219 2382 1444 2466 dictis,
1483 2404 1730 2452 rursus
1763 2383 1831 2451 in
1862 2381 2107 2452 feretro
2141 2382 2460 2472 deposuit
2489 2395 2722 2470 caput.
2757 2383 2886 2464 Qui
2916 2405 3076 2453 vero

532 2494 610 2542 ea
657 2471 810 2560 ejus
861 2473 1063 2543 verba
1110 2472 1503 2553 audierunt,
1542 2484 1606 2543 et
1635 2483 1870 2563 gestus
1900 2469 2240 2553 viderunt,
2278 2493 2412 2541 non
2451 2470 2889 2541 mediocriter
2926 2493 3079 2561 per-

533 2560 893 2641 terrefacti,
948 2561 1259 2632 consulte
1318 2563 1598 2651 quidem
1665 2572 1732 2631 et
1785 2561 2063 2651 provide
2127 2562 2578 2630 decreverunt
2632 2560 3066 2650 sepulturam

531 2653 680 2739 ejus
731 2650 796 2719 in
849 2651 1031 2720 diem
1082 2652 1461 2721 crastinum
1503 2650 1982 2735 differendam,
2039 2662 2173 2720 tam
2242 2651 2609 2720 inusitatae
2663 2649 2756 2718 rei
2807 2650 3074 2721 exitum

531 2739 1035 2830 praestolaturi.
1078 2739 1297 2809 Altera
1350 2739 1546 2821 luce,
1615 2762 1776 2809 cum
1812 2738 1958 2827 jam
2016 2737 2175 2808 sacti
2228 2738 2438 2828 hujus
2486 2734 2672 2807 fama
2720 2750 2852 2807 tota
2901 2740 3078 2809 urbe

527 2842 704 2901 esset
748 2829 1045 2913 diffusa,
1104 2841 1168 2899 et
1219 2830 1529 2898 omnium
1581 2849 1785 2898 aures
1836 2826 2298 2915 implevisset,
2357 2827 2442 2896 ad
2491 2849 2640 2896 eam
2705 2827 3073 2897 ecclesiam

526 2919 895 2988 innumera
945 2916 1156 3009 prope
1196 2917 1558 2986 hominum
1610 2918 1973 3002 utriusque
2003 2938 2207 2986 sexus
2249 2916 2447 2985 turba
2486 2916 2841 2986 confluxit.
2898 2922 3074 2987 Tum

526 3016 683 3077 vero
730 3007 959 3076 denuo
1009 3006 1312 3096 repetitis
1340 3005 1669 3093 exequiis,
1719 3017 2082 3094 postquam
2139 3004 2412 3075 lectioni
2452 3004 2891 3094 supradictae
2935 3006 3073 3073 ini-

529 3097 697 3166 tium
755 3096 1021 3165 recitari
1051 3096 1299 3185 coepit,
1355 3096 1533 3165 idem
1586 3093 1956 3165 defunctus
1986 3107 2208 3164 erecto
2238 3094 2484 3184 capite,
2518 3094 2781 3184 ingenti
2818 3115 3068 3165 rursus

528 3207 688 3254 voce
723 3185 997 3264 clamat,
1050 3191 1241 3255 Justo
1287 3187 1424 3256 Dei
1470 3185 1735 3274 judicio
1807 3184 2132 3253 'udicatus
2178 3206 2373 3253 sum:
2426 3204 2719 3269 moxque
2769 3182 2839 3251 in
2899 3182 3073 3252 fere-

529 3286 709 3342 trum
746 3294 817 3341 se
850 3274 1141 3361 reponit.
1194 3274 1672 3364 Corripiuntur
1719 3296 1758 3343 a
1813 3285 2066 3342 stantes
2114 3293 2356 3341 omnes
2402 3294 2678 3341 summa
2735 3284 2803 3341 et
2841 3271 3064 3339 incre-

528 3360 726 3432 dibili
799 3361 1298 3442 admiratione,
1355 3362 1917 3450 horrendumque
1982 3361 2452 3451 spectaculum
2525 3373 2806 3451 stupore
2850 3357 3059 3427 afficit

528 3450 910 3521 universos.
952 3450 1078 3519 Sed
1128 3452 1293 3538 quia
1341 3465 1567 3521 tamen
1606 3451 1900 3521 necdum
1950 3472 2026 3520 ea
2067 3470 2243 3536 quae
2293 3449 2629 3521 hactenus
2676 3449 2955 3526 dixerat,
2993 3468 3071 3517 se

518 3542 709 3629 justo
759 3539 872 3607 Dei
913 3538 1179 3629 judicio
1225 3550 1290 3609 et
1336 3552 1763 3621 accusatum,
1802 3551 1866 3608 et
1887 3538 2304 3630 judicatum,
2357 3552 2661 3628 apertam
2714 3535 3060 3607 habebant

526 3628 995 3698 damnationis
1041 3628 1190 3717 ejus
1238 3629 1293 3699 si
1348 3629 1837 3710 nificationem,
1892 3650 2051 3698 cum
2105 3640 2382 3717 possent
2425 3628 2633 3698 etiam
2685 3628 2758 3696 in
2808 3626 3060 3697 bonam

523 3716 746 3807 accipi
801 3731 1099 3809 partem,
1153 3739 1248 3805 qu
1389 3718 1613 3808 primo
1672 3717 1953 3805 quidem
2007 3717 2246 3804 inique
2306 3716 2390 3787 ad
2457 3717 2705 3786 Christi
2757 3713 3063 3785 tribunal

523 3820 890 3876 accusatus
934 3820 1110 3878 esset
1166 3807 1252 3876 ab
1298 3829 1376 3876 eo
1413 3806 1533 3894 qui
1571 3807 1857 3897 perdere
1889 3817 2142 3876 cuncta
2175 3805 2472 3886 festinat,
2508 3817 2574 3875 et
2604 3805 2724 3894 qui
2758 3827 2799 3874 a
2833 3802 3066 3874 studio

523 3894 999 3964 calumniandi
1031 3896 1375 3979 diabolus,
1416 3896 1483 3965 id
1519 3909 1645 3975 est,
1698 3895 2163 3966 calumniator
2196 3906 2375 3964 recte
2407 3894 2637 3966 dictus
2666 3906 2789 3975 est,
2828 3905 3065 3983 postea

521 4005 679 4053 vero
706 3985 793 4053 ab
818 3985 917 4053 eis
943 3985 1315 4055 calumniis
1348 3985 1756 4073 aequissimi
1781 3983 2034 4072 judicis
2062 3985 2397 4055 sententia
2431 3983 2823 4053 vindicatus
2848 3992 3060 4052 esset:

520 4074 790 4143 cunctis
838 4074 1064 4143 visum
1113 4087 1249 4153 est,
1304 4074 1507 4144 etiam
1561 4075 1629 4143 in
1681 4074 1956 4144 tertium
1990 4072 2171 4142 diem
2204 4073 2358 4160 ejus
2400 4073 2794 4163 protrahere
2829 4068 3060 4170 sepul-

520 4173 767 4231 turam.
825 4168 916 4232 Eo
963 4176 1189 4233 autem
1233 4163 1697 4244 illucescente,
1747 4174 1883 4232 tota
1929 4161 2067 4231 fere
2113 4162 2354 4233 civitas
2403 4160 2741 4242 accurrit,
2785 4173 2919 4230 tam
2961 4179 3070 4226 m-

518 4250 846 4320 usitatum
899 4265 964 4321 et
1006 4253 1305 4323 terribile
1356 4254 1468 4322 Dei
1501 4252 1851 4341 judicium
1892 4273 2091 4322 nosse
2121 4252 2434 4342 cupiens.
2481 4254 2787 4338 Cumque
2819 4247 3062 4347 eodem

522 4338 725 4409 modo
776 4341 1186 4410 iterarentur
1231 4344 1675 4430 exequiarum
1744 4341 1956 4425 ritus,
2008 4353 2075 4412 et
2121 4339 2206 4410 ad
2256 4340 2641 4423 lectionem,
2692 4360 2904 4428 quam
2954 4336 3068 4405 ἀι-

519 4428 771 4513 ximuS,
827 4443 1233 4521 perventum
1283 4444 1490 4502 esset:
