3347 4999
235 302 400 369 OCT.
455 268 580 367 ⁴6⁶
999 319 1078 366 ns
1126 319 1182 367 s.
1237 318 1432 367 cauo
1482 320 1623 367 Ana.
1676 320 1751 368 m
1800 319 1983 368 conr.
2544 304 2673 368 457

233 417 478 486 autem,
523 403 641 491 qui
690 402 921 473 eduxit
969 417 1032 473 te
1078 402 1162 471 de
1213 426 1281 472 re
1336 403 1489 473 ione
1521 403 1926 494 longinqua,
1974 404 2121 492 ipse
2160 404 2340 473 sicut
2388 404 2634 474 Tobiae
2666 405 2763 475 fa-

231 493 418 564 mulo
452 514 578 563 suo
608 493 925 562 comitem
963 491 1250 564 coelitus
1329 492 1490 573 edit,
1528 493 1621 562 ita
1655 492 1990 581 Angelum
2032 515 2235 560 suum
2274 492 2490 562 mittet
2533 494 2763 564 nobis-

229 605 411 662 cum,
472 594 536 652 et
603 581 911 651 ostendet
961 581 1160 651 nobis
1222 580 1449 651 locum
1511 581 1873 651 desideriis
1934 579 2357 651 salutaribus
2418 595 2760 671 aptum.»

227 670 443 760 Igitur
502 670 604 739 vir
635 669 879 739 beatus
936 668 1048 738 die
1087 669 1323 738 eodem
1376 669 1659 759 jejunus
1702 670 2102 759 permansit,
2168 681 2231 738 et
2285 690 2505 755 usque
2545 669 2627 739 ad
2665 670 2762 741 al·

221 760 432 830 terius
489 758 625 828 diei
661 757 1051 827 diluculum
1089 758 1158 827 in
1195 758 1622 828 orationibus
1659 759 2099 849 pernoctavit.
2146 758 2435 847 Dignum
2496 760 2759 849 quippe

220 862 384 930 erat,
454 862 532 918 ut
594 847 774 935 quod
817 846 1051 916 divino
1101 847 1467 917 inchoabat
1506 868 1762 929 amore,
1819 847 2324 919 instantissima
2387 867 2584 936 prece
2633 853 2761 917 Do-

223 938 410 1007 mino
452 935 989 1006 commendaret.

307 1028 342 1113 §
390 1029 548 1097 1⁰.
604 1030 769 1093 Cum
820 1038 1047 1094 autem
1110 1023 1378 1094 Lucifer
1434 1046 1558 1094 suo
1608 1047 1936 1114 processu
1978 1024 2196 1094 noctis
2247 1023 2531 1094 latibula
2571 1024 2754 1093 dete-

217 1115 448 1197 xisset,
494 1127 560 1183 et
593 1113 691 1182 sol
730 1112 1050 1182 inferiora
1086 1112 1463 1193 dimittenS,
1506 1136 1720 1183 cursu
1757 1125 2087 1184 consueto
2134 1114 2525 1203 superiores
2573 1114 2762 1184 orbis

217 1203 457 1294 plagas
517 1202 876 1282 inviseret,
934 1204 1351 1291 igneumque
1404 1202 1616 1291 jubar
1694 1204 1780 1273 ab
1828 1202 2111 1273 orientis
2160 1223 2282 1271 axe
2347 1202 2756 1272 mortalibus

220 1293 760 1362 demonstraret:
813 1289 1073 1359 Athleta
1131 1293 1243 1359 Dei
1291 1312 1393 1371 ea,
1462 1312 1637 1377 quae
1685 1291 1930 1361 ductor
1986 1313 2157 1360 suus
2196 1291 2479 1373 dixerat,
2526 1314 2758 1362 secum

216 1403 531 1462 sumenS,
574 1401 731 1449 cum
796 1378 1128 1448 orationis
1169 1378 1684 1461 benedictione,
1751 1379 1869 1449 illo
1935 1394 2326 1470 praeeunte,
2395 1380 2571 1449 viam
2638 1402 2760 1470 ag-

214 1491 497 1562 gressus
536 1481 659 1538 est.
699 1472 1006 1555 Cumque
1049 1490 1168 1557 per
1227 1481 1443 1537 totum
1500 1468 1682 1538 diem
1725 1468 1852 1538 iter
1891 1482 2197 1559 agerent,
2263 1469 2449 1537 circa
2514 1468 2752 1537 boram

218 1580 475 1628 nonam
513 1556 683 1625 dixit
720 1556 1080 1626 diaconus:
1119 1581 1154 1622 «
1198 1562 1413 1638 Pater,
1452 1558 1619 1627 hora
1657 1556 2041 1627 refectionis
2083 1558 2218 1647 jam
2259 1557 2487 1626 instat:
2529 1579 2763 1627 suma-

213 1670 376 1717 mus
424 1645 785 1735 paululum
855 1645 1053 1736 panis
1118 1659 1183 1715 et
1240 1667 1497 1733 aquae:
1535 1646 1702 1734 quia
1762 1646 1854 1715 ita
1913 1630 2297 1726 confortati,
2370 1646 2515 1715 viae
2577 1645 2757 1733 quod

212 1746 449 1815 restat,
492 1734 739 1804 melius
773 1755 1182 1804 consumere
1220 1734 1617 1824 poterimus.
1662 1757 1697 1801 »
1733 1739 1951 1804 Homo
1987 1736 2099 1804 Dei
2142 1734 2525 1825 respondit:
2572 1764 2594 1797 a
2632 1739 2754 1815 Tu,

200 1827 408 1917 juxta
447 1822 915 1893 necessitatem
959 1824 1266 1913 corporis
1303 1822 1735 1893 resectionem
1778 1823 2073 1923 percipe,
2112 1824 2237 1893 fili:
2290 1845 2415 1913 ego
2467 1845 2600 1893 non
2634 1846 2760 1912 gu-

213 1914 417 1984 stabo
481 1912 902 1999 quicquam,
977 1924 1346 1997 antequam
1408 1912 1742 1983 Dominus
1805 1912 1980 1981 mihi
2043 1913 2268 1982 locum
2333 1912 2757 1982 desideratae

213 2000 611 2072 mansionis
659 2000 996 2070 ostendat.
1055 2024 1090 2067 »
1140 2005 1217 2070 Et
1256 2000 1406 2070 ille:
1446 2023 1482 2066 «
1522 2002 1732 2082 Sicut,
1799 2001 2047 2087 inquit,
2093 2002 2261 2071 socii
2322 2023 2566 2072 sumus
2604 2022 2760 2089 pas-

206 2089 463 2169 sionis,
503 2089 602 2157 sic
658 2089 920 2158 erimus
980 2102 1045 2158 et
1105 2088 1617 2159 consolationis,
1663 2112 1698 2155 »
1732 2089 1854 2160 His
1903 2089 2130 2171 dictis,
2199 2104 2574 2179 coeperunt
2631 2090 2759 2158 iter

203 2198 425 2280 agere
481 2176 821 2258 festinam,
859 2177 1025 2265 quia
1063 2178 1208 2247 dies
1234 2179 1380 2269 jam
1415 2177 1829 2260 declinabat,
1883 2191 1946 2247 et
2006 2179 2212 2248 solari
2246 2178 2465 2249 servor
2513 2198 2760 2268 appro-

205 2266 608 2358 pinquabat
655 2266 955 2336 occasui.
994 2272 1339 2336 Venerunt
1386 2280 1613 2337 autem
1680 2266 1764 2336 ad
1817 2267 2158 2354 quendam
2211 2267 2597 2341 fluviolum.
2636 2266 2759 2353 qui

208 2356 549 2426 Steinaha
587 2355 1016 2424 nominatur:
1071 2355 1645 2442 ambulantesque
1704 2377 1823 2445 per
1881 2356 2249 2427 decursum
2302 2356 2546 2446 ipsius,
2591 2356 2758 2425 dum

205 2444 573 2515 venissent
613 2443 695 2514 ad
731 2465 1003 2534 rupem,
1049 2444 1134 2514 de
1182 2466 1318 2531 qua
1351 2444 1530 2514 idem
1566 2464 1724 2515 cum
1785 2445 2050 2536 impetu
2108 2445 2556 2526 descendens,
2597 2467 2760 2535 gur—

208 2536 429 2627 gitem
483 2533 644 2602 facit
680 2534 1110 2623 speciosum:
1166 2534 1261 2603 ibi
1325 2533 1641 2604 viderunt
1706 2532 2043 2623 plurimos
2109 2535 2352 2624 pisces,
2418 2550 2483 2604 et
2543 2535 2760 2624 impo-

202 2635 458 2693 nentes
495 2622 663 2690 retia
723 2644 872 2700 sua,
941 2637 1269 2712 ceperunt
1330 2644 1469 2691 eos.
1541 2622 1696 2712 Igni
1737 2622 1984 2693 deinde
2024 2645 2378 2704 succens0‚
2416 2623 2751 2692 diaconus

201 2714 442 2804 pisces
470 2710 747 2789 assavit,
778 2725 843 2780 et
868 2733 1112 2800 panem
1147 2710 1375 2802 posuit
1406 2733 1616 2867 super
1693 2727 1935 2781 etram.
1968 2717 2210 2782 Beatus
2234 2727 2461 2781 autem
2492 2710 2753 2791 GalluS,

201 2802 383 2872 dum
421 2799 667 2870 orandi
696 2800 915 2888 gratia
953 2799 1302 2869 modicum
1341 2801 1428 2870 ab
1464 2800 1483 2868 i
1521 2800 1583 2869 lo
1669 2800 1934 2870 ivulsus
1967 2814 2165 2881 esset,
2206 2801 2383 2869 inter
2411 2798 2760 2868 condensa

197 2888 528 2980 veprium
589 2888 839 2958 fruteta
887 2888 1282 2969 ambulans,
1340 2904 1405 2958 et
1455 2889 1988 2984 pedebaerens
2033 2889 2118 2958 ad
2171 2902 2418 2958 terram
2470 2888 2753 2958 corruit.

200 2977 410 3063 Quod
447 2978 786 3049 diaconus
820 2977 1084 3057 videns,
1126 2979 1449 3057 accurrit,
1481 2991 1555 3047 ut
1589 2977 1974 3048 sublevaret
2011 2990 2450 3067 prostratum.
2493 2975 2618 3046 Sed
2659 2976 2758 3044 vir

198 3069 328 3138 Dei
401 3066 757 3154 praescius
821 3065 1242 3136 futurorum:
1301 3089 1337 3132 «
1391 3066 1548 3135 Sine
1599 3088 1733 3147 me,
1787 3067 1912 3147 ait,
1969 3065 2133 3135 haec
2169 3065 2437 3152 requies
2487 3085 2636 3133 mea
2686 3065 2753 3133 in

196 3155 532 3228 seculum
598 3154 851 3224 seculi:
909 3155 1022 3223 hic
1071 3155 1442 3232 habitabo,
1511 3154 1838 3241 quoniam
1902 3154 2075 3244 elegi
2135 3175 2310 3223 eam.
2366 3177 2401 3221 »
2468 3158 2545 3222 Et
2592 3174 2752 3222 cum

195 3258 367 3338 post
432 3243 811 3312 orationem
875 3245 1304 3324 surrexisset,
1346 3265 1630 3313 sumens
1672 3243 1932 3332 virgam
1970 3242 2355 3324 colurnam,
2402 3241 2561 3312 fecit
2594 3246 2757 3311 Cru-

195 3357 388 3412 cem,
430 3343 493 3400 et
535 3331 680 3401 fixit
716 3331 784 3399 in
823 3344 1098 3401 terram.
1143 3331 1453 3401 Habebat
1492 3345 1719 3400 autem
1784 3331 2192 3419 pendentem
2247 3331 2421 3401 collo
2484 3330 2751 3421 capsel-

192 3425 374 3500 lam,
432 3419 501 3488 in
552 3442 688 3507 qua
737 3420 1270 3489 continebantur
1322 3419 1651 3505 reliquiae
1690 3418 1883 3489 beate
1934 3419 2044 3489 Dei
2079 3420 2442 3490 Genitricis
2474 3420 2746 3499 Mariae,

194 3527 268 3583 et
324 3522 720 3580 sanctorum
776 3513 1151 3598 Martyrum
1193 3508 1488 3577 Mauritii
1535 3522 1601 3577 et
1651 3508 2003 3578 Desiderii.
2042 3514 2262 3591 Quam
2303 3531 2461 3580 cum
2504 3510 2572 3576 in
2607 3509 2758 3595 ipsa

194 3606 429 3671 Cruce
471 3595 968 3686 suspendisset,
1009 3597 1272 3667 vocavit
1311 3596 1707 3678 diaconum,
1746 3608 1811 3666 et
1845 3610 2360 3686 prostraverunt
2398 3620 2469 3667 se
2503 3598 2756 3687 pariter

189 3691 273 3758 in
323 3685 730 3757 orationem.
772 3690 941 3754 Tum
976 3686 1079 3753 vir
1115 3685 1523 3756 venerabilis
1556 3685 1964 3772 hujusmodi
2003 3708 2235 3776 preces
2268 3687 2518 3757 emisit:
2560 3708 2595 3752 «
2632 3691 2754 3754 Do-

190 3776 402 3846 mine
448 3774 606 3844 Jesu
673 3773 957 3855 Christe,
1002 3774 1123 3861 qui
1189 3796 1309 3865 pro
1370 3773 1588 3844 salute
1653 3775 1946 3844 humani
2007 3775 2277 3865 generis
2336 3774 2421 3844 de
2479 3774 2754 3874 Virgine

192 3863 432 3944 nasci,
499 3877 564 3933 et
622 3875 907 3931 mortem
975 3861 1207 3934 subire
1265 3861 1595 4021 dignatus
1653 3886 1751 3944 eS,
1806 3885 1891 3933 ne
1949 3863 2291 3954 despicias
2330 3861 2751 3933 desiderium

191 3974 444 4021 meum
489 3974 609 4043 pro
667 3950 960 4041 peccatis
996 3952 1203 4021 meis:
1258 3974 1329 4022 se
1429 3952 1496 4021 in
1550 3952 1807 4022 honore
1855 3965 2130 4022 sanctae
2178 3952 2535 4023 Genitricis
2567 3964 2746 4030 tuae,

192 4053 269 4109 et
313 4045 695 4138 ‚Martyrum
735 4038 1352 4127 confessorumque
1390 4054 1669 4111 tuorum
1708 4062 2040 4142 praepara
2077 4042 2145 4110 in
2197 4041 2507 4111 hocloco
2557 4039 2752 4109 habi-

192 4140 560 4211 tationem,
617 4130 754 4200 tuis
814 4141 1043 4218 aptam
1088 4130 1406 4199 servitiis.
1477 4152 1513 4195 »
1577 4129 1798 4199 Finita
1863 4130 2191 4209 oratione,
2265 4129 2407 4202 sole
2470 4151 2751 4200 occum-

189 4217 436 4297 bente,
498 4218 736 4288 finitus
789 4231 891 4287 est
923 4217 1094 4299 dieS,
1136 4229 1201 4287 et
1264 4218 1400 4308 ipsi
1435 4218 1709 4287 tandem
1745 4240 1903 4288 cum
1941 4218 2319 4309 gratiarum
2358 4220 2627 4289 actione
2651 4217 2751 4287 ci-

188 4305 379 4374 bum
417 4320 898 4396 sumpserunt;
954 4328 1372 4394 rursumque
1414 4312 1545 4376 Deo
1598 4307 1857 4396 gratias
1895 4308 2316 4388 exhibentes,
2363 4317 2751 4379 straverunt

191 4391 347 4465 sibi
383 4393 449 4461 in
487 4407 682 4477 terra,
725 4407 802 4466 ut
836 4395 1345 4484 aliquantulum
1390 4395 1913 4483 requiescerent.
1961 4396 2086 4466 Sed
2123 4397 2236 4466 Vir
2267 4411 2549 4468 sanctus
2584 4416 2741 4466 cum
