<?xml version="1.0" encoding="UTF-8"?>
<!DOCTYPE html PUBLIC "-//W3C//DTD XHTML 1.0 Transitional//EN"
    "http://www.w3.org/TR/xhtml1/DTD/xhtml1-transitional.dtd">
<html xmlns="http://www.w3.org/1999/xhtml" xml:lang="en" lang="en">
 <head>
  <title>
</title>
<meta http-equiv="Content-Type" content="text/html;charset=utf-8" />
  <meta name='ocr-system' content='tesseract 3.04.00' />
  <meta name='ocr-capabilities' content='ocr_page ocr_carea ocr_par ocr_line ocrx_word'/>
</head>
<body>
  <div class='ocr_page' id='page_1' title='image "./historiaeseuvit03lippgoog_0492.png"; bbox 0 0 3347 4999; ppageno 0'>
   <div class='ocr_carea' id='block_1_1' title="bbox 770 310 3173 375">
    <p class='ocr_par' dir='ltr' id='par_1_1' title="bbox 770 310 3173 375">
     <span class='ocr_line' id='line_1_1' title="bbox 770 310 3173 375; baseline 0.001 -2"><span class='ocrx_word' id='word_1_1' title='bbox 770 311 898 373; x_wconf 75' lang='lat'>420</span> <span class='ocrx_word' id='word_1_2' title='bbox 1343 327 1419 372; x_wconf 72' lang='lat' dir='ltr'>nii</span> <span class='ocrx_word' id='word_1_3' title='bbox 1467 327 1523 373; x_wconf 88' lang='lat' dir='ltr'>S.</span> <span class='ocrx_word' id='word_1_4' title='bbox 1577 325 1877 373; x_wconf 69' lang='lat' dir='ltr'>noiiiivico</span> <span class='ocrx_word' id='word_1_5' title='bbox 1926 324 2225 373; x_wconf 54' lang='lat' dir='ltr'>ionicam</span> <span class='ocrx_word' id='word_1_6' title='bbox 2275 328 2544 373; x_wconf 66' lang='lat' dir='ltr'>ensium</span> <span class='ocrx_word' id='word_1_7' title='bbox 2894 310 3058 375; x_wconf 85' lang='lat' dir='ltr'><strong>OCT.</strong></span> <span class='ocrx_word' id='word_1_8' title='bbox 3108 312 3173 375; x_wconf 76' lang='grc'>14</span> 
     </span>
    </p>
   </div>
   <div class='ocr_carea' id='block_1_2' title="bbox 669 409 3265 4408">
    <p class='ocr_par' dir='ltr' id='par_1_2' title="bbox 680 409 3265 856">
     <span class='ocr_line' id='line_1_2' title="bbox 681 409 3173 502; baseline -0 -21"><span class='ocrx_word' id='word_1_9' title='bbox 681 412 861 482; x_wconf 91' lang='lat' dir='ltr'>sicut</span> <span class='ocrx_word' id='word_1_10' title='bbox 908 424 1008 480; x_wconf 93' lang='lat' dir='ltr'>est</span> <span class='ocrx_word' id='word_1_11' title='bbox 1045 410 1280 489; x_wconf 89' lang='lat' dir='ltr'>idiota,</span> <span class='ocrx_word' id='word_1_12' title='bbox 1336 422 1714 497; x_wconf 88' lang='lat' dir='ltr'>utcumque</span> <span class='ocrx_word' id='word_1_13' title='bbox 1763 409 2150 498; x_wconf 78' lang='lat' dir='ltr'>syllabatim</span> <span class='ocrx_word' id='word_1_14' title='bbox 2204 410 2475 500; x_wconf 86' lang='lat' dir='ltr'>legeret,</span> <span class='ocrx_word' id='word_1_15' title='bbox 2533 424 2803 501; x_wconf 84' lang='lat' dir='ltr'>repente</span> <span class='ocrx_word' id='word_1_16' title='bbox 2865 433 3173 502; x_wconf 89' lang='lat' dir='ltr'>compun-</span> 
     </span>
     <span class='ocr_line' id='line_1_3' title="bbox 681 498 3175 588; baseline 0 -19"><span class='ocrx_word' id='word_1_17' title='bbox 681 499 929 569; x_wconf 90' lang='lat' dir='ltr'>ctionis</span> <span class='ocrx_word' id='word_1_18' title='bbox 976 522 1134 568; x_wconf 91' lang='lat' dir='ltr'>eum</span> <span class='ocrx_word' id='word_1_19' title='bbox 1168 499 1454 588; x_wconf 90' lang='lat' dir='ltr'>spiritus</span> <span class='ocrx_word' id='word_1_20' title='bbox 1503 498 1571 566; x_wconf 91' lang='lat' dir='ltr'>in</span> <span class='ocrx_word' id='word_1_21' title='bbox 1625 498 1968 588; x_wconf 80' lang='lat' dir='ltr'>lacrymas</span> <span class='ocrx_word' id='word_1_22' title='bbox 2018 499 2237 580; x_wconf 90' lang='lat' dir='ltr'>solvit,</span> <span class='ocrx_word' id='word_1_23' title='bbox 2276 499 2652 587; x_wconf 91' lang='lat' dir='ltr'>eodemque</span> <span class='ocrx_word' id='word_1_24' title='bbox 2703 514 3032 570; x_wconf 90' lang='lat' dir='ltr'>momento</span> <span class='ocrx_word' id='word_1_25' title='bbox 3060 501 3175 570; x_wconf 88' lang='lat' dir='ltr'>cir-</span> 
     </span>
     <span class='ocr_line' id='line_1_4' title="bbox 681 587 3265 677; baseline 0.002 -19"><span class='ocrx_word' id='word_1_26' title='bbox 681 587 883 658; x_wconf 92' lang='lat' dir='ltr'>culus</span> <span class='ocrx_word' id='word_1_27' title='bbox 931 587 1046 656; x_wconf 92' lang='lat' dir='ltr'>ille</span> <span class='ocrx_word' id='word_1_28' title='bbox 1093 588 1349 658; x_wconf 86' lang='lat' dir='ltr'>fractus</span> <span class='ocrx_word' id='word_1_29' title='bbox 1398 587 1743 677; x_wconf 89' lang='lat' dir='ltr'>apparuit.</span> <span class='ocrx_word' id='word_1_30' title='bbox 1780 587 1971 669; x_wconf 87' lang='lat' dir='ltr'>Quod</span> <span class='ocrx_word' id='word_1_31' title='bbox 2026 588 2437 658; x_wconf 80' lang='lat' dir='ltr'>miraculum</span> <span class='ocrx_word' id='word_1_32' title='bbox 2481 590 2807 675; x_wconf 91' lang='lat' dir='ltr'>quoniam</span> <span class='ocrx_word' id='word_1_33' title='bbox 2857 588 3014 658; x_wconf 91' lang='lat' dir='ltr'>alibi</span> <span class='ocrx_word' id='word_1_34' title='bbox 3048 591 3174 677; x_wconf 87' lang='lat' dir='ltr'>jani</span> <span class='ocrx_word' id='word_1_35' title='bbox 3264 644 3265 663; x_wconf 41' lang='lat'>1</span> 
     </span>
     <span class='ocr_line' id='line_1_5' title="bbox 681 675 3175 766; baseline 0.002 -22"><span class='ocrx_word' id='word_1_36' title='bbox 681 699 806 747; x_wconf 92' lang='lat' dir='ltr'>nos</span> <span class='ocrx_word' id='word_1_37' title='bbox 854 676 1306 766; x_wconf 78' lang='lat' dir='ltr'><strong>descripsisse</strong></span> <span class='ocrx_word' id='word_1_38' title='bbox 1350 676 1858 757; x_wconf 79' lang='lat' dir='ltr'>·meminimuS‚</span> <span class='ocrx_word' id='word_1_39' title='bbox 1911 675 2220 747; x_wconf 78' lang='lat' dir='ltr'>celeriter</span> <span class='ocrx_word' id='word_1_40' title='bbox 2267 690 2813 747; x_wconf 79' lang='lat' dir='ltr'>transcurrentes</span> <span class='ocrx_word' id='word_1_41' title='bbox 2843 733 2857 758; x_wconf 93' lang='lat'>,</span> <span class='ocrx_word' id='word_1_42' title='bbox 2913 700 3175 765; x_wconf 85' lang='lat' dir='ltr'>sequens</span> 
     </span>
     <span class='ocr_line' id='line_1_6' title="bbox 680 764 3168 856; baseline 0 -23"><span class='ocrx_word' id='word_1_43' title='bbox 680 765 893 845; x_wconf 92' lang='lat' dir='ltr'>aliud,</span> <span class='ocrx_word' id='word_1_44' title='bbox 949 765 1134 852; x_wconf 91' lang='lat' dir='ltr'>quod</span> <span class='ocrx_word' id='word_1_45' title='bbox 1186 765 1478 834; x_wconf 88' lang='lat' dir='ltr'>necdum</span> <span class='ocrx_word' id='word_1_46' title='bbox 1532 764 1774 834; x_wconf 88' lang='lat' dir='ltr'>litteris</span> <span class='ocrx_word' id='word_1_47' title='bbox 1804 766 2135 835; x_wconf 89' lang='lat' dir='ltr'>insertum</span> <span class='ocrx_word' id='word_1_48' title='bbox 2171 779 2292 846; x_wconf 91' lang='lat' dir='ltr'>est,</span> <span class='ocrx_word' id='word_1_49' title='bbox 2324 766 2753 837; x_wconf 83' lang='lat' dir='ltr'>enucleatius</span> <span class='ocrx_word' id='word_1_50' title='bbox 2785 766 3168 856; x_wconf 85' lang='lat' dir='ltr'>digeramus.</span> 
     </span>
    </p>

    <p class='ocr_par' dir='ltr' id='par_1_3' title="bbox 669 854 3265 4230">
     <span class='ocr_line' id='line_1_7' title="bbox 767 854 3175 945; baseline -0.001 -19"><span class='ocrx_word' id='word_1_51' title='bbox 767 856 803 941; x_wconf 66' lang='grc' dir='ltr'>ξ</span> <span class='ocrx_word' id='word_1_52' title='bbox 851 858 1000 926; x_wconf 73' lang='lat'>16.</span> <span class='ocrx_word' id='word_1_53' title='bbox 1054 854 1266 924; x_wconf 90' lang='lat' dir='ltr'>Paulo</span> <span class='ocrx_word' id='word_1_54' title='bbox 1319 867 1467 943; x_wconf 89' lang='lat' dir='ltr'>post</span> <span class='ocrx_word' id='word_1_55' title='bbox 1516 874 1817 941; x_wconf 90' lang='lat' dir='ltr'>namque</span> <span class='ocrx_word' id='word_1_56' title='bbox 1849 859 2239 924; x_wconf 85' lang='lat' dir='ltr'>Ravennam</span> <span class='ocrx_word' id='word_1_57' title='bbox 2279 856 2544 936; x_wconf 91' lang='lat' dir='ltr'>urbem,</span> <span class='ocrx_word' id='word_1_58' title='bbox 2588 876 2693 924; x_wconf 83' lang='lat' dir='ltr'>nie</span> <span class='ocrx_word' id='word_1_59' title='bbox 2717 856 3015 945; x_wconf 86' lang='lat' dir='ltr'>jubente,</span> <span class='ocrx_word' id='word_1_60' title='bbox 3045 876 3175 944; x_wconf 88' lang='lat' dir='ltr'>per-</span> 
     </span>
     <span class='ocr_line' id='line_1_8' title="bbox 679 942 3167 1033; baseline -0 -20"><span class='ocrx_word' id='word_1_61' title='bbox 679 942 875 1023; x_wconf 82' lang='lat' dir='ltr'>rexit,</span> <span class='ocrx_word' id='word_1_62' title='bbox 927 957 1005 1013; x_wconf 90' lang='lat' dir='ltr'>ut</span> <span class='ocrx_word' id='word_1_63' title='bbox 1053 943 1440 1012; x_wconf 90' lang='lat' dir='ltr'>sarcinulas</span> <span class='ocrx_word' id='word_1_64' title='bbox 1488 965 1673 1024; x_wconf 88' lang='lat' dir='ltr'>suas,</span> <span class='ocrx_word' id='word_1_65' title='bbox 1726 965 1902 1029; x_wconf 89' lang='lat' dir='ltr'>quas</span> <span class='ocrx_word' id='word_1_66' title='bbox 1936 943 2031 1013; x_wconf 91' lang='lat' dir='ltr'>ibi</span> <span class='ocrx_word' id='word_1_67' title='bbox 2080 944 2164 1012; x_wconf 90' lang='lat' dir='ltr'>de</span> <span class='ocrx_word' id='word_1_68' title='bbox 2214 944 2370 1013; x_wconf 88' lang='lat' dir='ltr'>navi</span> <span class='ocrx_word' id='word_1_69' title='bbox 2419 944 2745 1033; x_wconf 89' lang='lat' dir='ltr'>prodiens</span> <span class='ocrx_word' id='word_1_70' title='bbox 2792 943 3167 1030; x_wconf 87' lang='lat' dir='ltr'>reliquerat,</span> 
     </span>
     <span class='ocr_line' id='line_1_9' title="bbox 679 1031 3170 1133; baseline -0.001 -32"><span class='ocrx_word' id='word_1_71' title='bbox 679 1044 1084 1133; x_wconf 66' lang='lat' dir='ltr'>exportaret.</span> <span class='ocrx_word' id='word_1_72' title='bbox 1160 1031 1310 1100; x_wconf 92' lang='lat' dir='ltr'>Illic</span> <span class='ocrx_word' id='word_1_73' title='bbox 1383 1032 1609 1118; x_wconf 89' lang='lat' dir='ltr'>itaque</span> <span class='ocrx_word' id='word_1_74' title='bbox 1658 1031 1842 1122; x_wconf 91' lang='lat' dir='ltr'>apud</span> <span class='ocrx_word' id='word_1_75' title='bbox 1894 1031 2172 1102; x_wconf 82' lang='lat' dir='ltr'>fabriles</span> <span class='ocrx_word' id='word_1_76' title='bbox 2220 1032 2531 1102; x_wconf 84' lang='lat' dir='ltr'>officinas</span> <span class='ocrx_word' id='word_1_77' title='bbox 2601 1055 2773 1102; x_wconf 89' lang='lat' dir='ltr'>nova</span> <span class='ocrx_word' id='word_1_78' title='bbox 2838 1032 3170 1102; x_wconf 81' lang='lat' dir='ltr'>ferreorum</span> 
     </span>
     <span class='ocr_line' id='line_1_10' title="bbox 679 1120 3173 1211; baseline 0 -23"><span class='ocrx_word' id='word_1_79' title='bbox 679 1142 981 1191; x_wconf 83' lang='lat' dir='ltr'>nexuum</span> <span class='ocrx_word' id='word_1_80' title='bbox 1018 1132 1425 1210; x_wconf 88' lang='lat' dir='ltr'>argumenta</span> <span class='ocrx_word' id='word_1_81' title='bbox 1472 1120 1838 1202; x_wconf 82' lang='lat' dir='ltr'>confinxit,</span> <span class='ocrx_word' id='word_1_82' title='bbox 1894 1121 2266 1209; x_wconf 89' lang='lat' dir='ltr'>multisque</span> <span class='ocrx_word' id='word_1_83' title='bbox 2316 1143 2388 1192; x_wconf 89' lang='lat' dir='ltr'>se</span> <span class='ocrx_word' id='word_1_84' title='bbox 2438 1120 2734 1191; x_wconf 86' lang='lat' dir='ltr'>vinculis</span> <span class='ocrx_word' id='word_1_85' title='bbox 2779 1144 2897 1211; x_wconf 90' lang='lat' dir='ltr'>per</span> <span class='ocrx_word' id='word_1_86' title='bbox 2942 1121 3173 1190; x_wconf 84' lang='lat' dir='ltr'>diversa</span> 
     </span>
     <span class='ocr_line' id='line_1_11' title="bbox 680 1208 3169 1299; baseline 0 -22"><span class='ocrx_word' id='word_1_87' title='bbox 680 1210 990 1278; x_wconf 90' lang='lat' dir='ltr'>membra</span> <span class='ocrx_word' id='word_1_88' title='bbox 1039 1210 1186 1299; x_wconf 90' lang='lat' dir='ltr'>ipse</span> <span class='ocrx_word' id='word_1_89' title='bbox 1233 1209 1508 1279; x_wconf 89' lang='lat' dir='ltr'>sibimet</span> <span class='ocrx_word' id='word_1_90' title='bbox 1546 1208 1761 1296; x_wconf 83' lang='lat' dir='ltr'>judex</span> <span class='ocrx_word' id='word_1_91' title='bbox 1808 1222 1872 1278; x_wconf 88' lang='lat' dir='ltr'>et</span> <span class='ocrx_word' id='word_1_92' title='bbox 1924 1232 2102 1290; x_wconf 91' lang='lat' dir='ltr'>reus,</span> <span class='ocrx_word' id='word_1_93' title='bbox 2141 1210 2467 1280; x_wconf 89' lang='lat' dir='ltr'>violenter</span> <span class='ocrx_word' id='word_1_94' title='bbox 2497 1211 2803 1280; x_wconf 85' lang='lat' dir='ltr'>arctavit.</span> <span class='ocrx_word' id='word_1_95' title='bbox 2859 1215 3015 1279; x_wconf 80' lang='lat' dir='ltr'>Nam</span> <span class='ocrx_word' id='word_1_96' title='bbox 3059 1209 3169 1277; x_wconf 91' lang='lat' dir='ltr'>duo</span> 
     </span>
     <span class='ocr_line' id='line_1_12' title="bbox 679 1297 3167 1388; baseline -0.001 -22"><span class='ocrx_word' id='word_1_97' title='bbox 679 1298 1071 1386; x_wconf 90' lang='lat' dir='ltr'>pendebant</span> <span class='ocrx_word' id='word_1_98' title='bbox 1112 1297 1384 1367; x_wconf 87' lang='lat' dir='ltr'>vincula</span> <span class='ocrx_word' id='word_1_99' title='bbox 1435 1298 1695 1367; x_wconf 89' lang='lat' dir='ltr'>cervice</span> <span class='ocrx_word' id='word_1_100' title='bbox 1746 1310 1944 1366; x_wconf 89' lang='lat' dir='ltr'>tenus</span> <span class='ocrx_word' id='word_1_101' title='bbox 1996 1319 2113 1388; x_wconf 91' lang='lat' dir='ltr'>per</span> <span class='ocrx_word' id='word_1_102' title='bbox 2172 1299 2497 1369; x_wconf 88' lang='lat' dir='ltr'>humeros</span> <span class='ocrx_word' id='word_1_103' title='bbox 2544 1298 2978 1378; x_wconf 79' lang='lat' dir='ltr'>altrinsecuS,</span> <span class='ocrx_word' id='word_1_104' title='bbox 3036 1298 3167 1366; x_wconf 89' lang='lat' dir='ltr'>hinc</span> 
     </span>
     <span class='ocr_line' id='line_1_13' title="bbox 682 1386 3169 1466; baseline -0 -11"><span class='ocrx_word' id='word_1_105' title='bbox 682 1387 765 1455; x_wconf 92' lang='lat' dir='ltr'>ad</span> <span class='ocrx_word' id='word_1_106' title='bbox 805 1409 1069 1466; x_wconf 83' lang='lat' dir='ltr'>sexum,</span> <span class='ocrx_word' id='word_1_107' title='bbox 1118 1386 1309 1454; x_wconf 90' lang='lat' dir='ltr'>illinc</span> <span class='ocrx_word' id='word_1_108' title='bbox 1340 1387 1422 1456; x_wconf 90' lang='lat' dir='ltr'>ad</span> <span class='ocrx_word' id='word_1_109' title='bbox 1465 1386 1730 1456; x_wconf 85' lang='lat' dir='ltr'>femen:</span> <span class='ocrx_word' id='word_1_110' title='bbox 1769 1387 1946 1456; x_wconf 92' lang='lat' dir='ltr'>duos</span> <span class='ocrx_word' id='word_1_111' title='bbox 1979 1408 2132 1456; x_wconf 88' lang='lat' dir='ltr'>vero</span> <span class='ocrx_word' id='word_1_112' title='bbox 2174 1389 2241 1455; x_wconf 90' lang='lat' dir='ltr'>in</span> <span class='ocrx_word' id='word_1_113' title='bbox 2279 1388 2634 1457; x_wconf 82' lang='lat' dir='ltr'>coxalibus</span> <span class='ocrx_word' id='word_1_114' title='bbox 2677 1387 2994 1466; x_wconf 79' lang='lat' dir='ltr'>circulOS,</span> <span class='ocrx_word' id='word_1_115' title='bbox 3026 1386 3169 1455; x_wconf 87' lang='lat' dir='ltr'>duos</span> 
     </span>
     <span class='ocr_line' id='line_1_14' title="bbox 679 1474 3167 1567; baseline -0.002 -22"><span class='ocrx_word' id='word_1_116' title='bbox 679 1477 984 1565; x_wconf 85' lang='lat' dir='ltr'>suscepit</span> <span class='ocrx_word' id='word_1_117' title='bbox 1052 1476 1130 1544; x_wconf 81' lang='lat' dir='ltr'>in</span> <span class='ocrx_word' id='word_1_118' title='bbox 1180 1474 1391 1545; x_wconf 91' lang='lat' dir='ltr'>ulnis.</span> <span class='ocrx_word' id='word_1_119' title='bbox 1471 1475 1784 1563; x_wconf 90' lang='lat' dir='ltr'>Undique</span> <span class='ocrx_word' id='word_1_120' title='bbox 1851 1476 2060 1567; x_wconf 90' lang='lat' dir='ltr'>igitur</span> <span class='ocrx_word' id='word_1_121' title='bbox 2125 1487 2261 1544; x_wconf 90' lang='lat' dir='ltr'>tam</span> <span class='ocrx_word' id='word_1_122' title='bbox 2316 1476 2682 1566; x_wconf 89' lang='lat' dir='ltr'>multiplici</span> <span class='ocrx_word' id='word_1_123' title='bbox 2734 1476 3167 1546; x_wconf 87' lang='lat' dir='ltr'>constrictione</span> 
     </span>
     <span class='ocr_line' id='line_1_15' title="bbox 677 1563 3169 1651; baseline -0 -21"><span class='ocrx_word' id='word_1_124' title='bbox 677 1563 996 1646; x_wconf 89' lang='lat' dir='ltr'>vallatus,</span> <span class='ocrx_word' id='word_1_125' title='bbox 1028 1564 1110 1632; x_wconf 89' lang='lat' dir='ltr'>ad</span> <span class='ocrx_word' id='word_1_126' title='bbox 1153 1586 1275 1633; x_wconf 89' lang='lat' dir='ltr'>nos</span> <span class='ocrx_word' id='word_1_127' title='bbox 1309 1564 1546 1634; x_wconf 85' lang='lat' dir='ltr'>rediit:</span> <span class='ocrx_word' id='word_1_128' title='bbox 1583 1577 1860 1643; x_wconf 88' lang='lat' dir='ltr'>secrete,</span> <span class='ocrx_word' id='word_1_129' title='bbox 1887 1564 2067 1651; x_wconf 89' lang='lat' dir='ltr'>quod</span> <span class='ocrx_word' id='word_1_130' title='bbox 2103 1565 2287 1633; x_wconf 89' lang='lat' dir='ltr'>circa</span> <span class='ocrx_word' id='word_1_131' title='bbox 2321 1587 2391 1634; x_wconf 90' lang='lat' dir='ltr'>se</span> <span class='ocrx_word' id='word_1_132' title='bbox 2422 1566 2677 1635; x_wconf 86' lang='lat' dir='ltr'>sactum</span> <span class='ocrx_word' id='word_1_133' title='bbox 2711 1564 2954 1644; x_wconf 84' lang='lat' dir='ltr'>fuerat,</span> <span class='ocrx_word' id='word_1_134' title='bbox 2987 1575 3169 1633; x_wconf 88' lang='lat' dir='ltr'>osten-</span> 
     </span>
     <span class='ocr_line' id='line_1_16' title="bbox 681 1652 3169 1741; baseline -0.001 -21"><span class='ocrx_word' id='word_1_135' title='bbox 681 1652 817 1721; x_wconf 90' lang='lat' dir='ltr'>dit:</span> <span class='ocrx_word' id='word_1_136' title='bbox 875 1675 1065 1735; x_wconf 91' lang='lat' dir='ltr'>neve‚</span> <span class='ocrx_word' id='word_1_137' title='bbox 1127 1675 1304 1740; x_wconf 87' lang='lat' dir='ltr'>quae</span> <span class='ocrx_word' id='word_1_138' title='bbox 1351 1652 1648 1733; x_wconf 88' lang='lat' dir='ltr'>fecerat,</span> <span class='ocrx_word' id='word_1_139' title='bbox 1705 1654 2178 1732; x_wconf 87' lang='lat' dir='ltr'>immutarem,</span> <span class='ocrx_word' id='word_1_140' title='bbox 2245 1655 2353 1722; x_wconf 83' lang='lat' dir='ltr'>vix</span> <span class='ocrx_word' id='word_1_141' title='bbox 2419 1653 2689 1722; x_wconf 89' lang='lat' dir='ltr'>tandem</span> <span class='ocrx_word' id='word_1_142' title='bbox 2747 1654 2883 1723; x_wconf 91' lang='lat' dir='ltr'>voti</span> <span class='ocrx_word' id='word_1_143' title='bbox 2931 1673 3169 1741; x_wconf 87' lang='lat' dir='ltr'>compos</span> 
     </span>
     <span class='ocr_line' id='line_1_17' title="bbox 679 1741 3167 1833; baseline -0.001 -23"><span class='ocrx_word' id='word_1_144' title='bbox 679 1742 1002 1812; x_wconf 90' lang='lat' dir='ltr'>obtinuit.</span> <span class='ocrx_word' id='word_1_145' title='bbox 1058 1742 1181 1812; x_wconf 90' lang='lat' dir='ltr'>Sed</span> <span class='ocrx_word' id='word_1_146' title='bbox 1224 1764 1382 1811; x_wconf 88' lang='lat' dir='ltr'>cum</span> <span class='ocrx_word' id='word_1_147' title='bbox 1427 1741 1591 1811; x_wconf 91' lang='lat' dir='ltr'>haec</span> <span class='ocrx_word' id='word_1_148' title='bbox 1640 1741 1838 1811; x_wconf 90' lang='lat' dir='ltr'>illum</span> <span class='ocrx_word' id='word_1_149' title='bbox 1881 1741 2064 1812; x_wconf 87' lang='lat' dir='ltr'>ultra</span> <span class='ocrx_word' id='word_1_150' title='bbox 2097 1742 2274 1810; x_wconf 90' lang='lat' dir='ltr'>vires</span> <span class='ocrx_word' id='word_1_151' title='bbox 2323 1755 2658 1812; x_wconf 89' lang='lat' dir='ltr'>tormenta</span> <span class='ocrx_word' id='word_1_152' title='bbox 2709 1753 3076 1833; x_wconf 82' lang='lat' dir='ltr'>gravarent,</span> <span class='ocrx_word' id='word_1_153' title='bbox 3120 1750 3167 1807; x_wconf 85' lang='lat' dir='ltr'>et</span> 
     </span>
     <span class='ocr_line' id='line_1_18' title="bbox 676 1828 3160 1921; baseline -0.002 -22"><span class='ocrx_word' id='word_1_154' title='bbox 676 1852 757 1899; x_wconf 84' lang='lat' dir='ltr'>ex</span> <span class='ocrx_word' id='word_1_155' title='bbox 805 1831 1053 1901; x_wconf 90' lang='lat' dir='ltr'>attritis</span> <span class='ocrx_word' id='word_1_156' title='bbox 1103 1830 1432 1899; x_wconf 91' lang='lat' dir='ltr'>carnibus</span> <span class='ocrx_word' id='word_1_157' title='bbox 1470 1830 1760 1920; x_wconf 84' lang='lat' dir='ltr'>jamjam</span> <span class='ocrx_word' id='word_1_158' title='bbox 1824 1829 2035 1899; x_wconf 89' lang='lat' dir='ltr'>foetor</span> <span class='ocrx_word' id='word_1_159' title='bbox 2089 1845 2500 1920; x_wconf 90' lang='lat' dir='ltr'>erumperet,</span> <span class='ocrx_word' id='word_1_160' title='bbox 2557 1832 2846 1921; x_wconf 85' lang='lat' dir='ltr'>insuper</span> <span class='ocrx_word' id='word_1_161' title='bbox 2892 1828 3160 1904; x_wconf 83' lang='lat' dir='ltr'>accessit,</span> 
     </span>
     <span class='ocr_line' id='line_1_19' title="bbox 677 1917 3166 2010; baseline -0.002 -22"><span class='ocrx_word' id='word_1_162' title='bbox 677 1919 861 2006; x_wconf 91' lang='lat' dir='ltr'>quod</span> <span class='ocrx_word' id='word_1_163' title='bbox 897 1941 1013 1988; x_wconf 92' lang='lat' dir='ltr'>cor</span> <span class='ocrx_word' id='word_1_164' title='bbox 1039 1918 1268 1988; x_wconf 81' lang='lat' dir='ltr'>fratris</span> <span class='ocrx_word' id='word_1_165' title='bbox 1301 1917 1590 2006; x_wconf 80' lang='lat' dir='ltr'>gloriam</span> <span class='ocrx_word' id='word_1_166' title='bbox 1627 1921 2012 2008; x_wconf 84' lang='lat' dir='ltr'>respuentis</span> <span class='ocrx_word' id='word_1_167' title='bbox 2036 1919 2266 1988; x_wconf 88' lang='lat' dir='ltr'>acrius</span> <span class='ocrx_word' id='word_1_168' title='bbox 2299 1919 2743 2010; x_wconf 86' lang='lat' dir='ltr'>perturbavit.</span> <span class='ocrx_word' id='word_1_169' title='bbox 2779 1917 3166 2010; x_wconf 85' lang='lat' dir='ltr'>Coepitenim</span> 
     </span>
     <span class='ocr_line' id='line_1_20' title="bbox 679 2003 3166 2107; baseline -0.002 -31"><span class='ocrx_word' id='word_1_170' title='bbox 679 2008 895 2098; x_wconf 87' lang='lat' dir='ltr'>hujus</span> <span class='ocrx_word' id='word_1_171' title='bbox 937 2007 1244 2097; x_wconf 81' lang='lat' dir='ltr'>mysterii</span> <span class='ocrx_word' id='word_1_172' title='bbox 1312 2006 1496 2075; x_wconf 88' lang='lat' dir='ltr'>fama</span> <span class='ocrx_word' id='word_1_173' title='bbox 1537 2029 2007 2107; x_wconf 83' lang='lat' dir='ltr'>prorumpere,</span> <span class='ocrx_word' id='word_1_174' title='bbox 2052 2021 2114 2077; x_wconf 88' lang='lat' dir='ltr'>et</span> <span class='ocrx_word' id='word_1_175' title='bbox 2166 2008 2359 2097; x_wconf 88' lang='lat' dir='ltr'>prius</span> <span class='ocrx_word' id='word_1_176' title='bbox 2399 2030 2519 2098; x_wconf 86' lang='lat' dir='ltr'>per</span> <span class='ocrx_word' id='word_1_177' title='bbox 2565 2008 2906 2088; x_wconf 84' lang='lat' dir='ltr'>fratrum,</span> <span class='ocrx_word' id='word_1_178' title='bbox 2961 2003 3166 2077; x_wconf 89' lang='lat' dir='ltr'>deinde</span> 
     </span>
     <span class='ocr_line' id='line_1_21' title="bbox 679 2096 3167 2188; baseline -0.003 -23"><span class='ocrx_word' id='word_1_179' title='bbox 679 2119 802 2187; x_wconf 89' lang='lat' dir='ltr'>per</span> <span class='ocrx_word' id='word_1_180' title='bbox 863 2118 982 2165; x_wconf 89' lang='lat' dir='ltr'>ora</span> <span class='ocrx_word' id='word_1_181' title='bbox 1045 2096 1676 2184; x_wconf 81' lang='lat' dir='ltr'>supervenientium</span> <span class='ocrx_word' id='word_1_182' title='bbox 1737 2097 2204 2181; x_wconf 89' lang='lat' dir='ltr'>quorumlibet</span> <span class='ocrx_word' id='word_1_183' title='bbox 2269 2098 2571 2166; x_wconf 89' lang='lat' dir='ltr'>volitare.</span> <span class='ocrx_word' id='word_1_184' title='bbox 2643 2098 2930 2188; x_wconf 84' lang='lat' dir='ltr'>Rogavit</span> <span class='ocrx_word' id='word_1_185' title='bbox 2985 2097 3167 2179; x_wconf 83' lang='lat' dir='ltr'>itaque</span> 
     </span>
     <span class='ocr_line' id='line_1_22' title="bbox 677 2184 3167 2276; baseline -0.002 -23"><span class='ocrx_word' id='word_1_186' title='bbox 677 2185 1170 2276; x_wconf 90' lang='lat' dir='ltr'>omnipotentis</span> <span class='ocrx_word' id='word_1_187' title='bbox 1219 2184 1332 2254; x_wconf 91' lang='lat' dir='ltr'>Dei</span> <span class='ocrx_word' id='word_1_188' title='bbox 1371 2184 1959 2267; x_wconf 89' lang='lat' dir='ltr'>misericordiam,</span> <span class='ocrx_word' id='word_1_189' title='bbox 2013 2198 2088 2255; x_wconf 92' lang='lat' dir='ltr'>ut</span> <span class='ocrx_word' id='word_1_190' title='bbox 2134 2185 2300 2272; x_wconf 91' lang='lat' dir='ltr'>quid</span> <span class='ocrx_word' id='word_1_191' title='bbox 2352 2186 2484 2255; x_wconf 91' lang='lat' dir='ltr'>sibi</span> <span class='ocrx_word' id='word_1_192' title='bbox 2536 2207 2747 2276; x_wconf 90' lang='lat' dir='ltr'>super</span> <span class='ocrx_word' id='word_1_193' title='bbox 2789 2188 2915 2256; x_wconf 89' lang='lat' dir='ltr'>hoc</span> <span class='ocrx_word' id='word_1_194' title='bbox 2975 2194 3167 2271; x_wconf 86' lang='lat' dir='ltr'>coepto</span> 
     </span>
     <span class='ocr_line' id='line_1_23' title="bbox 683 2273 3164 2368; baseline -0.001 -27"><span class='ocrx_word' id='word_1_195' title='bbox 683 2273 1018 2362; x_wconf 88' lang='lat' dir='ltr'>placeret,</span> <span class='ocrx_word' id='word_1_196' title='bbox 1095 2294 1216 2362; x_wconf 91' lang='lat' dir='ltr'>per</span> <span class='ocrx_word' id='word_1_197' title='bbox 1264 2295 1428 2343; x_wconf 87' lang='lat' dir='ltr'>suae</span> <span class='ocrx_word' id='word_1_198' title='bbox 1479 2273 1988 2343; x_wconf 88' lang='lat' dir='ltr'>misericordiae</span> <span class='ocrx_word' id='word_1_199' title='bbox 2029 2273 2361 2343; x_wconf 90' lang='lat' dir='ltr'>indicium</span> <span class='ocrx_word' id='word_1_200' title='bbox 2413 2275 2767 2344; x_wconf 90' lang='lat' dir='ltr'>evidenter</span> <span class='ocrx_word' id='word_1_201' title='bbox 2804 2273 3164 2368; x_wconf 76' lang='lat' dir='ltr'>ostenderet.</span> 
     </span>
     <span class='ocr_line' id='line_1_24' title="bbox 682 2359 3168 2452; baseline -0.002 -23"><span class='ocrx_word' id='word_1_202' title='bbox 682 2362 965 2430; x_wconf 89' lang='lat' dir='ltr'>Interim</span> <span class='ocrx_word' id='word_1_203' title='bbox 1010 2383 1164 2431; x_wconf 90' lang='lat' dir='ltr'>vero</span> <span class='ocrx_word' id='word_1_204' title='bbox 1212 2360 1379 2430; x_wconf 90' lang='lat' dir='ltr'>dum</span> <span class='ocrx_word' id='word_1_205' title='bbox 1431 2361 1832 2451; x_wconf 85' lang='lat' dir='ltr'>hujusmodi</span> <span class='ocrx_word' id='word_1_206' title='bbox 1887 2363 2205 2452; x_wconf 90' lang='lat' dir='ltr'>precibus</span> <span class='ocrx_word' id='word_1_207' title='bbox 2254 2363 2641 2450; x_wconf 88' lang='lat' dir='ltr'>frequenter</span> <span class='ocrx_word' id='word_1_208' title='bbox 2689 2364 3045 2443; x_wconf 87' lang='lat' dir='ltr'>insisteret,</span> <span class='ocrx_word' id='word_1_209' title='bbox 3089 2359 3168 2428; x_wconf 87' lang='lat' dir='ltr'>bis</span> 
     </span>
     <span class='ocr_line' id='line_1_25' title="bbox 679 2450 3265 2540; baseline -0.001 -22"><span class='ocrx_word' id='word_1_210' title='bbox 679 2471 803 2540; x_wconf 91' lang='lat' dir='ltr'>per</span> <span class='ocrx_word' id='word_1_211' title='bbox 838 2450 1188 2521; x_wconf 88' lang='lat' dir='ltr'>somnium</span> <span class='ocrx_word' id='word_1_212' title='bbox 1239 2450 1681 2532; x_wconf 83' lang='lat' dir='ltr'>confortatus,</span> <span class='ocrx_word' id='word_1_213' title='bbox 1736 2450 2017 2533; x_wconf 89' lang='lat' dir='ltr'>audivit,</span> <span class='ocrx_word' id='word_1_214' title='bbox 2072 2451 2236 2540; x_wconf 89' lang='lat' dir='ltr'>quia</span> <span class='ocrx_word' id='word_1_215' title='bbox 2285 2452 2695 2522; x_wconf 88' lang='lat' dir='ltr'>ferramenta</span> <span class='ocrx_word' id='word_1_216' title='bbox 2748 2452 2865 2522; x_wconf 91' lang='lat' dir='ltr'>illa</span> <span class='ocrx_word' id='word_1_217' title='bbox 2909 2452 3042 2540; x_wconf 90' lang='lat' dir='ltr'>jam</span> <span class='ocrx_word' id='word_1_218' title='bbox 3088 2469 3165 2516; x_wconf 90' lang='lat' dir='ltr'>es·</span> <span class='ocrx_word' id='word_1_219' title='bbox 3264 2523 3265 2536; x_wconf 11' lang='grc' dir='ltr'>χ</span> 
     </span>
     <span class='ocr_line' id='line_1_26' title="bbox 681 2539 3265 2612; baseline -0.002 -5"><span class='ocrx_word' id='word_1_220' title='bbox 681 2551 833 2608; x_wconf 85' lang='lat' dir='ltr'>sent</span> <span class='ocrx_word' id='word_1_221' title='bbox 871 2539 1204 2610; x_wconf 89' lang='lat' dir='ltr'>divinitus</span> <span class='ocrx_word' id='word_1_222' title='bbox 1261 2539 1684 2610; x_wconf 89' lang='lat' dir='ltr'>resolvenda.</span> <span class='ocrx_word' id='word_1_223' title='bbox 1750 2546 1957 2610; x_wconf 91' lang='lat' dir='ltr'>Porro</span> <span class='ocrx_word' id='word_1_224' title='bbox 2019 2554 2246 2611; x_wconf 89' lang='lat' dir='ltr'>autem</span> <span class='ocrx_word' id='word_1_225' title='bbox 2303 2543 2371 2610; x_wconf 91' lang='lat' dir='ltr'>in</span> <span class='ocrx_word' id='word_1_226' title='bbox 2431 2541 2792 2612; x_wconf 87' lang='lat' dir='ltr'>festivitate</span> <span class='ocrx_word' id='word_1_227' title='bbox 2862 2543 3168 2612; x_wconf 89' lang='lat' dir='ltr'>beatorum</span> <span class='ocrx_word' id='word_1_228' title='bbox 3264 2539 3265 2564; x_wconf 67' lang='lat'>¹</span> 
     </span>
     <span class='ocr_line' id='line_1_27' title="bbox 675 2625 3265 2718; baseline -0.003 -21"><span class='ocrx_word' id='word_1_229' title='bbox 675 2628 1151 2718; x_wconf 88' lang='lat' dir='ltr'>Apostolorum</span> <span class='ocrx_word' id='word_1_230' title='bbox 1207 2629 1504 2698; x_wconf 88' lang='lat' dir='ltr'>Simonis</span> <span class='ocrx_word' id='word_1_231' title='bbox 1544 2643 1608 2698; x_wconf 94' lang='lat' dir='ltr'>et</span> <span class='ocrx_word' id='word_1_232' title='bbox 1652 2629 1924 2710; x_wconf 85' lang='lat' dir='ltr'>Judae,</span> <span class='ocrx_word' id='word_1_233' title='bbox 1979 2625 2184 2717; x_wconf 85' lang='lat' dir='ltr'>quam</span> <span class='ocrx_word' id='word_1_234' title='bbox 2242 2632 2635 2715; x_wconf 87' lang='lat' dir='ltr'>nuperrime</span> <span class='ocrx_word' id='word_1_235' title='bbox 2682 2630 3165 2701; x_wconf 83' lang='lat' dir='ltr'>celebravimus,</span> <span class='ocrx_word' id='word_1_236' title='bbox 3264 2675 3265 2690; x_wconf 66' lang='grc'>,</span> 
     </span>
     <span class='ocr_line' id='line_1_28' title="bbox 679 2712 3265 2820; baseline -0.003 -35"><span class='ocrx_word' id='word_1_237' title='bbox 679 2717 844 2786; x_wconf 89' lang='lat' dir='ltr'>dum</span> <span class='ocrx_word' id='word_1_238' title='bbox 900 2730 1237 2788; x_wconf 89' lang='lat' dir='ltr'>nocturno</span> <span class='ocrx_word' id='word_1_239' title='bbox 1285 2740 1441 2787; x_wconf 90' lang='lat' dir='ltr'>cum</span> <span class='ocrx_word' id='word_1_240' title='bbox 1487 2718 1816 2788; x_wconf 87' lang='lat' dir='ltr'>fratribus</span> <span class='ocrx_word' id='word_1_241' title='bbox 1864 2719 2219 2789; x_wconf 87' lang='lat' dir='ltr'>interesset</span> <span class='ocrx_word' id='word_1_242' title='bbox 2265 2718 2512 2800; x_wconf 77' lang='lat' dir='ltr'>officiO,</span> <span class='ocrx_word' id='word_1_243' title='bbox 2566 2733 2849 2820; x_wconf 87' lang='lat' dir='ltr'>repente</span> <span class='ocrx_word' id='word_1_244' title='bbox 2895 2720 3026 2788; x_wconf 92' lang='lat' dir='ltr'>duo</span> <span class='ocrx_word' id='word_1_245' title='bbox 3080 2712 3169 2782; x_wconf 84' lang='lat' dir='ltr'>illa</span> <span class='ocrx_word' id='word_1_246' title='bbox 3264 2725 3265 2738; x_wconf 56' lang='lat'><strong>³</strong></span> 
     </span>
     <span class='ocr_line' id='line_1_29' title="bbox 678 2806 3171 2897; baseline -0.002 -22"><span class='ocrx_word' id='word_1_247' title='bbox 678 2806 1115 2889; x_wconf 86' lang='lat' dir='ltr'>ferramenta,</span> <span class='ocrx_word' id='word_1_248' title='bbox 1170 2829 1345 2894; x_wconf 90' lang='lat' dir='ltr'>quae</span> <span class='ocrx_word' id='word_1_249' title='bbox 1386 2829 1594 2896; x_wconf 91' lang='lat' dir='ltr'>super</span> <span class='ocrx_word' id='word_1_250' title='bbox 1641 2807 1966 2876; x_wconf 90' lang='lat' dir='ltr'>humeros</span> <span class='ocrx_word' id='word_1_251' title='bbox 2009 2807 2249 2897; x_wconf 90' lang='lat' dir='ltr'>posita,</span> <span class='ocrx_word' id='word_1_252' title='bbox 2281 2809 2605 2894; x_wconf 90' lang='lat' dir='ltr'>utrinque</span> <span class='ocrx_word' id='word_1_253' title='bbox 2638 2807 2929 2878; x_wconf 88' lang='lat' dir='ltr'>inferius</span> <span class='ocrx_word' id='word_1_254' title='bbox 2960 2807 3171 2893; x_wconf 88' lang='lat' dir='ltr'>depen-</span> 
     </span>
     <span class='ocr_line' id='line_1_30' title="bbox 676 2895 3171 2987; baseline -0.004 -23"><span class='ocrx_word' id='word_1_255' title='bbox 676 2895 955 2977; x_wconf 89' lang='lat' dir='ltr'>debant,</span> <span class='ocrx_word' id='word_1_256' title='bbox 1011 2907 1453 2983; x_wconf 87' lang='lat' dir='ltr'>ventremque</span> <span class='ocrx_word' id='word_1_257' title='bbox 1502 2917 1657 2964; x_wconf 91' lang='lat' dir='ltr'>cum</span> <span class='ocrx_word' id='word_1_258' title='bbox 1714 2896 1997 2965; x_wconf 89' lang='lat' dir='ltr'>renibus</span> <span class='ocrx_word' id='word_1_259' title='bbox 2057 2898 2533 2978; x_wconf 88' lang='lat' dir='ltr'>coarctabant,</span> <span class='ocrx_word' id='word_1_260' title='bbox 2596 2919 2885 2987; x_wconf 90' lang='lat' dir='ltr'>prorsus</span> <span class='ocrx_word' id='word_1_261' title='bbox 2937 2895 3171 2964; x_wconf 83' lang='lat' dir='ltr'>effracta</span> 
     </span>
     <span class='ocr_line' id='line_1_31' title="bbox 676 2983 3174 3076; baseline -0.004 -22"><span class='ocrx_word' id='word_1_262' title='bbox 676 2997 862 3066; x_wconf 89' lang='lat' dir='ltr'>sunt,</span> <span class='ocrx_word' id='word_1_263' title='bbox 917 2997 981 3054; x_wconf 91' lang='lat' dir='ltr'>et</span> <span class='ocrx_word' id='word_1_264' title='bbox 1027 3007 1249 3054; x_wconf 89' lang='lat' dir='ltr'>unum</span> <span class='ocrx_word' id='word_1_265' title='bbox 1303 2986 1370 3053; x_wconf 90' lang='lat' dir='ltr'>in</span> <span class='ocrx_word' id='word_1_266' title='bbox 1423 2984 1619 3065; x_wconf 89' lang='lat' dir='ltr'>duas,</span> <span class='ocrx_word' id='word_1_267' title='bbox 1676 2983 1967 3054; x_wconf 86' lang='lat' dir='ltr'>alterum</span> <span class='ocrx_word' id='word_1_268' title='bbox 2010 2985 2079 3053; x_wconf 93' lang='lat' dir='ltr'>in</span> <span class='ocrx_word' id='word_1_269' title='bbox 2132 2997 2267 3054; x_wconf 90' lang='lat' dir='ltr'>tres</span> <span class='ocrx_word' id='word_1_270' title='bbox 2314 2985 2611 3054; x_wconf 90' lang='lat' dir='ltr'>divisum</span> <span class='ocrx_word' id='word_1_271' title='bbox 2645 2998 2748 3055; x_wconf 87' lang='lat' dir='ltr'>est</span> <span class='ocrx_word' id='word_1_272' title='bbox 2782 2997 3023 3076; x_wconf 88' lang='lat' dir='ltr'>partes.</span> <span class='ocrx_word' id='word_1_273' title='bbox 3051 2985 3174 3073; x_wconf 36' lang='lat' dir='ltr'>Cae-</span> 
     </span>
     <span class='ocr_line' id='line_1_32' title="bbox 678 3071 3173 3231; baseline -0.003 -90"><span class='ocrx_word' id='word_1_274' title='bbox 678 3074 802 3142; x_wconf 86' lang='lat' dir='ltr'>teri</span> <span class='ocrx_word' id='word_1_275' title='bbox 856 3095 1011 3142; x_wconf 93' lang='lat' dir='ltr'>vero</span> <span class='ocrx_word' id='word_1_276' title='bbox 1061 3073 1329 3154; x_wconf 89' lang='lat' dir='ltr'>circuli,</span> <span class='ocrx_word' id='word_1_277' title='bbox 1386 3095 1517 3142; x_wconf 93' lang='lat' dir='ltr'>non</span> <span class='ocrx_word' id='word_1_278' title='bbox 1563 3071 1841 3160; x_wconf 90' lang='lat' dir='ltr'>quidem</span> <span class='ocrx_word' id='word_1_279' title='bbox 1898 3095 2018 3163; x_wconf 90' lang='lat' dir='ltr'>per</span> <span class='ocrx_word' id='word_1_280' title='bbox 2065 3085 2292 3231; x_wconf 70' lang='lat' dir='ltr'>partes</span> <span class='ocrx_word' id='word_1_281' title='bbox 2328 3075 2643 3165; x_wconf 91' lang='lat' dir='ltr'>abrupti,</span> <span class='ocrx_word' id='word_1_282' title='bbox 2699 3075 2819 3144; x_wconf 92' lang='lat' dir='ltr'>sed</span> <span class='ocrx_word' id='word_1_283' title='bbox 2870 3075 2959 3143; x_wconf 91' lang='lat' dir='ltr'>ita</span> <span class='ocrx_word' id='word_1_284' title='bbox 3006 3071 3173 3139; x_wconf 85' lang='lat' dir='ltr'>laxati</span> 
     </span>
     <span class='ocr_line' id='line_1_33' title="bbox 676 3162 3178 3249; baseline -0.001 -19"><span class='ocrx_word' id='word_1_285' title='bbox 676 3175 862 3243; x_wconf 91' lang='lat' dir='ltr'>sunt,</span> <span class='ocrx_word' id='word_1_286' title='bbox 916 3174 980 3231; x_wconf 90' lang='lat' dir='ltr'>et</span> <span class='ocrx_word' id='word_1_287' title='bbox 1027 3162 1309 3249; x_wconf 90' lang='lat' dir='ltr'>quidam</span> <span class='ocrx_word' id='word_1_288' title='bbox 1352 3162 1513 3231; x_wconf 87' lang='lat' dir='ltr'>facti</span> <span class='ocrx_word' id='word_1_289' title='bbox 1564 3175 1724 3233; x_wconf 90' lang='lat' dir='ltr'>sunt</span> <span class='ocrx_word' id='word_1_290' title='bbox 1769 3175 1904 3231; x_wconf 87' lang='lat' dir='ltr'>tam</span> <span class='ocrx_word' id='word_1_291' title='bbox 1950 3185 2060 3232; x_wconf 89' lang='lat' dir='ltr'>mo</span> <span class='ocrx_word' id='word_1_292' title='bbox 2095 3163 2212 3232; x_wconf 85' lang='lat' dir='ltr'>lita</span> <span class='ocrx_word' id='word_1_293' title='bbox 2250 3163 2525 3232; x_wconf 89' lang='lat' dir='ltr'>lenitate</span> <span class='ocrx_word' id='word_1_294' title='bbox 2558 3163 2918 3243; x_wconf 82' lang='lat' dir='ltr'>flexibileS,</span> <span class='ocrx_word' id='word_1_295' title='bbox 2946 3171 3019 3230; x_wconf 91' lang='lat' dir='ltr'>ut</span> <span class='ocrx_word' id='word_1_296' title='bbox 3042 3175 3178 3244; x_wconf 86' lang='lat' dir='ltr'>quo·</span> 
     </span>
     <span class='ocr_line' id='line_1_34' title="bbox 675 3249 3177 3341; baseline -0.001 -24"><span class='ocrx_word' id='word_1_297' title='bbox 675 3250 1048 3320; x_wconf 89' lang='lat' dir='ltr'>dammodo</span> <span class='ocrx_word' id='word_1_298' title='bbox 1115 3273 1250 3320; x_wconf 91' lang='lat' dir='ltr'>non</span> <span class='ocrx_word' id='word_1_299' title='bbox 1323 3264 1458 3321; x_wconf 91' lang='lat' dir='ltr'>tam</span> <span class='ocrx_word' id='word_1_300' title='bbox 1511 3249 1755 3330; x_wconf 81' lang='lat' dir='ltr'>ferrei,</span> <span class='ocrx_word' id='word_1_301' title='bbox 1811 3273 2020 3337; x_wconf 87' lang='lat' dir='ltr'>quam</span> <span class='ocrx_word' id='word_1_302' title='bbox 2072 3251 2380 3341; x_wconf 90' lang='lat' dir='ltr'>plumbei</span> <span class='ocrx_word' id='word_1_303' title='bbox 2430 3252 2875 3334; x_wconf 87' lang='lat' dir='ltr'>viderentur,</span> <span class='ocrx_word' id='word_1_304' title='bbox 2929 3250 3080 3320; x_wconf 89' lang='lat' dir='ltr'>adeo</span> <span class='ocrx_word' id='word_1_305' title='bbox 3119 3253 3177 3309; x_wconf 79' lang='lat' dir='ltr'>ut</span> 
     </span>
     <span class='ocr_line' id='line_1_35' title="bbox 677 3337 3178 3430; baseline -0 -24"><span class='ocrx_word' id='word_1_306' title='bbox 677 3337 951 3409; x_wconf 89' lang='lat' dir='ltr'>etiamsi</span> <span class='ocrx_word' id='word_1_307' title='bbox 1002 3338 1223 3417; x_wconf 89' lang='lat' dir='ltr'>vellet,</span> <span class='ocrx_word' id='word_1_308' title='bbox 1276 3338 1738 3410; x_wconf 88' lang='lat' dir='ltr'>defluentibus</span> <span class='ocrx_word' id='word_1_309' title='bbox 1772 3341 1872 3409; x_wconf 90' lang='lat' dir='ltr'>eis</span> <span class='ocrx_word' id='word_1_310' title='bbox 1920 3363 1998 3409; x_wconf 89' lang='lat' dir='ltr'>ac</span> <span class='ocrx_word' id='word_1_311' title='bbox 2051 3340 2604 3430; x_wconf 89' lang='lat' dir='ltr'>prolabentibus,</span> <span class='ocrx_word' id='word_1_312' title='bbox 2659 3340 3073 3430; x_wconf 87' lang='lat' dir='ltr'>adstringere</span> <span class='ocrx_word' id='word_1_313' title='bbox 3125 3351 3178 3427; x_wconf 59' lang='lat' dir='ltr'>st}</span> 
     </span>
     <span class='ocr_line' id='line_1_36' title="bbox 674 3426 3179 3517; baseline -0.004 -22"><span class='ocrx_word' id='word_1_314' title='bbox 674 3426 856 3495; x_wconf 88' lang='lat' dir='ltr'>ultra</span> <span class='ocrx_word' id='word_1_315' title='bbox 919 3449 1053 3496; x_wconf 90' lang='lat' dir='ltr'>iion</span> <span class='ocrx_word' id='word_1_316' title='bbox 1114 3441 1362 3517; x_wconf 90' lang='lat' dir='ltr'>posset.</span> <span class='ocrx_word' id='word_1_317' title='bbox 1424 3429 1530 3498; x_wconf 92' lang='lat' dir='ltr'>Sic</span> <span class='ocrx_word' id='word_1_318' title='bbox 1591 3427 1841 3510; x_wconf 84' lang='lat' dir='ltr'>frater,</span> <span class='ocrx_word' id='word_1_319' title='bbox 1920 3429 2038 3516; x_wconf 91' lang='lat' dir='ltr'>qui</span> <span class='ocrx_word' id='word_1_320' title='bbox 2107 3443 2382 3499; x_wconf 89' lang='lat' dir='ltr'>sanctae</span> <span class='ocrx_word' id='word_1_321' title='bbox 2438 3429 2821 3500; x_wconf 88' lang='lat' dir='ltr'>devotionis</span> <span class='ocrx_word' id='word_1_322' title='bbox 2879 3431 3179 3499; x_wconf 80' lang='lat' dir='ltr'>aestuanti</span> 
     </span>
     <span class='ocr_line' id='line_1_37' title="bbox 674 3514 3173 3608; baseline -0.002 -24"><span class='ocrx_word' id='word_1_323' title='bbox 674 3515 899 3586; x_wconf 89' lang='lat' dir='ltr'>fuerat</span> <span class='ocrx_word' id='word_1_324' title='bbox 930 3515 1172 3585; x_wconf 89' lang='lat' dir='ltr'>ardore</span> <span class='ocrx_word' id='word_1_325' title='bbox 1197 3518 1632 3600; x_wconf 89' lang='lat' dir='ltr'>constrictus,</span> <span class='ocrx_word' id='word_1_326' title='bbox 1666 3518 1780 3608; x_wconf 91' lang='lat' dir='ltr'>pio</span> <span class='ocrx_word' id='word_1_327' title='bbox 1815 3518 1928 3586; x_wconf 91' lang='lat' dir='ltr'>Dei</span> <span class='ocrx_word' id='word_1_328' title='bbox 1949 3517 2218 3607; x_wconf 90' lang='lat' dir='ltr'>judicio</span> <span class='ocrx_word' id='word_1_329' title='bbox 2252 3530 2354 3588; x_wconf 93' lang='lat' dir='ltr'>est</span> <span class='ocrx_word' id='word_1_330' title='bbox 2390 3518 2798 3589; x_wconf 88' lang='lat' dir='ltr'>mirabiliter</span> <span class='ocrx_word' id='word_1_331' title='bbox 2826 3514 3173 3589; x_wconf 87' lang='lat' dir='ltr'>absolutus.</span> 
     </span>
     <span class='ocr_line' id='line_1_38' title="bbox 675 3601 3177 3706; baseline -0.004 -33"><span class='ocrx_word' id='word_1_332' title='bbox 675 3604 852 3687; x_wconf 89' lang='lat' dir='ltr'>Quid</span> <span class='ocrx_word' id='word_1_333' title='bbox 917 3626 1078 3706; x_wconf 87' lang='lat' dir='ltr'>ergo</span> <span class='ocrx_word' id='word_1_334' title='bbox 1155 3628 1512 3694; x_wconf 86' lang='lat' dir='ltr'>magnum,</span> <span class='ocrx_word' id='word_1_335' title='bbox 1590 3607 1646 3677; x_wconf 92' lang='lat' dir='ltr'>si</span> <span class='ocrx_word' id='word_1_336' title='bbox 1714 3628 1832 3696; x_wconf 89' lang='lat' dir='ltr'>per</span> <span class='ocrx_word' id='word_1_337' title='bbox 1905 3607 2363 3688; x_wconf 88' lang='lat' dir='ltr'>Dominicum,</span> <span class='ocrx_word' id='word_1_338' title='bbox 2444 3607 2832 3677; x_wconf 90' lang='lat' dir='ltr'>mirabilem</span> <span class='ocrx_word' id='word_1_339' title='bbox 2903 3601 3177 3674; x_wconf 88' lang='lat' dir='ltr'>videlicet</span> 
     </span>
     <span class='ocr_line' id='line_1_39' title="bbox 672 3694 3180 3787; baseline -0.002 -26"><span class='ocrx_word' id='word_1_340' title='bbox 672 3694 925 3774; x_wconf 87' lang='lat' dir='ltr'>virum,</span> <span class='ocrx_word' id='word_1_341' title='bbox 960 3716 1237 3783; x_wconf 90' lang='lat' dir='ltr'>signum</span> <span class='ocrx_word' id='word_1_342' title='bbox 1272 3694 1545 3782; x_wconf 91' lang='lat' dir='ltr'>aliquod</span> <span class='ocrx_word' id='word_1_343' title='bbox 1584 3694 1910 3766; x_wconf 89' lang='lat' dir='ltr'>voluisset</span> <span class='ocrx_word' id='word_1_344' title='bbox 1940 3697 2319 3776; x_wconf 86' lang='lat' dir='ltr'>ostendere,</span> <span class='ocrx_word' id='word_1_345' title='bbox 2365 3716 2525 3764; x_wconf 89' lang='lat' dir='ltr'>cum</span> <span class='ocrx_word' id='word_1_346' title='bbox 2560 3697 2629 3764; x_wconf 92' lang='lat' dir='ltr'>in</span> <span class='ocrx_word' id='word_1_347' title='bbox 2675 3698 2826 3787; x_wconf 89' lang='lat' dir='ltr'>ipso</span> <span class='ocrx_word' id='word_1_348' title='bbox 2864 3700 3180 3786; x_wconf 73' lang='lat' dir='ltr'>tyronatus</span> 
     </span>
     <span class='ocr_line' id='line_1_40' title="bbox 669 3777 3182 3875; baseline -0.001 -24"><span class='ocrx_word' id='word_1_349' title='bbox 669 3783 950 3853; x_wconf 82' lang='lat' dir='ltr'>exordio</span> <span class='ocrx_word' id='word_1_350' title='bbox 1002 3806 1122 3874; x_wconf 93' lang='lat' dir='ltr'>per</span> <span class='ocrx_word' id='word_1_351' title='bbox 1170 3783 1357 3852; x_wconf 89' lang='lat' dir='ltr'>hunc</span> <span class='ocrx_word' id='word_1_352' title='bbox 1413 3782 1869 3872; x_wconf 84' lang='lat' dir='ltr'>juvenculum</span> <span class='ocrx_word' id='word_1_353' title='bbox 1920 3783 2058 3853; x_wconf 92' lang='lat' dir='ltr'>duo</span> <span class='ocrx_word' id='word_1_354' title='bbox 2120 3785 2451 3854; x_wconf 88' lang='lat' dir='ltr'>miracula</span> <span class='ocrx_word' id='word_1_355' title='bbox 2510 3784 2839 3875; x_wconf 87' lang='lat' dir='ltr'>dignatus</span> <span class='ocrx_word' id='word_1_356' title='bbox 2886 3796 2985 3853; x_wconf 89' lang='lat' dir='ltr'>est</span> <span class='ocrx_word' id='word_1_357' title='bbox 3027 3777 3182 3875; x_wconf 69' lang='lat' dir='ltr'>exli}-</span> 
     </span>
     <span class='ocr_line' id='line_1_41' title="bbox 669 3858 3182 3963; baseline -0.002 -23"><span class='ocrx_word' id='word_1_358' title='bbox 669 3871 853 3952; x_wconf 88' lang='lat' dir='ltr'>bere,</span> <span class='ocrx_word' id='word_1_359' title='bbox 910 3895 991 3942; x_wconf 90' lang='lat' dir='ltr'>ac</span> <span class='ocrx_word' id='word_1_360' title='bbox 1041 3871 1461 3942; x_wconf 87' lang='lat' dir='ltr'>laudabilius</span> <span class='ocrx_word' id='word_1_361' title='bbox 1496 3872 1583 3941; x_wconf 92' lang='lat' dir='ltr'>sit</span> <span class='ocrx_word' id='word_1_362' title='bbox 1622 3871 1818 3941; x_wconf 88' lang='lat' dir='ltr'>fortia</span> <span class='ocrx_word' id='word_1_363' title='bbox 1860 3873 2226 3963; x_wconf 87' lang='lat' dir='ltr'>peregisse,</span> <span class='ocrx_word' id='word_1_364' title='bbox 2266 3896 2472 3960; x_wconf 86' lang='lat' dir='ltr'>quam</span> <span class='ocrx_word' id='word_1_365' title='bbox 2520 3876 2737 3944; x_wconf 78' lang='lat' dir='ltr'>nova?</span> <span class='ocrx_word' id='word_1_366' title='bbox 2786 3872 2974 3942; x_wconf 91' lang='lat' dir='ltr'>Unde</span> <span class='ocrx_word' id='word_1_367' title='bbox 3005 3858 3182 3962; x_wconf 66' lang='lat' dir='ltr'>David</span> 
     </span>
     <span class='ocr_line' id='line_1_42' title="bbox 669 3953 3179 4053; baseline 0.001 -24"><span class='ocrx_word' id='word_1_368' title='bbox 669 3983 831 4029; x_wconf 88' lang='lat' dir='ltr'>cum</span> <span class='ocrx_word' id='word_1_369' title='bbox 867 3961 1371 4051; x_wconf 90' lang='lat' dir='ltr'>praemisisset;</span> <span class='ocrx_word' id='word_1_370' title='bbox 1409 3963 1739 4031; x_wconf 73' lang='lat' dir='ltr'>Mirabilis</span> <span class='ocrx_word' id='word_1_371' title='bbox 1778 3967 1946 4032; x_wconf 76' lang='lat' dir='ltr'>Deus</span> <span class='ocrx_word' id='word_1_372' title='bbox 1978 3965 2045 4031; x_wconf 79' lang='lat' dir='ltr'>in</span> <span class='ocrx_word' id='word_1_373' title='bbox 2070 3965 2334 4032; x_wconf 70' lang='lat' dir='ltr'>Sanctis</span> <span class='ocrx_word' id='word_1_374' title='bbox 2362 3965 2530 4032; x_wconf 78' lang='lat' dir='ltr'>suis:</span> <span class='ocrx_word' id='word_1_375' title='bbox 2566 3964 2880 4053; x_wconf 88' lang='lat' dir='ltr'>protinus</span> <span class='ocrx_word' id='word_1_376' title='bbox 2919 3953 3179 4051; x_wconf 71' lang='lat' dir='ltr'>addidit,</span> 
     </span>
     <span class='ocr_line' id='line_1_43' title="bbox 673 4051 3265 4141; baseline 0 -25"><span class='ocrx_word' id='word_1_377' title='bbox 673 4053 824 4137; x_wconf 79' lang='lat' dir='ltr'>Ipse</span> <span class='ocrx_word' id='word_1_378' title='bbox 857 4052 1039 4120; x_wconf 70' lang='lat' dir='ltr'>dabit</span> <span class='ocrx_word' id='word_1_379' title='bbox 1088 4053 1402 4119; x_wconf 72' lang='lat' dir='ltr'>virtutem</span> <span class='ocrx_word' id='word_1_380' title='bbox 1454 4061 1516 4119; x_wconf 81' lang='lat' dir='ltr'>et</span> <span class='ocrx_word' id='word_1_381' title='bbox 1553 4051 2019 4139; x_wconf 74' lang='lat' dir='ltr'>fortitudinem</span> <span class='ocrx_word' id='word_1_382' title='bbox 2050 4054 2233 4141; x_wconf 78' lang='lat' dir='ltr'>plebi</span> <span class='ocrx_word' id='word_1_383' title='bbox 2264 4075 2429 4121; x_wconf 76' lang='lat' dir='ltr'>suae</span> <span class='ocrx_word' id='word_1_384' title='bbox 2469 4056 2679 4136; x_wconf 76' lang='lat' dir='ltr'>(Psal.</span> <span class='ocrx_word' id='word_1_385' title='bbox 2726 4051 2861 4140; x_wconf 82' lang='lat'>67).</span> <span class='ocrx_word' id='word_1_386' title='bbox 2900 4055 3037 4119; x_wconf 86' lang='lat' dir='ltr'>Non</span> <span class='ocrx_word' id='word_1_387' title='bbox 3084 4051 3178 4116; x_wconf 72' lang='lat' dir='ltr'>ait,</span> <span class='ocrx_word' id='word_1_388' title='bbox 3264 4129 3265 4138; x_wconf 9' lang='grc' dir='ltr'>ἶ</span> 
     </span>
     <span class='ocr_line' id='line_1_44' title="bbox 669 4140 3265 4230; baseline -0.002 -22"><span class='ocrx_word' id='word_1_389' title='bbox 669 4140 908 4227; x_wconf 71' lang='lat' dir='ltr'>Siqua,</span> <span class='ocrx_word' id='word_1_390' title='bbox 948 4140 1084 4209; x_wconf 87' lang='lat' dir='ltr'>sive</span> <span class='ocrx_word' id='word_1_391' title='bbox 1125 4142 1492 4230; x_wconf 70' lang='lat' dir='ltr'>prodiqz&#39;a:</span> <span class='ocrx_word' id='word_1_392' title='bbox 1536 4140 1679 4220; x_wconf 90' lang='lat' dir='ltr'>sed,</span> <span class='ocrx_word' id='word_1_393' title='bbox 1736 4145 1887 4230; x_wconf 82' lang='lat' dir='ltr'>Ipse</span> <span class='ocrx_word' id='word_1_394' title='bbox 1935 4142 2117 4209; x_wconf 77' lang='lat' dir='ltr'>dabit</span> <span class='ocrx_word' id='word_1_395' title='bbox 2156 4143 2473 4210; x_wconf 73' lang='lat' dir='ltr'>virtutem</span> <span class='ocrx_word' id='word_1_396' title='bbox 2522 4152 2585 4210; x_wconf 83' lang='lat' dir='ltr'>et</span> <span class='ocrx_word' id='word_1_397' title='bbox 2639 4140 3111 4229; x_wconf 60' lang='lat' dir='ltr'>fortitudinem·</span> <span class='ocrx_word' id='word_1_398' title='bbox 3264 4147 3265 4162; x_wconf 65' lang='lat'>¹</span> 
     </span>
    </p>

    <p class='ocr_par' dir='ltr' id='par_1_4' title="bbox 673 4219 3265 4408">
     <span class='ocr_line' id='line_1_45' title="bbox 759 4219 3265 4322; baseline -0.007 -23"><span class='ocrx_word' id='word_1_399' title='bbox 759 4230 794 4312; x_wconf 65' lang='grc' dir='ltr'>ς’</span> <span class='ocrx_word' id='word_1_400' title='bbox 842 4231 973 4299; x_wconf 66' lang='lat'>17.</span> <span class='ocrx_word' id='word_1_401' title='bbox 1053 4232 1215 4296; x_wconf 92' lang='lat' dir='ltr'>Cum</span> <span class='ocrx_word' id='word_1_402' title='bbox 1300 4235 1650 4298; x_wconf 85' lang='lat' dir='ltr'>Romanus</span> <span class='ocrx_word' id='word_1_403' title='bbox 1728 4229 2061 4316; x_wconf 90' lang='lat' dir='ltr'>quidam,</span> <span class='ocrx_word' id='word_1_404' title='bbox 2148 4230 2537 4320; x_wconf 84' lang='lat' dir='ltr'>Stephanus</span> <span class='ocrx_word' id='word_1_405' title='bbox 2609 4230 2929 4306; x_wconf 89' lang='lat' dir='ltr'>nomine,</span> <span class='ocrx_word' id='word_1_406' title='bbox 2998 4219 3183 4322; x_wconf 78' lang='lat' dir='ltr'>judex</span> <span class='ocrx_word' id='word_1_407' title='bbox 3264 4235 3265 4242; x_wconf 52' lang='lat'>¹</span> 
     </span>
     <span class='ocr_line' id='line_1_46' title="bbox 673 4305 3177 4408; baseline -0.002 -23"><span class='ocrx_word' id='word_1_408' title='bbox 673 4317 859 4385; x_wconf 88' lang='lat' dir='ltr'>sacri</span> <span class='ocrx_word' id='word_1_409' title='bbox 896 4316 1156 4406; x_wconf 88' lang='lat' dir='ltr'>palatii,</span> <span class='ocrx_word' id='word_1_410' title='bbox 1215 4339 1561 4387; x_wconf 90' lang='lat' dir='ltr'>summam</span> <span class='ocrx_word' id='word_1_411' title='bbox 1614 4318 2163 4408; x_wconf 89' lang='lat' dir='ltr'>praesidentatus</span> <span class='ocrx_word' id='word_1_412' title='bbox 2192 4319 2226 4354; x_wconf 76' lang='lat'>&#39;⁰²</span> <span class='ocrx_word' id='word_1_413' title='bbox 2256 4319 2770 4388; x_wconf 89' lang='lat' dir='ltr'>administraret</span> <span class='ocrx_word' id='word_1_414' title='bbox 2816 4315 3075 4387; x_wconf 79' lang='lat' dir='ltr'>Auximi</span> <span class='ocrx_word' id='word_1_415' title='bbox 3105 4305 3177 4381; x_wconf 55' lang='grc' dir='ltr'>*ἲ</span> 
     </span>
    </p>
   </div>
   <div class='ocr_carea' id='block_1_3' title="bbox 725 4439 2624 4495">
    <p class='ocr_par' dir='ltr' id='par_1_5' title="bbox 725 4439 2624 4495">
     <span class='ocr_line' id='line_1_47' title="bbox 725 4439 2624 4495; baseline 0.001 -11"><span class='ocrx_word' id='word_1_416' title='bbox 725 4443 750 4469; x_wconf 70' lang='grc'>’*</span> <span class='ocrx_word' id='word_1_417' title='bbox 787 4439 986 4489; x_wconf 73' lang='lat' dir='ltr'>Scilicet,</span> <span class='ocrx_word' id='word_1_418' title='bbox 1007 4444 1273 4486; x_wconf 72' lang='lat' dir='ltr'>Praesidcm</span> <span class='ocrx_word' id='word_1_419' title='bbox 1292 4442 1615 4495; x_wconf 63' lang='lat' dir='ltr'>apostolieum</span> <span class='ocrx_word' id='word_1_420' title='bbox 1638 4446 1817 4495; x_wconf 74' lang='lat' dir='ltr'>agebat.</span> <span class='ocrx_word' id='word_1_421' title='bbox 2192 4446 2250 4474; x_wconf 75' lang='lat'>¹⁸¹*</span> <span class='ocrx_word' id='word_1_422' title='bbox 2276 4446 2443 4487; x_wconf 80' lang='lat' dir='ltr'>Italicc</span> <span class='ocrx_word' id='word_1_423' title='bbox 2469 4447 2624 4486; x_wconf 64' lang='lat' dir='ltr'>Ostorio.</span> 
     </span>
    </p>
   </div>
   <div class='ocr_carea' id='block_1_4' title="bbox 3264 4269 3265 4890">
    <p class='ocr_par' dir='ltr' id='par_1_6' title="bbox 3264 4269 3265 4890">
     <span class='ocr_line' id='line_1_48' title="bbox 3264 4269 3265 4890; baseline 0 0"><span class='ocrx_word' id='word_1_424' title='bbox 3264 4269 3265 4890; x_wconf 95' lang='lat' dir='ltr'> </span> 
     </span>
    </p>
   </div>
  </div>
 </body>
</html>
