<?xml version="1.0" encoding="UTF-8"?>
<!DOCTYPE html PUBLIC "-//W3C//DTD XHTML 1.0 Transitional//EN"
    "http://www.w3.org/TR/xhtml1/DTD/xhtml1-transitional.dtd">
<html xmlns="http://www.w3.org/1999/xhtml" xml:lang="en" lang="en">
 <head>
  <title>
</title>
<meta http-equiv="Content-Type" content="text/html;charset=utf-8" />
  <meta name='ocr-system' content='tesseract 3.04.00' />
  <meta name='ocr-capabilities' content='ocr_page ocr_carea ocr_par ocr_line ocrx_word'/>
</head>
<body>
  <div class='ocr_page' id='page_1' title='image "./historiaeseuvit03lippgoog_0548.png"; bbox 0 0 3347 4999; ppageno 0'>
   <div class='ocr_carea' id='block_1_1' title="bbox 652 315 3111 382">
    <p class='ocr_par' dir='ltr' id='par_1_1' title="bbox 652 315 3111 382">
     <span class='ocr_line' id='line_1_1' title="bbox 652 315 3111 382; baseline -0 -1"><span class='ocrx_word' id='word_1_1' title='bbox 652 318 780 382; x_wconf 72' lang='lat'>438</span> <span class='ocrx_word' id='word_1_2' title='bbox 1340 335 1416 380; x_wconf 71' lang='lat' dir='ltr'>na</span> <span class='ocrx_word' id='word_1_3' title='bbox 1465 334 1519 381; x_wconf 89' lang='lat' dir='ltr'>s.</span> <span class='ocrx_word' id='word_1_4' title='bbox 1574 331 1775 380; x_wconf 53' lang='lat' dir='ltr'>cacto</span> <span class='ocrx_word' id='word_1_5' title='bbox 1824 330 1964 380; x_wconf 73' lang='lat' dir='ltr'>Ana.</span> <span class='ocrx_word' id='word_1_6' title='bbox 2019 334 2094 379; x_wconf 78' lang='lat' dir='ltr'>m·</span> <span class='ocrx_word' id='word_1_7' title='bbox 2141 332 2322 380; x_wconf 70' lang='lat' dir='ltr'>conr.</span> <span class='ocrx_word' id='word_1_8' title='bbox 2791 315 2962 381; x_wconf 88' lang='lat' dir='ltr'>OCT.</span> <span class='ocrx_word' id='word_1_9' title='bbox 3026 317 3111 380; x_wconf 71' lang='lat'>⁴6</span> 
     </span>
    </p>
   </div>
   <div class='ocr_carea' id='block_1_2' title="bbox 555 417 3113 4484">
    <p class='ocr_par' dir='ltr' id='par_1_2' title="bbox 561 417 3113 1927">
     <span class='ocr_line' id='line_1_2' title="bbox 563 417 3113 508; baseline -0.001 -19"><span class='ocrx_word' id='word_1_10' title='bbox 563 419 878 489; x_wconf 90' lang='lat' dir='ltr'>comitem</span> <span class='ocrx_word' id='word_1_11' title='bbox 932 440 1136 488; x_wconf 90' lang='lat' dir='ltr'>suum</span> <span class='ocrx_word' id='word_1_12' title='bbox 1173 417 1310 488; x_wconf 89' lang='lat' dir='ltr'>alto</span> <span class='ocrx_word' id='word_1_13' title='bbox 1366 418 1575 487; x_wconf 90' lang='lat' dir='ltr'>teneri</span> <span class='ocrx_word' id='word_1_14' title='bbox 1637 439 1880 489; x_wconf 91' lang='lat' dir='ltr'>somno</span> <span class='ocrx_word' id='word_1_15' title='bbox 1931 430 2220 507; x_wconf 88' lang='lat' dir='ltr'>putaret,</span> <span class='ocrx_word' id='word_1_16' title='bbox 2277 438 2569 508; x_wconf 79' lang='lat' dir='ltr'>surgens</span> <span class='ocrx_word' id='word_1_17' title='bbox 2623 418 2984 507; x_wconf 84' lang='lat' dir='ltr'>prostravit</span> <span class='ocrx_word' id='word_1_18' title='bbox 3035 440 3113 487; x_wconf 88' lang='lat' dir='ltr'>se</span> 
     </span>
     <span class='ocr_line' id='line_1_3' title="bbox 568 505 3112 598; baseline -0.001 -22"><span class='ocrx_word' id='word_1_19' title='bbox 568 508 636 576; x_wconf 91' lang='lat' dir='ltr'>in</span> <span class='ocrx_word' id='word_1_20' title='bbox 691 507 983 598; x_wconf 85' lang='lat' dir='ltr'>figuram</span> <span class='ocrx_word' id='word_1_21' title='bbox 1037 508 1271 577; x_wconf 80' lang='lat' dir='ltr'>Crucis</span> <span class='ocrx_word' id='word_1_22' title='bbox 1302 520 1459 577; x_wconf 91' lang='lat' dir='ltr'>ante</span> <span class='ocrx_word' id='word_1_23' title='bbox 1498 507 1898 597; x_wconf 79' lang='lat' dir='ltr'>capsellam,</span> <span class='ocrx_word' id='word_1_24' title='bbox 1960 520 2024 576; x_wconf 91' lang='lat' dir='ltr'>et</span> <span class='ocrx_word' id='word_1_25' title='bbox 2078 528 2311 595; x_wconf 80' lang='lat' dir='ltr'>preces</span> <span class='ocrx_word' id='word_1_26' title='bbox 2349 507 2635 576; x_wconf 86' lang='lat' dir='ltr'>Domino</span> <span class='ocrx_word' id='word_1_27' title='bbox 2678 506 2953 576; x_wconf 88' lang='lat' dir='ltr'>devotas</span> <span class='ocrx_word' id='word_1_28' title='bbox 3012 505 3112 576; x_wconf 81' lang='lat' dir='ltr'>ef-</span> 
     </span>
     <span class='ocr_line' id='line_1_4' title="bbox 562 594 3100 685; baseline -0 -20"><span class='ocrx_word' id='word_1_29' title='bbox 562 595 763 665; x_wconf 85' lang='lat' dir='ltr'><strong>fudit.</strong></span> <span class='ocrx_word' id='word_1_30' title='bbox 819 601 1079 665; x_wconf 78' lang='lat' dir='ltr'>Interea</span> <span class='ocrx_word' id='word_1_31' title='bbox 1123 596 1546 666; x_wconf 89' lang='lat' dir='ltr'>descendens</span> <span class='ocrx_word' id='word_1_32' title='bbox 1610 618 1818 665; x_wconf 88' lang='lat' dir='ltr'>ursus</span> <span class='ocrx_word' id='word_1_33' title='bbox 1865 596 1949 664; x_wconf 93' lang='lat' dir='ltr'>de</span> <span class='ocrx_word' id='word_1_34' title='bbox 1986 608 2235 675; x_wconf 90' lang='lat' dir='ltr'>monte,</span> <span class='ocrx_word' id='word_1_35' title='bbox 2286 594 2501 664; x_wconf 87' lang='lat' dir='ltr'>micas</span> <span class='ocrx_word' id='word_1_36' title='bbox 2562 608 2625 664; x_wconf 90' lang='lat' dir='ltr'>et</span> <span class='ocrx_word' id='word_1_37' title='bbox 2687 594 3100 685; x_wconf 86' lang='lat' dir='ltr'>fragmenta,</span> 
     </span>
     <span class='ocr_line' id='line_1_5' title="bbox 565 682 3103 775; baseline -0.001 -20"><span class='ocrx_word' id='word_1_38' title='bbox 565 706 742 773; x_wconf 91' lang='lat' dir='ltr'>quae</span> <span class='ocrx_word' id='word_1_39' title='bbox 790 685 1316 754; x_wconf 86' lang='lat' dir='ltr'>convivantibus</span> <span class='ocrx_word' id='word_1_40' title='bbox 1373 684 1801 764; x_wconf 89' lang='lat' dir='ltr'>deciderunt,</span> <span class='ocrx_word' id='word_1_41' title='bbox 1873 697 2068 754; x_wconf 89' lang='lat' dir='ltr'>caute</span> <span class='ocrx_word' id='word_1_42' title='bbox 2131 682 2419 775; x_wconf 89' lang='lat' dir='ltr'>legebat.</span> <span class='ocrx_word' id='word_1_43' title='bbox 2485 687 2626 753; x_wconf 87' lang='lat' dir='ltr'>Hoc</span> <span class='ocrx_word' id='word_1_44' title='bbox 2694 683 2951 753; x_wconf 86' lang='lat' dir='ltr'>factum</span> <span class='ocrx_word' id='word_1_45' title='bbox 3023 696 3103 752; x_wconf 88' lang='lat' dir='ltr'>ut</span> 
     </span>
     <span class='ocr_line' id='line_1_6' title="bbox 565 771 3112 863; baseline -0.001 -21"><span class='ocrx_word' id='word_1_46' title='bbox 565 774 737 843; x_wconf 82' lang='lat' dir='ltr'>vidit</span> <span class='ocrx_word' id='word_1_47' title='bbox 778 775 984 844; x_wconf 91' lang='lat' dir='ltr'>homo</span> <span class='ocrx_word' id='word_1_48' title='bbox 1036 775 1173 855; x_wconf 87' lang='lat' dir='ltr'>Dei,</span> <span class='ocrx_word' id='word_1_49' title='bbox 1231 773 1399 843; x_wconf 83' lang='lat' dir='ltr'>dixit</span> <span class='ocrx_word' id='word_1_50' title='bbox 1447 773 1533 842; x_wconf 92' lang='lat' dir='ltr'>ad</span> <span class='ocrx_word' id='word_1_51' title='bbox 1582 772 1834 842; x_wconf 86' lang='lat' dir='ltr'>feram:</span> <span class='ocrx_word' id='word_1_52' title='bbox 1890 796 1926 839; x_wconf 89' lang='lat'>«</span> <span class='ocrx_word' id='word_1_53' title='bbox 1962 773 2312 863; x_wconf 84' lang='lat' dir='ltr'>Praecipio</span> <span class='ocrx_word' id='word_1_54' title='bbox 2354 771 2499 851; x_wconf 87' lang='lat' dir='ltr'>tibi,</span> <span class='ocrx_word' id='word_1_55' title='bbox 2548 772 2785 852; x_wconf 90' lang='lat' dir='ltr'>bestia,</span> <span class='ocrx_word' id='word_1_56' title='bbox 2855 773 2923 841; x_wconf 91' lang='lat' dir='ltr'>in</span> <span class='ocrx_word' id='word_1_57' title='bbox 2986 793 3112 841; x_wconf 89' lang='lat' dir='ltr'>no-</span> 
     </span>
     <span class='ocr_line' id='line_1_7' title="bbox 562 861 3102 953; baseline -0.001 -21"><span class='ocrx_word' id='word_1_58' title='bbox 562 864 750 932; x_wconf 89' lang='lat' dir='ltr'>mine</span> <span class='ocrx_word' id='word_1_59' title='bbox 801 863 1099 943; x_wconf 87' lang='lat' dir='ltr'>Domini,</span> <span class='ocrx_word' id='word_1_60' title='bbox 1142 861 1297 932; x_wconf 90' lang='lat' dir='ltr'>tolle</span> <span class='ocrx_word' id='word_1_61' title='bbox 1333 862 1599 953; x_wconf 88' lang='lat' dir='ltr'>lignum</span> <span class='ocrx_word' id='word_1_62' title='bbox 1637 876 1702 931; x_wconf 89' lang='lat' dir='ltr'>et</span> <span class='ocrx_word' id='word_1_63' title='bbox 1739 863 1927 930; x_wconf 87' lang='lat' dir='ltr'>mitte</span> <span class='ocrx_word' id='word_1_64' title='bbox 1960 861 2030 930; x_wconf 90' lang='lat' dir='ltr'>in</span> <span class='ocrx_word' id='word_1_65' title='bbox 2067 862 2324 952; x_wconf 86' lang='lat' dir='ltr'>ignem.</span> <span class='ocrx_word' id='word_1_66' title='bbox 2363 884 2399 927; x_wconf 83' lang='lat'>»</span> <span class='ocrx_word' id='word_1_67' title='bbox 2448 861 2539 930; x_wconf 83' lang='lat' dir='ltr'>Ad</span> <span class='ocrx_word' id='word_1_68' title='bbox 2580 861 2786 946; x_wconf 89' lang='lat' dir='ltr'>cujus</span> <span class='ocrx_word' id='word_1_69' title='bbox 2821 882 3102 951; x_wconf 90' lang='lat' dir='ltr'>praece-</span> 
     </span>
     <span class='ocr_line' id='line_1_8' title="bbox 566 949 3110 1053; baseline -0.001 -33"><span class='ocrx_word' id='word_1_70' title='bbox 566 964 761 1053; x_wconf 90' lang='lat' dir='ltr'>ptum</span> <span class='ocrx_word' id='word_1_71' title='bbox 838 950 1068 1021; x_wconf 84' lang='lat' dir='ltr'>bellua</span> <span class='ocrx_word' id='word_1_72' title='bbox 1137 973 1503 1032; x_wconf 90' lang='lat' dir='ltr'>conversa,</span> <span class='ocrx_word' id='word_1_73' title='bbox 1573 950 2078 1020; x_wconf 88' lang='lat' dir='ltr'>validissimum</span> <span class='ocrx_word' id='word_1_74' title='bbox 2157 950 2425 1040; x_wconf 88' lang='lat' dir='ltr'>lignum</span> <span class='ocrx_word' id='word_1_75' title='bbox 2491 950 2757 1032; x_wconf 87' lang='lat' dir='ltr'>attulit,</span> <span class='ocrx_word' id='word_1_76' title='bbox 2828 962 2891 1018; x_wconf 90' lang='lat' dir='ltr'>et</span> <span class='ocrx_word' id='word_1_77' title='bbox 2957 949 3110 1039; x_wconf 84' lang='lat' dir='ltr'>igni</span> 
     </span>
     <span class='ocr_line' id='line_1_9' title="bbox 563 1038 3104 1129; baseline -0.002 -18"><span class='ocrx_word' id='word_1_78' title='bbox 563 1040 828 1127; x_wconf 88' lang='lat' dir='ltr'>1njecit.</span> <span class='ocrx_word' id='word_1_79' title='bbox 868 1044 944 1108; x_wconf 84' lang='lat' dir='ltr'>At</span> <span class='ocrx_word' id='word_1_80' title='bbox 991 1041 1097 1108; x_wconf 89' lang='lat' dir='ltr'>vir</span> <span class='ocrx_word' id='word_1_81' title='bbox 1127 1039 1679 1129; x_wconf 88' lang='lat' dir='ltr'>benignissimus</span> <span class='ocrx_word' id='word_1_82' title='bbox 1740 1039 1824 1107; x_wconf 90' lang='lat' dir='ltr'>ad</span> <span class='ocrx_word' id='word_1_83' title='bbox 1870 1060 2103 1129; x_wconf 90' lang='lat' dir='ltr'>peram</span> <span class='ocrx_word' id='word_1_84' title='bbox 2167 1038 2523 1120; x_wconf 89' lang='lat' dir='ltr'>accedens,</span> <span class='ocrx_word' id='word_1_85' title='bbox 2564 1038 2645 1107; x_wconf 88' lang='lat' dir='ltr'>de</span> <span class='ocrx_word' id='word_1_86' title='bbox 2698 1060 2905 1128; x_wconf 90' lang='lat' dir='ltr'>parvo</span> <span class='ocrx_word' id='word_1_87' title='bbox 2962 1038 3104 1108; x_wconf 89' lang='lat' dir='ltr'>cel—</span> 
     </span>
     <span class='ocr_line' id='line_1_10' title="bbox 564 1127 3104 1218; baseline -0.001 -20"><span class='ocrx_word' id='word_1_88' title='bbox 564 1129 737 1198; x_wconf 88' lang='lat' dir='ltr'>lario</span> <span class='ocrx_word' id='word_1_89' title='bbox 773 1149 1020 1218; x_wconf 89' lang='lat' dir='ltr'>panem</span> <span class='ocrx_word' id='word_1_90' title='bbox 1067 1130 1410 1218; x_wconf 89' lang='lat' dir='ltr'>integrum</span> <span class='ocrx_word' id='word_1_91' title='bbox 1474 1127 1841 1197; x_wconf 85' lang='lat' dir='ltr'>famulanti</span> <span class='ocrx_word' id='word_1_92' title='bbox 1903 1129 2220 1217; x_wconf 79' lang='lat' dir='ltr'>porrexit,</span> <span class='ocrx_word' id='word_1_93' title='bbox 2262 1141 2327 1197; x_wconf 88' lang='lat' dir='ltr'>ct</span> <span class='ocrx_word' id='word_1_94' title='bbox 2358 1128 2722 1216; x_wconf 88' lang='lat' dir='ltr'>accipienti</span> <span class='ocrx_word' id='word_1_95' title='bbox 2768 1129 2861 1196; x_wconf 87' lang='lat' dir='ltr'>ita</span> <span class='ocrx_word' id='word_1_96' title='bbox 2901 1149 3104 1216; x_wconf 89' lang='lat' dir='ltr'>prae-</span> 
     </span>
     <span class='ocr_line' id='line_1_11' title="bbox 564 1215 3103 1307; baseline -0.001 -20"><span class='ocrx_word' id='word_1_97' title='bbox 564 1218 784 1307; x_wconf 85' lang='lat' dir='ltr'>cepit:</span> <span class='ocrx_word' id='word_1_98' title='bbox 841 1240 877 1284; x_wconf 88' lang='lat'>«</span> <span class='ocrx_word' id='word_1_99' title='bbox 920 1222 995 1285; x_wconf 92' lang='lat' dir='ltr'>In</span> <span class='ocrx_word' id='word_1_100' title='bbox 1034 1218 1311 1287; x_wconf 90' lang='lat' dir='ltr'>nomine</span> <span class='ocrx_word' id='word_1_101' title='bbox 1348 1216 1616 1286; x_wconf 91' lang='lat' dir='ltr'>Domini</span> <span class='ocrx_word' id='word_1_102' title='bbox 1658 1217 1791 1285; x_wconf 90' lang='lat' dir='ltr'>mei</span> <span class='ocrx_word' id='word_1_103' title='bbox 1825 1222 1990 1287; x_wconf 82' lang='lat' dir='ltr'>Jesu</span> <span class='ocrx_word' id='word_1_104' title='bbox 2031 1217 2275 1285; x_wconf 87' lang='lat' dir='ltr'>Christi</span> <span class='ocrx_word' id='word_1_105' title='bbox 2311 1216 2397 1285; x_wconf 89' lang='lat' dir='ltr'>ab</span> <span class='ocrx_word' id='word_1_106' title='bbox 2432 1217 2558 1286; x_wconf 88' lang='lat' dir='ltr'>hac</span> <span class='ocrx_word' id='word_1_107' title='bbox 2594 1216 2767 1285; x_wconf 87' lang='lat' dir='ltr'>valle</span> <span class='ocrx_word' id='word_1_108' title='bbox 2799 1215 3103 1297; x_wconf 87' lang='lat' dir='ltr'>discede,</span> 
     </span>
     <span class='ocr_line' id='line_1_12' title="bbox 564 1304 3107 1396; baseline -0.001 -21"><span class='ocrx_word' id='word_1_109' title='bbox 564 1318 629 1376; x_wconf 92' lang='lat' dir='ltr'>et</span> <span class='ocrx_word' id='word_1_110' title='bbox 666 1306 794 1375; x_wconf 94' lang='lat' dir='ltr'>hoc</span> <span class='ocrx_word' id='word_1_111' title='bbox 829 1317 1026 1396; x_wconf 88' lang='lat' dir='ltr'>pacto</span> <span class='ocrx_word' id='word_1_112' title='bbox 1067 1319 1332 1375; x_wconf 88' lang='lat' dir='ltr'>montes</span> <span class='ocrx_word' id='word_1_113' title='bbox 1364 1320 1430 1376; x_wconf 87' lang='lat' dir='ltr'>et</span> <span class='ocrx_word' id='word_1_114' title='bbox 1465 1304 1676 1374; x_wconf 90' lang='lat' dir='ltr'>colles</span> <span class='ocrx_word' id='word_1_115' title='bbox 1705 1306 2232 1394; x_wconf 87' lang='lat' dir='ltr'>circumpositos</span> <span class='ocrx_word' id='word_1_116' title='bbox 2267 1305 2512 1375; x_wconf 90' lang='lat' dir='ltr'>habeto</span> <span class='ocrx_word' id='word_1_117' title='bbox 2546 1326 2977 1383; x_wconf 82' lang='lat' dir='ltr'>communes,</span> <span class='ocrx_word' id='word_1_118' title='bbox 3026 1317 3107 1373; x_wconf 90' lang='lat' dir='ltr'>ut</span> 
     </span>
     <span class='ocr_line' id='line_1_13' title="bbox 568 1393 3105 1494; baseline -0 -31"><span class='ocrx_word' id='word_1_119' title='bbox 568 1394 842 1465; x_wconf 90' lang='lat' dir='ltr'>nullum</span> <span class='ocrx_word' id='word_1_120' title='bbox 883 1394 994 1463; x_wconf 89' lang='lat' dir='ltr'>hic</span> <span class='ocrx_word' id='word_1_121' title='bbox 1027 1394 1402 1478; x_wconf 88' lang='lat' dir='ltr'>hominem,</span> <span class='ocrx_word' id='word_1_122' title='bbox 1460 1393 1557 1462; x_wconf 90' lang='lat' dir='ltr'>nil</span> <span class='ocrx_word' id='word_1_123' title='bbox 1591 1394 1675 1462; x_wconf 91' lang='lat' dir='ltr'>de</span> <span class='ocrx_word' id='word_1_124' title='bbox 1728 1394 2089 1494; x_wconf 88' lang='lat' dir='ltr'>pecoribus</span> <span class='ocrx_word' id='word_1_125' title='bbox 2138 1393 2392 1463; x_wconf 80' lang='lat' dir='ltr'>laedas,</span> <span class='ocrx_word' id='word_1_126' title='bbox 2433 1416 2469 1459; x_wconf 85' lang='lat'>»</span> <span class='ocrx_word' id='word_1_127' title='bbox 2509 1399 2676 1464; x_wconf 89' lang='lat' dir='ltr'>Dum</span> <span class='ocrx_word' id='word_1_128' title='bbox 2737 1394 2904 1463; x_wconf 86' lang='lat' dir='ltr'>haec</span> <span class='ocrx_word' id='word_1_129' title='bbox 2944 1415 3105 1482; x_wconf 85' lang='lat' dir='ltr'>age·</span> 
     </span>
     <span class='ocr_line' id='line_1_14' title="bbox 565 1482 3110 1572; baseline -0 -20"><span class='ocrx_word' id='word_1_130' title='bbox 565 1498 827 1565; x_wconf 89' lang='lat' dir='ltr'>rentur,</span> <span class='ocrx_word' id='word_1_131' title='bbox 876 1484 1210 1553; x_wconf 90' lang='lat' dir='ltr'>diaconus</span> <span class='ocrx_word' id='word_1_132' title='bbox 1243 1482 1544 1552; x_wconf 91' lang='lat' dir='ltr'>dormire</span> <span class='ocrx_word' id='word_1_133' title='bbox 1586 1504 1654 1551; x_wconf 89' lang='lat' dir='ltr'>se</span> <span class='ocrx_word' id='word_1_134' title='bbox 1692 1482 2053 1565; x_wconf 81' lang='lat' dir='ltr'>simulans,</span> <span class='ocrx_word' id='word_1_135' title='bbox 2092 1482 2273 1569; x_wconf 93' lang='lat' dir='ltr'>quod</span> <span class='ocrx_word' id='word_1_136' title='bbox 2309 1484 2412 1551; x_wconf 89' lang='lat' dir='ltr'>vir</span> <span class='ocrx_word' id='word_1_137' title='bbox 2458 1487 2586 1552; x_wconf 90' lang='lat' dir='ltr'>Deo</span> <span class='ocrx_word' id='word_1_138' title='bbox 2632 1504 2839 1553; x_wconf 89' lang='lat' dir='ltr'>carus</span> <span class='ocrx_word' id='word_1_139' title='bbox 2893 1482 3110 1572; x_wconf 82' lang='lat' dir='ltr'>gessit</span> 
     </span>
     <span class='ocr_line' id='line_1_15' title="bbox 563 1570 3100 1661; baseline -0.001 -18"><span class='ocrx_word' id='word_1_140' title='bbox 563 1595 722 1643; x_wconf 90' lang='lat' dir='ltr'>cum</span> <span class='ocrx_word' id='word_1_141' title='bbox 761 1573 998 1654; x_wconf 90' lang='lat' dir='ltr'>bestia,</span> <span class='ocrx_word' id='word_1_142' title='bbox 1061 1571 1561 1651; x_wconf 87' lang='lat' dir='ltr'>considerabat,</span> <span class='ocrx_word' id='word_1_143' title='bbox 1620 1584 1684 1640; x_wconf 87' lang='lat' dir='ltr'>et</span> <span class='ocrx_word' id='word_1_144' title='bbox 1725 1593 2017 1661; x_wconf 85' lang='lat' dir='ltr'>surgens</span> <span class='ocrx_word' id='word_1_145' title='bbox 2052 1572 2415 1660; x_wconf 88' lang='lat' dir='ltr'>prostravit</span> <span class='ocrx_word' id='word_1_146' title='bbox 2456 1593 2527 1640; x_wconf 88' lang='lat' dir='ltr'>se</span> <span class='ocrx_word' id='word_1_147' title='bbox 2557 1570 2638 1639; x_wconf 90' lang='lat' dir='ltr'>ad</span> <span class='ocrx_word' id='word_1_148' title='bbox 2679 1572 2888 1661; x_wconf 89' lang='lat' dir='ltr'>pedes</span> <span class='ocrx_word' id='word_1_149' title='bbox 2920 1571 3100 1661; x_wconf 76' lang='lat' dir='ltr'>ejuS,</span> 
     </span>
     <span class='ocr_line' id='line_1_16' title="bbox 561 1660 3109 1747; baseline -0 -17"><span class='ocrx_word' id='word_1_150' title='bbox 561 1674 626 1730; x_wconf 90' lang='lat' dir='ltr'>et</span> <span class='ocrx_word' id='word_1_151' title='bbox 660 1661 871 1729; x_wconf 83' lang='lat' dir='ltr'>dixit:</span> <span class='ocrx_word' id='word_1_152' title='bbox 909 1684 946 1727; x_wconf 89' lang='lat'>«</span> <span class='ocrx_word' id='word_1_153' title='bbox 990 1665 1183 1730; x_wconf 89' lang='lat' dir='ltr'>Nunc</span> <span class='ocrx_word' id='word_1_154' title='bbox 1232 1662 1373 1732; x_wconf 87' lang='lat' dir='ltr'>scio</span> <span class='ocrx_word' id='word_1_155' title='bbox 1417 1681 1566 1729; x_wconf 80' lang='lat' dir='ltr'>vere</span> <span class='ocrx_word' id='word_1_156' title='bbox 1608 1661 1972 1729; x_wconf 88' lang='lat' dir='ltr'>Dominum</span> <span class='ocrx_word' id='word_1_157' title='bbox 2017 1681 2164 1729; x_wconf 89' lang='lat' dir='ltr'>esse</span> <span class='ocrx_word' id='word_1_158' title='bbox 2211 1673 2460 1740; x_wconf 92' lang='lat' dir='ltr'>tecum,</span> <span class='ocrx_word' id='word_1_159' title='bbox 2513 1661 2838 1747; x_wconf 89' lang='lat' dir='ltr'>quoniam</span> <span class='ocrx_word' id='word_1_160' title='bbox 2882 1672 2947 1729; x_wconf 89' lang='lat' dir='ltr'>et</span> <span class='ocrx_word' id='word_1_161' title='bbox 2986 1660 3109 1729; x_wconf 90' lang='lat' dir='ltr'>be-</span> 
     </span>
     <span class='ocr_line' id='line_1_17' title="bbox 565 1747 3109 1821; baseline -0.001 -1"><span class='ocrx_word' id='word_1_162' title='bbox 565 1750 737 1821; x_wconf 88' lang='lat' dir='ltr'>stiae</span> <span class='ocrx_word' id='word_1_163' title='bbox 785 1750 995 1818; x_wconf 83' lang='lat' dir='ltr'>eremi</span> <span class='ocrx_word' id='word_1_164' title='bbox 1049 1749 1378 1818; x_wconf 90' lang='lat' dir='ltr'>obediunt</span> <span class='ocrx_word' id='word_1_165' title='bbox 1439 1748 1585 1818; x_wconf 87' lang='lat' dir='ltr'>tibi.</span> <span class='ocrx_word' id='word_1_166' title='bbox 1634 1747 1826 1818; x_wconf 82' lang='lat' dir='ltr'>»Ille</span> <span class='ocrx_word' id='word_1_167' title='bbox 1889 1762 2114 1818; x_wconf 90' lang='lat' dir='ltr'>autem</span> <span class='ocrx_word' id='word_1_168' title='bbox 2158 1747 2324 1817; x_wconf 83' lang='lat' dir='ltr'>dixit</span> <span class='ocrx_word' id='word_1_169' title='bbox 2369 1749 2478 1816; x_wconf 84' lang='lat' dir='ltr'>ei:</span> <span class='ocrx_word' id='word_1_170' title='bbox 2532 1771 2567 1814; x_wconf 89' lang='lat'>«</span> <span class='ocrx_word' id='word_1_171' title='bbox 2606 1753 2775 1819; x_wconf 87' lang='lat' dir='ltr'>Cave</span> <span class='ocrx_word' id='word_1_172' title='bbox 2823 1770 2907 1817; x_wconf 88' lang='lat' dir='ltr'>ne</span> <span class='ocrx_word' id='word_1_173' title='bbox 2956 1770 3109 1817; x_wconf 90' lang='lat' dir='ltr'>om-</span> 
     </span>
     <span class='ocr_line' id='line_1_18' title="bbox 562 1837 2589 1927; baseline -0.001 -20"><span class='ocrx_word' id='word_1_174' title='bbox 562 1841 734 1908; x_wconf 88' lang='lat' dir='ltr'>nino</span> <span class='ocrx_word' id='word_1_175' title='bbox 784 1839 912 1907; x_wconf 89' lang='lat' dir='ltr'>hoc</span> <span class='ocrx_word' id='word_1_176' title='bbox 961 1837 1171 1907; x_wconf 82' lang='lat' dir='ltr'>alicui</span> <span class='ocrx_word' id='word_1_177' title='bbox 1221 1837 1495 1919; x_wconf 78' lang='lat' dir='ltr'>dixeriS‚</span> <span class='ocrx_word' id='word_1_178' title='bbox 1534 1837 1752 1905; x_wconf 90' lang='lat' dir='ltr'>donec</span> <span class='ocrx_word' id='word_1_179' title='bbox 1785 1837 2013 1906; x_wconf 87' lang='lat' dir='ltr'>videas</span> <span class='ocrx_word' id='word_1_180' title='bbox 2046 1837 2332 1927; x_wconf 87' lang='lat' dir='ltr'>gloriam</span> <span class='ocrx_word' id='word_1_181' title='bbox 2372 1838 2511 1906; x_wconf 91' lang='lat' dir='ltr'>Dei.</span> <span class='ocrx_word' id='word_1_182' title='bbox 2554 1862 2589 1904; x_wconf 78' lang='lat'>»</span> 
     </span>
    </p>

    <p class='ocr_par' dir='ltr' id='par_1_3' title="bbox 555 1925 3108 4484">
     <span class='ocr_line' id='line_1_19' title="bbox 648 1925 3106 2015; baseline -0.002 -17"><span class='ocrx_word' id='word_1_183' title='bbox 648 1929 685 2014; x_wconf 64' lang='grc' dir='ltr'>ξ</span> <span class='ocrx_word' id='word_1_184' title='bbox 730 1933 865 1998; x_wconf 81' lang='lat'>11.</span> <span class='ocrx_word' id='word_1_185' title='bbox 918 1931 1120 1996; x_wconf 85' lang='lat' dir='ltr'>Nocte</span> <span class='ocrx_word' id='word_1_186' title='bbox 1169 1926 1379 2015; x_wconf 87' lang='lat' dir='ltr'>igitur</span> <span class='ocrx_word' id='word_1_187' title='bbox 1416 1930 1672 2005; x_wconf 77' lang='lat' dir='ltr'>exacta,</span> <span class='ocrx_word' id='word_1_188' title='bbox 1709 1948 1865 1995; x_wconf 91' lang='lat' dir='ltr'>cum</span> <span class='ocrx_word' id='word_1_189' title='bbox 1929 1925 2043 1995; x_wconf 86' lang='lat' dir='ltr'>lux</span> <span class='ocrx_word' id='word_1_190' title='bbox 2093 1948 2299 1994; x_wconf 88' lang='lat' dir='ltr'>aurea</span> <span class='ocrx_word' id='word_1_191' title='bbox 2345 1926 2672 1995; x_wconf 87' lang='lat' dir='ltr'>silvarum</span> <span class='ocrx_word' id='word_1_192' title='bbox 2726 1925 3106 1995; x_wconf 86' lang='lat' dir='ltr'>illustraret</span> 
     </span>
     <span class='ocr_line' id='line_1_20' title="bbox 565 2013 3101 2106; baseline -0.001 -22"><span class='ocrx_word' id='word_1_193' title='bbox 565 2037 825 2106; x_wconf 91' lang='lat' dir='ltr'>opaca,</span> <span class='ocrx_word' id='word_1_194' title='bbox 894 2016 1225 2083; x_wconf 89' lang='lat' dir='ltr'>diaconus</span> <span class='ocrx_word' id='word_1_195' title='bbox 1274 2015 1408 2083; x_wconf 88' lang='lat' dir='ltr'>ait:</span> <span class='ocrx_word' id='word_1_196' title='bbox 1468 2019 1725 2084; x_wconf 85' lang='lat' dir='ltr'>«Pater</span> <span class='ocrx_word' id='word_1_197' title='bbox 1776 2015 1893 2091; x_wconf 88' lang='lat' dir='ltr'>mi,</span> <span class='ocrx_word' id='word_1_198' title='bbox 1960 2014 2122 2101; x_wconf 92' lang='lat' dir='ltr'>quid</span> <span class='ocrx_word' id='word_1_199' title='bbox 2176 2013 2418 2083; x_wconf 85' lang='lat' dir='ltr'>facturi</span> <span class='ocrx_word' id='word_1_200' title='bbox 2471 2037 2716 2084; x_wconf 90' lang='lat' dir='ltr'>sumus</span> <span class='ocrx_word' id='word_1_201' title='bbox 2775 2014 3029 2082; x_wconf 74' lang='lat' dir='ltr'>hodie?</span> <span class='ocrx_word' id='word_1_202' title='bbox 3065 2038 3101 2079; x_wconf 76' lang='lat'><strong>»</strong></span> 
     </span>
     <span class='ocr_line' id='line_1_21' title="bbox 568 2102 3102 2193; baseline -0.001 -21"><span class='ocrx_word' id='word_1_203' title='bbox 568 2109 642 2172; x_wconf 78' lang='lat' dir='ltr'>At</span> <span class='ocrx_word' id='word_1_204' title='bbox 692 2103 807 2173; x_wconf 89' lang='lat' dir='ltr'>ille</span> <span class='ocrx_word' id='word_1_205' title='bbox 857 2103 1316 2193; x_wconf 75' lang='lat' dir='ltr'>responditz«</span> <span class='ocrx_word' id='word_1_206' title='bbox 1356 2102 1648 2174; x_wconf 88' lang='lat' dir='ltr'>Obsecro</span> <span class='ocrx_word' id='word_1_207' title='bbox 1690 2114 1774 2179; x_wconf 87' lang='lat' dir='ltr'>te,</span> <span class='ocrx_word' id='word_1_208' title='bbox 1816 2102 1939 2181; x_wconf 85' lang='lat' dir='ltr'>fili,</span> <span class='ocrx_word' id='word_1_209' title='bbox 1998 2125 2081 2171; x_wconf 89' lang='lat' dir='ltr'>ne</span> <span class='ocrx_word' id='word_1_210' title='bbox 2110 2102 2390 2173; x_wconf 90' lang='lat' dir='ltr'>moleste</span> <span class='ocrx_word' id='word_1_211' title='bbox 2449 2102 2627 2172; x_wconf 88' lang='lat' dir='ltr'>feras</span> <span class='ocrx_word' id='word_1_212' title='bbox 2674 2103 2853 2190; x_wconf 95' lang='lat' dir='ltr'>quod</span> <span class='ocrx_word' id='word_1_213' title='bbox 2897 2102 3102 2171; x_wconf 90' lang='lat' dir='ltr'>dico:</span> 
     </span>
     <span class='ocr_line' id='line_1_22' title="bbox 568 2191 3103 2278; baseline 0 -18"><span class='ocrx_word' id='word_1_214' title='bbox 568 2193 743 2275; x_wconf 86' lang='lat' dir='ltr'>Quia</span> <span class='ocrx_word' id='word_1_215' title='bbox 779 2192 1112 2260; x_wconf 86' lang='lat' dir='ltr'>Dominus</span> <span class='ocrx_word' id='word_1_216' title='bbox 1147 2213 1271 2261; x_wconf 91' lang='lat' dir='ltr'>nos</span> <span class='ocrx_word' id='word_1_217' title='bbox 1310 2191 1487 2271; x_wconf 85' lang='lat' dir='ltr'>fecit,</span> <span class='ocrx_word' id='word_1_218' title='bbox 1528 2192 1708 2278; x_wconf 92' lang='lat' dir='ltr'>quod</span> <span class='ocrx_word' id='word_1_219' title='bbox 1760 2192 2250 2277; x_wconf 81' lang='lat' dir='ltr'>quaesivimuS,</span> <span class='ocrx_word' id='word_1_220' title='bbox 2303 2193 2633 2273; x_wconf 89' lang='lat' dir='ltr'>invenire,</span> <span class='ocrx_word' id='word_1_221' title='bbox 2679 2192 2865 2260; x_wconf 89' lang='lat' dir='ltr'>hunc</span> <span class='ocrx_word' id='word_1_222' title='bbox 2893 2191 3103 2260; x_wconf 88' lang='lat' dir='ltr'>etiam</span> 
     </span>
     <span class='ocr_line' id='line_1_23' title="bbox 568 2279 3107 2371; baseline 0 -23"><span class='ocrx_word' id='word_1_223' title='bbox 568 2280 748 2349; x_wconf 89' lang='lat' dir='ltr'>diem</span> <span class='ocrx_word' id='word_1_224' title='bbox 804 2281 872 2347; x_wconf 92' lang='lat' dir='ltr'>in</span> <span class='ocrx_word' id='word_1_225' title='bbox 911 2281 1037 2349; x_wconf 91' lang='lat' dir='ltr'>hoc</span> <span class='ocrx_word' id='word_1_226' title='bbox 1089 2280 1233 2350; x_wconf 93' lang='lat' dir='ltr'>loco</span> <span class='ocrx_word' id='word_1_227' title='bbox 1282 2280 1642 2349; x_wconf 86' lang='lat' dir='ltr'>ducamus.</span> <span class='ocrx_word' id='word_1_228' title='bbox 1683 2279 1865 2349; x_wconf 87' lang='lat' dir='ltr'>Tolle</span> <span class='ocrx_word' id='word_1_229' title='bbox 1892 2292 2050 2361; x_wconf 90' lang='lat' dir='ltr'>rete,</span> <span class='ocrx_word' id='word_1_230' title='bbox 2096 2293 2159 2349; x_wconf 90' lang='lat' dir='ltr'>et</span> <span class='ocrx_word' id='word_1_231' title='bbox 2206 2280 2288 2348; x_wconf 91' lang='lat' dir='ltr'>ad</span> <span class='ocrx_word' id='word_1_232' title='bbox 2341 2281 2677 2371; x_wconf 84' lang='lat' dir='ltr'>gurgitem</span> <span class='ocrx_word' id='word_1_233' title='bbox 2731 2279 2924 2357; x_wconf 80' lang='lat' dir='ltr'>vade:</span> <span class='ocrx_word' id='word_1_234' title='bbox 2977 2301 3107 2370; x_wconf 88' lang='lat' dir='ltr'>ego</span> 
     </span>
     <span class='ocr_line' id='line_1_24' title="bbox 567 2368 3108 2457; baseline 0.001 -22"><span class='ocrx_word' id='word_1_235' title='bbox 567 2389 842 2455; x_wconf 87' lang='lat' dir='ltr'>quoque</span> <span class='ocrx_word' id='word_1_236' title='bbox 895 2381 1043 2457; x_wconf 89' lang='lat' dir='ltr'>post</span> <span class='ocrx_word' id='word_1_237' title='bbox 1099 2382 1161 2438; x_wconf 92' lang='lat' dir='ltr'>te</span> <span class='ocrx_word' id='word_1_238' title='bbox 1221 2383 1650 2456; x_wconf 69' lang='lat' dir='ltr'>quantocyus</span> <span class='ocrx_word' id='word_1_239' title='bbox 1697 2369 1826 2438; x_wconf 90' lang='lat' dir='ltr'>ibo.</span> <span class='ocrx_word' id='word_1_240' title='bbox 1884 2373 2131 2437; x_wconf 87' lang='lat' dir='ltr'>Forsan</span> <span class='ocrx_word' id='word_1_241' title='bbox 2201 2372 2533 2439; x_wconf 90' lang='lat' dir='ltr'>Dominus</span> <span class='ocrx_word' id='word_1_242' title='bbox 2581 2368 2849 2439; x_wconf 87' lang='lat' dir='ltr'>solitam</span> <span class='ocrx_word' id='word_1_243' title='bbox 2901 2369 3108 2438; x_wconf 87' lang='lat' dir='ltr'>nobis</span> 
     </span>
     <span class='ocr_line' id='line_1_25' title="bbox 567 2455 3105 2548; baseline 0 -23"><span class='ocrx_word' id='word_1_244' title='bbox 567 2455 953 2546; x_wconf 86' lang='lat' dir='ltr'>largitatem</span> <span class='ocrx_word' id='word_1_245' title='bbox 1006 2458 1335 2540; x_wconf 89' lang='lat' dir='ltr'>ostendet,</span> <span class='ocrx_word' id='word_1_246' title='bbox 1388 2471 1463 2528; x_wconf 92' lang='lat' dir='ltr'>ut</span> <span class='ocrx_word' id='word_1_247' title='bbox 1498 2457 1959 2547; x_wconf 82' lang='lat' dir='ltr'>regredientes</span> <span class='ocrx_word' id='word_1_248' title='bbox 1990 2457 2071 2526; x_wconf 92' lang='lat' dir='ltr'>ad</span> <span class='ocrx_word' id='word_1_249' title='bbox 2125 2473 2453 2541; x_wconf 88' lang='lat' dir='ltr'>castrum,</span> <span class='ocrx_word' id='word_1_250' title='bbox 2493 2458 2860 2528; x_wconf 82' lang='lat' dir='ltr'>offeramus</span> <span class='ocrx_word' id='word_1_251' title='bbox 2923 2457 3105 2548; x_wconf 91' lang='lat' dir='ltr'>patri</span> 
     </span>
     <span class='ocr_line' id='line_1_26' title="bbox 566 2546 3106 2636; baseline 0.002 -23"><span class='ocrx_word' id='word_1_252' title='bbox 566 2561 800 2616; x_wconf 88' lang='lat' dir='ltr'>nostro</span> <span class='ocrx_word' id='word_1_253' title='bbox 853 2546 1245 2636; x_wconf 76' lang='lat' dir='ltr'>presbytero</span> <span class='ocrx_word' id='word_1_254' title='bbox 1295 2547 1378 2615; x_wconf 96' lang='lat' dir='ltr'>de</span> <span class='ocrx_word' id='word_1_255' title='bbox 1444 2546 1767 2617; x_wconf 87' lang='lat' dir='ltr'>hocloco</span> <span class='ocrx_word' id='word_1_256' title='bbox 1834 2546 2417 2629; x_wconf 88' lang='lat' dir='ltr'>benedictionem,</span> <span class='ocrx_word' id='word_1_257' title='bbox 2496 2569 2702 2634; x_wconf 89' lang='lat' dir='ltr'>quam</span> <span class='ocrx_word' id='word_1_258' title='bbox 2769 2547 3106 2617; x_wconf 89' lang='lat' dir='ltr'>Dominus</span> 
     </span>
     <span class='ocr_line' id='line_1_27' title="bbox 567 2634 3100 2725; baseline 0 -21"><span class='ocrx_word' id='word_1_259' title='bbox 567 2657 691 2704; x_wconf 89' lang='lat' dir='ltr'>nos</span> <span class='ocrx_word' id='word_1_260' title='bbox 765 2635 1072 2706; x_wconf 89' lang='lat' dir='ltr'>invenire</span> <span class='ocrx_word' id='word_1_261' title='bbox 1142 2634 1515 2705; x_wconf 76' lang='lat' dir='ltr'>donavit.»</span> <span class='ocrx_word' id='word_1_262' title='bbox 1568 2637 1904 2706; x_wconf 88' lang='lat' dir='ltr'>Diaconus</span> <span class='ocrx_word' id='word_1_263' title='bbox 1968 2635 2360 2725; x_wconf 83' lang='lat' dir='ltr'>respondit:</span> <span class='ocrx_word' id='word_1_264' title='bbox 2415 2659 2451 2702; x_wconf 83' lang='lat'>«</span> <span class='ocrx_word' id='word_1_265' title='bbox 2485 2641 2764 2706; x_wconf 84' lang='lat' dir='ltr'>Gratum</span> <span class='ocrx_word' id='word_1_266' title='bbox 2831 2635 3100 2717; x_wconf 90' lang='lat' dir='ltr'>habeo,</span> 
     </span>
     <span class='ocr_line' id='line_1_28' title="bbox 561 2723 3106 2814; baseline 0.001 -21"><span class='ocrx_word' id='word_1_267' title='bbox 561 2723 744 2811; x_wconf 92' lang='lat' dir='ltr'>quod</span> <span class='ocrx_word' id='word_1_268' title='bbox 787 2725 1149 2814; x_wconf 87' lang='lat' dir='ltr'>praecipis,</span> <span class='ocrx_word' id='word_1_269' title='bbox 1202 2739 1410 2814; x_wconf 89' lang='lat' dir='ltr'>pater.</span> <span class='ocrx_word' id='word_1_270' title='bbox 1447 2747 1482 2790; x_wconf 81' lang='lat'>»</span> <span class='ocrx_word' id='word_1_271' title='bbox 1519 2729 1595 2793; x_wconf 87' lang='lat' dir='ltr'>Et</span> <span class='ocrx_word' id='word_1_272' title='bbox 1635 2745 1924 2814; x_wconf 88' lang='lat' dir='ltr'>surgens</span> <span class='ocrx_word' id='word_1_273' title='bbox 1972 2725 2104 2794; x_wconf 90' lang='lat' dir='ltr'>cito</span> <span class='ocrx_word' id='word_1_274' title='bbox 2139 2747 2295 2794; x_wconf 91' lang='lat' dir='ltr'>cum</span> <span class='ocrx_word' id='word_1_275' title='bbox 2334 2724 2758 2794; x_wconf 81' lang='lat' dir='ltr'>invocatione</span> <span class='ocrx_word' id='word_1_276' title='bbox 2797 2724 3106 2795; x_wconf 88' lang='lat' dir='ltr'>nominis</span> 
     </span>
     <span class='ocr_line' id='line_1_29' title="bbox 563 2811 3092 2903; baseline 0.001 -23"><span class='ocrx_word' id='word_1_277' title='bbox 563 2813 857 2893; x_wconf 86' lang='lat' dir='ltr'>Domini,</span> <span class='ocrx_word' id='word_1_278' title='bbox 915 2826 1272 2903; x_wconf 84' lang='lat' dir='ltr'>assumpto</span> <span class='ocrx_word' id='word_1_279' title='bbox 1321 2812 1672 2892; x_wconf 90' lang='lat' dir='ltr'>retiaculo,</span> <span class='ocrx_word' id='word_1_280' title='bbox 1724 2812 2015 2902; x_wconf 85' lang='lat' dir='ltr'>perrexit</span> <span class='ocrx_word' id='word_1_281' title='bbox 2062 2813 2145 2882; x_wconf 92' lang='lat' dir='ltr'>ad</span> <span class='ocrx_word' id='word_1_282' title='bbox 2204 2814 2516 2882; x_wconf 88' lang='lat' dir='ltr'>fluvium.</span> <span class='ocrx_word' id='word_1_283' title='bbox 2562 2817 2866 2900; x_wconf 87' lang='lat' dir='ltr'>Cumque</span> <span class='ocrx_word' id='word_1_284' title='bbox 2915 2811 3092 2882; x_wconf 91' lang='lat' dir='ltr'>illud</span> 
     </span>
     <span class='ocr_line' id='line_1_30' title="bbox 563 2900 3100 2994; baseline -0 -25"><span class='ocrx_word' id='word_1_285' title='bbox 563 2902 632 2969; x_wconf 92' lang='lat' dir='ltr'>in</span> <span class='ocrx_word' id='word_1_286' title='bbox 685 2903 1024 2994; x_wconf 85' lang='lat' dir='ltr'>gurgitem</span> <span class='ocrx_word' id='word_1_287' title='bbox 1065 2904 1330 2971; x_wconf 89' lang='lat' dir='ltr'>mittere</span> <span class='ocrx_word' id='word_1_288' title='bbox 1380 2901 1728 2982; x_wconf 87' lang='lat' dir='ltr'>voluisset,</span> <span class='ocrx_word' id='word_1_289' title='bbox 1768 2900 1905 2969; x_wconf 91' lang='lat' dir='ltr'>duo</span> <span class='ocrx_word' id='word_1_290' title='bbox 1945 2902 2312 2971; x_wconf 86' lang='lat' dir='ltr'>daemones</span> <span class='ocrx_word' id='word_1_291' title='bbox 2349 2903 2414 2969; x_wconf 92' lang='lat' dir='ltr'>in</span> <span class='ocrx_word' id='word_1_292' title='bbox 2450 2900 2673 2992; x_wconf 85' lang='lat' dir='ltr'>effigie</span> <span class='ocrx_word' id='word_1_293' title='bbox 2725 2900 3100 2971; x_wconf 88' lang='lat' dir='ltr'>mulierum</span> 
     </span>
     <span class='ocr_line' id='line_1_31' title="bbox 563 2989 3099 3076; baseline -0.001 -17"><span class='ocrx_word' id='word_1_294' title='bbox 563 3004 896 3060; x_wconf 89' lang='lat' dir='ltr'>steterunt</span> <span class='ocrx_word' id='word_1_295' title='bbox 945 2991 1011 3059; x_wconf 92' lang='lat' dir='ltr'>in</span> <span class='ocrx_word' id='word_1_296' title='bbox 1068 2990 1282 3072; x_wconf 89' lang='lat' dir='ltr'>litore,</span> <span class='ocrx_word' id='word_1_297' title='bbox 1331 2991 1416 3059; x_wconf 89' lang='lat' dir='ltr'>ita</span> <span class='ocrx_word' id='word_1_298' title='bbox 1471 2989 1735 3070; x_wconf 90' lang='lat' dir='ltr'>nudati,</span> <span class='ocrx_word' id='word_1_299' title='bbox 1791 2990 1986 3076; x_wconf 86' lang='lat' dir='ltr'>quasi</span> <span class='ocrx_word' id='word_1_300' title='bbox 2024 2990 2345 3060; x_wconf 88' lang='lat' dir='ltr'>balneum</span> <span class='ocrx_word' id='word_1_301' title='bbox 2393 2991 2647 3059; x_wconf 90' lang='lat' dir='ltr'>intrare</span> <span class='ocrx_word' id='word_1_302' title='bbox 2698 2989 3099 3059; x_wconf 88' lang='lat' dir='ltr'>voluissent.</span> 
     </span>
     <span class='ocr_line' id='line_1_32' title="bbox 565 3077 3104 3170; baseline -0 -23"><span class='ocrx_word' id='word_1_303' title='bbox 565 3083 642 3147; x_wconf 91' lang='lat' dir='ltr'>Et</span> <span class='ocrx_word' id='word_1_304' title='bbox 688 3102 845 3149; x_wconf 87' lang='lat' dir='ltr'>cum</span> <span class='ocrx_word' id='word_1_305' title='bbox 900 3080 1397 3170; x_wconf 89' lang='lat' dir='ltr'>turpitudinem</span> <span class='ocrx_word' id='word_1_306' title='bbox 1452 3079 1558 3148; x_wconf 93' lang='lat' dir='ltr'>sui</span> <span class='ocrx_word' id='word_1_307' title='bbox 1609 3080 1915 3170; x_wconf 88' lang='lat' dir='ltr'>corporis</span> <span class='ocrx_word' id='word_1_308' title='bbox 1963 3078 2065 3148; x_wconf 90' lang='lat' dir='ltr'>illi</span> <span class='ocrx_word' id='word_1_309' title='bbox 2113 3079 2519 3168; x_wconf 89' lang='lat' dir='ltr'>objicerent,</span> <span class='ocrx_word' id='word_1_310' title='bbox 2577 3077 2886 3148; x_wconf 86' lang='lat' dir='ltr'>tollentes</span> <span class='ocrx_word' id='word_1_311' title='bbox 2929 3078 3104 3166; x_wconf 87' lang='lat' dir='ltr'>lapi-</span> 
     </span>
     <span class='ocr_line' id='line_1_33' title="bbox 561 3167 3102 3254; baseline 0 -19"><span class='ocrx_word' id='word_1_312' title='bbox 561 3167 703 3248; x_wconf 80' lang='lat' dir='ltr'>deS,</span> <span class='ocrx_word' id='word_1_313' title='bbox 754 3170 1184 3254; x_wconf 85' lang='lat' dir='ltr'>jactaverunt</span> <span class='ocrx_word' id='word_1_314' title='bbox 1232 3181 1470 3238; x_wconf 90' lang='lat' dir='ltr'>contra</span> <span class='ocrx_word' id='word_1_315' title='bbox 1508 3189 1692 3248; x_wconf 86' lang='lat' dir='ltr'>eum,</span> <span class='ocrx_word' id='word_1_316' title='bbox 1746 3181 1811 3237; x_wconf 90' lang='lat' dir='ltr'>et</span> <span class='ocrx_word' id='word_1_317' title='bbox 1859 3167 2208 3237; x_wconf 85' lang='lat' dir='ltr'>dixerunt:</span> <span class='ocrx_word' id='word_1_318' title='bbox 2265 3191 2300 3234; x_wconf 89' lang='lat'>«</span> <span class='ocrx_word' id='word_1_319' title='bbox 2331 3173 2427 3237; x_wconf 91' lang='lat' dir='ltr'>Tu</span> <span class='ocrx_word' id='word_1_320' title='bbox 2494 3167 2823 3236; x_wconf 85' lang='lat' dir='ltr'>induxisti</span> <span class='ocrx_word' id='word_1_321' title='bbox 2870 3167 3102 3235; x_wconf 88' lang='lat' dir='ltr'>virum</span> 
     </span>
     <span class='ocr_line' id='line_1_34' title="bbox 566 3256 3101 3345; baseline 0 -23"><span class='ocrx_word' id='word_1_322' title='bbox 566 3256 773 3325; x_wconf 89' lang='lat' dir='ltr'>istum</span> <span class='ocrx_word' id='word_1_323' title='bbox 827 3258 894 3324; x_wconf 90' lang='lat' dir='ltr'>in</span> <span class='ocrx_word' id='word_1_324' title='bbox 951 3260 1121 3326; x_wconf 82' lang='lat' dir='ltr'>banc</span> <span class='ocrx_word' id='word_1_325' title='bbox 1170 3278 1504 3337; x_wconf 84' lang='lat' dir='ltr'>eremum,</span> <span class='ocrx_word' id='word_1_326' title='bbox 1550 3257 1773 3326; x_wconf 87' lang='lat' dir='ltr'>virum</span> <span class='ocrx_word' id='word_1_327' title='bbox 1821 3256 2136 3343; x_wconf 91' lang='lat' dir='ltr'>iniquum</span> <span class='ocrx_word' id='word_1_328' title='bbox 2188 3270 2252 3325; x_wconf 84' lang='lat' dir='ltr'>ct</span> <span class='ocrx_word' id='word_1_329' title='bbox 2297 3256 2559 3325; x_wconf 88' lang='lat' dir='ltr'>invidia</span> <span class='ocrx_word' id='word_1_330' title='bbox 2612 3256 2918 3345; x_wconf 83' lang='lat' dir='ltr'>plenum,</span> <span class='ocrx_word' id='word_1_331' title='bbox 2973 3256 3101 3341; x_wconf 85' lang='lat' dir='ltr'>qui</span> 
     </span>
     <span class='ocr_line' id='line_1_35' title="bbox 567 3343 3103 3435; baseline 0.001 -25"><span class='ocrx_word' id='word_1_332' title='bbox 567 3343 712 3411; x_wconf 90' lang='lat' dir='ltr'>suis</span> <span class='ocrx_word' id='word_1_333' title='bbox 750 3343 1106 3414; x_wconf 80' lang='lat' dir='ltr'>maleficiis</span> <span class='ocrx_word' id='word_1_334' title='bbox 1146 3367 1416 3435; x_wconf 89' lang='lat' dir='ltr'>semper</span> <span class='ocrx_word' id='word_1_335' title='bbox 1465 3367 1588 3414; x_wconf 88' lang='lat' dir='ltr'>nos</span> <span class='ocrx_word' id='word_1_336' title='bbox 1637 3346 1909 3414; x_wconf 83' lang='lat' dir='ltr'>vincere</span> <span class='ocrx_word' id='word_1_337' title='bbox 1956 3346 2328 3414; x_wconf 86' lang='lat' dir='ltr'>consuevit.</span> <span class='ocrx_word' id='word_1_338' title='bbox 2367 3369 2403 3412; x_wconf 80' lang='lat'>»</span> <span class='ocrx_word' id='word_1_339' title='bbox 2444 3344 2566 3413; x_wconf 90' lang='lat' dir='ltr'>Ille</span> <span class='ocrx_word' id='word_1_340' title='bbox 2600 3357 2826 3414; x_wconf 87' lang='lat' dir='ltr'>autem</span> <span class='ocrx_word' id='word_1_341' title='bbox 2880 3365 3103 3412; x_wconf 87' lang='lat' dir='ltr'>rever-</span> 
     </span>
     <span class='ocr_line' id='line_1_36' title="bbox 563 3430 3102 3521; baseline 0.001 -22"><span class='ocrx_word' id='word_1_342' title='bbox 563 3452 683 3500; x_wconf 88' lang='lat' dir='ltr'>sus</span> <span class='ocrx_word' id='word_1_343' title='bbox 733 3430 815 3498; x_wconf 89' lang='lat' dir='ltr'>ad</span> <span class='ocrx_word' id='word_1_344' title='bbox 869 3432 1100 3500; x_wconf 81' lang='lat' dir='ltr'>Virum</span> <span class='ocrx_word' id='word_1_345' title='bbox 1147 3434 1283 3512; x_wconf 91' lang='lat' dir='ltr'>Dei,</span> <span class='ocrx_word' id='word_1_346' title='bbox 1329 3432 1652 3502; x_wconf 87' lang='lat' dir='ltr'>indicavit</span> <span class='ocrx_word' id='word_1_347' title='bbox 1701 3433 1803 3503; x_wconf 90' lang='lat' dir='ltr'>illi</span> <span class='ocrx_word' id='word_1_348' title='bbox 1851 3456 2027 3521; x_wconf 89' lang='lat' dir='ltr'>quae</span> <span class='ocrx_word' id='word_1_349' title='bbox 2058 3433 2316 3502; x_wconf 85' lang='lat' dir='ltr'>viderat</span> <span class='ocrx_word' id='word_1_350' title='bbox 2352 3446 2417 3503; x_wconf 88' lang='lat' dir='ltr'>et</span> <span class='ocrx_word' id='word_1_351' title='bbox 2446 3433 2780 3502; x_wconf 88' lang='lat' dir='ltr'>audierat.</span> <span class='ocrx_word' id='word_1_352' title='bbox 2826 3433 3102 3502; x_wconf 86' lang='lat' dir='ltr'>Electus</span> 
     </span>
     <span class='ocr_line' id='line_1_37' title="bbox 561 3517 3102 3610; baseline 0.001 -23"><span class='ocrx_word' id='word_1_353' title='bbox 561 3518 676 3587; x_wconf 91' lang='lat' dir='ltr'>Dei</span> <span class='ocrx_word' id='word_1_354' title='bbox 730 3517 1017 3587; x_wconf 89' lang='lat' dir='ltr'>bellator</span> <span class='ocrx_word' id='word_1_355' title='bbox 1067 3521 1317 3609; x_wconf 90' lang='lat' dir='ltr'>pariter</span> <span class='ocrx_word' id='word_1_356' title='bbox 1349 3543 1505 3590; x_wconf 90' lang='lat' dir='ltr'>cum</span> <span class='ocrx_word' id='word_1_357' title='bbox 1557 3521 1848 3590; x_wconf 91' lang='lat' dir='ltr'>diacono</span> <span class='ocrx_word' id='word_1_358' title='bbox 1888 3522 2247 3610; x_wconf 88' lang='lat' dir='ltr'>prostravit</span> <span class='ocrx_word' id='word_1_359' title='bbox 2278 3542 2370 3601; x_wconf 91' lang='lat' dir='ltr'>se,</span> <span class='ocrx_word' id='word_1_360' title='bbox 2425 3534 2489 3590; x_wconf 80' lang='lat' dir='ltr'>et</span> <span class='ocrx_word' id='word_1_361' title='bbox 2522 3521 2919 3610; x_wconf 89' lang='lat' dir='ltr'>hujusmodi</span> <span class='ocrx_word' id='word_1_362' title='bbox 2954 3543 3102 3589; x_wconf 86' lang='lat' dir='ltr'>ver-</span> 
     </span>
     <span class='ocr_line' id='line_1_38' title="bbox 555 3607 3102 3701; baseline 0 -24"><span class='ocrx_word' id='word_1_363' title='bbox 555 3607 665 3677; x_wconf 90' lang='lat' dir='ltr'>bis</span> <span class='ocrx_word' id='word_1_364' title='bbox 716 3607 1078 3676; x_wconf 87' lang='lat' dir='ltr'>Dominum</span> <span class='ocrx_word' id='word_1_365' title='bbox 1132 3609 1536 3698; x_wconf 88' lang='lat' dir='ltr'>deprecatus</span> <span class='ocrx_word' id='word_1_366' title='bbox 1585 3623 1722 3679; x_wconf 89' lang='lat' dir='ltr'>est:</span> <span class='ocrx_word' id='word_1_367' title='bbox 1770 3633 1803 3676; x_wconf 87' lang='lat'>«</span> <span class='ocrx_word' id='word_1_368' title='bbox 1842 3615 2019 3679; x_wconf 89' lang='lat' dir='ltr'>Deus</span> <span class='ocrx_word' id='word_1_369' title='bbox 2066 3610 2522 3701; x_wconf 82' lang='lat' dir='ltr'>omnipotenS,</span> <span class='ocrx_word' id='word_1_370' title='bbox 2578 3609 2948 3680; x_wconf 88' lang='lat' dir='ltr'>ineffabilis</span> <span class='ocrx_word' id='word_1_371' title='bbox 2977 3611 3102 3680; x_wconf 89' lang='lat' dir='ltr'>bo-</span> 
     </span>
     <span class='ocr_line' id='line_1_39' title="bbox 558 3696 3093 3786; baseline 0.001 -22"><span class='ocrx_word' id='word_1_372' title='bbox 558 3696 760 3778; x_wconf 79' lang='lat' dir='ltr'>nitaS,</span> <span class='ocrx_word' id='word_1_373' title='bbox 836 3696 1361 3768; x_wconf 88' lang='lat' dir='ltr'>inaestimabilis</span> <span class='ocrx_word' id='word_1_374' title='bbox 1414 3698 1757 3786; x_wconf 90' lang='lat' dir='ltr'>majestas,</span> <span class='ocrx_word' id='word_1_375' title='bbox 1821 3698 2201 3768; x_wconf 87' lang='lat' dir='ltr'>secundum</span> <span class='ocrx_word' id='word_1_376' title='bbox 2270 3698 2813 3768; x_wconf 88' lang='lat' dir='ltr'>misericordiam</span> <span class='ocrx_word' id='word_1_377' title='bbox 2875 3712 3093 3779; x_wconf 87' lang='lat' dir='ltr'>tuam,</span> 
     </span>
     <span class='ocr_line' id='line_1_40' title="bbox 561 3785 3092 3877; baseline 0 -24"><span class='ocrx_word' id='word_1_378' title='bbox 561 3805 694 3854; x_wconf 88' lang='lat' dir='ltr'>non</span> <span class='ocrx_word' id='word_1_379' title='bbox 750 3785 1130 3854; x_wconf 89' lang='lat' dir='ltr'>secundum</span> <span class='ocrx_word' id='word_1_380' title='bbox 1186 3786 1424 3855; x_wconf 86' lang='lat' dir='ltr'>merita</span> <span class='ocrx_word' id='word_1_381' title='bbox 1476 3808 1665 3868; x_wconf 91' lang='lat' dir='ltr'>mea,</span> <span class='ocrx_word' id='word_1_382' title='bbox 1722 3786 1962 3857; x_wconf 89' lang='lat' dir='ltr'>auditu</span> <span class='ocrx_word' id='word_1_383' title='bbox 2013 3787 2284 3877; x_wconf 90' lang='lat' dir='ltr'>placido</span> <span class='ocrx_word' id='word_1_384' title='bbox 2334 3788 2460 3858; x_wconf 87' lang='lat' dir='ltr'>has</span> <span class='ocrx_word' id='word_1_385' title='bbox 2509 3789 2780 3877; x_wconf 89' lang='lat' dir='ltr'>suscipe</span> <span class='ocrx_word' id='word_1_386' title='bbox 2829 3809 3092 3877; x_wconf 85' lang='lat' dir='ltr'>preces.</span> 
     </span>
     <span class='ocr_line' id='line_1_41' title="bbox 557 3874 3095 3957; baseline 0.001 -16"><span class='ocrx_word' id='word_1_387' title='bbox 557 3874 743 3944; x_wconf 82' lang='lat' dir='ltr'>Jube</span> <span class='ocrx_word' id='word_1_388' title='bbox 793 3874 918 3944; x_wconf 90' lang='lat' dir='ltr'>hos</span> <span class='ocrx_word' id='word_1_389' title='bbox 969 3875 1338 3945; x_wconf 88' lang='lat' dir='ltr'>daemones</span> <span class='ocrx_word' id='word_1_390' title='bbox 1386 3874 1572 3944; x_wconf 85' lang='lat' dir='ltr'>hunc</span> <span class='ocrx_word' id='word_1_391' title='bbox 1617 3875 1839 3944; x_wconf 92' lang='lat' dir='ltr'>locum</span> <span class='ocrx_word' id='word_1_392' title='bbox 1875 3877 2205 3957; x_wconf 87' lang='lat' dir='ltr'>deserere,</span> <span class='ocrx_word' id='word_1_393' title='bbox 2260 3888 2335 3946; x_wconf 93' lang='lat' dir='ltr'>ut</span> <span class='ocrx_word' id='word_1_394' title='bbox 2369 3877 2455 3946; x_wconf 92' lang='lat' dir='ltr'>sit</span> <span class='ocrx_word' id='word_1_395' title='bbox 2505 3878 2973 3945; x_wconf 81' lang='lat' dir='ltr'>sanctificatus</span> <span class='ocrx_word' id='word_1_396' title='bbox 3022 3876 3095 3943; x_wconf 88' lang='lat' dir='ltr'>in</span> 
     </span>
     <span class='ocr_line' id='line_1_42' title="bbox 558 3963 3100 4053; baseline 0 -21"><span class='ocrx_word' id='word_1_397' title='bbox 558 3963 815 4032; x_wconf 89' lang='lat' dir='ltr'>honore</span> <span class='ocrx_word' id='word_1_398' title='bbox 867 3965 1167 4034; x_wconf 90' lang='lat' dir='ltr'>nominis</span> <span class='ocrx_word' id='word_1_399' title='bbox 1216 3964 1340 4034; x_wconf 91' lang='lat' dir='ltr'>tui.</span> <span class='ocrx_word' id='word_1_400' title='bbox 1397 3969 1765 4053; x_wconf 87' lang='lat' dir='ltr'>Surgentes</span> <span class='ocrx_word' id='word_1_401' title='bbox 1821 3965 1908 4032; x_wconf 89' lang='lat' dir='ltr'>ab</span> <span class='ocrx_word' id='word_1_402' title='bbox 1955 3965 2280 4044; x_wconf 89' lang='lat' dir='ltr'>oratione,</span> <span class='ocrx_word' id='word_1_403' title='bbox 2329 3978 2661 4034; x_wconf 86' lang='lat' dir='ltr'>venerunt</span> <span class='ocrx_word' id='word_1_404' title='bbox 2708 3965 2791 4033; x_wconf 89' lang='lat' dir='ltr'>ad</span> <span class='ocrx_word' id='word_1_405' title='bbox 2906 3965 3100 4053; x_wconf 87' lang='lat' dir='ltr'>urgi-</span> 
     </span>
     <span class='ocr_line' id='line_1_43' title="bbox 559 4051 3100 4142; baseline 0 -22"><span class='ocrx_word' id='word_1_406' title='bbox 559 4063 719 4134; x_wconf 90' lang='lat' dir='ltr'>tem,</span> <span class='ocrx_word' id='word_1_407' title='bbox 773 4065 836 4122; x_wconf 88' lang='lat' dir='ltr'>et</span> <span class='ocrx_word' id='word_1_408' title='bbox 869 4053 1197 4122; x_wconf 89' lang='lat' dir='ltr'>continuo</span> <span class='ocrx_word' id='word_1_409' title='bbox 1243 4053 1614 4122; x_wconf 89' lang='lat' dir='ltr'>daemones</span> <span class='ocrx_word' id='word_1_410' title='bbox 1647 4052 1715 4120; x_wconf 88' lang='lat' dir='ltr'>in</span> <span class='ocrx_word' id='word_1_411' title='bbox 1767 4051 2002 4142; x_wconf 86' lang='lat' dir='ltr'>fugam</span> <span class='ocrx_word' id='word_1_412' title='bbox 2039 4054 2372 4132; x_wconf 89' lang='lat' dir='ltr'>conversi,</span> <span class='ocrx_word' id='word_1_413' title='bbox 2422 4055 2646 4123; x_wconf 87' lang='lat' dir='ltr'>ierunt</span> <span class='ocrx_word' id='word_1_414' title='bbox 2679 4075 2799 4141; x_wconf 92' lang='lat' dir='ltr'>per</span> <span class='ocrx_word' id='word_1_415' title='bbox 2894 4075 3100 4123; x_wconf 88' lang='lat' dir='ltr'>ecur-</span> 
     </span>
     <span class='ocr_line' id='line_1_44' title="bbox 559 4141 3100 4212; baseline 0 -3"><span class='ocrx_word' id='word_1_416' title='bbox 559 4163 715 4209; x_wconf 90' lang='lat' dir='ltr'>sum</span> <span class='ocrx_word' id='word_1_417' title='bbox 755 4141 1014 4210; x_wconf 87' lang='lat' dir='ltr'>fluvioli</span> <span class='ocrx_word' id='word_1_418' title='bbox 1065 4156 1303 4212; x_wconf 87' lang='lat' dir='ltr'>contra</span> <span class='ocrx_word' id='word_1_419' title='bbox 1400 4143 1738 4211; x_wconf 82' lang='lat' dir='ltr'>roximum</span> <span class='ocrx_word' id='word_1_420' title='bbox 1780 4154 2103 4212; x_wconf 86' lang='lat' dir='ltr'>montem.</span> <span class='ocrx_word' id='word_1_421' title='bbox 2151 4145 2442 4211; x_wconf 89' lang='lat' dir='ltr'>Sanctus</span> <span class='ocrx_word' id='word_1_422' title='bbox 2470 4162 2623 4210; x_wconf 88' lang='lat' dir='ltr'>vero</span> <span class='ocrx_word' id='word_1_423' title='bbox 2657 4141 2893 4212; x_wconf 87' lang='lat' dir='ltr'>Gallus</span> <span class='ocrx_word' id='word_1_424' title='bbox 2923 4141 3100 4210; x_wconf 83' lang='lat' dir='ltr'>dixit</span> 
     </span>
     <span class='ocr_line' id='line_1_45' title="bbox 562 4161 3096 4320; baseline 0 -23"><span class='ocrx_word' id='word_1_425' title='bbox 562 4228 741 4297; x_wconf 88' lang='lat' dir='ltr'>illis:</span> <span class='ocrx_word' id='word_1_426' title='bbox 797 4230 1089 4299; x_wconf 85' lang='lat' dir='ltr'>«Praeci</span> <span class='ocrx_word' id='word_1_427' title='bbox 1148 4231 1212 4299; x_wconf 91' lang='lat' dir='ltr'>io</span> <span class='ocrx_word' id='word_1_428' title='bbox 1262 4161 1473 4312; x_wconf 53' lang='grc' dir='ltr'><strong>νοὲἰε,</strong></span> <span class='ocrx_word' id='word_1_429' title='bbox 1522 4229 2039 4319; x_wconf 88' lang='lat' dir='ltr'>phantasmata,</span> <span class='ocrx_word' id='word_1_430' title='bbox 2095 4251 2214 4319; x_wconf 89' lang='lat' dir='ltr'>per</span> <span class='ocrx_word' id='word_1_431' title='bbox 2286 4230 2660 4300; x_wconf 87' lang='lat' dir='ltr'>immensae</span> <span class='ocrx_word' id='word_1_432' title='bbox 2724 4230 3096 4320; x_wconf 87' lang='lat' dir='ltr'>potentiam</span> 
     </span>
     <span class='ocr_line' id='line_1_46' title="bbox 561 4317 3103 4399; baseline 0.001 -13"><span class='ocrx_word' id='word_1_433' title='bbox 561 4317 933 4399; x_wconf 77' lang='lat' dir='ltr'>Trinitatis,</span> <span class='ocrx_word' id='word_1_434' title='bbox 994 4332 1067 4387; x_wconf 89' lang='lat' dir='ltr'>ut</span> <span class='ocrx_word' id='word_1_435' title='bbox 1151 4341 1285 4387; x_wconf 91' lang='lat' dir='ltr'>unc</span> <span class='ocrx_word' id='word_1_436' title='bbox 1327 4318 1551 4387; x_wconf 92' lang='lat' dir='ltr'>locum</span> <span class='ocrx_word' id='word_1_437' title='bbox 1587 4318 1997 4398; x_wconf 70' lang='lat' dir='ltr'>deserenteS,</span> <span class='ocrx_word' id='word_1_438' title='bbox 2048 4319 2113 4386; x_wconf 89' lang='lat' dir='ltr'>in</span> <span class='ocrx_word' id='word_1_439' title='bbox 2155 4330 2419 4387; x_wconf 89' lang='lat' dir='ltr'>montes</span> <span class='ocrx_word' id='word_1_440' title='bbox 2453 4318 2753 4389; x_wconf 75' lang='lat' dir='ltr'>desertos</span> <span class='ocrx_word' id='word_1_441' title='bbox 2800 4319 2992 4399; x_wconf 77' lang='lat' dir='ltr'>eatis.</span> <span class='ocrx_word' id='word_1_442' title='bbox 3034 4333 3103 4388; x_wconf 87' lang='lat' dir='ltr'>et</span> 
     </span>
     <span class='ocr_line' id='line_1_47' title="bbox 562 4406 3105 4484; baseline -0 -7"><span class='ocrx_word' id='word_1_443' title='bbox 562 4408 701 4477; x_wconf 88' lang='lat' dir='ltr'>huc</span> <span class='ocrx_word' id='word_1_444' title='bbox 727 4407 1103 4476; x_wconf 83' lang='lat' dir='ltr'>revertendi</span> <span class='ocrx_word' id='word_1_445' title='bbox 1137 4407 1428 4477; x_wconf 89' lang='lat' dir='ltr'>ulterius</span> <span class='ocrx_word' id='word_1_446' title='bbox 1456 4428 1590 4475; x_wconf 91' lang='lat' dir='ltr'>non</span> <span class='ocrx_word' id='word_1_447' title='bbox 1644 4407 1951 4476; x_wconf 87' lang='lat' dir='ltr'>habeatis</span> <span class='ocrx_word' id='word_1_448' title='bbox 1986 4406 2340 4484; x_wconf 84' lang='lat' dir='ltr'>fiduciam.</span> <span class='ocrx_word' id='word_1_449' title='bbox 2375 4430 2410 4472; x_wconf 85' lang='lat'>»</span> <span class='ocrx_word' id='word_1_450' title='bbox 2456 4408 2706 4478; x_wconf 89' lang='lat' dir='ltr'>Deinde</span> <span class='ocrx_word' id='word_1_451' title='bbox 2758 4409 3105 4477; x_wconf 87' lang='lat' dir='ltr'>mittentes</span> 
     </span>
    </p>
   </div>
  </div>
 </body>
</html>
