3347 4999
747 353 875 419 742
1406 371 1483 418 nn
1531 371 1588 419 s.
1639 370 1944 420 nancisso
1992 372 2090 419 nr.
2134 369 2428 420 mosot.
2865 353 3013 421 oet.
3054 356 3118 419 29

660 455 1061 534 certamina,
1115 475 1238 545 pro
1287 453 1446 524 fidei
1496 454 1926 526 confessione
1965 469 2308 546 suscepta,
2361 467 2589 527 essent
2635 457 2869 547 integri
2896 471 2952 526 et
2977 458 3120 526 ineo-

663 544 886 614 lumes
932 542 1166 613 divina
1238 542 1665 633 providentia
1735 544 2026 626 servati,
2094 544 2370 615 nomine
2415 543 2789 614 Alexander
2827 545 2905 625 ⁴¹,
2959 566 3121 633 quem

663 631 867 702 modo
915 632 1330 723 Episcopum
1370 632 1710 702 Ecclesiae
1732 631 1992 703 Jerosol
2048 634 2347 704 mitanae
2384 632 2598 703 fuisse
2632 634 3120 712 monstravimus

664 733 1022 812 propterea
1116 720 1248 790 uod
1291 720 1719 792 confessione
1768 721 1926 791 fidei
1961 726 2003 792 C
2060 721 2384 792 ristianae
2427 723 2845 812 temporibus
2873 743 3124 813 persecu-

662 809 868 880 tionis
918 808 1076 879 nobi
1112 810 1320 882 itatus
1367 822 1534 891 erat,
1570 810 2021 901 Episcopatu,
2059 831 2263 898 quem
2315 810 2498 893 dixi,
2543 832 2703 881 cum
2755 811 2964 881 adbuc
3004 815 3125 880 Nar-

661 899 887 969 cissus
920 898 1012 979 ⁴⁴,
1051 897 1172 987 qui
1201 920 1359 969 eum
1394 899 1461 968 in
1491 919 1570 968 eo
1604 897 1830 968 officio
1877 899 2200 982 anteibat,
2237 914 2588 990 superstes
2634 912 2829 981 esset,
2860 900 3127 990 dignatus

661 985 812 1057 fuit.
851 991 1124 1058 Praeter
1158 986 1411 1058 multas
1458 985 1631 1058 alias
1670 987 2118 1058 admirabiles
2149 1009 2257 1058 res
2309 1002 2572 1078 gestas,
2609 1010 2783 1076 quas
2824 990 2933 1076 qui
2970 1009 3033 1056 ex
3070 1009 3129 1056 ea

661 1074 962 1147 Ecclesia
1009 1090 1194 1158 sunt,
1235 1098 1316 1146 ex
1350 1097 1664 1146 sermone
1702 1098 1782 1146 ac
1831 1076 2195 1146 traditione
2242 1076 2560 1161 fratrum,
2619 1076 2944 1167 gradatim
2972 1088 3128 1146 etor-

654 1163 818 1235 dine
866 1165 1410 1246 succedentium,
1455 1164 1540 1233 de
1601 1165 1918 1237 Narcisso
1968 1180 2273 1246 narrant,
2315 1166 2443 1236 hoc
2507 1179 2851 1257 praeterea
2887 1165 3130 1235 miracu·

660 1253 803 1324 lum
853 1253 940 1324 ab
987 1275 1067 1324 eo
1114 1253 1379 1325 editum
1428 1252 1782 1324 referunt:

744 1344 781 1430 ξ
832 1348 919 1414 2.
974 1346 1051 1412 In
1105 1365 1356 1434 magna
1404 1354 1470 1411 et
1518 1341 1811 1412 solemni
1861 1341 2214 1413 Paschatis
2276 1342 2553 1435 vigilia,
2606 1343 2830 1413 oleum
2879 1341 3130 1412 diaconis

660 1442 726 1500 et
774 1431 1110 1502 ministris
1156 1431 1497 1502 Ecclesiae
1534 1430 1838 1501 defuisse
1889 1431 2270 1522 perbibent.
2330 1432 2519 1503 Unde
2573 1454 2735 1503 cum
2798 1432 3129 1502 universam

663 1518 1174 1591 multitudinem
1212 1519 1442 1611 gravis
1476 1519 1815 1608 quaedam
1851 1521 2209 1621 aegritudo
2249 1533 2314 1591 et
2359 1520 2690 1592 demissio
2738 1520 2942 1590 animi
2979 1539 3133 1589 occu·

661 1620 874 1698 paret,
919 1610 1312 1680 Narcissum
1364 1607 1593 1680 ferunt
1643 1608 1774 1691 his,
1828 1631 1950 1695 qui
2000 1609 2373 1680 luminaria
2421 1609 2872 1700 apparabant,
2917 1626 3133 1699 praece·

664 1697 865 1787 pisse,
919 1712 995 1768 ut
1027 1720 1276 1787 aquam
1299 1719 1386 1768 ex
1419 1711 1622 1787 puteo
1652 1696 1952 1786 quodam
1988 1698 2109 1785 qui
2141 1711 2286 1769 erat
2322 1699 2389 1767 in
2429 1698 2764 1789 proximo,
2811 1697 3131 1770 haurirent,

655 1799 722 1855 et
769 1788 849 1857 ad
879 1785 1108 1878 ipsum
1150 1786 1492 1857 afferrent.
1530 1791 1679 1869 Quo
1714 1786 1974 1874 absque
2015 1808 2201 1857 mora
2242 1800 2537 1877 peracto,
2583 1809 2743 1857 eum
2778 1807 2975 1877 super
2998 1804 3135 1870 aqua

657 1875 981 1958 oravisse,
1023 1875 1521 1964 mandasseque
1551 1888 1626 1945 ut
1655 1896 1818 1944 oum
1858 1897 2012 1945 vera
2045 1889 2110 1946 et
2140 1876 2481 1947 constanti
2520 1877 2586 1945 in
2626 1876 2982 1945 Dominum
3014 1871 3132 1950 fide,

657 1986 806 2032 eam
856 1964 927 2034 in
981 1965 1429 2034 luminarium
1483 1986 1643 2034 vasa
1693 1962 2157 2034 infunderent.
2195 1965 2386 2048 Quod
2444 1965 2561 2035 ubi
2597 1965 2919 2041 fecerant,
2951 1973 3137 2033 contra

658 2074 932 2122 omnem
984 2053 1342 2134 rationem,
1388 2052 1781 2122 incredibili
1834 2053 2133 2140 quadam
2175 2067 2240 2123 et
2276 2054 2513 2123 divina
2546 2054 2835 2135 virtute,
2876 2064 3139 2147 naturam

655 2163 877 2228 aquae
924 2142 991 2211 in
1043 2141 1175 2211 olei
1226 2154 1538 2212 naturam
1587 2155 2125 2212 commutatam:
2169 2156 2233 2212 et
2269 2165 2391 2231 pro
2422 2156 2606 2213 certo
2642 2140 2836 2212 illius
2871 2136 3136 2210 miraculi

659 2228 939 2310 indicio,
978 2231 1217 2300 fratres
1251 2230 1666 2319 complure8‚
1699 2231 1818 2317 qui
1855 2229 1995 2299 illic
2020 2244 2237 2312 erant,
2275 2254 2354 2301 eo
2386 2231 2667 2319 quidem
2706 2245 2997 2321 tempore
3026 2247 3140 2318 per-

662 2318 958 2388 multum
993 2341 1072 2389 ex
1121 2318 1240 2389 illo
1288 2319 1436 2389 oleo
1476 2332 2012 2398 reservaverunt,
2041 2342 2119 2389 ex
2153 2342 2291 2408 quo
2322 2321 2524 2391 etiam
2567 2318 3053 2407 aliquantulum
3077 2311 3138 2384 ad

660 2420 961 2477 nostram
1000 2429 1222 2494 usque
1254 2419 1542 2477 aetatem
1585 2408 2002 2476 custoditum
2060 2421 2183 2478 est.
2228 2408 2557 2496 Pleraque
2613 2409 2779 2479 item
2828 2407 2978 2485 alia,
3035 2424 3141 2474 me-

663 2494 879 2566 moria
973 2496 1204 2567 uidem
1247 2495 1482 2587 digna,
1524 2495 1609 2565 de
1643 2497 1778 2567 vita
1813 2496 2013 2568 istius
2048 2498 2174 2568 viri
2223 2513 2795 2580 commemorant,
2838 2499 2907 2567 in
2935 2494 3142 2585 quibus

657 2518 1002 2675 ejusmodi
1050 2584 1384 2675 quiddam
1436 2585 1767 2655 traditum
1815 2598 1959 2656 est:

748 2675 785 2762 ξ,
823 2678 911 2748 8.
960 2678 1124 2745 Cum
1166 2673 1448 2763 quidam
1489 2696 1783 2762 nequam
1838 2673 2082 2764 perditi
2135 2676 2636 2746 homunciones
2683 2696 2953 2776 gravem
2988 2685 3143 2742 etse-

662 2784 888 2833 veram
938 2784 1087 2833 eam
1124 2763 1481 2844 rationem,
1521 2786 1656 2851 qua
1689 2785 1811 2854 per
1845 2765 2232 2834 universam
2270 2765 2474 2834 vitam
2510 2778 2655 2834 tum
2693 2786 2767 2833 in
2800 2759 3142 2858 hominibus

656 2852 907 2922 acriter
932 2850 1412 2934 admonendis,
1451 2865 1596 2922 tum
1631 2852 1699 2921 in
1733 2874 1967 2922 eorum
2005 2854 2186 2922 vitiis
2219 2852 2649 2943 corrigendis
2674 2853 2780 2923 uti
2815 2858 3139 2925 consuevit,

657 2941 1056 3029 neutiquam
1109 2941 1282 3012 ferre
1332 2951 1630 3043 possent,
1680 2962 1843 3031 prae
1879 2954 2085 3023 metu,
2128 2964 2212 3011 ne
2247 2943 2262 3010 i
2320 2942 2376 3011 si
2415 2963 2536 3031 pro
2591 2954 2691 3012 ter
2725 2941 2991 3011 infinita
3032 2956 3143 3005 sce·

661 3030 824 3110 lere,
877 3051 1172 3117 quorum
1225 3030 1559 3119 sibiipsis
1591 3030 1854 3099 conscii
1908 3043 2126 3111 erant,
2171 3031 2251 3120 ju
2309 3030 2466 3100 icati
2506 3054 2542 3100 a
2633 3052 2713 3100 eo
2758 3050 3003 3121 poenas
3038 3025 3146 3094 lue-

660 3131 831 3199 rent,
870 3131 1241 3208 coeperunt
1287 3132 1524 3188 contra
1572 3117 1797 3197 illum,
1834 3120 2143 3189 consutis
2189 3118 2391 3201 dolis,
2443 3120 2883 3210 conspirare,
2936 3129 2997 3186 et
3037 3127 3148 3182 tur-

666 3228 815 3296 pem
849 3206 1198 3295 quandam
1230 3206 1743 3277 criminationis·
1767 3206 2189 3278 calumniam
2219 3209 2287 3277 in
2330 3229 2488 3278 eum
2529 3208 2912 3296 conjiceret
2945 3199 3149 3275 deinde

653 3316 794 3382 quo
844 3296 1064 3385 magis
1109 3295 1542 3366 auditoribus
1607 3296 2113 3369 criminationis
2169 3296 2342 3368 falso
2393 3297 2697 3387 objectae
2755 3295 2956 3367 fidem
3013 3291 3150 3383 face7

662 3395 837 3464 rent,
890 3405 1038 3453 eam
1055 3384 1521 3541 gurejurando
1569 3384 2005 3467 confirmare,
2043 3400 2246 3473 atque
2281 3408 2464 3456 unus
2513 3387 2613 3455 sic
2660 3385 2999 3475 deierare:
3040 3402 3070 3445 «
3099 3380 3150 3444 Si

661 3493 796 3541 non
851 3493 1001 3541 vere
1106 3473 1384 3555 ixerim,
1437 3485 1598 3564 opto
1663 3487 1740 3543 ut
1789 3474 1972 3564 ignis
2027 3474 2349 3544 incendio
2399 3475 2645 3546 misere
2708 3474 3150 3566 dispeream.»

659 3559 837 3631 Alter
885 3582 1041 3631 vero
1088 3562 1225 3631 sic:
1283 3584 1319 3628 «
1381 3564 1450 3632 Si
1500 3583 1634 3631 non
1688 3584 1839 3632 vere
1886 3561 2199 3644 dixerim,
2254 3577 2413 3654 opto
2472 3576 2549 3634 ut
2608 3563 2809 3633 foedo
2872 3583 2947 3631 ac
2992 3574 3150 3628 saevo

659 3649 898 3720 morbo
946 3672 1198 3741 corpus
1245 3651 1676 3722 absumatur.
1738 3674 1771 3717 »
1821 3652 2086 3720 Tertius
2132 3666 2362 3722 autern
2411 3651 2541 3721 hoc
2608 3651 2848 3721 modo:
2916 3675 2940 3712 ι
2988 3652 3143 3735 opto,

659 3739 719 3808 si
776 3759 910 3809 non
962 3761 1114 3809 vere
1152 3738 1465 3816 dixerim.
1504 3751 1581 3810 ut
1627 3736 2013 3809 luminibus
2056 3741 2329 3831 penitus
2376 3742 2659 3812 orbatus
2695 3741 2905 3810 sim.»
2940 3741 3143 3805 Verum
3258 3796 3259 3807 ,

654 3825 976 3915 quamvis
1027 3849 1226 3897 nemo
1272 3849 1352 3898 ex
1384 3827 1732 3910 fidelibuS,
1770 3842 2050 3930 propter
2088 3828 2515 3900 nobilitatam
2553 3851 2631 3899 ac
2667 3839 2977 3899 testatam
3010 3826 3150 3923 inter

657 3938 899 3987 omnes
943 3916 1227 3986 omnino
1272 3916 1571 3988 Narcissi
1618 3917 2123 3998 castimoniam,
2167 3932 2371 4006 atque
2417 3917 2589 3988 adeo
2636 3917 2724 3988 ob
2773 3917 2950 3985 vitae
2982 3923 3148 3984 ratio·

660 4027 815 4075 nem
863 4027 943 4076 ex
979 4005 1245 4076 virtutis
1279 4005 1515 4096 regula
1546 4006 1953 4089 traductam,
1984 4006 2127 4076 illis
2163 4005 2263 4076 vel
2349 4007 2706 4076 ravissimo
2729 3996 3150 4107 jurejurando

660 4116 732 4164 se
766 4092 1393 4186 obstringentibus‚
1446 4095 1760 4165 animum
1811 4106 1929 4163 aut
1978 4094 2183 4165 fidem
2234 4117 2275 4164 a
2328 4095 2671 4165 hibuerit:
2735 4093 2854 4163 ille
2904 4092 3039 4179 ipse
3078 4099 3151 4154 tn·

662 4203 816 4251 men
859 4184 1105 4273 partim
1150 4205 1313 4274 prae
1362 4183 1770 4276 indignitate
1825 4184 2131 4272 objectae
2164 4183 2693 4265 criminationis,
2749 4180 2991 4273 partim
3022 4191 3153 4269 prae

709 4394 735 4419 ⁶
765 4394 809 4435 S.
842 4396 1103 4436 Alexander
1121 4397 1199 4446 Rp.
1225 4400 1273 4437 et
1292 4395 1428 4437 Hm.
1446 4394 1522 4437 die
1544 4397 1594 4436 18
1613 4397 1776 4437 martti
1796 4397 1984 4439 colitur.
2007 4397 2125 4437 Vide
2143 4396 2324 4437 Surium
2344 4395 2454 4446 (vol.
2473 4397 2572 4443 111).

712 4448 766 4474 *⁸*
797 4448 839 4487 Β.
867 4450 1129 4493 Narcissus,
1152 4450 1266 4489 dum
1292 4449 1613 4498 episcopatum
1639 4451 2085 4499 serosolymttsuum
2117 4453 2301 4490 teneret
2325 4461 2431 4489 cum
2461 4450 2503 4487 8.
2533 4449 2793 4499 Theophila
2825 4442 3023 4489 comitto
3048 4444 3155 4493 lm‘·

655 4500 760 4547 mit.
777 4503 901 4551 quod
921 4502 970 4541 in
989 4500 1267 4549 Palaestina,
1286 4513 1406 4543 anno
1429 4505 1516 4549 19³.
1537 4513 1749 4544 coactum
1768 4505 1861 4545 luit
1882 4505 1939 4544 ad
1960 4505 2264 4545 statuendum
2283 4505 2406 4545 diem
2426 4504 2740 4544 solemnitatis
2762 4501 3008 4551 paschatis.
