3347 4999
224 345 396 412 OCT.
452 344 524 407 2¹
984 361 1062 405 nr.
1108 361 1164 406 s.
1210 358 1458 405 mrcao
1507 357 1656 405 mon.
1711 359 1786 403 er
1834 356 2014 405 conr.
2554 341 2681 405 623

221 447 403 516 enim
436 444 634 513 solita
665 443 1025 536 pervigiles
1059 444 1128 511 in
1165 442 1482 532 sepulcro
1508 442 1661 531 ejus
1689 455 1920 512 noctes
1945 442 2218 523 ducere,
2249 455 2312 511 et
2361 443 2558 529 quasi
2607 464 2767 512 cum

276 547 578 604 raesente
612 534 693 602 ad
733 532 1162 623 adjuvandas
1189 532 1529 601 orationes
1555 554 1718 600 suas
1750 532 2218 601 sermocinari.
2266 535 2515 601 Cernas
2553 553 2770 617 usque

221 559 426 693 hodie
478 624 719 691 miram
767 622 943 691 inter
981 621 1399 690 Palaestinos
1448 636 1512 689 et
1546 620 1828 711 Cyprios
1877 620 2406 700 contentionem,
2463 620 2570 689 his
2618 643 2769 690 cor-

224 735 357 804 pus
396 711 792 791 HilarioniS,
846 710 984 779 illis
1035 710 1351 800 spiritum
1398 733 1468 780 se
1508 710 1759 779 habere
1807 709 2251 778 certantibus,
2306 712 2382 776 Et
2424 720 2646 777 tamen
2694 710 2761 778 in

223 802 534 886 utrisque
570 800 734 869 locis
785 821 1037 887 magna
1083 798 1388 885 quotidie
1438 799 1633 886 signa
1677 799 1875 878 fiunt,
1933 798 2048 868 sed
2103 797 2321 887 magis
2372 797 2440 865 in
2494 797 2767 868 hortulo

223 890 451 981 Cypri,
505 889 788 959 forsitan
837 889 1001 975 quia
1054 889 1209 979 plus
1256 888 1454 959 illum
1509 888 1733 957 locum
1786 888 2117 957 dilexerit.

639 1198 868 1297 VlTA
949 1198 1320 1299 MALCHl
1412 1199 1861 1300 MONAClll
1940 1201 2346 1300 CAPTlVl

221 1441 340 1486 PER
389 1441 447 1484 n.
495 1437 907 1485 ninnouruuu
957 1439 1397 1485 rnsssamanu
1447 1439 1736 1486 scmru:
1783 1440 1956 1496 oum
2005 1442 2059 1487 s.
2116 1442 2439 1490 maimoni
2490 1442 2763 1490 suasum-

309 1546 523 1603 mum,
579 1545 706 1591 NON
753 1544 921 1600 ouon
969 1544 1198 1591 mrem
1239 1542 1462 1591 omrus
1497 1546 1562 1593 1N
1595 1546 1764 1594 nuuc
1813 1548 1961 1594 meu
2010 1546 2284 1606 lthnAT,
2329 1550 2442 1596 sen
2493 1549 2765 1597 paopraa

309 1650 666 1711 Aucroamr,
708 1652 900 1699 cusos
949 1648 1279 1698 a1LAa1oN1
1321 1653 1620 1700 mierum
1655 1653 1863 1701 matur
1909 1654 2296 1714 Ansumcssna,
2335 1655 2502 1712 ouon
2532 1656 2765 1704 cnm-us

311 1756 531 1806 omrus
580 1759 729 1805 mus
777 1759 917 1805 mas
963 1755 1342 1806 mnoamua.
2397 1733 2401 1738 ’

1155 1934 1397 1989 seculo
1440 1933 1538 1987 1v
1578 1933 1836 1988 floruit.

313 2118 351 2191 ἓ
403 2117 476 2181 Ι.
530 2112 653 2191 Qui
706 2113 925 2182 navali
998 2113 1251 2202 proelio
1298 2112 1694 2182 dimicaturi
1753 2128 1937 2194 sunt,
1994 2126 2150 2183 ante
2207 2114 2273 2182 in
2332 2128 2526 2203 portu
2575 2126 2639 2182 et
2689 2114 2755 2182 in

222 2200 594 2287 tranquillo
663 2204 834 2271 mari
903 2203 1183 2270 flectunt
1243 2202 1758 2291 gubernacula,
1830 2224 2051 2271 remos
2127 2203 2440 2285 trahunt,
2508 2202 2761 2274 ferreas

221 2311 471 2360 manus
504 2302 568 2359 et
617 2313 828 2361 uncos
867 2304 1296 2380 praeparant,
1349 2290 1904 2379 dispositumque
1939 2314 2055 2378 per
2091 2292 2390 2361 tabulata
2438 2292 2750 2373 militem,

221 2378 559 2465 pendente
606 2379 850 2468 gradu,
903 2392 967 2448 et
1017 2379 1281 2457 labente
1336 2381 1497 2448 vesti
1526 2380 1637 2459 rio,
1695 2394 1872 2448 stare
1924 2381 2209 2449 firmiter
2261 2395 2748 2460 consuescunt,

221 2478 298 2535 ut
346 2467 524 2553 quod
579 2466 646 2536 in
701 2466 1072 2539 simulacro
1111 2489 1380 2558 pugnae
1427 2468 1494 2537 di
1556 2469 1817 2550 icerint‚
1867 2469 1933 2537 in
1990 2492 2142 2540 vero
2191 2471 2565 2540 certamine
2619 2492 2748 2539 non

221 2556 769 2644 perhorrescant.
810 2563 904 2626 Ita
947 2571 1009 2627 et
1058 2579 1221 2713 ego,
1278 2559 1397 2644 qui
1459 2557 1577 2626 diu
1631 2561 1810 2627 tacui
1851 2559 2085 2647 (silere
2130 2561 2389 2660 quippe
2427 2582 2531 2629 me
2566 2560 2745 2638 fecit,

218 2645 334 2713 cui
398 2667 590 2715 meus
640 2669 863 2717 sermo
919 2668 1049 2736 sup
1131 2646 1340 2715 icium
1393 2646 1544 2734 est),
1587 2648 1780 2736 prius
1819 2649 2116 2717 exerceri
2165 2661 2371 2738 cupio
2422 2648 2488 2715 in
2547 2670 2754 2737 parvo

219 2755 449 2822 opere,
485 2747 547 2804 et
580 2735 785 2805 veluti
820 2757 1025 2821 quam
1084 2757 1192 2803 am
1232 2735 1617 2825 rubiginem
1658 2736 1933 2826 linguae
1963 2738 2373 2827 abstergere,
2413 2749 2489 2806 ut
2529 2737 2757 2805 venire

217 2823 477 2911 possim
531 2824 612 2892 ad
662 2824 961 2894 latiorem
999 2824 1379 2893 historiam.
1436 2824 1744 2894 Scribere
1800 2827 1983 2893 enim
2027 2825 2340 2914 disposui
2389 2824 2478 2912 (si
2531 2838 2756 2894 tamen

215 2911 424 2981 vitam
470 2914 798 2983 Dominus
845 2912 1129 2994 dederit,
1176 2926 1239 2981 et
1273 2913 1326 2982 si
1368 2913 1859 3002 vituperatores
1913 2914 2043 2982 mei
2092 2913 2328 2982 saltem
2376 2913 2750 3003 fugientem

215 3021 328 3070 me
367 3012 431 3069 et
471 3001 816 3072 inclusum
875 3002 1186 3090 persequi
1220 3001 1599 3090 desierint),
1655 3002 1742 3070 ab
1782 3002 2079 3071 adventu
2129 3002 2495 3070 Salvatoris
2535 3023 2754 3087 usque

214 3089 298 3157 ad
338 3101 636 3159 nostram
688 3104 999 3172 aetatem,
1038 3091 1104 3159 id
1140 3104 1261 3169 est,
1320 3091 1406 3160 ab
1440 3091 1776 3180 Apostolis
1812 3113 2029 3176 usque
2059 3091 2142 3159 ad
2179 3091 2391 3161 nostri
2433 3091 2758 3178 temporis

214 3176 496 3258 faecem,
533 3180 878 3265 quomodo
916 3195 980 3248 et
1017 3201 1133 3269 per
1179 3201 1350 3265 quos
1385 3179 1630 3247 Christi
1682 3177 1981 3247 Ecclesia
2021 3191 2175 3248 nata
2217 3181 2325 3259 sit,
2379 3193 2444 3247 et
2492 3179 2753 3260 adulta,

215 3268 811 3355 persecutionibus
858 3269 1162 3348 creverit,
1222 3268 1566 3357 martyriis
1614 3282 1938 3336 coronata
1986 3268 2105 3336 sit:
2160 3280 2223 3337 et
2259 3279 2614 3356 postquam
2669 3268 2752 3337 ad

213 3355 637 3425 Christianos
688 3358 1034 3446 principes
1102 3356 1321 3436 venit,
1392 3356 1691 3445 potentia
1755 3356 2034 3442 quidem
2086 3370 2149 3425 et
2198 3357 2454 3426 divitiis
2507 3357 2748 3447 major,

211 3445 331 3513 sed
387 3445 753 3514 virtutibus
810 3445 1034 3514 minor
1083 3443 1259 3513 facta
1321 3444 1428 3513 sit.
1487 3450 1732 3514 Verum
1791 3444 1957 3515 haec
2008 3445 2222 3515 alias:
2280 3467 2510 3526 nunc,
2567 3445 2749 3534 quod

212 3532 555 3612 imminet,
591 3533 1038 3623 explicemus

296 3625 334 3709 ξ
374 3627 460 3691 2.
516 3624 816 3691 Maronia
849 3624 1125 3710 triginta
1156 3620 1365 3690 ferme
1408 3622 1719 3696 millibus
1749 3623 1836 3691 ab
1868 3623 2244 3703 Antiochia,
2280 3623 2452 3692 urbe
2488 3623 2748 3712 Syriae,

207 3707 395 3780 haud
455 3710 740 3800 grandis
787 3710 873 3780 ad
925 3712 1261 3781 Orientem
1332 3711 1539 3780 distat
1602 3710 1892 3780 viculuS.
1952 3712 2072 3780 Hic
2124 3725 2274 3798 post
2337 3711 2596 3781 multos
2646 3711 2748 3780 vel

209 3796 576 3880 dominos,
635 3799 732 3868 vel
786 3812 1139 3890 patronos,
1208 3799 1376 3868 dum
1435 3822 1558 3890 ego
1629 3800 2184 3870 adolescentulus
2240 3800 2274 3834 *
2326 3822 2632 3870 morarer
2680 3800 2751 3868 in

212 3889 430 3975 Syria,
473 3889 557 3958 ad
612 3911 826 3978 papae
855 3888 923 3923 ⁴¹*
972 3888 1283 3980 Evagrii,
1343 3888 1710 3958 necessarii
1765 3889 1920 3971 mei,
1989 3888 2484 3979 possessionem
2550 3888 2753 3958 devo-

211 3971 398 4046 lutus
462 3994 597 4048 est:
658 4001 859 4066 quem
915 3977 1168 4049 idcirco
1236 3999 1421 4047 nunc
1472 3979 1846 4058 nominavi,
1917 3992 1991 4047 ut
2056 3977 2509 4056 ostenderem,
2567 3977 2752 4046 unde

216 4081 510 4149 nossem,
555 4068 737 4154 quod
777 4067 1161 4156 scripturus
1196 4088 1375 4135 sum.
1414 4072 1570 4136 Erat
1617 4068 1829 4156 igitur
1863 4067 2004 4137 illic
2039 4066 2321 4154 quidam
2360 4087 2588 4146 senex,
2631 4089 2752 4136 no-

216 4154 401 4223 mine
446 4156 779 4238 Malchus,
821 4178 1025 4244 quem
1074 4178 1195 4226 nos
1234 4155 1468 4225 Latine
1517 4162 1765 4246 Regem
1821 4178 2192 4246 possumus
2227 4155 2476 4235 dicere,
2539 4160 2751 4245 Syrus

267 4349 293 4375 ¹·
323 4351 739 4415 Quadragesimum
767 4355 988 4405 quartum
1015 4355 1206 4395 circiter
1234 4354 1401 4395 aetatis
1431 4364 1542 4394 suae
1573 4364 1748 4394 annum
1776 4353 1941 4404 agebat
1974 4355 2086 4393 tunc
2119 4354 2162 4394 fl.
2181 4354 2509 4403 Hieronymus.
2537 4355 2682 4404 Saepe
2702 4353 2753 4393 ln

210 4406 418 4444 romanis
435 4407 746 4459 scriptoribus
763 4411 1049 4449 adolescentes
1064 4409 1370 4455 vocabantur,
1388 4409 1469 4458 qul
1483 4410 1581 4457 jam
1601 4409 1737 4448 erant
1761 4408 1961 4458 grandes
1982 4408 2113 4449 nutu.

264 4456 316 4482 '¹‘
344 4459 405 4499 Ut
424 4463 601 4502 nemini
621 4465 695 4503 est
717 4460 943 4514 ignotum,
960 4463 1048 4503 hoc
1068 4463 1263 4503 titulum
1279 4474 1423 4514 papae
1444 4459 1676 4512 episcopis
1695 4463 1796 4503 erat
1815 4458 1928 4502 olim
1949 4471 2208 4502 commune.
