3347 4999
185 417 372 483 OCT.
431 419 512 482 ⁴0
985 436 1063 480 nr.
1112 435 1166 480 s.
1215 433 1487 481 rAcmNo
1536 434 1737 482 muse.
1777 435 1964 482 enon.
2539 419 2652 483 32¹

191 541 379 600 meo,
434 518 616 606 quod
673 518 844 586 mihi
882 518 1285 608 praeparavi
1337 518 1724 607 Populonii,
1768 540 1875 586 me
1955 518 2224 587 onite.»
2276 520 2395 589 Cui
2445 520 2545 589 illi
2594 545 2752 592 cum

190 608 550 677 dicerent:
635 612 886 699 Corpus
959 618 1149 676 tuum
1217 610 1385 675 illuc
1446 610 1745 698 qualiter
1802 630 1873 676 re
1924 630 2116 675 uccre
2175 630 2561 697 possumuS,
2639 614 2761 702 qui

194 720 243 765 α
293 698 746 787 Lonyobardz's
794 698 1011 766 teneri
1058 700 1203 765 loca
1252 696 1484 765 eadem
1519 751 1533 777 ,
1588 707 1650 764 et
1714 696 1959 787 ubique
2021 718 2126 764 eos
2189 697 2335 763 illic
2384 698 2756 768 discurrere

190 787 505 854 scimus?
554 790 711 874 Ipse
763 784 1158 874 respondit:
1214 807 1250 850 «
1287 784 1614 854 Reducite
1664 806 1772 853 me
1832 784 2098 863 securi3
2141 784 2349 853 nolite
2409 799 2750 867 metuere3

202 876 329 944 sed
381 874 625 944 festine
666 895 737 941 se
791 874 957 942 elire
997 894 1107 941 me
1141 886 1410 942 curate:
1459 895 1752 959 moxque
1780 887 1857 941 ut
1888 873 2236 962 sepultum
2272 871 2475 942 fuerit
2507 896 2760 963 corpus

200 985 467 1044 meum,
508 985 586 1032 ex
641 984 720 1031 eo
774 983 878 1030 em
942 962 1088 1031 loco
1135 963 1265 1032 sub
1303 962 1495 1030 omni
1529 961 1965 1031 festinatione
1999 961 2313 1030 recedite.
2354 986 2390 1028 »
2432 962 2757 1033 Defuncti

199 1053 421 1141 igitur
454 1072 711 1140 corpus
757 1052 1245 1141 imposuerunt
1291 1050 1472 1120 navi.
1532 1055 1841 1138 Cumque
1876 1050 2335 1208 Populonium
2374 1050 2752 1134 tenderent,

196 1141 509 1210 collectis
561 1141 631 1209 in
684 1144 839 1209 aere
891 1140 1222 1216 nubibus,
1268 1140 1612 1208 immensa
1662 1141 1873 1208 nimis
1914 1162 1957 1229 p
1992 1140 2148 1208 uvia
2197 1140 2448 1229 erupit.
2506 1140 2635 1209 Sed
2684 1153 2758 1211 ut

203 1241 581 1331 patesceret
648 1229 1013 1309 omnibus,
1067 1228 1270 1315 cujus
1329 1229 1469 1297 Viri
1529 1245 1782 1318 corpus
1833 1228 2024 1297 navis
2090 1227 2207 1297 illa
2273 1241 2591 1317 portaret,
2640 1253 2760 1320 per

199 1318 378 1387 1llud
437 1318 646 1386 maris
707 1319 1035 1404 spatium,
1073 1316 1254 1403 quod
1311 1317 1397 1386 ab
1448 1317 1664 1387 Helba
1727 1317 1958 1385 insula
2009 1339 2229 1403 usque
2294 1318 2755 1406 Populonium

202 1406 577 1475 duodecim
630 1406 1049 1474 milliaribus
1084 1406 1313 1486 distat,
1361 1407 1546 1474 circa
1579 1418 1871 1491 utraque
1906 1406 2100 1474 navis
2134 1406 2339 1476 latera
2382 1407 2761 1495 procellosa

202 1495 404 1563 valde
459 1495 689 1583 pluvia
737 1494 1123 1573 descendit3
1161 1507 1225 1563 et
1274 1495 1341 1562 in
1398 1516 1635 1563 navem
1691 1493 2000 1564 eamdem
2054 1517 2193 1563 una
2248 1494 2520 1584 pluviae
2567 1510 2760 1586 gutta

207 1606 345 1652 non
400 1583 670 1653 cecidit.
742 1589 1202 1653 Pervenerunt
1241 1584 1470 1670 itaque
1519 1582 1600 1651 ad
1659 1581 1886 1652 locum
1936 1582 2194 1663 clerici,
2233 1595 2299 1651 et
2361 1584 2757 1673 sepulturae

206 1672 649 1741 tradiderunt
681 1694 935 1761 corpus
985 1672 1360 1743 sacerdotis
1399 1673 1534 1741 sui.
1581 1673 1790 1762 Cujus
1842 1686 2196 1761 praecepta
2258 1687 2630 1753 servantes,
2668 1674 2755 1743 ad

209 1783 456 1830 navem
502 1760 633 1831 sub
669 1760 1104 1830 festinatione
1146 1762 1397 1829 reversi
1446 1773 1631 1830 sunt.
1681 1766 1899 1842 Quam
1934 1782 2089 1829 mox
2123 1774 2198 1829 ut
2231 1760 2486 1830 intrare
2524 1775 2760 1851 potue-

210 1862 398 1928 runt,
458 1850 523 1917 in
567 1850 889 1919 eumdem
946 1851 1198 1932 locum,
1231 1849 1356 1919 ubi
1403 1849 1517 1919 Vir
1554 1850 1819 1918 Domini
1858 1848 2172 1938 sepultus
2207 1848 2449 1931 suerat,
2491 1856 2755 1942 Longo-

207 1938 584 2008 bardorum
622 1938 763 2008 dux
811 1938 1340 2009 crudelissimus
1387 1942 1720 2007 Gummar
1766 1936 2063 2006 advenit.
2105 1943 2195 2006 Ex
2226 1938 2426 2025 cujus
2462 1939 2760 2009 adventu

211 2028 447 2096 Virum
503 2027 618 2095 Dei
668 2027 996 2097 habuisse
1047 2028 1368 2117 spiritum
1424 2049 1543 2116 pro
1599 2027 1819 2096 hetiae
1867 2026 2117 2095 claruit
2150 2028 2357 2113 :quia
2408 2028 2761 2099 ministros

215 2137 376 2186 suos
424 2138 464 2184 a
513 2116 908 2206 sepulturae
958 2139 1124 2187 suae
1172 2116 1320 2186 loco
1371 2117 1501 2191 sub
1560 2116 1968 2185 estimatione
1999 2115 2350 2186 discedere
2387 2119 2754 2209 praecepit.

758 2456 988 2556 VlTA
1063 2457 1176 2558 ET
1248 2455 1568 2559 ACTUS
1638 2457 1718 2559 S.
1788 2457 2208 2561 PAULlNl

557 2683 810 2749 EPISC.
865 2682 1412 2750 EBORACENSIS
1463 2684 1561 2748 ET
1616 2684 1911 2750 DEINDE
1963 2684 2420 2749 RHOFENSIS

992 2874 1054 2929 B.
1097 2873 1434 2929 GREGORII
1475 2875 1586 2929 ΡΡ.
1630 2875 1981 2932 DISCIPULI

304 3073 418 3118 ran
466 3072 608 3119 vnn.
648 3073 856 3120 annm
903 3072 1269 3136 DESCRIPTA,
1307 3052 1441 3120 Lib.
1483 3060 1546 3132 2,
1586 3054 1761 3120 Hi'st.
1796 3054 1980 3120 Eccl.
2018 3053 2236 3140 yemis
2274 3054 2668 3142 Anylorum.

893 3250 1080 3306 Obiit
1121 3265 1300 3308 anno
1344 3254 1478 3309 644
1519 3281 1595 3292 —
1636 3252 1795 3306 Nat.
1841 3251 2085 3309 Italus.

306 3457 345 3531 ἓ
391 3454 468 3522 1.
524 3453 701 3519 Gens
747 3449 1570 3528 Norden-Humbrorum,
1626 3449 1754 3517 hoc
1802 3460 1937 3526 est,
1994 3471 2073 3518 ea
2122 3450 2306 3519 natio
2354 3449 2757 3540 Anglorum‚

219 3559 396 3626 quae
445 3537 526 3608 ad
578 3537 1059 3624 Aquilonarem
1111 3539 1405 3608 Humbri
1438 3538 1473 3572 ²*
1507 3538 1823 3607 fluminis
1867 3538 2139 3628 plagam
2173 3538 2564 3620 habitabat,
2600 3562 2760 3609 curn

225 3633 402 3718 Rege
436 3648 562 3696 suo
612 3626 879 3696 Eduino
915 3627 980 3661 ⁸*
1024 3627 1302 3696 verbum
1358 3626 1541 3707 fidei,
1585 3625 2020 3715 praedicante
2053 3627 2339 3697 Paulino
2367 3628 2576 3716 (beati
2614 3632 2767 3698 Gre-

225 3717 395 3807 gorii
447 3715 845 3804 discipulo)‚
886 3716 1188 3816 primum
1223 3716 1510 3805 accepit.
1544 3715 1661 3785 Cui
1700 3715 2010 3785 videlicet
2045 3716 2213 3805 Regi
2247 3718 2315 3784 in
2368 3717 2763 3807 auspicium

227 3804 708 3895 suscipiendae
740 3803 925 3885 fidei,
979 3816 1045 3874 et
1085 3804 1277 3893 regni
1327 3803 1663 3885 coelestis,
1721 3816 2018 3893 potestas
2067 3806 2270 3874 etiam
2327 3806 2578 3874 terreni
2619 3827 2763 3875 cre-

226 3907 410 3963 verat
459 3893 755 3983 imperii,
802 3893 892 3962 ita
933 3906 1008 3961 ut
1043 3892 1255 3979 (quod
1293 3914 1493 3961 nemo
1522 3892 1897 3982 Anglorum
1932 3904 2089 3962 ante
2124 3915 2280 3962 eum
2312 3892 2500 3983 fecit)
2524 3917 2763 3964 omnes

225 3983 616 4052 Britanniae
665 3980 860 4061 fines,
899 4003 1033 4068 qua
1085 3982 1186 4049 vel
1240 3982 1576 4070 ipsorum,
1633 3980 1735 4050 vel
1802 3981 2154 4051 Britonum
2209 3983 2598 4072 provinciae
2647 3983 2766 4052 ha-

226 4070 643 4152 bitabantur,
698 4071 829 4140 sub
878 4069 1135 4139 ditione
1184 4070 1548 4160 acceperit.
1594 4070 1773 4152 Quin
1825 4082 1890 4140 et
1939 4070 2281 4141 Mevanias
2315 4071 2585 4141 insulas
2631 4071 2759 4154 ’⁸⁴2

233 4159 404 4228 sicut
435 4172 498 4230 et
536 4181 750 4249 supra
801 4158 1189 4239 docuimus,
1249 4159 1538 4248 imperio
1587 4158 1989 4248 subjugavit
2026 4158 2426 4250 Anglorum.
2459 4165 2766 4243 Quarum

231 4247 448 4336 prior,
502 4269 679 4334 quae
728 4249 814 4318 ad
862 4253 1183 4317 Austrum
1251 4259 1389 4328 est,
1445 4260 1509 4318 et
1557 4248 1697 4318 situ
1753 4247 2093 4338 amplior,
2152 4261 2217 4322 et
2274 4247 2552 4339 frugum
2613 4271 2767 4339 pro-

228 4348 432 4405 ventu
469 4348 671 4423 atque
720 4337 1028 4408 ubertate
1076 4335 1362 4418 felicior,
1405 4348 1912 4428 nongentorum
1951 4337 2304 4428 sexaginta
2358 4337 2764 4408 milliarium

279 4499 305 4525 ¹⁸
333 4498 523 4547 anglice
551 4499 756 4541 Hamber.
1183 4502 1234 4528 *⁹
1263 4502 1309 4541 Is
1333 4501 1610 4541 Sanctorum
1631 4510 1826 4544 numero
1848 4501 2122 4552 adscriptus
2146 4499 2250 4543 ruit.

278 4552 357 4579 *Μ’
385 4553 511 4600 Quae
529 4552 653 4593 inter
671 4555 940 4595 Hiberniam
961 4556 1008 4595 et
1027 4551 1322 4595 Britanniam
1341 4554 1460 4596 sitae
1486 4556 1612 4596 suut.

381 4634 623 4691 surius
649 4662 676 4680 ·
712 4634 881 4695 Vitae
908 4633 1009 4696 SS.
1041 4666 1066 4680 ·
1100 4631 1232 4697 vol.
1263 4632 1336 4698 X.
2532 4630 2604 4691 21
