3347 4999
168 306 337 375 OCT.
390 307 474 373 28
1036 323 1116 369 nr.
1162 322 1219 370 s.
1271 322 1583 371 rnaaurto
1629 323 1843 382 ner„
2484 308 2611 374 735

167 408 451 479 consilio
476 407 954 498 praemunivit,
981 406 1244 477 arbitrii
1277 407 1585 476 libertate
1609 406 1909 477 donavit:
1937 422 2013 478 ut
2040 431 2161 498 pro
2184 409 2515 502 dignitate
2540 433 2695 482 con·

163 496 443 567 ditionis
490 497 858 585 imperaret
909 494 1193 576 mundo,
1246 494 1372 565 soli
1422 496 1704 565 serviret
1756 501 1908 577 Deo,
1964 519 2087 587 pro
2118 498 2456 570 famulatu
2496 522 2700 590 spon-

163 598 356 656 taneo
405 584 612 675 digne
648 583 1221 661 remunerandus,
1279 583 1377 653 vel
1431 606 1553 673 pro
1600 598 1999 675 contemptu
2033 587 2417 658 voluntario
2459 591 2701 660 merito

161 673 583 765 puniendus.
615 678 815 743 Hunc
843 673 859 740 i
915 674 1052 742 itur
1080 672 1370 759 angelus
1400 685 1707 762 apostata
1731 674 2177 745 beatitudinis
2210 675 2460 757 locum,
2491 699 2693 764 quem

160 763 622 853 superbiendo
673 697 1060 852 pen-digerat
1117 762 1263 850 ipse
1297 816 1312 843 ,
1368 762 1704 832 invidiose
1763 762 2003 833 dolens
2050 764 2468 847 subiturum,
2521 766 2698 837 dolis

157 852 704 922 circumventum
756 850 1001 940 dejecit
1062 850 1464 920 incautum:
1532 851 1768 937 sicque
1815 874 1973 921 cum
2026 853 2211 923 omni
2270 852 2458 943 prole
2518 867 2697 944 post·

158 941 369 1011 huma
409 940 712 1031 possedit
742 962 929 1019 eum,
976 939 1173 1026 quasi
1212 940 1372 1028 jure
1410 939 1542 1008 sibi
1583 939 1999 1027 subjectum.
2034 942 2207 1011 Jure
2239 943 2497 1031 quippe
2525 964 2696 1031 quo-

155 1027 527 1099 dammodo
571 1028 918 1118 possedit,
976 1049 1179 1116 quem
1232 1027 1361 1096 sibi
1419 1030 1852 1100 consensisse
1901 1031 1962 1098 vi
2004 1029 2198 1100 nulla
2253 1033 2475 1123 coegit
2507 1086 2523 1113 ‚
2577 1032 2691 1103 sed

155 1140 234 1188 su
288 1118 598 1209 gestione
637 1117 782 1185 sola
812 1131 1346 1187 consentaneum
1382 1117 1675 1207 subegit.
2286 1125 2294 1132 ’

239 1142 286 1295 ξ
322 1213 412 1280 ὅ.
469 1211 773 1292 Cumque
823 1204 1207 1295 generalem
1246 1205 1449 1274 totius
1491 1205 1837 1275 humanae
1888 1208 2286 1298 propaginis
2338 1231 2633 1278 massam
2673 1264 2689 1291 ,

152 1294 761 1387 praevaricationis
794 1293 1006 1379 hujus
1052 1294 1618 1395 complecteretur
1665 1307 1916 1375 reatus,
1967 1301 2230 1384 Deoque
2277 1312 2689 1387 contempto,

153 1384 464 1454 mundus
499 1383 676 1452 hosti
720 1382 1022 1472 maligno
1063 1394 1341 1453 serviret
1372 1383 1758 1464 universuS‚
1796 1396 2061 1454 creator
2106 1387 2416 1455 omnium
2474 1392 2689 1468 DeuS,

153 1488 400 1543 natura
437 1474 682 1553 bonuS,
726 1470 1068 1541 voluntate
1105 1485 1365 1561 poten5‚
1405 1492 1606 1560 opere
1649 1473 2062 1554 misericorS,
2097 1488 2373 1565 propter
2407 1476 2690 1545 nimiam

149 1562 553 1632 charitatem
589 1583 784 1629 suam
824 1560 1125 1642 hominis
1161 1554 1335 1647 lapsi
1387 1560 1733 1642 misertus,
1784 1584 1906 1648 per
1950 1574 2201 1633 aetates
2255 1563 2468 1634 seculi
2519 1586 2690 1633 cun—

149 1663 317 1731 ctas,
373 1650 727 1719 electionis
768 1647 1103 1735 quaedam
1166 1648 1295 1718 sibi
1345 1671 1502 1717 vasa
1554 1651 1868 1733 servavit,
1911 1673 2028 1740 per
2066 1673 2240 1738 quae
2280 1652 2525 1742 pietate
2577 1675 2691 1741 pa-

151 1744 346 1808 terna
396 1752 697 1808 caeteros
744 1737 828 1806 ad
880 1736 1282 1827 originalem
1337 1737 1830 1808 beatitudinem
1887 1739 2303 1896 quandoque
2356 1742 2691 1831 respirare

147 1829 423 1898 monuit
478 1840 543 1896 et
599 1826 943 1896 instruxit.
998 1831 1241 1895 Verum
1305 1825 1435 1895 hoc
1493 1827 1810 1897 seductor
1859 1828 1903 1897 il
1937 1850 1973 1898 e
2021 1828 2503 1900 fraudulentus
2555 1852 2687 1899 non

146 1916 654 2005 aequanimiter
701 1914 905 1994 tulit;
958 1914 1073 1984 sed
1136 1936 1291 1983 vasa
1352 1914 1859 1985 misericordiae
1910 1939 2031 2006 per
2080 1916 2236 1988 vasa
2288 1918 2689 2008 perditionis

143 2018 210 2075 et
251 2006 395 2075 irae
431 2005 838 2105 impugnare
888 2024 1020 2072 non
1057 2002 1333 2072 destitit.
1375 2007 1539 2072 Nam
1585 2003 1653 2071 in
1699 2006 1937 2075 Genesi
1974 2007 2008 2041 ⁴*
2044 2007 2163 2092 qui
2200 2021 2529 2078 vocantur
2563 2007 2684 2076 filii

148 2094 288 2174 Dei,
340 2093 473 2162 nisi
515 2093 684 2179 Justi
733 2106 798 2161 et
845 2092 1192 2161 timorati?
1238 2096 1368 2161 Nec
1420 2092 1783 2174 immerit0,
1820 2092 1985 2162 dum
2030 2117 2155 2184 pro
2193 2094 2405 2164 divini
2458 2096 2688 2166 cultus

141 2182 477 2269 obsequio
540 2181 895 2251 filiationis
947 2180 1083 2250 illis
1151 2180 1536 2270 proveniret
1581 2181 1880 2271 adoptio.
1934 2187 2009 2251 Et
2060 2183 2303 2253 horum
2359 2186 2684 2254 memoria

143 2272 530 2350 benedicta,
585 2270 684 2339 sic
723 2291 803 2338 ex
853 2269 1321 2358 thymiamatis
1369 2268 1673 2338 Davidici
1721 2274 1995 2341 emanat
2034 2270 2451 2361 fragrantia:
2507 2278 2686 2343 Haec

141 2370 240 2429 est
264 2361 613 2449 generatio
639 2361 1103 2448 quaerentium
1136 2359 1511 2437 Dominum,
1555 2362 2023 2449 quaerentium
2055 2363 2301 2450 faciem
2326 2364 2450 2431 Dei
2480 2364 2684 2432 Jacob

137 2448 362 2538 (Psal.
417 2448 568 2535 23);
626 2461 690 2516 et
728 2449 1079 2518 Gener-atio
1131 2457 1461 2518 rectorum
1501 2448 1923 2518 benedicetur
1964 2449 2179 2538 (Psal.
2237 2451 2435 2540 lll);
2499 2465 2565 2522 et
2613 2451 2677 2521 id

136 2558 366 2625 genus
411 2535 730 2624 plurima,
784 2536 1038 2623 quibus
1089 2537 1342 2625 passim
1397 2535 1734 2606 redundat
1764 2538 1998 2607 divina
2041 2539 2318 2630 pagina.
2363 2541 2491 2623 Qui
2525 2562 2683 2610 vero

185 2648 264 2695 er
298 2623 479 2693 filios
513 2625 898 2705 hominum,
954 2624 1085 2693 nisi
1132 2640 1525 2726 peccatores
1580 2627 2081 2715 exprimuntur,
2127 2628 2247 2715 qui
2280 2629 2511 2697 carnis
2561 2651 2682 2718 pro

163 2713 509 2805 ragilitate
548 2714 617 2782 in
659 2733 931 2782 omnem
983 2712 1333 2784 lasciviam
1376 2714 1719 2795 dissoluti,
1774 2714 2332 2785 detestandorum
2388 2737 2676 2807 operum

130 2803 535 2874 executione
561 2803 1062 2891 reprobantur?
1095 2807 1179 2871 De
1209 2804 1316 2872 his
1347 2803 1413 2871 in
1453 2802 1900 2892 thymiamate
1928 2804 2321 2892 supradicto
2351 2804 2451 2874 sic
2477 2804 2680 2874 exha-

132 2891 347 2971 latur,
384 2892 505 2961 ubi
528 2892 721 2975 juxta
759 2891 1202 2980 proprietates
1249 2904 1660 2971 aromatum,
1713 2914 1869 2960 cum
1905 2891 2228 2962 dulcibus
2274 2914 2511 2961 amara
2549 2894 2680 2961 mi-

129 2993 462 3050 scentur:
518 2982 832 3071 Cor-rupti
854 2992 1031 3060 sunt,
1089 2991 1150 3049 et
1199 2980 1676 3049 abominabiles
1706 2982 1879 3069 facti
1919 2992 2073 3049 sunt
2102 2984 2173 3050 in
2219 2982 2462 3050 studiis
2506 2984 2669 3051 suis.

127 3084 196 3140 et
229 3068 458 3139 infra:
516 3071 834 3140 Contritio
866 3080 927 3138 et
974 3070 1340 3158 infelicitas
1391 3070 1459 3136 in
1502 3069 1633 3136 viis
1671 3090 1899 3138 eorum
1934 3068 2149 3157 (Psal.
2205 3069 2341 3159 ⁴3).
2389 3071 2673 3160 Sapien-

128 3160 266 3229 tiae
301 3179 574 3245 quoque
614 3159 1018 3238 sacrarium,
1060 3157 1214 3226 licet
1248 3157 1313 3224 in
1353 3156 1489 3224 fine
1538 3168 1921 3245 pertusum,
1969 3157 2354 3245 Christique
2392 3181 2509 3228 vas
2542 3158 2679 3229 ele-

124 3248 385 3318 ctionis
443 3246 797 3327 eximium,
859 3245 1100 3314 iisdem
1165 3267 1336 3334 pene
1384 3244 1630 3324 verbis,
1677 3244 1791 3313 sed
1844 3244 2078 3315 eodem
2139 3268 2371 3330 sensu,
2423 3249 2677 3320 erroris

120 3357 370 3407 eorum
424 3335 601 3403 inter
638 3347 896 3404 caetera
934 3333 1032 3402 sic
1066 3333 1467 3402 describunt
1494 3333 1713 3403 devia.
1752 3335 1882 3416 Qui
1920 3349 2516 3406 commutaverunt
2563 3337 2673 3406 in·

120 3421 606 3511 corruptibilis
653 3423 768 3491 Dei
816 3421 1102 3511 gloriam
1156 3422 1222 3490 in
1261 3421 1586 3511 imaginis
1632 3423 2103 3515 corruptibilis
2139 3424 2443 3496 hominis
2493 3426 2669 3516 figu-

122 3534 309 3590 ram,
356 3523 420 3579 et
462 3509 843 3591 volucrum,
896 3523 961 3578 et
1006 3509 1563 3600 quadrupedum,
1614 3524 1681 3581 et
1728 3512 2175 3602 serpentium.
2231 3519 2306 3583 Et
2338 3515 2499 3602 quia
2534 3535 2669 3583 non

118 3603 194 3704 in
257 3599 498 3699 notitia
549 3603 757 3668 Deum
813 3598 1269 3687 probaverunt
1316 3599 1605 3681 habere,
1654 3599 1934 3670 tradidit
1987 3600 2144 3673 illos
2194 3602 2261 3671 in
2314 3602 2673 3694 passiones

119 3716 141 3760 ι
204 3709 579 3758 nomintae.

148 3715 256 3860 ὃς
307 3783 401 3849 6.
457 3777 565 3846 Sic
611 3775 698 3845 ab
748 3776 942 3845 initio
972 3775 1152 3846 duae
1179 3775 1507 3855 civitates,
1566 3798 1687 3868 per
1732 3776 1990 3847 multas
2035 3791 2468 3849 constructae
2501 3791 2664 3849 sunt

119 3867 600 3936 diversitates:
654 3887 796 3934 una
845 3864 981 3944 Dei,
1034 3864 1245 3935 altera
1283 3864 1581 3934 diaboli:
1634 3865 1764 3934 hac
1810 3866 1897 3936 de
1943 3868 2189 3937 virtute
2236 3868 2305 3937 in
2340 3868 2660 3938 virtutem

121 3955 550 4046 proficiente,
589 3953 709 4023 illa
757 3953 1135 4043 sacrilegiis
1171 3953 1500 4040 omnique
1550 3953 1866 4023 vitiorum
1916 3955 2347 4026 immanitate
2394 3977 2671 4047 semper

118 4044 505 4114 decidente.
559 4042 807 4113 Civitas
851 4043 1110 4143 quippe
1156 4042 1295 4123 Dei,
1338 4042 1719 4112 Jerusalem
1772 4055 1872 4112 est
1913 4043 2029 4114 illa
2078 4044 2410 4123 coelestis,
2466 4066 2661 4114 verae

118 4134 297 4204 visio
347 4133 558 4222 pacis,
611 4153 787 4218 quae
824 4145 1067 4221 partim
1102 4129 1330 4199 adhuc
1381 4131 1450 4198 in
1508 4131 1838 4201 membris
1888 4132 2132 4203 Christi
2185 4134 2661 4224 peregrinatur

114 4224 191 4291 in
239 4222 459 4303 terriS,
562 4222 761 4291 artim
813 4242 970 4290 cum
1026 4219 1308 4289 Domino
1344 4232 1582 4309 regnat
1627 4220 1698 4288 in
1748 4220 1979 4291 coelis.
2033 4221 2279 4292 Civitas
2311 4244 2470 4293 vero
2517 4223 2668 4292 dia-

113 4310 288 4389 boli,
327 4310 507 4399 Baby
541 4332 627 4380 on
661 4322 763 4381 est
797 4309 911 4379 illa
953 4307 1378 4378 confusionis
1428 4307 1651 4397 plena,
1689 4330 1866 4397 quae
1907 4310 2297 4383 seducendo
2337 4310 2662 4382 fornicari

171 4438 199 4465 *
229 4436 289 4476 In
308 4434 478 4478 Genesi
498 4447 559 4478 vt.
