3347 4999
649 268 776 333 474
1335 285 1413 331 m:
1462 287 1516 332 s.
1571 284 1768 332 cuno
1814 286 1959 332 Ana.
2009 285 2083 331 nr
2130 283 2317 333 conr.
2786 266 2960 332 OCT.
3016 269 3102 333 16

650 371 686 456 ξ
734 374 896 440 82.
949 374 1313 457 Postquam
1383 370 1707 440 sanctitas
1757 368 2123 439 venerandi
2187 367 2402 437 Patris
2449 381 2513 436 et
2580 366 2897 437 miraculi
2947 391 3102 438 ma-

562 458 972 548 gnitudine,
1028 470 1093 526 et
1141 457 1383 528 horum
1436 458 1980 528 manifestatione
2028 458 2386 548 signorum
2436 457 2753 537 cunctiS,
2807 456 2926 543 qui
2988 455 3103 527 fu·

562 547 748 616 neris
793 548 944 635 eJus
994 547 1364 616 intererant
1397 548 1712 637 negotiis,
1769 558 2072 636 patenter
2119 558 2391 615 ostensa
2422 557 2546 624 est,
2592 545 2969 635 Episcopus
3008 545 3101 614 ad

560 634 886 705 feretrum
952 635 1280 713 accessit,
1334 647 1398 704 et
1443 656 1522 704 ex
1572 658 1711 705 una
1762 650 1947 725 parte
1998 634 2170 704 illud
2219 632 2585 704 sublevans
2621 687 2636 713 ,
2703 633 3101 791 presbytero

560 723 971 793 altrinsecus
1020 722 1462 803 sustollente,
1516 725 1714 811 equis
1761 723 2223 813 superposuit,
2277 736 2341 791 et
2402 721 2694 791 adstanti
2758 744 2835 791 us
2874 721 3093 792 dixit:

563 836 600 878 «
645 813 912 882 Auferte
964 810 1191 881 frenos
1249 811 1333 882 de
1386 813 1728 901 capitibus
1766 833 2027 893 eorum,
2083 826 2157 881 ut
2205 811 2512 880 libertate
2558 812 2907 888 concessa,
2959 831 3101 897 quo

565 901 902 971 Dominus
953 900 1290 982 voluerit,
1359 913 1666 990 pergant.
1710 924 1745 967 »
1801 903 2087 990 Accepta
2141 921 2300 990 ergo
2359 904 2568 968 Cruce
2617 912 2681 968 et
2735 898 3043 969 candelis
3079 954 3094 981 ,

561 989 865 1079 psalmos
913 1003 977 1058 et
1049 988 1381 1059 melodias
1449 990 1938 1070 concinenteS,
2006 990 2133 1058 iter
2200 1010 2399 1078 agere
2464 1001 2858 1077 coeperunt.
2923 989 3096 1075 Equi

558 1091 785 1148 autem
837 1078 906 1146 in
951 1091 1258 1147 neutram
1306 1090 1562 1168 partem
1624 1077 2070 1159 declinanteS,
2125 1089 2306 1146 recto
2360 1076 2602 1145 itinere
2655 1090 3099 1166 perrexerunt

559 1166 642 1236 ad
698 1165 946 1235 Cellam
995 1167 1134 1234 Viri
1188 1166 1324 1236 Dei.
1379 1172 1525 1250 Quo
1572 1188 1732 1236 cum
1786 1167 2291 1257 pervenissent,
2345 1164 2731 1254 depositum
2782 1175 2883 1233 est
2929 1162 3099 1234 fere-

558 1267 741 1324 trum
783 1268 940 1324 ante
966 1254 1366 1324 oratorium.
1424 1253 1750 1345 Discipuli
1786 1269 2011 1324 autem
2062 1255 2235 1344 ejuS,
2288 1253 2627 1322 elevantes
2661 1254 2756 1343 pii
2792 1254 3096 1323 Doctoris

558 1342 909 1430 reliquiaS,
950 1342 1331 1413 intulerunt
1361 1356 1425 1413 et
1459 1358 1614 1413 ante
1662 1343 1875 1413 altare
1924 1356 2322 1432 posuerunt.
2366 1341 2616 1410 Deinde
2653 1342 2900 1431 pariter
2929 1363 3090 1411 cum

559 1432 896 1521 Episcopo
947 1432 1323 1501 orationem
1385 1454 1509 1522 pro
1557 1432 1676 1502 illo
1724 1431 2087 1511 facientes,
2151 1429 2455 1501 fecerunt
2501 1428 2751 1499 fossam
2796 1429 3095 1520 sepulcri

559 1520 737 1590 inter
795 1520 1115 1609 parietem
1167 1535 1232 1589 et
1278 1520 1511 1602 altare,
1557 1522 1790 1608 ibique
1840 1521 2160 1611 precibus
2198 1519 2361 1588 huic
2411 1519 2505 1588 rei
2545 1518 3093 1609 congruentibus

562 1608 986 1698 praemissis,
1025 1608 1440 1698 sepelierunt
1470 1631 1654 1679 eum:
1694 1609 2153 1696 omnibusque
2185 1608 2308 1677 rite
2347 1606 2867 1686 consummatis,
2918 1606 3101 1677 mul-

559 1696 779 1766 titudo
805 1718 980 1784 quae
1009 1696 1091 1765 ad
1133 1698 1299 1766 tanti
1331 1698 1466 1766 Viri
1502 1698 1850 1768 concurrit
1882 1697 2224 1785 exequias,
2270 1695 2587 1786 Episcopi
2622 1695 3097 1765 benedictione

558 1785 1006 1866 communita,
1047 1786 1128 1854 ad
1173 1787 1448 1875 propria
1479 1789 1826 1855 remeavit.

646 1877 682 1960 ξ
730 1879 891 1945 88.
952 1880 1117 1943 Dum
1172 1875 1346 1943 beati
1398 1876 1705 1964 corporis
1756 1875 2153 1945 thesaurum
2191 1871 2350 1941 felix
2400 1871 2590 1941 locus
2638 1874 2706 1940 in
2768 1893 2931 1960 pace
2981 1894 3097 1942 su-

559 1964 909 2052 scepisset,
966 1962 1197 2032 volens
1230 1964 1561 2033 Dominus
1600 1963 1684 2033 de
1737 1978 1948 2032 morte
1988 1961 2228 2031 famuli
2278 1961 2385 2031 sui
2437 1961 2902 2031 moerentibus
2933 1982 3096 2029 con-

558 2050 913 2123 solationis
942 2051 1262 2139 praebere
1292 2051 1651 2131 medelam,
1693 2053 1982 2121 novitate
2019 2048 2328 2119 miraculi
2373 2048 2703 2138 patefecit,
2739 2070 2877 2136 qua
2905 2049 3092 2205 :ffud

559 2161 632 2209 se
667 2138 972 2209 claritate
1012 2139 1297 2228 spiritus
1343 2138 1632 2230 fulgeret
1662 2141 1892 2210 amici.
1931 2146 2095 2209 Nam
2130 2140 2269 2207 duo
2316 2138 2493 2207 cerei
2525 2138 2594 2207 in
2634 2155 2882 2218 castr0,
2973 2159 3092 2206 um

559 2249 812 2318 corpus
845 2228 996 2317 ejus
1027 2228 1425 2308 elevaretur,
1466 2230 1759 2309 accensi,
1806 2230 1896 2298 ita
1946 2227 2261 2298 ardentes
2310 2226 2516 2296 delati
2547 2238 2707 2295 sunt
2747 2247 2965 2314 usque
3004 2225 3093 2294 ad

560 2315 786 2385 locum
840 2316 1255 2405 sepulturae.
1312 2318 1516 2387 Positi
1562 2332 1788 2387 autem
1826 2340 2010 2386 unus
2058 2316 2139 2385 ad
2192 2330 2443 2406 caput,
2497 2313 2666 2384 alter
2697 2313 2781 2383 ad
2836 2313 3087 2404 pedes,

558 2426 682 2563 ζει·
732 2404 1009 2493 triginta
1056 2405 1381 2494 deinceps
1413 2405 1581 2486 dies,
1638 2404 1952 2475 mirabile
2003 2405 2225 2474 dictu!
2282 2425 2412 2472 non
2457 2402 2840 2472 deficiendo
2898 2402 3095 2472 arde-

608 2506 748 2575 ant,
800 2508 866 2563 et
912 2492 1217 2564 ardendo
1252 2516 1384 2564 non
1418 2493 1850 2565 deficiebant.
1894 2499 1971 2564 Et
2003 2509 2074 2564 ut
2108 2507 2602 2564 monstraretur
2634 2491 2759 2562 has
2789 2491 3093 2562 durandi

556 2584 735 2651 vires
769 2603 963 2652 cerae
1003 2582 1288 2670 liquenti
1327 2583 1612 2653 coelitus
1660 2584 2045 2664 attributaS‚
2085 2582 2168 2651 de
2203 2583 2410 2672 hujus
2452 2580 2761 2650 miraculi
2806 2580 3094 2650 materia

557 2671 900 2761 plurimae
940 2671 1006 2739 in
1054 2684 1394 2760 posterum
1447 2673 1728 2742 virtutes
1766 2685 2199 2741 emanarunt.
2252 2676 2417 2740 Nam
2459 2670 2880 2757 quicumque
2926 2669 3092 2738 den-

555 2760 728 2828 tium
778 2758 1040 2848 fatigati
1087 2759 1490 2839 doloribuS,
1561 2760 1656 2829 vel
1711 2760 2068 2830 oculorum
2136 2759 2589 2850 lippitudine,
2659 2756 2759 2826 vel
2810 2758 3091 2827 aurium

558 2847 1032 2938 praeclusione
1082 2849 1504 2924 laborantes,
1558 2849 1642 2918 de
1689 2848 1946 2919 eisdem
1997 2848 2212 2918 cereis
2260 2848 2619 2937 quippiam
2683 2868 2876 2915 cerae
2921 2846 3092 2915 tule-

554 2950 740 3016 runt,
766 2950 831 3005 et
851 2936 1055 3016 locis,
1086 2960 1260 3024 quae
1283 2937 1686 3025 hujusmodi
1716 2938 2120 3006 tenebantur
2144 2935 2623 3014 incommodis,
2656 2947 3087 3025 aptaverunt,

556 3039 826 3115 optatae
863 3026 1172 3096 celeriter
1210 3025 1390 3095 dona
1433 3047 1793 3116 percepere
1828 3025 2091 3096 salutis.
2145 3030 2300 3094 Post
2333 3024 2497 3093 haec
2539 3037 2724 3091 tanta
2759 3025 2973 3092 virtus
3003 3022 3090 3092 ad

553 3113 900 3184 sanandos
949 3116 1154 3184 variis
1202 3114 1724 3185 infirmitatibus
1771 3114 2154 3204 depressos,
2215 3112 2398 3204 apud
2467 3134 2537 3181 se
2592 3111 2858 3181 ulcrum
2912 3111 3093 3180 beati

554 3203 693 3271 Viri
734 3204 1001 3272 cunctis
1033 3203 1197 3272 illuc
1233 3203 1686 3285 venientibus,
1725 3219 1790 3273 et
1820 3203 2207 3273 orationum
2240 3204 2391 3290 ejus
2439 3223 2520 3270 su
2548 3200 2765 3290 fragia
2800 3199 3093 3270 fideliter

559 3289 1069 3379 postulantibus
1118 3293 1460 3381 apparuit,
1507 3304 1581 3361 ut
1619 3307 1684 3361 et
1725 3291 1901 3361 fama
1939 3291 2107 3361 tanti
2157 3291 2380 3359 meriti
2428 3290 2697 3358 cunctis
2736 3310 2912 3376 quae
2958 3290 3092 3364 cir-

554 3380 981 3467 cumpositae
1013 3393 1227 3459 erant,
1271 3380 1668 3470 regionibus
1717 3381 2188 3458 innotesceret,
2241 3392 2304 3449 et
2352 3376 2543 3448 locus
2593 3377 2738 3467 ipse
2774 3398 2908 3446 non
2953 3399 3092 3448 me-

555 3467 879 3536 diocriter
906 3466 1451 3555 frequentaretur
1483 3491 1516 3537 a
1560 3467 1856 3559 populis.
1893 3470 2063 3552 Quia
2096 3468 2330 3559 igitur,
2363 3489 2402 3537 o
2429 3466 2808 3537 beatissimi
2883 3479 3084 3548 atreS,

553 3557 691 3624 vita
737 3569 802 3624 et
854 3558 1135 3627 virtutes
1183 3558 1401 3626 sancti
1450 3556 1650 3637 Galli,
1707 3558 1764 3625 si
1817 3558 1885 3626 in
1931 3580 2148 3626 unum
2205 3556 2739 3646 compingantur
2785 3554 2832 3623 li
2888 3577 3038 3627 rum
3069 3610 3085 3637 ,

554 3657 845 3734 possunt
890 3646 978 3714 ob
1026 3646 1131 3715 sui
1194 3644 1645 3735 prolixitatem
1690 3645 1966 3732 aliquod
2006 3645 2254 3738 legenti
2309 3645 2619 3735 ingerere
2675 3641 3030 3712 fastidium
3070 3667 3083 3712 :

554 3733 762 3802 statui
809 3734 1082 3805 duobus
1131 3735 1258 3805 hoc
1306 3756 1480 3825 opus
1542 3733 1797 3804 libellis
1856 3734 2322 3824 distinguere:
2382 3746 2455 3802 ut
2519 3731 2703 3822 prior
2758 3730 3037 3801 illorum
3070 3787 3085 3814 ,

550 3822 756 3890 vitam
808 3824 957 3912 ejus
996 3839 1059 3894 et
1088 3837 1281 3893 actus
1330 3844 1550 3910 usque
1583 3822 1667 3891 ad
1714 3823 2138 3913 sepulturam
2183 3822 2373 3892 illius
2424 3820 2718 3890 veridica
2760 3819 3091 3891 relatione

554 3911 924 4001 perducat:
977 3933 1292 4000 sequens,
1350 3911 1693 3981 mirabilia
1752 3934 1925 3998 quae
1977 3909 2406 4002 postmodum
2464 3930 2584 3999 pro
2633 3909 2895 3978 meritis
2942 3914 3090 3998 ejus

554 4001 885 4072 Dominus
914 4001 1251 4071 ostendit:
1291 4002 1519 4071 Primo
1556 4000 1867 4071 videlicet
1891 4023 1967 4070 ea
2006 4022 2182 4088 quae
2211 4000 2514 4090 priorum
2550 3996 2630 4066 ad
2679 4018 2802 4067 nos
2837 4001 3090 4088 scripto

553 4087 814 4178 perlata
853 4103 1037 4169 sunt,
1093 4102 1381 4170 retexat3
1435 4090 1685 4159 deinde
1723 4112 1898 4177 quae
1946 4111 1984 4158 a
2036 4089 2537 4179 probatissimis
2578 4085 2865 4157 testibus
2906 4087 3090 4157 indi-

550 4191 746 4256 cata,
810 4191 1040 4247 nostra
1086 4189 1299 4247 aetate
1337 4200 1377 4246 a
1426 4182 1750 4249 Gosberto
1788 4176 2144 4247 carissimo
2191 4177 2396 4246 fratre
2447 4174 2689 4244 litteris
2740 4177 3086 4256 mandata,

552 4265 950 4334 subnectat:
1009 4288 1090 4334 ne
1125 4266 1307 4352 quod
1354 4266 1813 4356 particulatim
1853 4266 2182 4353 scriptum
2221 4281 2342 4347 est,
2389 4264 2719 4334 laciniosa
2753 4262 3093 4335 divisione

551 4353 1035 4442 disjungatur:
1092 4355 1204 4424 sed
1263 4356 1486 4444 potius
1542 4354 1731 4440 quod
1768 4354 2086 4435 junctum
2136 4369 2236 4423 est
2298 4354 2636 4443 parilitate
2702 4353 3036 4423 factorum
3070 4409 3085 4436 ,
