3347 4999
697 332 779 394 64
1516 348 1590 392 aa
1640 347 1695 393 s.
1752 347 1995 394 astons
2043 347 2226 394 coar.
2876 328 3061 395 OCT.
3131 330 3149 392 Ι

604 426 955 516 (mirabile
1007 426 1476 516 miraculum),
1513 428 1740 496 statim
1793 427 1971 518 fugit
2017 426 2489 512 daemonium,
2525 439 2589 496 et
2618 426 2998 496 emundata
3045 449 3170 496 va-

611 516 827 597 scula,
886 515 996 585 Dei
1048 515 1427 602 loquuntur
1476 517 1847 606 magnalia.
1902 516 2172 586 Clamor
2218 517 2288 584 in
2324 516 2541 585 altum
2576 515 2858 596 tollitur,
2900 537 3171 585 nomen

611 604 882 675 Domini
933 604 1398 674 benedicitur:
1454 604 1536 673 de
1584 606 1785 694 cujus
1831 604 2306 675 munificentia
2357 610 2762 674 Sanctorum
2817 626 3004 674 mors
3058 618 3172 675 est

614 695 932 785 pretiosa.
988 698 1167 762 Haec
1224 694 1580 783 signorum
1633 694 1864 774 initia,
1938 694 2106 763 haec
2154 693 2588 763 humandum
2641 692 2854 763 funus
2902 695 3175 764 sancti-

617 783 769 853 tatis
816 782 965 872 ejus
1016 782 1318 872 praeiere
1370 781 1661 851 indicia:
1731 783 1987 852 idcirco
2039 783 2334 852 maxime
2398 782 2925 871 praedicabilia,
2986 783 3168 869 quia

610 871 942 941 Salvatori
988 885 1217 940 nostro
1254 871 1473 960 (salva
1520 893 1684 960 pace
1732 871 2141 972 legentium)
2185 871 2696 959 quodammodo
2744 872 3176 941 convenien-

613 962 729 1029 tia.
783 965 859 1029 In
912 960 1161 1030 Christi
1201 961 1383 1029 enim
1437 972 1651 1028 morte
1698 975 1824 1029 etsi
1873 961 2186 1029 omnium
2233 973 2662 1050 peccatorum
2708 959 3161 1050 generaliter,

612 1054 786 1117 Evae
837 1063 1058 1118 tamen
1111 1062 1176 1118 et
1222 1049 1430 1118 Adam
1494 1048 1668 1117 facta
1735 1061 1836 1118 est
1882 1050 2140 1138 ereptio
2189 1072 2219 1119 s
2272 1049 2596 1119 ecialiter.
2650 1053 2726 1117 In
2792 1049 3006 1138 hujus
3058 1049 3176 1118 fu·

615 1160 796 1217 nere,
858 1138 1011 1206 licet
1059 1138 1143 1207 de
1194 1137 1441 1206 Christi
1493 1160 1801 1217 munere,
1858 1138 2032 1207 facta
2073 1149 2174 1207 est
2253 1139 2534 1207 iberatio
2587 1137 2800 1208 maris
2847 1152 2911 1207 et
2961 1138 3173 1207 femi-

614 1249 761 1296 nae.
816 1226 1091 1313 Utrique
1130 1248 1248 1315 per
1277 1226 1718 1295 daemonium
1746 1238 2029 1295 naturae
2053 1228 2343 1297 amisere
2379 1226 2838 1315 pontificium.
2874 1226 3173 1313 Utrique

614 1338 734 1404 per
786 1314 1111 1384 salutaris
1160 1316 1398 1383 mortis
1429 1316 1751 1404 pretium,
1802 1317 1975 1384 vitae
2017 1337 2329 1405 recepere
2370 1315 2811 1385 beneficium.
2868 1319 3168 1384 Servum

608 1419 836 1474 autern
895 1404 1201 1484 Domino,
1256 1416 1640 1472 creaturam
1697 1404 1991 1474 Creatori
2039 1427 2197 1474 cum
2239 1418 2554 1495 respectu
2586 1425 2955 1492 comparo:
2993 1425 3166 1472 narn

613 1494 814 1562 verba
868 1492 1168 1561 veritatis
1219 1515 1370 1561 vera
1421 1493 1558 1562 sint
1607 1514 1881 1562 necesse
1929 1505 2075 1574 est,
2128 1515 2307 1580 quae
2352 1495 2490 1563 ait:
2546 1492 2674 1575 Qui
2727 1492 2796 1561 in
2851 1514 2960 1561 me
3009 1513 3170 1561 cre-

612 1581 888 1660 diderit,
945 1603 1149 1670 opera
1197 1602 1373 1668 quae
1421 1603 1546 1670 ego
1596 1582 1793 1661 saci0,
1847 1594 1910 1649 et
1960 1584 2106 1671 ipse
2155 1582 2376 1652 saciet.
2413 1582 2535 1651 Ille
2573 1581 2851 1669 quidem
2886 1594 3166 1672 potens,

617 1693 750 1738 non
802 1692 881 1738 ex
929 1670 1293 1749 accidenti,
1352 1670 1465 1739 sed
1519 1692 1595 1738 ex
1649 1670 1959 1759 proprio:
2001 1676 2175 1740 Bavo
2226 1685 2488 1761 potens,
2531 1690 2664 1739 non
2715 1692 2795 1739 ex
2845 1671 3166 1759 propri0‚

615 1759 727 1829 sed
782 1781 859 1828 ex
908 1759 1205 1828 donante
1260 1758 1579 1833 Domino:
1636 1759 1705 1826 in
1757 1781 1892 1846 quo
1959 1759 2125 1846 quia
2172 1759 2462 1829 credidit
2497 1814 2512 1839 ,
2581 1760 2649 1826 in
2702 1780 2828 1849 ego
2875 1780 3172 1846 quoque

612 1861 861 1917 cuncta
933 1848 1171 1936 potuit.
1240 1852 1325 1915 Ac
1394 1869 1513 1935 per
1580 1847 1707 1915 boc
1776 1848 2010 1937 pedem
2053 1849 2311 1938 capiti,
2369 1848 2758 1918 membrum
2809 1869 3175 1937 compono

612 1938 908 2026 corpori,
961 1950 1027 2004 et
1077 1937 1142 2003 in
1198 1936 1501 2005 salvante
1535 1951 1783 2005 cuncta
1829 1938 2136 2018 Domino,
2185 1959 2315 2007 non
2356 1937 2607 2026 injuria
2649 1958 2918 2005 servum
2959 1958 3177 2026 prae·

612 2026 793 2093 dico.
871 2030 1245 2113 Respectus
1293 2025 1477 2093 enim
1534 2024 1686 2094 talis
1734 2037 1884 2106 est,
1937 2038 2014 2094 ut
2061 2027 2142 2094 ad
2197 2027 2651 2096 substantiam
2697 2026 2960 2115 species
2996 2080 3017 2104 ,
3079 2026 3172 2094 ad

615 2113 1004 2183 universale
1054 2113 1501 2202 singularitas
1534 2138 1546 2180 :
1584 2136 1879 2200 quorum
1910 2114 2197 2183 alterum
2243 2115 2584 2204 praecedit
2608 2137 2686 2183 ex
2721 2115 3178 2183 convenienti

614 2203 796 2272 velut
847 2214 1192 2292 potestate,
1247 2203 1535 2271 alterum
1590 2204 1826 2272 subest
1871 2225 1949 2271 ex
1996 2205 2441 2290 consequenti
2496 2203 2676 2273 velut
2726 2204 3171 2272 necessitate.

702 2294 738 2378 ξ
791 2298 951 2362 26.
1030 2291 1234 2361 Multa
1285 2292 1563 2378 quidem
1618 2307 1885 2381 praeter
1949 2293 2111 2361 haec
2163 2306 2362 2372 sunt,
2420 2314 2594 2379 quae
2644 2293 2711 2360 in
2764 2313 2889 2361 suo
2941 2292 3176 2361 nobili

619 2380 929 2449 membro
992 2382 1427 2470 omnipotens
1488 2399 1619 2448 non
1690 2394 1912 2450 cessat
1970 2381 2274 2467 quotidie
2335 2382 2641 2470 operari:
2695 2401 2870 2467 quae
2930 2380 2991 2449 si
3045 2381 3179 2450 de-

616 2468 855 2537 berent
908 2491 1025 2558 per
1084 2491 1209 2539 nos
1278 2468 1510 2540 omnia
1575 2471 1939 2550 annotari,
1995 2470 2142 2543 dies
2192 2483 2347 2541 ante
2412 2492 2535 2539 nos
2584 2470 2945 2549 deficeret,
3003 2484 3179 2540 ante

618 2557 798 2626 lassa
862 2580 1108 2627 manus
1169 2558 1587 2643 importabili
1652 2559 1782 2628 sub
1837 2558 2016 2628 fasce
2074 2561 2575 2629 succumberet.
2642 2565 2866 2628 Pauca
2930 2572 3174 2627 tamen

616 2669 705 2735 ag
758 2646 900 2715 redi
968 2669 1125 2715 cum
1192 2646 1572 2726 vellemuS,
1637 2660 1703 2716 et
1766 2648 2122 2717 modulum
2192 2661 2500 2717 nostrum
2572 2648 3020 2727 metiremur,
3078 2647 3176 2716 il-

618 2735 688 2804 lu
789 2736 852 2802 in
907 2758 1117 2804 causa
1166 2735 1296 2805 fuit
1355 2757 1440 2803 ne
1504 2737 2113 2825 progrederemur,
2166 2737 2345 2823 quod
2403 2737 2640 2826 lingua
2703 2735 2823 2805 diu
2870 2736 3173 2806 tacendo

613 2824 810 2911 quasi
861 2826 1288 2912 aeruginata,
1342 2836 1407 2893 et
1458 2823 1752 2893 necdum
1808 2826 2130 2912 loquendi
2172 2849 2302 2895 usu
2341 2825 2641 2904 elimata,
2687 2826 2771 2894 ad
2814 2825 3172 2912 quaedam

613 2914 748 2981 alia
803 2914 1286 2983 intendebatur
1333 2913 1670 2993 dicenda,
1739 2915 1807 2982 in
1862 2915 2120 3000 quibus
2179 2915 2474 3001 quodam
2543 2914 2747 2983 veluti
2801 2913 3174 3002 praeludio

613 3003 998 3081 exercitata,
1058 3004 1330 3071 tandem
1378 3024 1497 3091 per
1542 3001 1872 3092 Angelum
1925 3002 2190 3072 calculo
2238 3003 2321 3070 de
2369 3002 2567 3071 altari
2616 3003 3165 3159 contingeretur,

614 3112 693 3158 ac
726 3091 1003 3160 demum
1040 3092 1123 3159 ad
1165 3105 1297 3160 tarn
1332 3091 1644 3159 divinum
1681 3113 1859 3180 opus
1897 3090 2481 3180 praesumendum
2512 3092 2839 3161 circumci
2896 3103 3162 3161 eretur.

617 3179 809 3261 Quod
860 3181 915 3248 si
968 3180 1125 3266 quis
1165 3179 1731 3260 calumniabitur,
1790 3182 2143 3250 materiam
2182 3181 2446 3250 viribus
2497 3202 2632 3249 non
2683 3201 2972 3266 aequam
3027 3202 3164 3249 nos

614 3269 1100 3356 assumpsisse,
1158 3290 1279 3336 nec
1314 3269 1459 3348 diu,
1502 3282 1579 3338 ut
1608 3268 1912 3350 decebat,
1954 3291 2303 3339 versasse:
2343 3269 2498 3339 licet
2532 3270 2597 3337 in
2644 3268 2925 3359 prologo
2958 3270 3169 3339 satis-

616 3355 1006 3436 fecerimus,
1061 3355 1288 3425 adhuc
1340 3370 1562 3426 tamen
1607 3358 1676 3425 id
1714 3380 2120 3448 responsum
2157 3358 2501 3438 volumuS,
2537 3358 2995 3445 eloquentiam
3034 3379 3169 3426 nos

618 3467 751 3513 non
796 3445 1115 3534 jactasse,
1164 3446 1275 3514 sed
1330 3447 1816 3536 Aegyptiorum
1867 3447 2416 3518 abominationes
2466 3452 2596 3516 Deo
2650 3458 2877 3515 nostro
2912 3446 3168 3515 immo-

621 3533 820 3603 lasse.
875 3538 1087 3615 Quem
1138 3535 1433 3624 quippe,
1487 3535 1748 3604 animal
1798 3535 2088 3624 simplex
2145 3549 2210 3605 et
2261 3536 2600 3605 mundum
2639 3590 2653 3616 ,
2708 3534 2891 3622 quod
2943 3538 3167 3624 Aegy-

621 3623 803 3711 ptius
873 3623 1311 3691 abominatur
1366 3622 1710 3692 edendum
1747 3678 1766 3703 ,
1825 3625 2164 3693 Israelites
2228 3629 2360 3693 Deo
2417 3645 2544 3693 suo
2592 3625 2831 3704 offert,
2885 3626 3168 3710 quoties

616 3713 776 3798 quis
825 3712 1193 3800 superbam
1266 3732 1397 3780 non
1448 3725 1764 3781 eructuat
1815 3712 2335 3800 loquacitatem,
2390 3712 2507 3781 sed
2561 3712 2898 3782 humilem
2951 3713 3169 3802 profi-—

618 3812 800 3869 tetur
845 3800 1383 3890 simplicitatem.
1440 3800 1512 3870 Id
1567 3813 1835 3890 praeter
1883 3802 1965 3870 ad
2001 3802 2349 3871 silentium
2382 3814 2690 3870 nostrum
2726 3800 2822 3871 vel
2857 3801 3167 3870 maxima

615 3910 827 3958 causa
874 3888 1137 3958 accedit
1183 3889 1488 3958 torcular
1532 3912 1760 3980 grave,
1801 3913 1939 3977 quo
1973 3904 2237 3980 praeter
2268 3890 2542 3959 solitum
2577 3890 2879 3960 Ecclesia
2919 3904 3165 3960 sancta

620 3998 761 4046 non
810 3978 1012 4047 modo
1061 3978 1357 4068 graviter
1406 3979 1764 4069 premitur,
1820 3978 1934 4047 sed
1989 3979 2520 4070 importabiliter
2541 3979 3044 4070 confringitur:
3085 3992 3166 4048 ut

621 4087 896 4136 necesse
934 4066 1178 4146 fuerit,
1233 4066 1463 4137 Jesum
1517 4089 1638 4156 pro
1691 4068 1986 4157 peccatis
2034 4069 2285 4138 nostris
2333 4068 2810 4148 dormientem,
2865 4068 3163 4138 excitare

614 4168 685 4224 et
710 4155 935 4224 dicere
964 4178 977 4222 :
1015 4160 1439 4245 Praeceptor,
1471 4156 1658 4226 salva
1693 4178 1853 4225 nos:
1889 4157 2267 4247 perimus*.
2300 4153 2467 4239 Qu'is
2497 4158 2679 4225 enim
2711 4157 2915 4226 siccis
2935 4157 3163 4227 oculis

622 4256 1045 4334 pertranseat
1078 4266 1287 4335 regna
1316 4244 1624 4336 (signum
1659 4244 2133 4336 desolationis)
2157 4247 2335 4316 inter
2362 4267 2434 4316 se
2463 4245 2707 4328 divisa,
2740 4245 3163 4336 populorum

672 4408 697 4433 ¹·
726 4407 1038 4448 Miserrimum
1067 4407 1116 4447 tn
1145 4416 1240 4456 qu·
1258 4411 1372 4448 tuno
1388 4407 1614 4459 temporis
1635 4407 1914 4451 versabatur
1933 4407 2145 4451 Ecclesia
2163 4373 2482 4452 conditionem
2501 4408 2716 4460 deplorat
2734 4408 3059 4451 'trudonensis
3078 4409 3168 4450 Ab·

617 4460 716 4506 bas,
736 4460 945 4502 Gaudavi
968 4462 1179 4502 scribens
1199 4461 1386 4502 saeculo
1407 4467 1481 4502 xx:
