3347 4999
711 311 839 377 682
1238 325 1318 375 »Β
1366 329 1421 375 s.
1475 328 1724 375 Annua
1772 328 1959 375 mar.
2015 328 2091 375 m·
2135 327 2334 377 socns
2383 328 2534 376 usus
2849 309 3043 375 OCT.
3111 310 3197 373 24

620 415 908 483 omnino
955 435 1158 482 aures
1207 434 1341 483 non
1397 414 1721 502 praebere
1772 413 2169 503 promissis:
2214 428 2448 483 contra
2500 425 2730 483 autem
2779 434 3002 500 quam
3063 436 3196 503 po-

630 517 849 572 terant
892 501 1278 572 clarissima
1328 523 1488 570 voce
1534 501 1875 571 clamare:
1941 525 1978 568 «
2021 506 2162 572 Non
2217 517 2277 572 te
2316 524 2677 593 negamuS,
2711 502 2948 588 quies
2988 506 3192 572 Unus

626 591 1000 672 TrinitatiS,
1052 612 1094 660 o
1142 591 1434 660 Verbum
1488 590 1629 672 Dei,
1671 604 1739 659 et
1786 591 2079 660 Christe:
2121 613 2342 678 neque
2391 605 2576 660 tuam
2630 591 3018 660 irridemus
3059 613 3190 662 su·

626 693 898 771 sceptae
934 679 1165 750 carnis
1196 679 1824 768 dispensationem:
1862 701 2086 768 neque
2128 680 2287 760 tuis,
2321 701 2497 766 quas
2531 692 2812 771 propter
2845 701 2978 750 nos
3013 702 3188 769 pas-

622 791 747 839 sus
792 790 890 850 ea,
932 768 1492 858 perpessionibus
1519 781 1587 838 et
1617 768 1817 838 Cruci
1843 768 2135 839 Judaice
2164 769 2626 839 insultamus:
2664 793 2700 836 »
2730 790 2849 840 eos
2879 768 3182 856 quidem

626 858 890 928 vinctos
922 857 1151 928 adhuc
1198 856 1532 937 detinuit:
1587 857 1653 925 in
1706 856 1912 927 aliam
1947 870 2176 928 autem
2232 857 2778 938 multitudinem,
2821 880 3012 945 quae
3044 857 3187 928 col·

629 945 800 1016 lecta
843 947 973 1016 fuit
1017 968 1099 1016 ex
1146 947 1336 1015 omni
1384 967 1634 1038 genere
1668 960 1736 1017 et
1767 958 2007 1027 aetate,
2043 947 2285 1017 mortis
2319 947 2472 1017 tulit
2506 948 2964 1026 sententiam;
3002 967 3182 1017 uxo·

629 1035 821 1105 ribus
870 1057 1027 1106 vero
1072 1048 1139 1105 et
1186 1035 1423 1106 liberis
1469 1057 1706 1106 eorum
1757 1036 1878 1123 qui
1927 1035 2418 1106 detinebantur
2448 1090 2468 1116 ‚
2525 1048 2909 1126 martyrum
2942 1090 2961 1117 ,
3017 1049 3183 1106 ante

620 1124 862 1195 oculos
907 1147 1146 1195 eorum
1196 1123 1538 1204 adductis,
1595 1124 2006 1215 provocabat
2051 1125 2135 1194 ad
2188 1124 2439 1196 Christi
2491 1127 2957 1216 negationem,
3017 1147 3181 1215 par-

626 1214 745 1283 tim
796 1214 1076 1302 quidem
1130 1213 1361 1294 minis,
1419 1213 1663 1304 partim
1716 1228 1946 1283 autem
1996 1213 2274 1285 blandis
2322 1214 2547 1284 verbis
2577 1235 2694 1284 eas
2722 1213 3172 1314 aggrediens,

627 1323 1126 1391 nonnunquam
1167 1323 1374 1371 omne
1422 1301 1748 1393 supplicii
1800 1324 2021 1391 genus
2069 1303 2137 1371 in
2187 1324 2304 1372 eas
2353 1303 3179 1384 intentans,liberorum-

618 1414 794 1479 que,
836 1404 902 1462 et
969 1405 1357 1482 parentum,
1410 1404 1475 1459 et
1522 1390 1925 1460 facultatum
1959 1446 1975 1470 ,
2028 1405 2093 1461 et
2143 1391 2365 1480 ipsius
2411 1413 2688 1479 quoque
2735 1391 3014 1481 patriae
3058 1413 3180 1461 eas

628 1497 888 1550 terrens
925 1479 1322 1550 amissione.
1363 1480 1528 1549 Illae
1559 1494 1786 1549 autem
1837 1479 2207 1550 dicebant:
2238 1504 2274 1548 «
2307 1481 2670 1559 Omnibus,
2704 1501 2746 1551 o
2783 1485 2954 1560 Rex,
2995 1502 3179 1568 quae

623 1592 664 1638 a
713 1584 775 1638 te
820 1570 1206 1639 offeruntur
1242 1623 1257 1648 ,
1312 1570 1452 1639 sive
1497 1590 1574 1639 ea
1623 1569 1765 1638 sint
1812 1569 1990 1638 bona
2020 1624 2038 1649 ‚
2092 1570 2233 1638 sive
2279 1568 2479 1639 aliter
2526 1591 2597 1640 se
2645 1568 2952 1638 habeant
2993 1624 3012 1649 ‚
3069 1568 3180 1638 lu-

623 1657 864 1729 benter
899 1657 1099 1729 hodie
1134 1658 1645 1739 renunciantes,
1689 1679 1869 1746 quae
1900 1681 1936 1727 a
1966 1672 2029 1728 te
2060 1658 2448 1729 maledictis
2479 1658 2878 1740 incessitur,
2915 1658 3182 1728 Christi

621 1753 907 1818 Crucem
959 1746 1395 1817 extollimus:
1448 1761 1515 1816 et
1559 1747 1679 1834 qui
1732 1747 1800 1815 in
1852 1748 2002 1837 ipsa
2055 1760 2356 1818 nostram
2410 1747 2804 1839 procuravit
2835 1746 3178 1822 salutem.

626 1836 967 1906 Christum
1019 1836 1404 1924 sequimur.
1457 1841 1647 1906 Esset
1691 1836 1877 1906 enim
1927 1858 1965 1905 a
2009 1836 2271 1906 ratione
2309 1836 2640 1914 alienum,
2692 1849 2758 1905 et
2806 1837 3035 1907 nimis
3080 1835 3180 1905 es·

624 1924 1072 2005 seminatum,
1116 1948 1195 1995 ex
1247 1924 1446 1995 nobis
1492 1924 1775 2013 quidem
1819 1924 1993 1995 alias
2024 1980 2040 2006 ,
2092 1947 2269 2013 quae
2316 1948 2474 1994 cum
2527 1925 2787 1995 talibus
2835 1926 3019 1994 viris
3064 1947 3184 1994 co-

626 2014 1048 2094 habitarunt,
1091 2014 1212 2101 qui
1264 2028 1545 2083 mortem
1583 2028 1861 2104 propter
1897 2014 2242 2083 Christum
2285 2013 2681 2105 elegerunt:
2720 2013 2897 2082 alias
2935 2027 3179 2084 autem

623 2125 802 2191 quae
845 2103 1302 2193 virginitatem
1353 2116 1690 2182 exercent,
1748 2115 1822 2171 ut
1865 2124 2043 2190 quae
2091 2103 2356 2174 Christo
2404 2103 2543 2174 sint
2571 2102 2694 2172 des
2744 2123 2990 2182 onsae,
3042 2124 3180 2173 non

618 2213 772 2262 esse
819 2192 1056 2262 animo
1096 2191 1430 2272 masculo,
1482 2204 1548 2260 et
1594 2204 1884 2260 vestram
1940 2193 2109 2260 iram
2166 2191 2368 2281 plane
2400 2191 2665 2261 inconsi
2722 2204 2993 2261 eratam
3039 2213 3175 2261 non

624 2297 856 2351 nostro
904 2280 1245 2350 sustinere
1283 2301 1591 2370 corpore.
1632 2302 1669 2345 »

711 2371 747 2458 ἓ
793 2376 927 2443 11.
983 2374 1122 2438 Rex
1167 2379 1440 2437 autem:
1509 2391 1545 2435 «
1578 2371 1630 2438 Ο
1680 2367 2014 2442 feminae.
2073 2368 2342 2455 inquit,
2415 2389 2694 2456 possum
2748 2388 2872 2438 vos
2923 2369 3178 2438 merito

626 2480 917 2550 magnae
964 2478 1294 2528 accusare
1340 2456 1715 2537 stultitiae,
1767 2458 1950 2546 quod
2005 2457 2307 2527 hominis
2358 2456 2591 2546 plani,
2643 2471 2710 2527 et
2760 2458 3180 2551 praestigia-

622 2550 811 2629 toriS,
865 2560 930 2618 et
975 2547 1095 2635 qui
1151 2546 1443 2617 violenta
1480 2561 1694 2617 morte
1745 2548 1967 2636 periit,
2007 2547 2298 2638 gratiam
2350 2546 2630 2637 eligitis,
2685 2562 2751 2616 et
2791 2546 3176 2637 voluptati-

627 2638 759 2707 bus
807 2635 1287 2727 praesentibus
1325 2657 1544 2725 spem,
1595 2636 1802 2721 cujus
1852 2637 2154 2706 incertus
2199 2650 2302 2706 est
2348 2636 2595 2716 exituS,
2649 2634 3004 2725 praeferre
3036 2650 3175 2706 sta-

621 2726 872 2797 tuistiS.
918 2752 941 2788 ιο
996 2724 1345 2808 Quaedam
1397 2737 1627 2794 autem
1675 2746 1753 2794 ex
1804 2725 2188 2795 acrioribus
2237 2724 2602 2802 matribus,
2655 2737 2722 2794 et
2770 2725 3171 2803 monachis,

622 2837 755 2885 non
793 2815 1086 2884 serentes
1114 2812 1361 2884 Christi
1391 2813 1908 2892 contumeliam,
1938 2835 2107 2883 usae
2134 2828 2297 2884 sunt
2328 2813 2395 2882 in
2433 2818 2684 2902 Regem
2714 2813 2949 2884 verbis
2968 2835 3172 2902 aspe-

620 2903 944 2985 rioribus,
997 2924 1154 2972 eum
1206 2904 1464 2990 ipsum,
1516 2903 1638 2990 qui
1689 2901 2075 2972 maledictis
2123 2902 2625 2981 incessebatur,
2666 2901 3026 2971 Christum
3059 2924 3174 2972 vo-

613 3007 850 3062 cantes
888 2991 972 3061 ad
1015 2991 1374 3061 ultionem.
1429 2990 1618 3073 Quod
1671 2991 1952 3078 quidem
2004 3011 2204 3082 aegre
2252 2990 2481 3061 ferens
2528 2991 2910 3069 Hebraeus,
2950 2991 3026 3060 in
3054 3012 3172 3059 eas

614 3081 1081 3152 communiter
1131 3082 1544 3170 pronunciat
1592 3079 2027 3160 sententiam,
2087 3093 2162 3148 ut
2207 3078 2440 3167 gladio
2487 3078 2848 3149 feriantur.
2887 3079 3171 3150 Licebat

612 3191 781 3270 ergo
817 3169 1045 3238 videre
1097 3168 1420 3238 mulieres
1467 3181 1743 3239 sanctas
1791 3169 1967 3238 trahi
2015 3167 2354 3247 crinibuS,
2395 3181 2462 3237 et
2507 3168 2609 3238 sic
2655 3167 2821 3237 duci
2867 3168 2962 3237 ad
2998 3189 3170 3259 sup·

620 3258 933 3350 plicium‚
989 3257 1089 3327 vel
1143 3257 1368 3347 potius
1415 3255 1576 3326 ferri
1627 3258 1966 3348 promptis
2012 3270 2079 3326 et
2117 3256 2467 3327 alacribus
2502 3255 2819 3346 pedibus,
2869 3270 2947 3326 et
2977 3257 3170 3327 sitire

621 3358 906 3416 mortem
972 3359 1248 3435 propter
1309 3346 1680 3416 Christum.
1757 3351 2001 3436 Magna
2062 3360 2407 3415 veroerat
2463 3358 2528 3415 et
2580 3345 2937 3435 praeclara
2988 3346 3170 3416 inter

617 3456 739 3505 eas
781 3435 1150 3505 contentio.
1206 3435 1576 3505 Monachae
1620 3435 1805 3504 enim
1859 3434 2162 3525 virgines
2204 3456 2638 3522 nequaquam
2689 3434 3170 3505 concedebant

622 3526 884 3615 primas
936 3537 1161 3613 partes
1208 3524 1294 3593 iis
1369 3545 1547 3611 quae
1591 3537 1785 3593 erant
1843 3523 2126 3609 junctae
2189 3523 2653 3594 matrimonio.
2719 3546 2756 3589 «
2820 3523 3166 3593 Recorde-

623 3613 820 3695 mini,
872 3613 1202 3713 dicentes,
1252 3610 1434 3699 quod
1491 3613 1686 3703 prius
1733 3612 1925 3683 vobis
1970 3611 2233 3714 suimus
2263 3612 2678 3713 proposita-e,
2713 3625 2779 3681 et
2810 3610 3167 3713 in-templi

620 3703 962 3794 ingressu,
1018 3714 1085 3771 et
1132 3723 1199 3771 tn
1250 3715 1836 3771 sacramentorum
1889 3714 2432 3792 participatione.
2486 3714 2553 3770 et
2600 3722 2669 3769 tn
2712 3712 3052 3779 statione.
3102 3713 3172 3770 et

620 3794 688 3862 in
745 3791 1090 3873 sessione;
1125 3803 1192 3860 et
1225 3789 1378 3859 ideo
1424 3802 1690 3879 oportet
1740 3811 1926 3859 nunc
1971 3811 2247 3877 quoque
2293 3810 2418 3859 nos
2451 3801 2610 3858 ante
2647 3809 2765 3859 vos
2800 3801 2872 3857 et
2898 3802 3170 3860 vestm

622 3882 903 3953 maritos
940 3878 1265 3968 consequi
1304 3878 1741 3968 martyrium.
1772 3901 1808 3945 »
1838 3882 2211 3967 Martyrum
2243 3890 2472 3947 autem
2508 3899 2781 3958 uxores,
2809 3877 3163 3966 quaejam

613 3972 821 4040 etiam
874 3969 1294 4040 vocabantur
1343 3979 1618 4047 matres,
1668 3988 2106 4055 nequaquam
2154 3966 2464 4038 ferebant
2495 3966 2565 4036 in
2612 3965 3006 4058 praeseutia
3039 3967 3169 4038 ha-

622 4059 779 4129 bere
825 4058 1166 4130 secundas
1214 4070 1464 4147 partes.
1504 4055 1809 4126 Infantes
1855 4076 2130 4144 quoque
2180 4055 2639 4128 balbutientes
2673 4069 2927 4127 matres
2963 4076 3170 4147 prae-

620 4149 1118 4226 ter-currebant,
1170 4159 1236 4215 et
1286 4146 1417 4235 ipsi
1466 4167 1743 4232 quoque
1774 4144 2172 4215 carnificem
2225 4145 2689 4235 provocabant
2712 4143 2797 4213 ad
2839 4158 3166 4215 mortem.

622 4235 944 4305 Sciebant
987 4235 1172 4305 enim
1207 4233 1382 4304 alias
1427 4255 1706 4322 quoque
1747 4255 1997 4324 pueros
2043 4232 2260 4305 fuisse
2293 4233 2560 4303 Christo
2612 4247 2891 4324 propter
2922 4233 3167 4322 ipsum

618 4345 854 4393 sacras
900 4323 1164 4393 oblatas
1213 4324 1549 4394 victimas.
1604 4323 1714 4393 Sic
1781 4324 2016 4393 beatae
2065 4322 2222 4392 illae
2273 4336 2556 4392 mortem
2611 4321 3164 4412 praeripientes,

620 4413 710 4482 iis
754 4413 874 4500 qui
937 4411 1296 4491 videbant,
1353 4433 1672 4502 magnam
1735 4413 2110 4482 afferebant
2172 4409 2777 4481 lamentationem:
2853 4409 3033 4480 adeo
3090 4424 3172 4481 ut
