3347 4999
233 277 407 343 OCT.
468 278 545 341 tt
972 294 1049 340 DE
1098 295 1153 341 s.
1209 291 1580 341 nortmanno
1630 295 1877 340 uanam.
1932 296 2029 340 ΕΡ.
2545 278 2670 343 393

229 400 407 466 quos
442 378 721 446 idoneos
770 389 1066 457 noverat,
1117 376 1357 466 legatis
1388 390 1588 462 atque
1624 376 1865 446 litteris
1905 377 1987 445 ad
2023 377 2467 447 excolendum
2524 378 2762 448 novale

229 467 692 547 Dominicurn,
746 465 927 553 quod
969 486 1210 533 novare
1234 466 1378 553 jam
1430 478 1764 555 coeperat,
1807 467 2189 535 accersiret.
2227 472 2410 536 Inter
2455 489 2626 554 quos
2656 468 2758 536 in-

229 557 483 646 clytuS‚
542 567 606 625 et
634 557 823 624 omni
874 554 1227 644 religionis
1291 554 1682 623 testimonio
1748 554 2347 623 nominatissimus
2457 558 2762 646 resbyter

228 645 695 724 BurcharduS‚
737 644 819 713 ad
849 645 1126 733 nuptias
1161 643 1326 733 Agni
1360 654 1658 721 vocatus,
1698 642 2011 733 geminae
2035 643 2386 712 charitatis
2468 644 2524 711 is
2553 647 2762 714 tincto

225 756 432 804 cocco
482 733 851 822 praecipue
898 732 1223 801 rutilabat
1273 730 1579 800 indutus.
1620 737 1760 801 Hoc
1801 731 2001 800 modo
2041 754 2312 821 semper
2345 732 2547 801 corda
2606 755 2761 821 pro-

225 824 405 893 bans
436 823 699 891 Arbiter
746 823 1079 901 internus,
1134 820 1550 890 desiderium
1607 841 1989 910 pauperum
2043 842 2327 890 suorum
2386 820 2755 902 exaudivit,

226 913 329 981 sic
375 910 790 981 voluntatem
842 910 1228 979 timentium
1283 931 1353 979 se
1405 907 1702 997 perfecit,
1749 910 1914 977 dum
1961 908 2381 997 corporalem
2439 931 2760 999 praesen-

228 1001 420 1081 tiam,
474 1022 679 1086 quam
732 997 1181 1088 spiritualiter
1212 997 1278 1064 in
1331 997 1732 1067 alterutrum
1768 1010 2055 1085 uterque
2082 999 2398 1067 sacerdos
2431 999 2518 1067 ob
2552 1021 2754 1067 suum

228 1101 636 1179 perpetuum
682 1088 1058 1167 servitium,
1101 1086 1614 1173 multorumque
1667 1086 2076 1175 populorum
2116 1088 2429 1168 salutem,
2487 1087 2764 1155 nunciis

226 1178 503 1247 vicariis
540 1176 968 1257 moliebatur,
1014 1176 1182 1264 ipse,
1242 1175 1581 1244 mediante
1612 1176 1962 1255 charitate,
2005 1176 2394 1264 colligabat.

317 1270 486 1353 ξὸ.
542 1272 671 1334 Nec
735 1288 945 1344 mora,
1000 1264 1164 1332 dum
1236 1264 1393 1332 talia
1452 1263 1617 1333 soris
1690 1264 2100 1353 operabatur
2163 1266 2387 1334 Sancti
2456 1264 2752 1355 Spiritus

224 1355 470 1445 gratia.
529 1355 593 1422 in
650 1355 870 1443 primo
923 1366 1263 1421 tantorum
1310 1353 1608 1422 virorum
1662 1366 1998 1421 conventu
2051 1354 2506 1453 praesentiam
2561 1374 2755 1422 suam

223 1443 590 1533 propalare
655 1464 787 1511 non
864 1442 1369 1531 dedignabatur
1420 1463 1537 1530 per
1608 1442 1806 1510 solita
1875 1442 2314 1513 charismata.
2378 1448 2542 1512 Nam
2611 1463 2761 1509 mox

225 1546 379 1622 post
427 1531 906 1600 salutationem
946 1530 1415 1599 humillimam
1454 1543 1517 1599 et
1568 1530 1803 1599 oscula
1862 1545 2119 1612 sancta,
2166 1553 2484 1601 summus
2516 1529 2760 1599 Christi

222 1620 550 1711 pontifex,
606 1619 1017 1699 Bonifacius,
1080 1618 1472 1708 prophetiae
1522 1619 1770 1708 spiritu
1808 1619 2127 1708 repletuS,
2177 1618 2572 1707 hujusmodi
2609 1640 2760 1708 pro-

224 1710 419 1799 rupit
459 1710 526 1777 in
571 1708 895 1777 oracula:
952 1730 986 1773 «
1022 1707 1481 1786 GaudeamuS,
1536 1708 1783 1794 inquit,
1842 1707 2100 1787 fratreS‚
2151 1709 2215 1775 in
2271 1708 2578 1789 Domino,
2634 1707 2753 1792 qui

223 1798 674 1887 benignitatis
708 1818 869 1867 suae
922 1818 1203 1864 manum
1258 1796 1601 1886 porrigere
1648 1796 1976 1887 dignatur
2025 1797 2240 1866 labori
2295 1810 2556 1876 nostro,
2623 1795 2750 1864 fra·

228 1890 421 1956 terna
473 1908 596 1955 nos
654 1885 1117 1955 consolatione
1165 1883 1643 1971 frequentanS,
1715 1898 1777 1953 et
1829 1885 2121 1955 rudibus
2205 1886 2542 1954 Ecclesiae
2598 1884 2762 1953 filiis

226 1997 440 2044 novos
480 1996 750 2064 semper
797 1973 1177 2043 eruditores
1217 1974 1303 2042 ab
1338 1973 1586 2042 insulis
1618 1985 1683 2041 et
1731 1996 1770 2042 a
1801 1973 2058 2044 finibus
2092 1986 2308 2043 terrae
2353 1994 2754 2063 procurans.

225 2064 491 2133 Gratias
526 2085 814 2153 agamus
855 2062 1113 2152 ingenti
1169 2062 1318 2162 ejus
1378 2061 1785 2151 provisioni,
1841 2063 1957 2149 qui
2009 2064 2395 2132 societatem
2458 2073 2757 2131 nostram

225 2152 585 2241 ampliavit
623 2152 768 2241 jam
807 2152 1257 2220 contubernio
1308 2151 1474 2219 tanti
1520 2151 1666 2218 viri.
1723 2152 1840 2219 Isti
1878 2151 2332 2240 proculdubio
2371 2150 2760 2221 custodien-

224 2241 393 2309 dum
447 2240 732 2310 debetur
790 2240 963 2309 ovile
1014 2239 1493 2319 Dominicum,
1550 2239 1728 2308 beati
1779 2240 2027 2308 Kiliani
2078 2240 2563 2326 sociorumque
2609 2239 2761 2326 ejus

228 2330 557 2398 instantia
604 2328 1009 2408 collectum,
1066 2327 1397 2396 doctrinis
1444 2339 1508 2396 et
1563 2328 1896 2417 exemplis
1943 2329 2396 2407 instructum,
2449 2352 2527 2397 ac
2567 2350 2762 2417 ‚mar-

226 2418 402 2509 tyrio
436 2429 936 2487 consecratum.
980 2440 1015 2482 »
1067 2421 1313 2485 Servus
1352 2429 1577 2485 autem
1632 2418 1901 2496 Christi,
1958 2418 2417 2492 Burchardus,
2476 2417 2757 2487 humili-

224 2507 381 2578 tatis
448 2506 725 2577 oculum
778 2507 846 2574 in
901 2507 1205 2595 seipsum
1259 2519 1659 2592 retorquens
1695 2562 1709 2587 ,
1779 2506 1936 2576 licet
1985 2507 2078 2576 nil
2135 2510 2364 2577 minus
2412 2529 2482 2576 se
2535 2507 2762 2595 suspi-

223 2609 497 2666 caretur
530 2595 956 2674 auditurum‚
1009 2607 1240 2683 utpote
1305 2595 1421 2680 qui
1479 2594 1698 2664 modis
1746 2596 2072 2664 omnibus
2121 2597 2403 2665 subesse
2461 2607 2756 2673 venerat,

222 2708 356 2753 non
416 2706 761 2773 praeesse3
844 2696 1067 2753 tamen
1134 2682 1590 2751 humilitatem
1643 2685 1791 2752 sine
1853 2684 2237 2754 obedientia
2299 2683 2594 2751 sterilem
2657 2682 2758 2751 vel

224 2773 488 2842 nullam
542 2794 688 2842 esse
739 2770 1190 2861 perpendens,
1249 2771 1519 2841 tandem
1590 2784 1740 2861 post
1788 2772 2134 2848 silentium
2188 2786 2464 2860 stupore
2516 2790 2759 2839 conce-

222 2876 442 2951 ptum,
500 2862 565 2929 in
612 2860 1012 2950 hujusmodi
1062 2859 1277 2930 fertur
1325 2882 1730 2951 responsum
1779 2864 2211 2950 prorupisse:
2267 2882 2300 2926 «
2338 2858 2579 2940 Cred0,
2636 2864 2760 2928 Pa-

220 2964 322 3020 ter
370 2949 773 3030 venerande,
830 2949 1071 3030 cred0,
1142 2970 1319 3036 quae
1378 2962 1494 3018 tua
1554 2952 1908 3038 proposuit
1956 2949 2369 3029 auctoritaS,
2436 2947 2648 3017 otiose
2697 2960 2759 3016 te

220 3060 655 3126 nequaquam
710 3038 1114 3129 protulisse:
1174 3059 1281 3107 me
1313 3060 1586 3124 quoque
1636 3038 1690 3107 si
1727 3039 1910 3106 intus
1962 3059 2309 3116 nosceres,
2358 3036 2498 3106 scio
2536 3035 2760 3105 nulla-

224 3141 426 3196 tenus
482 3138 1002 3217 prosecuturum
1070 3125 1305 3196 fuisse.
1369 3131 1507 3216 Ego
1569 3147 1722 3195 vero
1790 3127 1843 3194 si
1909 3125 1993 3195 ad
2046 3125 2114 3194 id
2169 3123 2350 3212 quod
2418 3125 2752 3211 loqueriS,

220 3217 425 3285 etiam
468 3237 574 3284 me
625 3215 945 3284 idoneum
994 3235 1124 3282 non
1176 3237 1325 3284 esse
1358 3215 1685 3283 veraciter
1727 3213 2066 3302 profiteor,
2100 3227 2323 3284 tamen
2375 3213 2758 3300 quodcum-

221 3327 356 3391 que
408 3325 528 3394 per
587 3317 770 3374 tuam
823 3303 1245 3372 sanctitatem
1302 3303 1471 3371 mihi
1527 3303 1929 3391 imponitur,
1992 3304 2180 3371 oneri
2234 3325 2367 3372 non
2420 3302 2751 3372 obluctor.

222 3398 403 3462 Deus
452 3393 633 3461 enim
674 3393 729 3460 si
796 3415 912 3482 per
952 3405 1014 3461 te
1067 3391 1233 3460 mibi
1281 3391 1810 3460 misericorditer
1871 3414 2048 3460 onus
2087 3392 2403 3480 imponit,
2486 3389 2759 3462 confido

216 3482 379 3568 quia
411 3480 780 3550 clementer
808 3480 1078 3550 levabit.
1112 3480 1364 3550 Adsum
1402 3480 1661 3569 quippe
1697 3502 1814 3570 per
1847 3481 2078 3550 omnia
2111 3495 2224 3551 tuo
2258 3503 2493 3570 parere
2531 3502 2760 3570 prom-

225 3584 385 3661 ptus
435 3569 767 3658 imperio:
803 3584 867 3639 et
914 3569 1077 3656 quia
1127 3569 1253 3637 hoc
1308 3589 1427 3658 pro
1456 3568 1732 3638 nomine
1781 3570 2147 3641 Salvatoris
2173 3592 2323 3660 ag0,
2378 3592 2497 3660 per
2545 3568 2611 3638 id
2651 3590 2759 3639 me

220 3658 471 3728 salvari
519 3679 677 3727 curn
729 3658 880 3745 ejus
914 3657 1133 3749 gratia
1184 3679 1315 3725 non
1354 3656 1651 3748 ambigo.
1691 3680 1725 3724 »

307 3749 342 3833 ξ
391 3754 483 3817 8.
539 3752 628 3814 Ex
680 3747 806 3815 hoc
859 3759 1159 3836 tempore
1201 3745 2073 3816 nobilissimosanctorum
2125 3746 2426 3814 virorum
2469 3744 2759 3834 collegio

219 3836 348 3905 sub
399 3834 792 3924 magisterio
827 3834 1082 3903 summi
1122 3834 1458 3923 praesulis
1491 3834 1821 3905 Bonifacii
1862 3835 2296 3904 consociatus
2340 3839 2470 3904 Deo
2502 3833 2759 3935 dignus

218 3925 575 4014 presbyter
641 3922 1119 4004 Burcliardus‚
1174 3922 1396 4011 coepit
1442 3923 1527 3992 ab
1576 3923 1909 4013 exemplis
1974 3923 2410 4012 singulorum
2486 3922 2757 3993 solitam

219 4034 386 4083 suae
434 4011 970 4082 conversationis
1019 4012 1444 4080 sanctitatem
1498 4011 1703 4081 veluti
1753 4012 2171 4098 quibusdam
2227 4011 2596 4102 pigmentis
2647 4035 2759 4082 ac·

220 4101 657 4171 curatissime
705 4099 1009 4180 condire,
1064 4112 1129 4169 et
1176 4099 1452 4169 illorum
1494 4101 2004 4191 comparatione
2052 4100 2355 4190 seipsum
2410 4112 2759 4188 totamque

216 4202 629 4258 transactam
684 4190 885 4259 vitani
940 4187 1313 4278 despicere.
1372 4187 1675 4275 Indeque
1724 4188 1977 4258 facturn
2030 4202 2154 4269 cst,
2192 4202 2269 4258 ut
2320 4209 2442 4278 pro
2485 4211 2754 4259 morum

216 4277 602 4360 honestate,
683 4278 950 4364 vitaque
998 4277 1066 4345 in
1119 4277 1444 4347 omnibus
1517 4277 1614 4347 vel
1685 4277 1978 4346 maxime
2028 4277 2385 4359 laudabili,
2447 4278 2515 4346 in
2568 4279 2756 4348 brevi

214 4366 545 4436 omnibus
614 4379 790 4436 esset
856 4367 1074 4436 amori
1140 4379 1206 4436 et
1272 4365 1542 4436 honori.
1615 4370 1860 4435 Contra
1926 4388 2081 4435 vero
2142 4366 2258 4437 ille
2314 4368 2555 4437 beatus
2621 4388 2754 4436 non
