3347 4999
227 347 397 413 OCT.
454 346 534 407 118
1054 362 1128 404 na
1178 361 1231 405 s,
1288 359 1443 406 Luca
1493 360 1912 407 amuentism
2533 346 2659 410 525

226 448 570 540 practicen
617 456 966 532 tamquam
1006 444 1227 534 gradu
1281 457 1503 527 utens,
1557 446 1648 516 ita
1697 445 2019 516 omnibus
2059 446 2258 516 bonis
2307 447 2738 530 incumbenS,

225 539 499 608 tandem
566 534 1099 625 pulcherrimam
1155 534 1360 606 simul
1410 557 1489 604 ac
1538 535 2115 604 humanissimam
2180 536 2584 607 Medicinam
2637 561 2746 607 as-

224 628 559 715 sequitur,
606 625 810 711 idque
853 624 916 692 in
965 635 1251 703 tantum,
1307 635 1385 693 ut
1431 624 1516 693 ab
1566 624 1693 693 hac
1745 638 1818 693 ut
1861 624 2235 714 plurimum
2273 626 2750 715 designaretur

221 740 300 786 ac
338 714 823 807 appellaretur.
882 719 1239 800 Postquam
1302 726 1526 783 autem
1584 713 1836 804 ingenii
1903 714 2294 783 dexteritate
2353 737 2430 783 ac
2483 719 2748 805 magni-

225 807 461 877 tudine
499 826 770 875 omnem
810 816 1018 871 artem
1074 803 1276 872 citius
1329 803 1687 892 percurrit,
1732 825 1938 889 quam
1992 802 2289 873 volucris
2336 807 2514 884 aera,
2554 806 2749 875 satis-

221 919 352 983 que
387 896 733 964 humanae
760 892 1110 961 doctrinae
1150 890 1438 982 adeptus
1478 906 1600 974 est,
1634 892 1717 961 ad
1771 892 2241 962 sublimiorem
2272 915 2347 961 ac
2401 894 2745 964 meliorem

223 984 468 1055 transit
508 983 845 1051 habitum.
900 981 1066 1063 Quis
1114 981 1506 1063 autem,fuit
1540 980 1785 1050 modus
1837 982 2213 1052 transitus?
2265 981 2567 1053 Habebat
2595 984 2749 1070 qui-

223 1075 378 1143 dem
435 1072 704 1141 interim
736 1071 818 1139 de
853 1070 1098 1141 mundi
1132 1071 1351 1140 salute
1384 1071 1885 1160 disputationes
1932 1093 2010 1140 ac
2043 1091 2457 1161 congressus
2506 1071 2563 1140 is
2628 1074 2744 1159 qui

227 1164 403 1233 liber
452 1185 492 1231 a
535 1174 808 1251 peccato
862 1172 1155 1241 venerat,
1198 1172 1276 1229 ut
1326 1172 1711 1249 peccatores
1759 1174 2023 1230 vocaret
2069 1159 2150 1229 ad
2214 1161 2694 1250 poenitentiam
2727 1217 2742 1243 ,

230 1253 434 1340 idque
466 1264 613 1341 post
653 1250 905 1319 luctam
947 1262 1181 1318 contra
1225 1248 1692 1318 adversarium
1736 1264 1800 1319 et
1841 1249 2162 1340 trophaea
2212 1249 2296 1318 de
2346 1250 2460 1319 illo
2513 1250 2740 1331 relata,

226 1355 379 1431 post
417 1339 727 1409 auditum
768 1360 1061 1428 superne
1094 1337 1309 1408 Patris
1342 1339 1832 1418 testimonium,
1875 1361 1953 1407 ac
1989 1338 2281 1428 Spiritus
2313 1339 2742 1409 descensum.

230 1430 667 1500 Per-currebat
703 1440 929 1497 autem
963 1427 1146 1497 sama
1189 1428 1578 1497 universam
1614 1427 1940 1497 Judaeam
1985 1451 2063 1498 ac
2096 1427 2492 1507 Galilaeam‚
2531 1443 2594 1497 et
2626 1429 2749 1498 ali—

222 1522 384 1591 cubi
435 1519 638 1589 etiam
707 1530 891 1587 extra
945 1518 1268 1588 terminos
1327 1539 1405 1586 ea
1469 1539 1646 1604 quae
1714 1516 2158 1608 Evangelicae
2226 1518 2750 1608 praedicationis

222 1621 443 1689 erant,
498 1608 982 1695 sequebantur.
1036 1612 1224 1677 Tunc
1277 1605 1471 1676 multi
1516 1628 1679 1676 sane
1727 1606 1810 1675 ad
1865 1628 2088 1675 veram
2151 1607 2325 1676 hanc
2366 1607 2746 1676 doctrinam

223 1698 454 1768 cordis
502 1720 701 1766 aures
734 1697 1169 1778 obturabant,
1205 1717 1282 1764 ac
1318 1697 1565 1765 mentis
1596 1695 1832 1766 oculos
1862 1695 2296 1778 claudebant,
2335 1719 2553 1784 neque
2578 1697 2749 1767 vitae

221 1788 575 1877 suscipere
608 1807 1017 1867 sermonem,
1072 1806 1292 1872 neque
1344 1807 1567 1853 veram
1602 1785 1824 1855 lucem
1874 1784 2126 1856 intueri
2161 1785 2356 1876 digni
2394 1798 2609 1856 erant.
2666 1786 2748 1855 Hi

222 1890 479 1956 autem,
524 1877 591 1944 in
628 1875 883 1963 quibus
921 1875 1214 1945 veritatis
1249 1875 1610 1963 vestigium
1664 1875 2078 1963 impressum
2116 1889 2278 1956 erat,
2310 1876 2567 1962 quique
2614 1889 2746 1945 ter-

223 1988 339 2034 rae
389 1965 606 2035 bonae
642 1964 970 2033 rationem
1019 1985 1097 2033 ac
1149 1965 1650 2053 proportionem
1691 1963 2056 2045 habebant,
2099 1964 2253 2034 totis
2283 1964 2493 2055 (quod
2527 1964 2753 2053 aiunt)

220 2054 446 2123 oculis
495 2053 959 2130 intuebantur,
1011 2066 1075 2123 et
1121 2065 1417 2122 arrectas
1466 2052 1883 2123 adhibebant
1942 2054 2214 2123 animae
2253 2076 2453 2123 aures
2503 2054 2587 2123 ad
2623 2077 2748 2122 au-

220 2142 729 2223 scultationem,
783 2165 861 2211 ac
896 2141 1318 2212 velocissime
1352 2142 1435 2212 ad
1479 2142 1822 2212 veritatem
1870 2141 2475 2221 transferebantur,
2544 2142 2746 2212 nihil-

220 2253 381 2319 que,
437 2232 615 2318 quod
660 2230 878 2300 facere
909 2230 1158 2301 decens
1204 2244 1370 2313 erat,
1448 2231 2093 2320 praetermittebant,
2148 2245 2223 2301 ut
2269 2232 2354 2301 ad
2406 2232 2512 2313 id,
2566 2232 2747 2320 quod

222 2322 587 2420 honestum
640 2333 807 2401 erat,
846 2321 1263 2422 accederent,
1316 2334 1381 2390 et
1436 2320 1519 2389 ad
1588 2321 1805 2410 ipsam
1861 2322 2115 2391 nudam
2166 2322 2468 2392 animam
2526 2334 2749 2392 trans-

226 2421 570 2479 mitterent
602 2424 853 2478 certam
899 2423 1267 2480 veritatem.

316 2502 490 2586 §a
569 2505 825 2569 Horum
880 2522 1064 2570 unus
1120 2512 1262 2569 erat
1315 2498 1768 2569 admirandus
1832 2501 1941 2570 hic
2016 2523 2257 2601 praeco
2317 2502 2612 2573 veritatis
2673 2523 2751 2571 ac

226 2605 645 2690 praeceptor,
703 2589 821 2676 qui
869 2589 953 2658 ad
991 2589 1170 2679 piam
1217 2589 1787 2678 praedicationem
1823 2603 2070 2659 mentis
2101 2590 2298 2661 oculo
2340 2591 2745 2670 illustratuS,

224 2679 521 2769 despicit
550 2678 1024 2769 cognationem
1066 2699 1364 2757 omnem,
1418 2678 1708 2768 despicit
1753 2691 1818 2746 et
1857 2691 2137 2749 naturae
2185 2682 2465 2762 viscera,
2518 2680 2754 2768 abjicit

225 2769 578 2857 pecunias,
622 2769 1106 2858 possessiones,
1151 2788 1562 2853 omnemque
1597 2768 2078 2847 substantiam,
2115 2771 2203 2838 ita
2237 2782 2310 2839 ut
2342 2790 2541 2853 nemo
2575 2769 2743 2836 adeo

222 2858 424 2927 facile
474 2857 723 2948 pedum
760 2856 1133 2948 pulverem,
1187 2879 1265 2926 ac
1317 2878 1651 2926 manuum
1698 2858 1931 2927 sordes
1980 2857 2334 2941 abjiceret:
2389 2867 2466 2926 ut
2514 2878 2598 2924 ne
2649 2858 2749 2925 vel

222 2947 355 3017 hoc
409 2947 556 3036 ipso
608 2969 768 3036 prae
808 2945 1198 3017 festinantia
1240 2947 1563 3035 occupari
1613 2958 1793 3015 certe
1845 2946 2157 3036 potuerit,
2199 2966 2334 3032 quo
2399 2945 2752 3015 facultates

221 3036 699 3126 indigentibus
755 3035 1215 3106 distribueret.
1270 3039 1483 3122 thue
1533 3035 1824 3104 breviter
1881 3034 2132 3116 dicam,
2186 3034 2524 3123 despectis
2580 3056 2753 3104 cun-

219 3126 354 3195 ctis
403 3124 867 3206 inferioribus,
929 3146 1229 3214 superna
1289 3123 1604 3193 velociter
1650 3122 2109 3213 amplectitur,
2164 3135 2229 3192 et
2290 3122 2373 3191 ad
2422 3122 2748 3193 ¹ludaeam

220 3214 513 3295 accedit,
570 3213 886 3301 vaditque
933 3214 1016 3283 ad
1072 3235 1268 3293 eum,
1330 3235 1531 3300 quem
1588 3213 2155 3301 concupiscebat,
2232 3235 2310 3282 ac
2359 3213 2582 3282 statim
2666 3212 2747 3280 ad

219 3316 672 3392 conspectum
712 3324 790 3371 ac
826 3324 1176 3373 sermones
1221 3308 1408 3376 JeSU.
1443 3300 1738 3370 efficitur
1772 3300 2208 3391 splendidum
2247 3301 2748 3391 receptaculum

220 3394 312 3463 ad
374 3391 741 3481 pretiosum
781 3391 1038 3481 gratiae
1077 3403 1535 3482 unguentum.
1591 3395 1818 3476 Neque
1867 3403 2089 3459 tamon
2145 3390 2239 3459 illi
2283 3390 2753 3478 frequentibus

216 3483 356 3552 fuit
402 3502 576 3571 opus
653 3480 1086 3550 sermonibus
1148 3501 1226 3549 ac
1277 3478 1631 3548 miraculis
1680 3478 1760 3547 ad
1814 3478 2003 3548 illius
2072 3481 2528 3570 cognitionem
2564 3535 2579 3561 ,
2634 3479 2749 3548 sed

214 3582 481 3660 quanto
530 3568 839 3638 doctrina
887 3591 965 3638 ac
1003 3568 1387 3659 prudentia,
1434 3568 1787 3654 animique
1814 3568 2203 3638 dexteritate
2252 3570 2317 3638 in
2369 3569 2523 3638 aliis
2560 3590 2751 3658 prae-

218 3658 548 3752 pollebat,
608 3670 789 3727 tanto
839 3658 1137 3727 velocius
1185 3670 1249 3727 et
1296 3657 1515 3746 ipsam
1574 3679 1740 3746 pure
1782 3657 2154 3734 veritatem,
2191 3671 2254 3726 et
2289 3657 2750 3748 praedicatum

218 3768 609 3819 sermonem
662 3747 1032 3836 cognoscit.
1089 3747 1182 3816 Ab
1215 3746 1341 3816 hoc
1378 3759 1678 3836 tempore
1709 3746 2002 3816 efficitur
2043 3747 2391 3836 legitimus
2425 3770 2502 3815 ac
2553 3769 2751 3817 verus

219 3837 474 3909 Christi
523 3834 931 3925 discipulus.
980 3841 1283 3922 Cumque
1341 3834 1731 3922 frequenter
1799 3836 2214 3926 praeceptori
2273 3836 2626 3916 adfuisset,
2690 3848 2753 3904 et

220 3928 380 4018 ejus
429 3926 627 4015 signa
660 3947 738 3994 ac
789 3924 1097 4015 prodigia
1129 3936 1503 3995 assectatus
1544 3936 1739 4005 esset,
1781 3947 1863 3995 ne
1913 3926 1978 3993 in
2021 3924 2443 3994 salutaribus
2473 3924 2748 4010 quidem

217 4015 446 4106 ipsius
494 4013 977 4083 afflictionibus
1025 4014 1233 4082 deest.
1281 4018 1356 4082 Et
1388 4014 1973 4100 quemadmodum
2025 4013 2352 4083 omnibus
2401 4013 2746 4091 adfuerat,

227 4108 323 4174 ita
372 4126 536 4173 sane
581 4116 645 4173 et
694 4102 1208 4172 resurrectionis
1255 4115 1658 4192 conspector
1707 4101 1856 4171 fuit.
1898 4108 2060 4172 Cum
2098 4102 2390 4193 Cleopha
2434 4102 2618 4171 enim
2667 4101 2750 4171 ad

220 4213 468 4282 agrum
514 4198 765 4262 Emaus
813 4191 1269 4282 proficiscenti
1319 4192 1598 4261 adstans
1635 4205 1781 4281 post
1816 4192 2379 4260 resurrectionem
2424 4191 2753 4260 Dominus

219 4283 295 4371 (ὁ
346 4281 623 4352 horrore
657 4281 936 4372 plenum
986 4281 1184 4350 illum
1235 4280 1641 4369 accessum),
1679 4279 2058 4350 tarditatem
2097 4302 2174 4349 ac
2230 4280 2457 4350 cordis
2514 4301 2751 4349 eorum

220 4370 770 4441 incredulitatem
848 4370 1298 4460 improperat,
1375 4383 1440 4439 et
1499 4370 2011 4459 scripturarum
2077 4370 2754 4460 interpretationibus

220 4480 420 4530 suam
459 4460 867 4551 passionem,
897 4482 974 4529 ac
1026 4480 1351 4549 magnum
1391 4458 1907 4528 resurrectionis
1936 4458 2336 4549 mysterium
2363 4458 2747 4529 confirmat.
