3347 4999
178 322 357 391 OCT.
409 323 493 387 25
822 340 900 386 nr.
947 338 1039 386 ss.
1094 337 1505 404 cnnrsmmo
1552 338 1628 386 m·
1673 337 1865 386 nAmA
1917 339 2108 387 nar.
2515 322 2642 387 705

178 466 271 477 —
324 448 361 493 «
422 426 490 495 Si
535 446 698 511 qua,
761 421 1114 513 respondit
1170 423 1682 512 Chrysanthus,
1778 435 1968 492 tenes
2053 435 2486 513 argumenta,
2577 425 2730 511 qui-

184 516 316 586 bus
367 513 433 583 id
502 512 673 583 mihi
742 532 897 582 vere
963 511 1405 600 persuadeas,
1459 523 1526 582 et
1572 511 1941 583 consilium
2012 511 2317 595 mutab0,
2384 525 2449 582 et
2513 525 2574 583 te
2623 514 2732 584 di-

184 605 475 695 ligenter
544 601 852 672 audiam.
921 605 1158 687 Itaque
1229 623 1348 690 pro
1424 601 1777 671 communi
1854 600 2146 671 utilitate
2210 602 2295 670 de
2358 601 2468 672 his
2517 602 2737 672 disse-

186 714 446 763 ramus,
488 713 523 757 »
555 730 647 742 ——
678 713 715 758 «
750 689 960 771 Nihil,
1014 689 1242 776 inquit
1291 693 1487 759 Daria
1518 743 1535 769 ,
1595 690 1819 779 magis
1868 688 2037 760 utile
2090 701 2212 760 aut
2260 691 2731 762 necessarium

176 795 284 853 est
317 779 743 860 hominibus,
777 801 987 866 quam
1022 778 1422 869 religionem
1458 778 1703 859 colere,
1741 792 1806 849 et
1835 800 2095 860 cavere,
2138 800 2244 859 ne,
2283 782 2364 848 ea
2393 779 2724 870 neglecta,

184 870 564 940 maximum
596 868 880 939 deorum
915 888 1169 937 numen
1206 867 1290 937 ad
1322 867 1494 937 iram
1530 868 2142 939 concitemus.»—
2167 889 2202 933 «
2232 871 2472 950 Quem,
2507 869 2736 956 inquit

178 958 682 1049 Chrysanthus,
721 979 761 1026 o
810 957 999 1047 virgo
1042 955 1579 1046 sapientissima,
1614 957 1879 1048 cultum
1923 956 2061 1026 diis
2099 956 2564 1027 exhibendum
2605 981 2730 1049 pu·

181 1052 334 1119 tas?
370 1070 408 1114 »
445 1086 535 1096 —
567 1070 603 1113 «
648 1051 845 1127 Eum,
903 1045 1130 1131 inquit
1186 1045 1327 1127 illa,
1386 1067 1506 1136 per
1553 1067 1758 1132 quem
1815 1046 1947 1135 ipsi
1994 1066 2270 1132 quoque
2335 1046 2550 1116 nostri
2618 1069 2737 1118 eu-

180 1137 413 1209 stodes
454 1136 645 1205 fiant.
686 1158 723 1202 »
762 1172 849 1182 -
883 1156 920 1201 «
957 1139 1267 1217 Quonam
1309 1148 1530 1223 pacto,
1567 1134 2041 1224 Chrysanthus
2081 1135 2197 1216 ait,
2254 1135 2466 1204 nostri
2502 1149 2730 1206 custo·

175 1227 304 1297 des
352 1246 501 1295 esse
554 1234 894 1324 poterunt,
946 1223 1065 1311 qui
1100 1245 1352 1294 canum
1390 1223 1523 1312 ipsi
1559 1236 1762 1314 egent
1791 1223 2131 1304 custodia,
2169 1245 2253 1292 ne
2291 1246 2331 1293 a
2373 1224 2730 1294 nocturnis

174 1313 457 1385 furibus
504 1313 949 1402 diripiantur,
1001 1313 1262 1399 quique
1308 1322 1374 1382 et
1422 1311 1660 1382 ferreis
1711 1312 2023 1403 figuntur
2060 1312 2273 1382 clavis
2321 1326 2385 1382 et
2445 1312 2731 1403 plumbo

176 1404 712 1482 confirmantur,
770 1423 854 1470 ne
909 1402 996 1470 ab
1056 1400 1291 1488 aliquo
1339 1401 1581 1489 dejecti
1639 1400 2047 1492 praecipites
2097 1404 2348 1471 ruant?
2382 1424 2418 1468 »
2473 1443 2551 1454 --
2602 1404 2732 1472 «Si

178 1491 531 1582 imperita,
570 1490 796 1577 inquit
825 1493 1049 1571 Darla,
1090 1491 1451 1560 hominum
1486 1489 1855 1560 multitudo
1897 1490 2044 1559 sine
2077 1489 2472 1561 simulacris
2509 1504 2737 1580 posset

181 1580 475 1651 numina
528 1579 774 1660 colere,
830 1601 964 1649 non
1015 1593 1193 1649 esset
1262 1579 1732 1649 necessarium
1785 1578 1905 1648 illa
1953 1579 2287 1656 conflare,
2351 1591 2417 1648 et
2478 1580 2735 1650 consti-

176 1684 400 1741 tuere.
454 1674 649 1740 Nunc
698 1679 924 1737 autem
975 1689 1057 1737 ex
1107 1689 1471 1749 marmore,
1523 1681 1589 1737 et
1635 1690 1829 1748 auro,
1883 1681 1948 1738 et
1987 1680 2293 1758 argento,
2342 1680 2548 1756 atque
2579 1690 2736 1739 aere

174 1758 678 1839 conficiuntur,
724 1770 800 1827 ut
831 1756 1128 1827 cultores
1169 1757 1469 1846 propriis
1517 1757 1739 1827 oculis
1786 1756 2080 1838 discant,
2117 1778 2290 1843 quos
2321 1758 2735 1848 cogitatione

177 1846 575 1937 complecti,
635 1845 965 1926 venerari,
1021 1846 1398 1932 timereque
1445 1845 1761 1915 debeant.
1818 1867 1854 1911 »
1887 1885 1977 1895 -
2016 1867 2051 1912 «
2089 1845 2568 1932 Disquiramus
2609 1846 2628 1913 i
2685 1846 2737 1914 i-

182 1951 325 2016 tur,
382 1935 607 2023 inquit
654 1934 1153 2024 ChrysanthuS,
1206 1934 1373 2020 quid
1413 1934 1708 2003 referant
1751 1934 1875 2004 ista
1926 1933 2323 2016 simulacra,
2359 1947 2438 2004 ut
2477 1869 2734 2005 intefii·

181 2047 466 2117 gamuS,
513 2037 744 2094 utrum
800 2023 884 2094 iis
931 2023 1355 2093 adorationis
1386 2023 1615 2093 cultus
1664 2022 2020 2094 debeatur.

277 2117 314 2200 ἓ
362 2117 445 2186 8.
502 2135 536 2179 «
591 2118 768 2183 Deus
831 2134 954 2182 nec
1003 2112 1392 2182 censendus
1424 2166 1439 2191 ,
1495 2133 1618 2180 nec
1652 2110 2157 2181 existimandus
2194 2124 2296 2180 est
2326 2112 2408 2192 is,
2440 2111 2731 2197 quivnon

179 2203 381 2273 omni
430 2203 826 2281 sanctitate,
900 2200 1258 2290 gloriaque
1315 2213 1629 2289 praestet.
1705 2199 1878 2282 Quid
1933 2201 1950 2268 i
2008 2200 2145 2270 itur
2208 2200 2413 2270 habet
2474 2200 2735 2272 falcifer

181 2297 531 2361 Saturnus
583 2290 964 2379 probitatis,
1023 2290 1141 2376 qui
1196 2289 1508 2379 proprios
1560 2288 1740 2357 filios
1792 2289 1899 2357 vix
1984 2312 2096 2358 um
2138 2289 2204 2370 in
2249 2288 2472 2358 lucem
2515 2291 2735 2360 editos

182 2377 497 2457 sustulit,
553 2378 766 2447 immo
825 2399 980 2446 vero
1028 2377 1397 2458 devoravit,
1453 2391 1526 2447 ut
1576 2377 1800 2468 ipsius
1858 2377 2155 2447 cultores
2207 2379 2736 2468 conscripsere?

180 2471 320 2538 Aut
365 2465 533 2554 quid
578 2467 645 2535 in
699 2465 717 2534 i
774 2487 848 2535 so
874 2467 1046 2536 Jove
1071 2465 1496 2536 laudandum
1546 2480 1769 2556 putas,
1823 2467 1943 2554 qui
1984 2479 2151 2554 quot
2197 2466 2346 2537 dies
2397 2468 2581 2551 vixit,
2640 2482 2733 2539 tot

182 2556 476 2645 flagitia,
534 2567 625 2625 tot
672 2577 711 2624 a
767 2554 1051 2636 ulteria,
1108 2568 1203 2625 tot
1250 2556 1621 2626 homicidia
1676 2558 2135 2646 perpetravit?
2182 2556 2553 2627 Insidiator
2612 2580 2734 2647 pa-

185 2645 340 2725 tris,
396 2644 696 2714 liliorum
749 2645 1056 2722 occisor,
1131 2656 1476 2734 stuprator
1535 2657 2049 2724 matronarum,
2103 2647 2359 2715 sororis
2410 2646 2726 2726 maritus,

179 2747 563 2823 occupator
613 2733 829 2823 regni,
874 2735 1178 2824 magicae
1225 2735 1393 2802 artis
1427 2733 1762 2815 inventor,
1811 2733 2299 2822 multiplicium
2352 2732 2730 2803 formarum

176 2821 441 2924 opifex,
480 2821 753 2892 satelles
801 2822 1244 2905 daemonum,
1284 2823 1524 2893 mortis
1554 2822 1978 2901 conciliator,
2024 2822 2108 2890 iis
2156 2821 2454 2908 denique
2501 2823 2735 2892 crimi-

180 2912 401 2982 nibus
440 2911 837 2991 obstrictus‚
892 2924 956 2980 et
1002 2933 1239 2981 eorum
1291 2911 1707 2981 architectus
1756 2910 2167 2991 facinorum,
2221 2932 2398 2996 quae
2460 2932 2543 2980 ne
2609 2934 2736 2981 au-

73 3008 81 3021 ’
178 3001 341 3071 dire
381 3000 660 3087 quidem
697 2999 800 3070 fas
847 3012 970 3071 est.
1025 3000 1152 3084 Qui
1205 3000 1415 3090 igitur
1467 3000 1618 3071 talis
1666 2999 1981 3078 extiterit,
2048 3020 2205 3067 eum
2262 3013 2334 3068 tu
2382 3021 2467 3068 ne
2511 3000 2734 3069 credi—

178 3089 377 3160 deris
403 3111 550 3159 esse
580 3089 837 3159 deum?
883 3091 1070 3169 Quod
1103 3103 1331 3159 autem
1364 3087 1517 3158 talis
1549 3087 1774 3168 fuerit,
1809 3088 2178 3176 scriptores
2207 3088 2339 3175 ipsi
2374 3099 2729 3169 testantur;

176 3178 337 3266 qui,
392 3198 565 3263 quos
635 3178 829 3247 stulti
899 3200 980 3248 ac
1041 3177 1393 3246 dementes
1464 3176 1781 3246 homines
1853 3175 2017 3245 deos
2063 3174 2456 3266 appellant,
2509 3199 2625 3248 eos
2672 3191 2736 3247 et

176 3274 411 3356 Reges
478 3265 726 3346 fuisse,
798 3278 862 3334 et
921 3266 986 3334 in
1039 3265 1239 3336 bellis
1297 3265 1617 3355 gerendis
1680 3264 1884 3334 fortes
1946 3287 2024 3334 ac
2090 3277 2442 3345 strenuos,
2496 3279 2563 3335 et
2608 3290 2733 3337 suo

174 3370 497 3442 tempore
549 3354 892 3424 interiisse
945 3367 1348 3423 memorant.
1413 3353 1706 3422 Ostende
1761 3354 1996 3444 igitur,
2035 3353 2203 3440 quid
2255 3353 2324 3421 in
2378 3355 2526 3457 ipso
2571 3362 2736 3426 Jove

173 3442 466 3514 virtutis
516 3440 741 3522 fuerit,
779 3443 900 3529 qui
949 3441 1032 3510 ad
1088 3454 1373 3511 mortem
1409 3464 1630 3529 usque
1663 3453 1800 3511 tam
1857 3442 2183 3513 inimicus
2231 3443 2447 3513 extiut
2506 3446 2736 3515 omnis

176 3530 595 3611 honestatis,
650 3544 727 3600 ut
773 3543 839 3599 et
890 3530 1116 3619 ipsum
1168 3533 1324 3600 aera
1376 3546 1579 3621 raptu
1651 3531 2070 3619 Ganymedis
2130 3532 2619 3619 coinquinarit,
2672 3546 2738 3604 et

179 3638 475 3699 terram,
529 3618 694 3687 dum
749 3639 1017 3688 sorores
1048 3619 1387 3708 proprias,
1427 3633 1503 3689 ut
1540 3619 1707 3700 dixi,
1747 3621 2236 3708 constuprarit.
2273 3627 2426 3691 ‚Iam
2467 3622 2532 3690 in
2588 3624 2738 3712 ipso

176 3708 530 3782 Mercurio
564 3706 731 3795 quid
785 3707 1245 3798 deprehendis
1292 3707 1711 3779 divinitatis?
1759 3708 1969 3798 Cujus
2005 3708 2220 3779 forma
2254 3710 2524 3798 capitiS,
2581 3733 2729 3799 por-

166 3818 350 3871 cum
390 3810 455 3866 et
491 3808 877 3867 monstrum
922 3796 1251 3877 imitatur,
1300 3797 1366 3864 in
1404 3797 1646 3867 vertice
1681 3809 1908 3867 autem
1955 3797 2177 3869 solum
2214 3798 2502 3888 capillos
2534 3799 2739 3869 habet

170 3902 250 3960 et
304 3886 502 3956 alas?
548 3886 673 3956 Hic
733 3885 1020 3975 magicis
1069 3886 1332 3955 artibus
1398 3886 1840 3957 absconditas
1888 3887 1956 3954 in
2010 3898 2184 3955 terra
2237 3888 2569 3976 pecunias
2632 3889 2739 3957 in·

176 3977 528 4066 dagabat;
580 3988 646 4044 et
686 3974 1269 4044 incantationibus
1307 3996 1387 4044 ac
1420 3976 1632 4066 virga,
1687 3987 2084 4065 serpentum
2138 3976 2326 4047 virus
2387 3977 2738 4067 extingue-

174 4068 342 4145 bat;
397 4064 604 4151 idque
665 4063 1080 4133 daemonum
1153 4063 1433 4145 auxilio,
1507 4066 1764 4151 quibus
1812 4063 2120 4150 quotidie
2183 4064 2282 4133 vel
2347 4086 2587 4145 suem,
2639 4066 2735 4136 vel

179 4152 455 4245 gallum
511 4153 875 4223 mactabat.
929 4156 1115 4235 Quae
1167 4174 1369 4242 porro
1413 4154 1478 4221 in
1518 4154 1666 4244 ipso
1699 4152 1992 4222 Hercule
2039 4155 2367 4224 sanctitas
2397 4152 2577 4225 fuit?
2610 4155 2738 4237 Qui

177 4240 439 4311 vicinis
486 4263 524 4311 e
577 4242 802 4311 medio
860 4240 1180 4310 tollendis¹
1229 4240 1577 4331 fatigatus,
1635 4242 1942 4330 seipsum
1996 4241 2231 4311 divino
2285 4256 2455 4313 nutu
2508 4245 2736 4314 vivum

178 4330 258 4400 in
319 4328 544 4418 ignem
597 4330 924 4419 conjecit,
980 4343 1044 4400 et
1090 4330 1496 4402 combustus
1551 4345 1651 4402 est
1703 4331 1911 4399 miser
1958 4353 2114 4399 cum
2168 4332 2358 4403 clava
2408 4345 2471 4403 et
2526 4333 2733 4422 pelle,

170 4439 367 4507 quas
417 4418 561 4507 ipse
608 4421 938 4509 gestabat.
996 4418 1223 4502 Quid?
1272 4424 1346 4488 In
1399 4420 1549 4510 ipso
1605 4419 1915 4511 Apolline
1963 4442 2140 4507 quae
2202 4420 2418 4491 virtus
2467 4423 2740 4491 extitit?

356 4538 596 4597 surius
621 4567 650 4583 -
688 4539 852 4599 Vetae
883 4537 988 4602 SS.
1017 4570 1042 4583 -
1068 4535 1197 4599 Vol.
1225 4535 1298 4598 X.
2503 4538 2583 4599 45
