<?xml version="1.0" encoding="UTF-8"?>
<!DOCTYPE html PUBLIC "-//W3C//DTD XHTML 1.0 Transitional//EN"
    "http://www.w3.org/TR/xhtml1/DTD/xhtml1-transitional.dtd">
<html xmlns="http://www.w3.org/1999/xhtml" xml:lang="en" lang="en">
 <head>
  <title>
</title>
<meta http-equiv="Content-Type" content="text/html;charset=utf-8" />
  <meta name='ocr-system' content='tesseract 3.04.00' />
  <meta name='ocr-capabilities' content='ocr_page ocr_carea ocr_par ocr_line ocrx_word'/>
</head>
<body>
  <div class='ocr_page' id='page_1' title='image "./historiaeseuvit03lippgoog_0726.png"; bbox 0 0 3347 4999; ppageno 0'>
   <div class='ocr_carea' id='block_1_1' title="bbox 712 355 3162 424">
    <p class='ocr_par' dir='ltr' id='par_1_1' title="bbox 712 355 3162 424">
     <span class='ocr_line' id='line_1_1' title="bbox 712 355 3162 424; baseline 0 -1"><span class='ocrx_word' id='word_1_1' title='bbox 712 361 841 424; x_wconf 78' lang='lat'>596</span> <span class='ocrx_word' id='word_1_2' title='bbox 1515 376 1594 422; x_wconf 69' lang='lat' dir='ltr'>nn</span> <span class='ocrx_word' id='word_1_3' title='bbox 1640 375 1697 422; x_wconf 91' lang='lat' dir='ltr'>s.</span> <span class='ocrx_word' id='word_1_4' title='bbox 1750 374 2024 422; x_wconf 68' lang='lat' dir='ltr'>Aanmo</span> <span class='ocrx_word' id='word_1_5' title='bbox 2071 371 2259 421; x_wconf 72' lang='lat' dir='ltr'>nar.</span> <span class='ocrx_word' id='word_1_6' title='bbox 2840 355 3015 422; x_wconf 90' lang='lat' dir='ltr'>OCT.</span> <span class='ocrx_word' id='word_1_7' title='bbox 3068 359 3162 423; x_wconf 77' lang='lat'>20</span> 
     </span>
    </p>
   </div>
   <div class='ocr_carea' id='block_1_2' title="bbox 529 458 3168 4542">
    <p class='ocr_par' dir='ltr' id='par_1_2' title="bbox 624 458 3159 550">
     <span class='ocr_line' id='line_1_2' title="bbox 624 458 3159 550; baseline -0.001 -17"><span class='ocrx_word' id='word_1_8' title='bbox 624 460 854 534; x_wconf 90' lang='lat' dir='ltr'>stellas</span> <span class='ocrx_word' id='word_1_9' title='bbox 903 459 1124 530; x_wconf 88' lang='lat' dir='ltr'>Solem</span> <span class='ocrx_word' id='word_1_10' title='bbox 1163 459 1617 549; x_wconf 88' lang='lat' dir='ltr'>amplecteris,</span> <span class='ocrx_word' id='word_1_11' title='bbox 1669 472 1735 529; x_wconf 90' lang='lat' dir='ltr'>et</span> <span class='ocrx_word' id='word_1_12' title='bbox 1769 481 1889 550; x_wconf 91' lang='lat' dir='ltr'>per</span> <span class='ocrx_word' id='word_1_13' title='bbox 1932 481 2090 528; x_wconf 91' lang='lat' dir='ltr'>eum</span> <span class='ocrx_word' id='word_1_14' title='bbox 2124 458 2619 549; x_wconf 77' lang='lat' dir='ltr'>jusJurandum</span> <span class='ocrx_word' id='word_1_15' title='bbox 2668 459 2977 550; x_wconf 81' lang='lat' dir='ltr'><strong>concipis</strong></span> <span class='ocrx_word' id='word_1_16' title='bbox 3014 465 3159 529; x_wconf 87' lang='lat' dir='ltr'>Im·</span> 
     </span>
    </p>

    <p class='ocr_par' dir='ltr' id='par_1_3' title="bbox 626 546 3163 993">
     <span class='ocr_line' id='line_1_3' title="bbox 671 546 3161 638; baseline -0 -19"><span class='ocrx_word' id='word_1_17' title='bbox 671 550 1066 629; x_wconf 79' lang='lat' dir='ltr'>aratorium,</span> <span class='ocrx_word' id='word_1_18' title='bbox 1104 570 1361 635; x_wconf 89' lang='lat' dir='ltr'>susque</span> <span class='ocrx_word' id='word_1_19' title='bbox 1405 549 1649 636; x_wconf 84' lang='lat' dir='ltr'>deque,</span> <span class='ocrx_word' id='word_1_20' title='bbox 1704 563 1769 618; x_wconf 90' lang='lat' dir='ltr'>et</span> <span class='ocrx_word' id='word_1_21' title='bbox 1800 549 1869 617; x_wconf 92' lang='lat' dir='ltr'>in</span> <span class='ocrx_word' id='word_1_22' title='bbox 1919 546 2249 638; x_wconf 88' lang='lat' dir='ltr'>epistolis,</span> <span class='ocrx_word' id='word_1_23' title='bbox 2302 548 2469 617; x_wconf 89' lang='lat' dir='ltr'>etin</span> <span class='ocrx_word' id='word_1_24' title='bbox 2519 569 2856 630; x_wconf 80' lang='lat' dir='ltr'><strong>sermone,</strong></span> <span class='ocrx_word' id='word_1_25' title='bbox 2908 560 2974 617; x_wconf 90' lang='lat' dir='ltr'>et</span> <span class='ocrx_word' id='word_1_26' title='bbox 3010 549 3161 618; x_wconf 89' lang='lat' dir='ltr'>col-</span> 
     </span>
     <span class='ocr_line' id='line_1_4' title="bbox 652 635 3160 728; baseline -0.001 -19"><span class='ocrx_word' id='word_1_27' title='bbox 652 639 962 709; x_wconf 89' lang='lat' dir='ltr'>ocutione</span> <span class='ocrx_word' id='word_1_28' title='bbox 1010 658 1124 707; x_wconf 89' lang='lat' dir='ltr'>sae</span> <span class='ocrx_word' id='word_1_29' title='bbox 1248 660 1548 727; x_wconf 79' lang='lat' dir='ltr'>usurpas</span> <span class='ocrx_word' id='word_1_30' title='bbox 1580 635 1779 718; x_wconf 89' lang='lat' dir='ltr'>illud,</span> <span class='ocrx_word' id='word_1_31' title='bbox 1818 658 1938 728; x_wconf 91' lang='lat' dir='ltr'>per</span> <span class='ocrx_word' id='word_1_32' title='bbox 1977 637 2225 705; x_wconf 91' lang='lat' dir='ltr'>Solem.</span> <span class='ocrx_word' id='word_1_33' title='bbox 2288 636 2416 706; x_wconf 91' lang='lat' dir='ltr'>Sed</span> <span class='ocrx_word' id='word_1_34' title='bbox 2465 635 2635 723; x_wconf 91' lang='lat' dir='ltr'>quid</span> <span class='ocrx_word' id='word_1_35' title='bbox 2683 659 2858 727; x_wconf 91' lang='lat' dir='ltr'>opus</span> <span class='ocrx_word' id='word_1_36' title='bbox 2902 650 3006 707; x_wconf 88' lang='lat' dir='ltr'>est</span> <span class='ocrx_word' id='word_1_37' title='bbox 3052 638 3160 708; x_wconf 90' lang='lat' dir='ltr'>uti</span> 
     </span>
     <span class='ocr_line' id='line_1_5' title="bbox 626 659 3158 818; baseline -0 -22"><span class='ocrx_word' id='word_1_38' title='bbox 626 727 948 818; x_wconf 87' lang='lat' dir='ltr'>pluribus</span> <span class='ocrx_word' id='word_1_39' title='bbox 1017 659 1286 796; x_wconf 60' lang='lat' dir='ltr'>verffis?</span> <span class='ocrx_word' id='word_1_40' title='bbox 1333 731 1472 795; x_wconf 87' lang='lat' dir='ltr'>Non</span> <span class='ocrx_word' id='word_1_41' title='bbox 1541 725 1787 813; x_wconf 81' lang='lat' dir='ltr'>abjuro</span> <span class='ocrx_word' id='word_1_42' title='bbox 1842 726 2185 795; x_wconf 82' lang='lat' dir='ltr'>Christum</span> <span class='ocrx_word' id='word_1_43' title='bbox 2250 747 2506 796; x_wconf 89' lang='lat' dir='ltr'>meum.</span> <span class='ocrx_word' id='word_1_44' title='bbox 2558 726 2769 795; x_wconf 78' lang='lat' dir='ltr'>Absit.</span> <span class='ocrx_word' id='word_1_45' title='bbox 2835 727 3158 795; x_wconf 86' lang='lat' dir='ltr'>Gentium</span> 
     </span>
     <span class='ocr_line' id='line_1_6' title="bbox 627 813 3163 904; baseline 0 -19"><span class='ocrx_word' id='word_1_46' title='bbox 627 815 1077 886; x_wconf 82' lang='lat' dir='ltr'>execrandam</span> <span class='ocrx_word' id='word_1_47' title='bbox 1132 836 1265 884; x_wconf 90' lang='lat' dir='ltr'>non</span> <span class='ocrx_word' id='word_1_48' title='bbox 1317 815 1602 884; x_wconf 81' lang='lat' dir='ltr'>admitto</span> <span class='ocrx_word' id='word_1_49' title='bbox 1667 815 2085 904; x_wconf 76' lang='lat' dir='ltr'>impietatem</span> <span class='ocrx_word' id='word_1_50' title='bbox 2121 869 2137 895; x_wconf 95' lang='lat'><strong><em>‚</em></strong></span> <span class='ocrx_word' id='word_1_51' title='bbox 2192 813 2307 884; x_wconf 91' lang='lat' dir='ltr'>sed</span> <span class='ocrx_word' id='word_1_52' title='bbox 2373 814 2666 884; x_wconf 91' lang='lat' dir='ltr'>manebo</span> <span class='ocrx_word' id='word_1_53' title='bbox 2712 815 2780 882; x_wconf 92' lang='lat' dir='ltr'>in</span> <span class='ocrx_word' id='word_1_54' title='bbox 2832 814 2920 885; x_wconf 92' lang='lat' dir='ltr'>iis</span> <span class='ocrx_word' id='word_1_55' title='bbox 2978 837 3163 903; x_wconf 86' lang='lat' dir='ltr'>quae</span> 
     </span>
     <span class='ocr_line' id='line_1_7' title="bbox 627 902 2232 993; baseline -0.002 -20"><span class='ocrx_word' id='word_1_56' title='bbox 627 905 866 984; x_wconf 89' lang='lat' dir='ltr'>didici,</span> <span class='ocrx_word' id='word_1_57' title='bbox 922 916 986 973; x_wconf 91' lang='lat' dir='ltr'>et</span> <span class='ocrx_word' id='word_1_58' title='bbox 1037 916 1354 993; x_wconf 89' lang='lat' dir='ltr'>paternas</span> <span class='ocrx_word' id='word_1_59' title='bbox 1402 904 1707 973; x_wconf 75' lang='lat' dir='ltr'>retinebo</span> <span class='ocrx_word' id='word_1_60' title='bbox 1741 902 2163 973; x_wconf 82' lang='lat' dir='ltr'>traditiones,</span> <span class='ocrx_word' id='word_1_61' title='bbox 2196 926 2232 968; x_wconf 84' lang='lat'><strong>»</strong></span> 
     </span>
    </p>

    <p class='ocr_par' dir='ltr' id='par_1_4' title="bbox 529 989 3165 3628">
     <span class='ocr_line' id='line_1_8' title="bbox 711 989 3161 1084; baseline -0.002 -18"><span class='ocrx_word' id='word_1_62' title='bbox 711 997 748 1080; x_wconf 68' lang='grc' dir='ltr'><strong>ξ</strong></span> <span class='ocrx_word' id='word_1_63' title='bbox 794 997 941 1065; x_wconf 76' lang='lat'>81.</span> <span class='ocrx_word' id='word_1_64' title='bbox 995 993 1116 1061; x_wconf 84' lang='lat' dir='ltr'>His</span> <span class='ocrx_word' id='word_1_65' title='bbox 1145 992 1476 1063; x_wconf 85' lang='lat' dir='ltr'>Julianus</span> <span class='ocrx_word' id='word_1_66' title='bbox 1515 994 1582 1060; x_wconf 88' lang='lat' dir='ltr'>in</span> <span class='ocrx_word' id='word_1_67' title='bbox 1627 1014 1971 1061; x_wconf 89' lang='lat' dir='ltr'>summam</span> <span class='ocrx_word' id='word_1_68' title='bbox 2004 990 2345 1061; x_wconf 89' lang='lat' dir='ltr'>adductus</span> <span class='ocrx_word' id='word_1_69' title='bbox 2377 989 2902 1072; x_wconf 87' lang='lat' dir='ltr'>dubitationem,</span> <span class='ocrx_word' id='word_1_70' title='bbox 2951 992 3161 1084; x_wconf 89' lang='lat' dir='ltr'>plane</span> 
     </span>
     <span class='ocr_line' id='line_1_9' title="bbox 625 1079 3158 1181; baseline 0 -30"><span class='ocrx_word' id='word_1_71' title='bbox 625 1082 994 1162; x_wconf 88' lang='lat' dir='ltr'>obmutuit,</span> <span class='ocrx_word' id='word_1_72' title='bbox 1050 1081 1363 1150; x_wconf 88' lang='lat' dir='ltr'>nesciens</span> <span class='ocrx_word' id='word_1_73' title='bbox 1391 1080 1557 1168; x_wconf 91' lang='lat' dir='ltr'>quid</span> <span class='ocrx_word' id='word_1_74' title='bbox 1598 1093 1848 1181; x_wconf 82' lang='lat' dir='ltr'>ageret,</span> <span class='ocrx_word' id='word_1_75' title='bbox 1902 1103 1981 1149; x_wconf 87' lang='lat' dir='ltr'>ac</span> <span class='ocrx_word' id='word_1_76' title='bbox 2024 1080 2220 1149; x_wconf 91' lang='lat' dir='ltr'>valde</span> <span class='ocrx_word' id='word_1_77' title='bbox 2274 1079 2629 1150; x_wconf 89' lang='lat' dir='ltr'>admirans</span> <span class='ocrx_word' id='word_1_78' title='bbox 2677 1083 2992 1181; x_wconf 70' lang='lat' dir='ltr'>Martyris</span> <span class='ocrx_word' id='word_1_79' title='bbox 3047 1104 3158 1151; x_wconf 84' lang='lat' dir='ltr'>va·</span> 
     </span>
     <span class='ocr_line' id='line_1_10' title="bbox 626 1168 3150 1259; baseline -0 -20"><span class='ocrx_word' id='word_1_80' title='bbox 626 1171 798 1240; x_wconf 92' lang='lat' dir='ltr'>riam</span> <span class='ocrx_word' id='word_1_81' title='bbox 835 1192 914 1239; x_wconf 89' lang='lat' dir='ltr'>ac</span> <span class='ocrx_word' id='word_1_82' title='bbox 965 1168 1416 1259; x_wconf 77' lang='lat' dir='ltr'>multiplicem</span> <span class='ocrx_word' id='word_1_83' title='bbox 1449 1170 1856 1250; x_wconf 75' lang='lat' dir='ltr'>doctrinam,</span> <span class='ocrx_word' id='word_1_84' title='bbox 1895 1182 1959 1238; x_wconf 93' lang='lat' dir='ltr'>et</span> <span class='ocrx_word' id='word_1_85' title='bbox 2005 1169 2088 1237; x_wconf 92' lang='lat' dir='ltr'>ad</span> <span class='ocrx_word' id='word_1_86' title='bbox 2129 1168 2683 1257; x_wconf 89' lang='lat' dir='ltr'>respondendum</span> <span class='ocrx_word' id='word_1_87' title='bbox 2728 1168 3150 1240; x_wconf 75' lang='lat' dir='ltr'>facilitatem.</span> 
     </span>
     <span class='ocr_line' id='line_1_11' title="bbox 627 1258 3153 1347; baseline -0.001 -18"><span class='ocrx_word' id='word_1_88' title='bbox 627 1260 744 1329; x_wconf 89' lang='lat' dir='ltr'>Cui</span> <span class='ocrx_word' id='word_1_89' title='bbox 782 1281 1024 1330; x_wconf 91' lang='lat' dir='ltr'>rursus</span> <span class='ocrx_word' id='word_1_90' title='bbox 1061 1258 1228 1327; x_wconf 90' lang='lat' dir='ltr'>dicit</span> <span class='ocrx_word' id='word_1_91' title='bbox 1253 1258 1497 1327; x_wconf 83' lang='lat' dir='ltr'>Christi</span> <span class='ocrx_word' id='word_1_92' title='bbox 1547 1264 1837 1347; x_wconf 84' lang='lat' dir='ltr'>Martyr:</span> <span class='ocrx_word' id='word_1_93' title='bbox 1891 1281 1927 1324; x_wconf 88' lang='lat'>«</span> <span class='ocrx_word' id='word_1_94' title='bbox 1962 1258 2251 1338; x_wconf 88' lang='lat' dir='ltr'>Dimitte,</span> <span class='ocrx_word' id='word_1_95' title='bbox 2290 1262 2752 1347; x_wconf 89' lang='lat' dir='ltr'>olmperator,</span> <span class='ocrx_word' id='word_1_96' title='bbox 2783 1258 2930 1346; x_wconf 89' lang='lat' dir='ltr'>jam</span> <span class='ocrx_word' id='word_1_97' title='bbox 2971 1280 3153 1328; x_wconf 89' lang='lat' dir='ltr'>mor-</span> 
     </span>
     <span class='ocr_line' id='line_1_12' title="bbox 626 1346 3150 1438; baseline 0 -22"><span class='ocrx_word' id='word_1_98' title='bbox 626 1361 815 1417; x_wconf 88' lang='lat' dir='ltr'>tuam</span> <span class='ocrx_word' id='word_1_99' title='bbox 850 1360 915 1416; x_wconf 87' lang='lat' dir='ltr'>et</span> <span class='ocrx_word' id='word_1_100' title='bbox 947 1347 1266 1416; x_wconf 87' lang='lat' dir='ltr'>foetidam</span> <span class='ocrx_word' id='word_1_101' title='bbox 1319 1348 1622 1436; x_wconf 88' lang='lat' dir='ltr'>gentium</span> <span class='ocrx_word' id='word_1_102' title='bbox 1660 1347 2058 1438; x_wconf 86' lang='lat' dir='ltr'>religionem</span> <span class='ocrx_word' id='word_1_103' title='bbox 2107 1346 2217 1435; x_wconf 89' lang='lat' dir='ltr'>(ea</span> <span class='ocrx_word' id='word_1_104' title='bbox 2263 1346 2447 1415; x_wconf 90' lang='lat' dir='ltr'>enim</span> <span class='ocrx_word' id='word_1_105' title='bbox 2474 1349 2620 1435; x_wconf 89' lang='lat' dir='ltr'>jam</span> <span class='ocrx_word' id='word_1_106' title='bbox 2655 1347 2779 1416; x_wconf 90' lang='lat' dir='ltr'>diu</span> <span class='ocrx_word' id='word_1_107' title='bbox 2829 1348 3150 1437; x_wconf 90' lang='lat' dir='ltr'>putruit),</span> 
     </span>
     <span class='ocr_line' id='line_1_13' title="bbox 628 1434 3155 1526; baseline -0 -20"><span class='ocrx_word' id='word_1_108' title='bbox 628 1448 695 1506; x_wconf 88' lang='lat' dir='ltr'>et</span> <span class='ocrx_word' id='word_1_109' title='bbox 726 1436 971 1506; x_wconf 85' lang='lat' dir='ltr'>accede</span> <span class='ocrx_word' id='word_1_110' title='bbox 1019 1436 1101 1504; x_wconf 90' lang='lat' dir='ltr'>ad</span> <span class='ocrx_word' id='word_1_111' title='bbox 1134 1436 1498 1506; x_wconf 81' lang='lat' dir='ltr'>Christum:</span> <span class='ocrx_word' id='word_1_112' title='bbox 1545 1448 1648 1505; x_wconf 90' lang='lat' dir='ltr'>est</span> <span class='ocrx_word' id='word_1_113' title='bbox 1694 1437 1876 1504; x_wconf 91' lang='lat' dir='ltr'>enim</span> <span class='ocrx_word' id='word_1_114' title='bbox 1930 1436 2297 1526; x_wconf 82' lang='lat' dir='ltr'>benignuS,</span> <span class='ocrx_word' id='word_1_115' title='bbox 2327 1448 2392 1503; x_wconf 88' lang='lat' dir='ltr'>et</span> <span class='ocrx_word' id='word_1_116' title='bbox 2422 1434 2748 1518; x_wconf 90' lang='lat' dir='ltr'>clemens,</span> <span class='ocrx_word' id='word_1_117' title='bbox 2792 1450 2857 1507; x_wconf 92' lang='lat' dir='ltr'>et</span> <span class='ocrx_word' id='word_1_118' title='bbox 2905 1449 2968 1505; x_wconf 90' lang='lat' dir='ltr'>te</span> <span class='ocrx_word' id='word_1_119' title='bbox 3015 1458 3155 1505; x_wconf 91' lang='lat' dir='ltr'>non</span> 
     </span>
     <span class='ocr_line' id='line_1_14' title="bbox 627 1523 3159 1615; baseline 0 -21"><span class='ocrx_word' id='word_1_120' title='bbox 627 1524 930 1615; x_wconf 88' lang='lat' dir='ltr'>repellet,</span> <span class='ocrx_word' id='word_1_121' title='bbox 978 1525 1036 1595; x_wconf 87' lang='lat' dir='ltr'>si</span> <span class='ocrx_word' id='word_1_122' title='bbox 1083 1524 1361 1595; x_wconf 87' lang='lat' dir='ltr'>ducaris</span> <span class='ocrx_word' id='word_1_123' title='bbox 1397 1525 1833 1615; x_wconf 76' lang='lat' dir='ltr'>poenitentia.</span> <span class='ocrx_word' id='word_1_124' title='bbox 1889 1524 2013 1594; x_wconf 92' lang='lat' dir='ltr'>Sed</span> <span class='ocrx_word' id='word_1_125' title='bbox 2065 1523 2211 1592; x_wconf 87' lang='lat' dir='ltr'>fieri</span> <span class='ocrx_word' id='word_1_126' title='bbox 2261 1545 2397 1594; x_wconf 91' lang='lat' dir='ltr'>non</span> <span class='ocrx_word' id='word_1_127' title='bbox 2450 1536 2732 1614; x_wconf 91' lang='lat' dir='ltr'>poterat,</span> <span class='ocrx_word' id='word_1_128' title='bbox 2776 1540 2852 1595; x_wconf 92' lang='lat' dir='ltr'>ut</span> <span class='ocrx_word' id='word_1_129' title='bbox 2899 1531 3159 1615; x_wconf 79' lang='lat' dir='ltr'>Martyr</span> 
     </span>
     <span class='ocr_line' id='line_1_15' title="bbox 627 1611 3159 1703; baseline 0 -21"><span class='ocrx_word' id='word_1_130' title='bbox 627 1615 968 1684; x_wconf 89' lang='lat' dir='ltr'>resisteret</span> <span class='ocrx_word' id='word_1_131' title='bbox 1015 1614 1300 1703; x_wconf 87' lang='lat' dir='ltr'>impetui</span> <span class='ocrx_word' id='word_1_132' title='bbox 1351 1615 1644 1693; x_wconf 89' lang='lat' dir='ltr'>animae,</span> <span class='ocrx_word' id='word_1_133' title='bbox 1684 1634 1861 1700; x_wconf 90' lang='lat' dir='ltr'>quae</span> <span class='ocrx_word' id='word_1_134' title='bbox 1895 1611 2073 1681; x_wconf 89' lang='lat' dir='ltr'>mala</span> <span class='ocrx_word' id='word_1_135' title='bbox 2126 1612 2371 1682; x_wconf 91' lang='lat' dir='ltr'>lubens</span> <span class='ocrx_word' id='word_1_136' title='bbox 2416 1635 2494 1681; x_wconf 92' lang='lat' dir='ltr'>ac</span> <span class='ocrx_word' id='word_1_137' title='bbox 2537 1612 2769 1682; x_wconf 90' lang='lat' dir='ltr'>volens</span> <span class='ocrx_word' id='word_1_138' title='bbox 2825 1614 3159 1701; x_wconf 89' lang='lat' dir='ltr'>sequeba-</span> 
     </span>
     <span class='ocr_line' id='line_1_16' title="bbox 627 1701 3159 1790; baseline 0 -19"><span class='ocrx_word' id='word_1_139' title='bbox 627 1718 760 1784; x_wconf 91' lang='lat' dir='ltr'>tur,</span> <span class='ocrx_word' id='word_1_140' title='bbox 817 1725 938 1772; x_wconf 89' lang='lat' dir='ltr'>nec</span> <span class='ocrx_word' id='word_1_141' title='bbox 977 1715 1054 1775; x_wconf 86' lang='lat' dir='ltr'>ut</span> <span class='ocrx_word' id='word_1_142' title='bbox 1104 1715 1443 1771; x_wconf 88' lang='lat' dir='ltr'>revocaret</span> <span class='ocrx_word' id='word_1_143' title='bbox 1490 1702 1821 1783; x_wconf 89' lang='lat' dir='ltr'>animam,</span> <span class='ocrx_word' id='word_1_144' title='bbox 1875 1723 2052 1788; x_wconf 90' lang='lat' dir='ltr'>quae</span> <span class='ocrx_word' id='word_1_145' title='bbox 2100 1723 2225 1770; x_wconf 91' lang='lat' dir='ltr'>sua</span> <span class='ocrx_word' id='word_1_146' title='bbox 2274 1715 2514 1790; x_wconf 90' lang='lat' dir='ltr'>sponte</span> <span class='ocrx_word' id='word_1_147' title='bbox 2563 1701 2882 1772; x_wconf 91' lang='lat' dir='ltr'>tendebat</span> <span class='ocrx_word' id='word_1_148' title='bbox 2930 1703 3011 1771; x_wconf 91' lang='lat' dir='ltr'>ad</span> <span class='ocrx_word' id='word_1_149' title='bbox 3051 1704 3159 1771; x_wconf 89' lang='lat' dir='ltr'>in-</span> 
     </span>
     <span class='ocr_line' id='line_1_17' title="bbox 632 1789 3161 1891; baseline 0 -32"><span class='ocrx_word' id='word_1_150' title='bbox 632 1792 973 1861; x_wconf 79' lang='lat' dir='ltr'>teritum.»</span> <span class='ocrx_word' id='word_1_151' title='bbox 1012 1790 1335 1860; x_wconf 81' lang='lat' dir='ltr'>Julianus</span> <span class='ocrx_word' id='word_1_152' title='bbox 1382 1791 1564 1858; x_wconf 91' lang='lat' dir='ltr'>enim</span> <span class='ocrx_word' id='word_1_153' title='bbox 1608 1790 1753 1877; x_wconf 88' lang='lat' dir='ltr'>jam</span> <span class='ocrx_word' id='word_1_154' title='bbox 1803 1790 1923 1859; x_wconf 92' lang='lat' dir='ltr'>diu</span> <span class='ocrx_word' id='word_1_155' title='bbox 1971 1789 2250 1877; x_wconf 90' lang='lat' dir='ltr'>quidem</span> <span class='ocrx_word' id='word_1_156' title='bbox 2309 1792 2540 1859; x_wconf 89' lang='lat' dir='ltr'>animo</span> <span class='ocrx_word' id='word_1_157' title='bbox 2591 1792 2979 1891; x_wconf 87' lang='lat' dir='ltr'>parturiens</span> <span class='ocrx_word' id='word_1_158' title='bbox 3026 1791 3161 1860; x_wconf 86' lang='lat' dir='ltr'>fal-</span> 
     </span>
     <span class='ocr_line' id='line_1_18' title="bbox 629 1878 3161 1980; baseline -0 -31"><span class='ocrx_word' id='word_1_159' title='bbox 629 1901 773 1949; x_wconf 86' lang='lat' dir='ltr'>sam</span> <span class='ocrx_word' id='word_1_160' title='bbox 809 1879 1115 1980; x_wconf 88' lang='lat' dir='ltr'>gentium</span> <span class='ocrx_word' id='word_1_161' title='bbox 1171 1878 1592 1968; x_wconf 83' lang='lat' dir='ltr'>religionem,</span> <span class='ocrx_word' id='word_1_162' title='bbox 1628 1900 1832 1965; x_wconf 88' lang='lat' dir='ltr'>quam</span> <span class='ocrx_word' id='word_1_163' title='bbox 1885 1891 2289 1967; x_wconf 89' lang='lat' dir='ltr'>conceperat</span> <span class='ocrx_word' id='word_1_164' title='bbox 2337 1878 2406 1947; x_wconf 90' lang='lat' dir='ltr'>in</span> <span class='ocrx_word' id='word_1_165' title='bbox 2454 1879 2652 1948; x_wconf 81' lang='lat' dir='ltr'>Jonta</span> <span class='ocrx_word' id='word_1_166' title='bbox 2693 1901 2773 1948; x_wconf 85' lang='lat' dir='ltr'>ex</span> <span class='ocrx_word' id='word_1_167' title='bbox 2819 1902 2947 1948; x_wconf 91' lang='lat' dir='ltr'>sua</span> <span class='ocrx_word' id='word_1_168' title='bbox 2994 1902 3161 1948; x_wconf 89' lang='lat' dir='ltr'>con-</span> 
     </span>
     <span class='ocr_line' id='line_1_19' title="bbox 630 1966 3161 2057; baseline 0 -20"><span class='ocrx_word' id='word_1_169' title='bbox 630 1989 979 2057; x_wconf 78' lang='lat' dir='ltr'>gressione</span> <span class='ocrx_word' id='word_1_170' title='bbox 1011 1989 1168 2036; x_wconf 91' lang='lat' dir='ltr'>cum</span> <span class='ocrx_word' id='word_1_171' title='bbox 1224 1968 1509 2036; x_wconf 82' lang='lat' dir='ltr'>Maximo</span> <span class='ocrx_word' id='word_1_172' title='bbox 1557 1967 1758 2056; x_wconf 82' lang='lat' dir='ltr'>Tyrio</span> <span class='ocrx_word' id='word_1_173' title='bbox 1821 1966 2269 2057; x_wconf 85' lang='lat' dir='ltr'>Philosopho‚</span> <span class='ocrx_word' id='word_1_174' title='bbox 2321 1967 2658 2054; x_wconf 87' lang='lat' dir='ltr'>quamdiu</span> <span class='ocrx_word' id='word_1_175' title='bbox 2694 1967 2971 2055; x_wconf 91' lang='lat' dir='ltr'>quidem</span> <span class='ocrx_word' id='word_1_176' title='bbox 3041 1992 3161 2038; x_wconf 91' lang='lat' dir='ltr'>su-</span> 
     </span>
     <span class='ocr_line' id='line_1_20' title="bbox 631 2056 3159 2147; baseline 0 -22"><span class='ocrx_word' id='word_1_177' title='bbox 631 2070 888 2147; x_wconf 88' lang='lat' dir='ltr'>perstes</span> <span class='ocrx_word' id='word_1_178' title='bbox 926 2056 1054 2125; x_wconf 80' lang='lat' dir='ltr'>suit</span> <span class='ocrx_word' id='word_1_179' title='bbox 1098 2056 1249 2146; x_wconf 89' lang='lat' dir='ltr'>ejus</span> <span class='ocrx_word' id='word_1_180' title='bbox 1295 2056 1536 2133; x_wconf 87' lang='lat' dir='ltr'>frater,</span> <span class='ocrx_word' id='word_1_181' title='bbox 1589 2069 1653 2125; x_wconf 90' lang='lat' dir='ltr'>et</span> <span class='ocrx_word' id='word_1_182' title='bbox 1702 2069 1850 2146; x_wconf 92' lang='lat' dir='ltr'>post</span> <span class='ocrx_word' id='word_1_183' title='bbox 1922 2056 2150 2146; x_wconf 89' lang='lat' dir='ltr'>ipsum</span> <span class='ocrx_word' id='word_1_184' title='bbox 2204 2058 2661 2137; x_wconf 81' lang='lat' dir='ltr'>ConstantiuS,</span> <span class='ocrx_word' id='word_1_185' title='bbox 2716 2057 2891 2125; x_wconf 92' lang='lat' dir='ltr'>nihil</span> <span class='ocrx_word' id='word_1_186' title='bbox 2939 2079 3159 2126; x_wconf 90' lang='lat' dir='ltr'>ausus</span> 
     </span>
     <span class='ocr_line' id='line_1_21' title="bbox 627 2144 3162 2234; baseline 0 -20"><span class='ocrx_word' id='word_1_187' title='bbox 627 2158 729 2215; x_wconf 91' lang='lat' dir='ltr'>est</span> <span class='ocrx_word' id='word_1_188' title='bbox 766 2144 1030 2234; x_wconf 87' lang='lat' dir='ltr'>aperire</span> <span class='ocrx_word' id='word_1_189' title='bbox 1098 2156 1366 2234; x_wconf 86' lang='lat' dir='ltr'>propter</span> <span class='ocrx_word' id='word_1_190' title='bbox 1414 2144 1690 2213; x_wconf 87' lang='lat' dir='ltr'>illorum</span> <span class='ocrx_word' id='word_1_191' title='bbox 1744 2155 2025 2213; x_wconf 88' lang='lat' dir='ltr'>metum.</span> <span class='ocrx_word' id='word_1_192' title='bbox 2089 2148 2452 2231; x_wconf 88' lang='lat' dir='ltr'>Postquam</span> <span class='ocrx_word' id='word_1_193' title='bbox 2504 2157 2731 2214; x_wconf 88' lang='lat' dir='ltr'>autem</span> <span class='ocrx_word' id='word_1_194' title='bbox 2783 2147 2829 2214; x_wconf 90' lang='lat' dir='ltr'>ii</span> <span class='ocrx_word' id='word_1_195' title='bbox 2887 2167 2923 2215; x_wconf 94' lang='lat' dir='ltr'>e</span> <span class='ocrx_word' id='word_1_196' title='bbox 2985 2147 3162 2215; x_wconf 85' lang='lat' dir='ltr'>vivis</span> 
     </span>
     <span class='ocr_line' id='line_1_22' title="bbox 629 2232 3163 2324; baseline 0 -22"><span class='ocrx_word' id='word_1_197' title='bbox 629 2244 1083 2312; x_wconf 83' lang='lat' dir='ltr'>excesserunt,</span> <span class='ocrx_word' id='word_1_198' title='bbox 1122 2232 1270 2321; x_wconf 90' lang='lat' dir='ltr'>ipse</span> <span class='ocrx_word' id='word_1_199' title='bbox 1316 2254 1471 2301; x_wconf 87' lang='lat' dir='ltr'>vero</span> <span class='ocrx_word' id='word_1_200' title='bbox 1500 2234 1646 2322; x_wconf 88' lang='lat' dir='ltr'>jam</span> <span class='ocrx_word' id='word_1_201' title='bbox 1700 2254 1927 2301; x_wconf 87' lang='lat' dir='ltr'>rerum</span> <span class='ocrx_word' id='word_1_202' title='bbox 1982 2232 2350 2323; x_wconf 88' lang='lat' dir='ltr'>potiretur:</span> <span class='ocrx_word' id='word_1_203' title='bbox 2405 2245 2569 2303; x_wconf 88' lang='lat' dir='ltr'>tunc</span> <span class='ocrx_word' id='word_1_204' title='bbox 2612 2235 2759 2323; x_wconf 90' lang='lat' dir='ltr'>ipse</span> <span class='ocrx_word' id='word_1_205' title='bbox 2807 2256 2877 2303; x_wconf 87' lang='lat' dir='ltr'>se</span> <span class='ocrx_word' id='word_1_206' title='bbox 2926 2247 3163 2324; x_wconf 89' lang='lat' dir='ltr'>aperte</span> 
     </span>
     <span class='ocr_line' id='line_1_23' title="bbox 632 2320 3155 2420; baseline 0.001 -31"><span class='ocrx_word' id='word_1_207' title='bbox 632 2342 912 2401; x_wconf 85' lang='lat' dir='ltr'>exuens,</span> <span class='ocrx_word' id='word_1_208' title='bbox 968 2334 1239 2420; x_wconf 88' lang='lat' dir='ltr'>repente</span> <span class='ocrx_word' id='word_1_209' title='bbox 1289 2333 1424 2389; x_wconf 86' lang='lat' dir='ltr'>toto</span> <span class='ocrx_word' id='word_1_210' title='bbox 1470 2320 1686 2389; x_wconf 88' lang='lat' dir='ltr'>animi</span> <span class='ocrx_word' id='word_1_211' title='bbox 1735 2321 1960 2389; x_wconf 87' lang='lat' dir='ltr'>studio</span> <span class='ocrx_word' id='word_1_212' title='bbox 1992 2321 2220 2411; x_wconf 88' lang='lat' dir='ltr'>erupit</span> <span class='ocrx_word' id='word_1_213' title='bbox 2278 2320 2360 2389; x_wconf 92' lang='lat' dir='ltr'>ad</span> <span class='ocrx_word' id='word_1_214' title='bbox 2403 2322 2708 2413; x_wconf 90' lang='lat' dir='ltr'>gentium</span> <span class='ocrx_word' id='word_1_215' title='bbox 2761 2323 3155 2391; x_wconf 88' lang='lat' dir='ltr'>vanitatem.</span> 
     </span>
     <span class='ocr_line' id='line_1_24' title="bbox 631 2408 3161 2502; baseline 0.001 -24"><span class='ocrx_word' id='word_1_216' title='bbox 631 2408 1004 2498; x_wconf 88' lang='lat' dir='ltr'>Respondit</span> <span class='ocrx_word' id='word_1_217' title='bbox 1037 2421 1265 2494; x_wconf 76' lang='lat' dir='ltr'>itaque</span> <span class='ocrx_word' id='word_1_218' title='bbox 1311 2410 1617 2498; x_wconf 85' lang='lat' dir='ltr'>Martyri:</span> <span class='ocrx_word' id='word_1_219' title='bbox 1663 2432 1699 2474; x_wconf 84' lang='lat'>«</span> <span class='ocrx_word' id='word_1_220' title='bbox 1736 2410 2069 2491; x_wconf 85' lang='lat' dir='ltr'>Quoniam</span> <span class='ocrx_word' id='word_1_221' title='bbox 2121 2431 2271 2477; x_wconf 90' lang='lat' dir='ltr'>mea</span> <span class='ocrx_word' id='word_1_222' title='bbox 2319 2412 2521 2479; x_wconf 90' lang='lat' dir='ltr'>verba</span> <span class='ocrx_word' id='word_1_223' title='bbox 2567 2412 3069 2502; x_wconf 89' lang='lat' dir='ltr'>contempsisti,</span> <span class='ocrx_word' id='word_1_224' title='bbox 3121 2433 3161 2480; x_wconf 96' lang='lat' dir='ltr'>o</span> 
     </span>
     <span class='ocr_line' id='line_1_25' title="bbox 630 2496 3163 2589; baseline 0.001 -22"><span class='ocrx_word' id='word_1_225' title='bbox 630 2497 1034 2567; x_wconf 86' lang='lat' dir='ltr'>sceleratum</span> <span class='ocrx_word' id='word_1_226' title='bbox 1081 2511 1312 2588; x_wconf 91' lang='lat' dir='ltr'>caput,</span> <span class='ocrx_word' id='word_1_227' title='bbox 1366 2521 1580 2568; x_wconf 90' lang='lat' dir='ltr'>ausus</span> <span class='ocrx_word' id='word_1_228' title='bbox 1616 2519 1691 2567; x_wconf 92' lang='lat' dir='ltr'>es</span> <span class='ocrx_word' id='word_1_229' title='bbox 1728 2512 1953 2567; x_wconf 89' lang='lat' dir='ltr'>autern</span> <span class='ocrx_word' id='word_1_230' title='bbox 1993 2496 2093 2567; x_wconf 89' lang='lat' dir='ltr'>vel</span> <span class='ocrx_word' id='word_1_231' title='bbox 2141 2497 2363 2568; x_wconf 84' lang='lat' dir='ltr'>facere</span> <span class='ocrx_word' id='word_1_232' title='bbox 2413 2497 2822 2589; x_wconf 88' lang='lat' dir='ltr'>periculum,</span> <span class='ocrx_word' id='word_1_233' title='bbox 2876 2514 2952 2568; x_wconf 90' lang='lat' dir='ltr'>ut</span> <span class='ocrx_word' id='word_1_234' title='bbox 2998 2524 3163 2570; x_wconf 91' lang='lat' dir='ltr'>con·</span> 
     </span>
     <span class='ocr_line' id='line_1_26' title="bbox 630 2586 3161 2679; baseline 0.002 -25"><span class='ocrx_word' id='word_1_235' title='bbox 630 2600 923 2656; x_wconf 85' lang='lat' dir='ltr'>verterer</span> <span class='ocrx_word' id='word_1_236' title='bbox 959 2586 1042 2654; x_wconf 82' lang='lat' dir='ltr'>ad</span> <span class='ocrx_word' id='word_1_237' title='bbox 1076 2586 1422 2668; x_wconf 91' lang='lat' dir='ltr'>eumdem,</span> <span class='ocrx_word' id='word_1_238' title='bbox 1478 2586 1560 2655; x_wconf 90' lang='lat' dir='ltr'>ad</span> <span class='ocrx_word' id='word_1_239' title='bbox 1609 2609 1813 2674; x_wconf 89' lang='lat' dir='ltr'>quem</span> <span class='ocrx_word' id='word_1_240' title='bbox 1853 2602 1948 2668; x_wconf 92' lang='lat' dir='ltr'>tu,</span> <span class='ocrx_word' id='word_1_241' title='bbox 1981 2588 2225 2657; x_wconf 89' lang='lat' dir='ltr'>Christi</span> <span class='ocrx_word' id='word_1_242' title='bbox 2274 2586 2563 2669; x_wconf 90' lang='lat' dir='ltr'>cultum,</span> <span class='ocrx_word' id='word_1_243' title='bbox 2616 2611 2741 2679; x_wconf 89' lang='lat' dir='ltr'>ego</span> <span class='ocrx_word' id='word_1_244' title='bbox 2787 2610 3065 2676; x_wconf 88' lang='lat' dir='ltr'>quoque</span> <span class='ocrx_word' id='word_1_245' title='bbox 3100 2601 3161 2659; x_wconf 90' lang='lat' dir='ltr'>te</span> 
     </span>
     <span class='ocr_line' id='line_1_27' title="bbox 529 2675 3157 2777; baseline 0.003 -39"><span class='ocrx_word' id='word_1_246' title='bbox 529 2733 530 2738; x_wconf 75' lang='grc'>,</span> <span class='ocrx_word' id='word_1_247' title='bbox 629 2675 860 2766; x_wconf 86' lang='lat' dir='ltr'>dignis</span> <span class='ocrx_word' id='word_1_248' title='bbox 888 2676 1093 2745; x_wconf 91' lang='lat' dir='ltr'>rebus</span> <span class='ocrx_word' id='word_1_249' title='bbox 1141 2675 1439 2744; x_wconf 85' lang='lat' dir='ltr'>vicissim</span> <span class='ocrx_word' id='word_1_250' title='bbox 1480 2677 2038 2745; x_wconf 83' lang='lat' dir='ltr'>renumerabor.»</span> <span class='ocrx_word' id='word_1_251' title='bbox 2070 2677 2117 2744; x_wconf 86' lang='lat' dir='ltr'>J</span> <span class='ocrx_word' id='word_1_252' title='bbox 2122 2676 2282 2745; x_wconf 86' lang='lat' dir='ltr'>ubet</span> <span class='ocrx_word' id='word_1_253' title='bbox 2316 2677 2541 2763; x_wconf 89' lang='lat' dir='ltr'>itaque</span> <span class='ocrx_word' id='word_1_254' title='bbox 2574 2678 2728 2747; x_wconf 85' lang='lat' dir='ltr'>exui</span> <span class='ocrx_word' id='word_1_255' title='bbox 2761 2682 3157 2777; x_wconf 70' lang='lat' dir='ltr'>Martyrem,</span> 
     </span>
     <span class='ocr_line' id='line_1_28' title="bbox 633 2762 3163 2855; baseline 0.001 -22"><span class='ocrx_word' id='word_1_256' title='bbox 633 2774 698 2833; x_wconf 87' lang='lat' dir='ltr'>et</span> <span class='ocrx_word' id='word_1_257' title='bbox 736 2762 1008 2834; x_wconf 88' lang='lat' dir='ltr'>subulis</span> <span class='ocrx_word' id='word_1_258' title='bbox 1068 2763 1305 2834; x_wconf 88' lang='lat' dir='ltr'>ferreis</span> <span class='ocrx_word' id='word_1_259' title='bbox 1353 2764 1806 2835; x_wconf 89' lang='lat' dir='ltr'>candentibus</span> <span class='ocrx_word' id='word_1_260' title='bbox 1852 2765 2002 2854; x_wconf 84' lang='lat' dir='ltr'>ejus</span> <span class='ocrx_word' id='word_1_261' title='bbox 2063 2763 2271 2834; x_wconf 86' lang='lat' dir='ltr'>latera</span> <span class='ocrx_word' id='word_1_262' title='bbox 2319 2765 2609 2855; x_wconf 87' lang='lat' dir='ltr'>configi,</span> <span class='ocrx_word' id='word_1_263' title='bbox 2662 2778 2726 2834; x_wconf 92' lang='lat' dir='ltr'>et</span> <span class='ocrx_word' id='word_1_264' title='bbox 2772 2779 2996 2836; x_wconf 76' lang='lat' dir='ltr'>acutis</span> <span class='ocrx_word' id='word_1_265' title='bbox 3043 2768 3163 2836; x_wconf 89' lang='lat' dir='ltr'>tri·</span> 
     </span>
     <span class='ocr_line' id='line_1_29' title="bbox 629 2852 3156 2944; baseline 0 -21"><span class='ocrx_word' id='word_1_266' title='bbox 629 2852 814 2923; x_wconf 91' lang='lat' dir='ltr'>bulis</span> <span class='ocrx_word' id='word_1_267' title='bbox 861 2852 1142 2921; x_wconf 89' lang='lat' dir='ltr'>dorsum</span> <span class='ocrx_word' id='word_1_268' title='bbox 1194 2854 1343 2941; x_wconf 85' lang='lat' dir='ltr'>ejus</span> <span class='ocrx_word' id='word_1_269' title='bbox 1394 2854 1631 2943; x_wconf 90' lang='lat' dir='ltr'>pungi,</span> <span class='ocrx_word' id='word_1_270' title='bbox 1686 2867 1750 2922; x_wconf 91' lang='lat' dir='ltr'>et</span> <span class='ocrx_word' id='word_1_271' title='bbox 1811 2852 2195 2943; x_wconf 88' lang='lat' dir='ltr'>disrumpi,</span> <span class='ocrx_word' id='word_1_272' title='bbox 2250 2853 2417 2923; x_wconf 91' lang='lat' dir='ltr'>dum</span> <span class='ocrx_word' id='word_1_273' title='bbox 2476 2857 2771 2944; x_wconf 89' lang='lat' dir='ltr'>supinus</span> <span class='ocrx_word' id='word_1_274' title='bbox 2831 2855 3156 2925; x_wconf 87' lang='lat' dir='ltr'>trahitur.</span> 
     </span>
     <span class='ocr_line' id='line_1_30' title="bbox 632 2939 3162 3032; baseline 0.001 -22"><span class='ocrx_word' id='word_1_275' title='bbox 632 2942 754 3011; x_wconf 88' lang='lat' dir='ltr'>His</span> <span class='ocrx_word' id='word_1_276' title='bbox 780 2952 1006 3010; x_wconf 88' lang='lat' dir='ltr'>autem</span> <span class='ocrx_word' id='word_1_277' title='bbox 1040 2941 1556 3031; x_wconf 89' lang='lat' dir='ltr'>quamprimum</span> <span class='ocrx_word' id='word_1_278' title='bbox 1606 2939 1840 3022; x_wconf 78' lang='lat' dir='ltr'>illatis,</span> <span class='ocrx_word' id='word_1_279' title='bbox 1893 2955 2035 3010; x_wconf 88' lang='lat' dir='ltr'>erat</span> <span class='ocrx_word' id='word_1_280' title='bbox 2067 2944 2128 3011; x_wconf 92' lang='lat' dir='ltr'>ei</span> <span class='ocrx_word' id='word_1_281' title='bbox 2161 2941 2423 3020; x_wconf 90' lang='lat' dir='ltr'>eadem,</span> <span class='ocrx_word' id='word_1_282' title='bbox 2470 2943 2648 3012; x_wconf 90' lang='lat' dir='ltr'>sicut</span> <span class='ocrx_word' id='word_1_283' title='bbox 2697 2944 2891 3032; x_wconf 89' lang='lat' dir='ltr'>prius</span> <span class='ocrx_word' id='word_1_284' title='bbox 2924 2999 2939 3024; x_wconf 94' lang='lat'>,</span> <span class='ocrx_word' id='word_1_285' title='bbox 2994 2966 3162 3013; x_wconf 86' lang='lat' dir='ltr'>con·</span> 
     </span>
     <span class='ocr_line' id='line_1_31' title="bbox 632 3029 3164 3121; baseline 0.002 -22"><span class='ocrx_word' id='word_1_286' title='bbox 632 3030 905 3099; x_wconf 90' lang='lat' dir='ltr'>stantia.</span> <span class='ocrx_word' id='word_1_287' title='bbox 958 3029 1189 3100; x_wconf 85' lang='lat' dir='ltr'>Multis</span> <span class='ocrx_word' id='word_1_288' title='bbox 1236 3030 1465 3117; x_wconf 91' lang='lat' dir='ltr'>itaque</span> <span class='ocrx_word' id='word_1_289' title='bbox 1515 3030 1700 3100; x_wconf 87' lang='lat' dir='ltr'>horis</span> <span class='ocrx_word' id='word_1_290' title='bbox 1755 3051 1825 3102; x_wconf 89' lang='lat' dir='ltr'>se</span> <span class='ocrx_word' id='word_1_291' title='bbox 1890 3036 2177 3121; x_wconf 82' lang='lat' dir='ltr'>Martyre</span> <span class='ocrx_word' id='word_1_292' title='bbox 2244 3030 2503 3100; x_wconf 81' lang='lat' dir='ltr'>sortiter</span> <span class='ocrx_word' id='word_1_293' title='bbox 2566 3044 2838 3121; x_wconf 86' lang='lat' dir='ltr'>gerente</span> <span class='ocrx_word' id='word_1_294' title='bbox 2901 3033 2969 3100; x_wconf 91' lang='lat' dir='ltr'>in</span> <span class='ocrx_word' id='word_1_295' title='bbox 3023 3046 3164 3103; x_wconf 89' lang='lat' dir='ltr'>tor-</span> 
     </span>
     <span class='ocr_line' id='line_1_32' title="bbox 633 3117 3165 3209; baseline 0.002 -21"><span class='ocrx_word' id='word_1_296' title='bbox 633 3119 905 3200; x_wconf 89' lang='lat' dir='ltr'>mentis,</span> <span class='ocrx_word' id='word_1_297' title='bbox 958 3131 1023 3187; x_wconf 91' lang='lat' dir='ltr'>et</span> <span class='ocrx_word' id='word_1_298' title='bbox 1054 3117 1315 3187; x_wconf 89' lang='lat' dir='ltr'>nullam</span> <span class='ocrx_word' id='word_1_299' title='bbox 1365 3118 1713 3188; x_wconf 86' lang='lat' dir='ltr'>emittente</span> <span class='ocrx_word' id='word_1_300' title='bbox 1761 3140 1989 3189; x_wconf 90' lang='lat' dir='ltr'>vocem</span> <span class='ocrx_word' id='word_1_301' title='bbox 2041 3132 2158 3189; x_wconf 91' lang='lat' dir='ltr'>aut</span> <span class='ocrx_word' id='word_1_302' title='bbox 2192 3120 2550 3209; x_wconf 81' lang='lat' dir='ltr'>gemitum,</span> <span class='ocrx_word' id='word_1_303' title='bbox 2606 3133 2906 3191; x_wconf 90' lang='lat' dir='ltr'>moestus</span> <span class='ocrx_word' id='word_1_304' title='bbox 2942 3120 3058 3190; x_wconf 90' lang='lat' dir='ltr'>ille</span> <span class='ocrx_word' id='word_1_305' title='bbox 3095 3133 3165 3192; x_wconf 88' lang='lat' dir='ltr'>et</span> 
     </span>
     <span class='ocr_line' id='line_1_33' title="bbox 634 3207 3162 3298; baseline 0.001 -22"><span class='ocrx_word' id='word_1_306' title='bbox 634 3207 871 3287; x_wconf 87' lang='lat' dir='ltr'>tristis,</span> <span class='ocrx_word' id='word_1_307' title='bbox 928 3221 1276 3294; x_wconf 89' lang='lat' dir='ltr'>tamquam</span> <span class='ocrx_word' id='word_1_308' title='bbox 1331 3207 1570 3288; x_wconf 81' lang='lat' dir='ltr'>victuS,</span> <span class='ocrx_word' id='word_1_309' title='bbox 1617 3208 1908 3277; x_wconf 86' lang='lat' dir='ltr'>surrexit</span> <span class='ocrx_word' id='word_1_310' title='bbox 1955 3229 1991 3276; x_wconf 91' lang='lat' dir='ltr'>e</span> <span class='ocrx_word' id='word_1_311' title='bbox 2042 3208 2390 3289; x_wconf 89' lang='lat' dir='ltr'>tribunali,</span> <span class='ocrx_word' id='word_1_312' title='bbox 2434 3223 2497 3277; x_wconf 90' lang='lat' dir='ltr'>et</span> <span class='ocrx_word' id='word_1_313' title='bbox 2535 3209 2735 3298; x_wconf 91' lang='lat' dir='ltr'>jubet</span> <span class='ocrx_word' id='word_1_314' title='bbox 2794 3215 3162 3298; x_wconf 79' lang='lat' dir='ltr'>Martyrem</span> 
     </span>
     <span class='ocr_line' id='line_1_34' title="bbox 633 3295 3161 3386; baseline 0.001 -22"><span class='ocrx_word' id='word_1_315' title='bbox 633 3317 880 3364; x_wconf 89' lang='lat' dir='ltr'>rursus</span> <span class='ocrx_word' id='word_1_316' title='bbox 927 3295 1177 3364; x_wconf 87' lang='lat' dir='ltr'>abduci</span> <span class='ocrx_word' id='word_1_317' title='bbox 1226 3297 1296 3363; x_wconf 91' lang='lat' dir='ltr'>in</span> <span class='ocrx_word' id='word_1_318' title='bbox 1346 3317 1687 3365; x_wconf 89' lang='lat' dir='ltr'>carcerem</span> <span class='ocrx_word' id='word_1_319' title='bbox 1722 3352 1736 3377; x_wconf 93' lang='lat'>,</span> <span class='ocrx_word' id='word_1_320' title='bbox 1789 3308 1855 3364; x_wconf 89' lang='lat' dir='ltr'>et</span> <span class='ocrx_word' id='word_1_321' title='bbox 1914 3318 2133 3384; x_wconf 91' lang='lat' dir='ltr'>neque</span> <span class='ocrx_word' id='word_1_322' title='bbox 2183 3318 2454 3385; x_wconf 88' lang='lat' dir='ltr'>panem,</span> <span class='ocrx_word' id='word_1_323' title='bbox 2508 3319 2728 3384; x_wconf 90' lang='lat' dir='ltr'>neque</span> <span class='ocrx_word' id='word_1_324' title='bbox 2795 3320 3042 3386; x_wconf 90' lang='lat' dir='ltr'>aquam</span> <span class='ocrx_word' id='word_1_325' title='bbox 3094 3299 3161 3367; x_wconf 88' lang='lat' dir='ltr'>ei</span> 
     </span>
     <span class='ocr_line' id='line_1_35' title="bbox 634 3383 3156 3476; baseline 0.001 -25"><span class='ocrx_word' id='word_1_326' title='bbox 634 3383 971 3473; x_wconf 89' lang='lat' dir='ltr'>praeberi,</span> <span class='ocrx_word' id='word_1_327' title='bbox 1021 3405 1142 3452; x_wconf 92' lang='lat' dir='ltr'>nec</span> <span class='ocrx_word' id='word_1_328' title='bbox 1173 3405 1649 3471; x_wconf 89' lang='lat' dir='ltr'>quaecumque</span> <span class='ocrx_word' id='word_1_329' title='bbox 1698 3384 1783 3454; x_wconf 90' lang='lat' dir='ltr'>ad</span> <span class='ocrx_word' id='word_1_330' title='bbox 1827 3386 2080 3455; x_wconf 90' lang='lat' dir='ltr'>victum</span> <span class='ocrx_word' id='word_1_331' title='bbox 2130 3398 2416 3454; x_wconf 86' lang='lat' dir='ltr'>sumunt</span> <span class='ocrx_word' id='word_1_332' title='bbox 2466 3386 2802 3455; x_wconf 90' lang='lat' dir='ltr'>homines.</span> <span class='ocrx_word' id='word_1_333' title='bbox 2854 3393 3001 3476; x_wconf 87' lang='lat' dir='ltr'>Ipse</span> <span class='ocrx_word' id='word_1_334' title='bbox 3024 3408 3156 3454; x_wconf 88' lang='lat' dir='ltr'>au-</span> 
     </span>
     <span class='ocr_line' id='line_1_36' title="bbox 634 3469 3150 3628; baseline 0.001 -90"><span class='ocrx_word' id='word_1_335' title='bbox 634 3469 1142 3628; x_wconf 34' lang='lat' dir='ltr'>gam-profectus</span> <span class='ocrx_word' id='word_1_336' title='bbox 1189 3485 1289 3541; x_wconf 89' lang='lat' dir='ltr'>est</span> <span class='ocrx_word' id='word_1_337' title='bbox 1336 3471 1419 3540; x_wconf 94' lang='lat' dir='ltr'>ad</span> <span class='ocrx_word' id='word_1_338' title='bbox 1473 3473 1850 3563; x_wconf 89' lang='lat' dir='ltr'>Daphnem,</span> <span class='ocrx_word' id='word_1_339' title='bbox 1903 3475 2024 3560; x_wconf 90' lang='lat' dir='ltr'>qui</span> <span class='ocrx_word' id='word_1_340' title='bbox 2069 3486 2170 3543; x_wconf 90' lang='lat' dir='ltr'>est</span> <span class='ocrx_word' id='word_1_341' title='bbox 2226 3474 2618 3544; x_wconf 83' lang='lat' dir='ltr'>Antiochiae</span> <span class='ocrx_word' id='word_1_342' title='bbox 2666 3474 2858 3545; x_wconf 89' lang='lat' dir='ltr'>locus</span> <span class='ocrx_word' id='word_1_343' title='bbox 2890 3477 3150 3563; x_wconf 82' lang='lat' dir='ltr'>jucun-</span> 
     </span>
    </p>

    <p class='ocr_par' dir='ltr' id='par_1_5' title="bbox 684 3580 987 3629">
     <span class='ocr_line' id='line_1_37' title="bbox 684 3580 987 3629; baseline -0.007 -1"><span class='ocrx_word' id='word_1_344' title='bbox 684 3580 987 3629; x_wconf 75' lang='lat' dir='ltr'>issimus,</span> 
     </span>
    </p>

    <p class='ocr_par' dir='ltr' id='par_1_6' title="bbox 631 3646 3168 4542">
     <span class='ocr_line' id='line_1_38' title="bbox 721 3646 3165 3742; baseline 0.001 -22"><span class='ocrx_word' id='word_1_345' title='bbox 721 3649 757 3735; x_wconf 67' lang='grc' dir='ltr'><strong>ξ</strong></span> <span class='ocrx_word' id='word_1_346' title='bbox 803 3652 967 3720; x_wconf 65' lang='lat'>82.</span> <span class='ocrx_word' id='word_1_347' title='bbox 1019 3646 1209 3717; x_wconf 86' lang='lat' dir='ltr'>Circa</span> <span class='ocrx_word' id='word_1_348' title='bbox 1257 3649 1554 3719; x_wconf 89' lang='lat' dir='ltr'>mediam</span> <span class='ocrx_word' id='word_1_349' title='bbox 1604 3663 1833 3719; x_wconf 89' lang='lat' dir='ltr'>autem</span> <span class='ocrx_word' id='word_1_350' title='bbox 1885 3663 2146 3719; x_wconf 90' lang='lat' dir='ltr'>noctem</span> <span class='ocrx_word' id='word_1_351' title='bbox 2183 3655 2468 3742; x_wconf 77' lang='lat' dir='ltr'>apparet</span> <span class='ocrx_word' id='word_1_352' title='bbox 2514 3652 2825 3723; x_wconf 87' lang='lat' dir='ltr'>Christus</span> <span class='ocrx_word' id='word_1_353' title='bbox 2880 3657 3045 3721; x_wconf 85' lang='lat' dir='ltr'>Mart</span> <span class='ocrx_word' id='word_1_354' title='bbox 3098 3651 3165 3722; x_wconf 84' lang='lat' dir='ltr'>ri</span> 
     </span>
     <span class='ocr_line' id='line_1_39' title="bbox 631 3737 3166 3826; baseline 0.001 -18"><span class='ocrx_word' id='word_1_355' title='bbox 631 3738 857 3808; x_wconf 86' lang='lat' dir='ltr'>oranti</span> <span class='ocrx_word' id='word_1_356' title='bbox 889 3737 957 3805; x_wconf 91' lang='lat' dir='ltr'>in</span> <span class='ocrx_word' id='word_1_357' title='bbox 991 3737 1324 3819; x_wconf 88' lang='lat' dir='ltr'>custodia,</span> <span class='ocrx_word' id='word_1_358' title='bbox 1377 3740 1689 3826; x_wconf 86' lang='lat' dir='ltr'>animum</span> <span class='ocrx_word' id='word_1_359' title='bbox 1746 3739 1807 3808; x_wconf 90' lang='lat' dir='ltr'>ei</span> <span class='ocrx_word' id='word_1_360' title='bbox 1856 3739 2140 3820; x_wconf 81' lang='lat' dir='ltr'>addenS,</span> <span class='ocrx_word' id='word_1_361' title='bbox 2178 3753 2244 3809; x_wconf 92' lang='lat' dir='ltr'>et</span> <span class='ocrx_word' id='word_1_362' title='bbox 2292 3762 2362 3812; x_wconf 89' lang='lat' dir='ltr'>se</span> <span class='ocrx_word' id='word_1_363' title='bbox 2391 3762 2549 3810; x_wconf 90' lang='lat' dir='ltr'>cum</span> <span class='ocrx_word' id='word_1_364' title='bbox 2599 3763 2677 3811; x_wconf 91' lang='lat' dir='ltr'>eo</span> <span class='ocrx_word' id='word_1_365' title='bbox 2718 3742 3001 3811; x_wconf 90' lang='lat' dir='ltr'>omnino</span> <span class='ocrx_word' id='word_1_366' title='bbox 3131 3781 3166 3793; x_wconf 92' lang='lat'>-</span> 
     </span>
     <span class='ocr_line' id='line_1_40' title="bbox 631 3825 3166 3919; baseline 0.002 -22"><span class='ocrx_word' id='word_1_367' title='bbox 631 3838 866 3897; x_wconf 88' lang='lat' dir='ltr'>turum</span> <span class='ocrx_word' id='word_1_368' title='bbox 948 3825 1255 3908; x_wconf 89' lang='lat' dir='ltr'>ollicens,</span> <span class='ocrx_word' id='word_1_369' title='bbox 1310 3837 1373 3896; x_wconf 91' lang='lat' dir='ltr'>et</span> <span class='ocrx_word' id='word_1_370' title='bbox 1420 3827 1694 3897; x_wconf 90' lang='lat' dir='ltr'>dicens:</span> <span class='ocrx_word' id='word_1_371' title='bbox 1733 3850 1768 3892; x_wconf 83' lang='lat'>«</span> <span class='ocrx_word' id='word_1_372' title='bbox 1805 3829 2160 3909; x_wconf 88' lang='lat' dir='ltr'>Quomodo</span> <span class='ocrx_word' id='word_1_373' title='bbox 2204 3830 2354 3919; x_wconf 89' lang='lat' dir='ltr'>ipse</span> <span class='ocrx_word' id='word_1_374' title='bbox 2405 3851 2511 3898; x_wconf 92' lang='lat' dir='ltr'>me</span> <span class='ocrx_word' id='word_1_375' title='bbox 2562 3830 2918 3900; x_wconf 87' lang='lat' dir='ltr'>confessus</span> <span class='ocrx_word' id='word_1_376' title='bbox 2968 3829 3166 3902; x_wconf 85' lang='lat' dir='ltr'>fuisti</span> 
     </span>
     <span class='ocr_line' id='line_1_41' title="bbox 633 3915 3165 4007; baseline 0.001 -21"><span class='ocrx_word' id='word_1_377' title='bbox 633 3939 862 3986; x_wconf 87' lang='lat' dir='ltr'>coram</span> <span class='ocrx_word' id='word_1_378' title='bbox 948 3915 1301 3986; x_wconf 90' lang='lat' dir='ltr'>ominibus</span> <span class='ocrx_word' id='word_1_379' title='bbox 1342 3938 1550 4006; x_wconf 90' lang='lat' dir='ltr'>super</span> <span class='ocrx_word' id='word_1_380' title='bbox 1597 3927 1869 3996; x_wconf 91' lang='lat' dir='ltr'>terram,</span> <span class='ocrx_word' id='word_1_381' title='bbox 1922 3938 2047 4007; x_wconf 90' lang='lat' dir='ltr'>ego</span> <span class='ocrx_word' id='word_1_382' title='bbox 2094 3939 2365 4004; x_wconf 90' lang='lat' dir='ltr'>quoque</span> <span class='ocrx_word' id='word_1_383' title='bbox 2414 3931 2475 3987; x_wconf 91' lang='lat' dir='ltr'>te</span> <span class='ocrx_word' id='word_1_384' title='bbox 2520 3919 2899 3989; x_wconf 90' lang='lat' dir='ltr'>confitebor</span> <span class='ocrx_word' id='word_1_385' title='bbox 2930 3941 3165 3990; x_wconf 92' lang='lat' dir='ltr'>coram</span> 
     </span>
     <span class='ocr_line' id='line_1_42' title="bbox 633 4003 3167 4097; baseline 0.002 -24"><span class='ocrx_word' id='word_1_386' title='bbox 633 4011 828 4074; x_wconf 90' lang='lat' dir='ltr'>Patre</span> <span class='ocrx_word' id='word_1_387' title='bbox 872 4026 1046 4084; x_wconf 89' lang='lat' dir='ltr'>me0,</span> <span class='ocrx_word' id='word_1_388' title='bbox 1085 4005 1204 4091; x_wconf 90' lang='lat' dir='ltr'>qui</span> <span class='ocrx_word' id='word_1_389' title='bbox 1234 4018 1336 4074; x_wconf 86' lang='lat' dir='ltr'>est</span> <span class='ocrx_word' id='word_1_390' title='bbox 1366 4006 1438 4073; x_wconf 90' lang='lat' dir='ltr'>in</span> <span class='ocrx_word' id='word_1_391' title='bbox 1487 4003 1718 4074; x_wconf 88' lang='lat' dir='ltr'>coelis.</span> <span class='ocrx_word' id='word_1_392' title='bbox 1758 4029 1795 4072; x_wconf 89' lang='lat'>»</span> <span class='ocrx_word' id='word_1_393' title='bbox 1837 4009 2015 4075; x_wconf 90' lang='lat' dir='ltr'>Haec</span> <span class='ocrx_word' id='word_1_394' title='bbox 2045 4029 2204 4075; x_wconf 90' lang='lat' dir='ltr'>cum</span> <span class='ocrx_word' id='word_1_395' title='bbox 2255 4011 2508 4097; x_wconf 82' lang='lat' dir='ltr'>Martyr</span> <span class='ocrx_word' id='word_1_396' title='bbox 2554 4008 2887 4079; x_wconf 86' lang='lat' dir='ltr'>audiisset</span> <span class='ocrx_word' id='word_1_397' title='bbox 2944 4032 2981 4078; x_wconf 91' lang='lat' dir='ltr'>a</span> <span class='ocrx_word' id='word_1_398' title='bbox 3036 4014 3167 4078; x_wconf 90' lang='lat' dir='ltr'>Do-</span> 
     </span>
     <span class='ocr_line' id='line_1_43' title="bbox 636 4091 3162 4188; baseline 0.002 -26"><span class='ocrx_word' id='word_1_399' title='bbox 636 4093 850 4173; x_wconf 90' lang='lat' dir='ltr'>mino,</span> <span class='ocrx_word' id='word_1_400' title='bbox 891 4091 1199 4175; x_wconf 89' lang='lat' dir='ltr'>confidit,</span> <span class='ocrx_word' id='word_1_401' title='bbox 1243 4106 1307 4162; x_wconf 92' lang='lat' dir='ltr'>et</span> <span class='ocrx_word' id='word_1_402' title='bbox 1346 4105 1480 4164; x_wconf 86' lang='lat' dir='ltr'>tota</span> <span class='ocrx_word' id='word_1_403' title='bbox 1530 4105 1722 4162; x_wconf 90' lang='lat' dir='ltr'>nocte</span> <span class='ocrx_word' id='word_1_404' title='bbox 1757 4099 1966 4164; x_wconf 88' lang='lat' dir='ltr'>Deum</span> <span class='ocrx_word' id='word_1_405' title='bbox 2002 4095 2433 4185; x_wconf 87' lang='lat' dir='ltr'>glorificavit,</span> <span class='ocrx_word' id='word_1_406' title='bbox 2486 4108 2550 4166; x_wconf 92' lang='lat' dir='ltr'>et</span> <span class='ocrx_word' id='word_1_407' title='bbox 2595 4098 2658 4166; x_wconf 90' lang='lat' dir='ltr'>ei</span> <span class='ocrx_word' id='word_1_408' title='bbox 2703 4099 2841 4188; x_wconf 89' lang='lat' dir='ltr'>egit</span> <span class='ocrx_word' id='word_1_409' title='bbox 2872 4098 3162 4187; x_wconf 85' lang='lat' dir='ltr'>gratias.</span> 
     </span>
     <span class='ocr_line' id='line_1_44' title="bbox 636 4180 3168 4274; baseline 0.002 -24"><span class='ocrx_word' id='word_1_410' title='bbox 636 4185 687 4250; x_wconf 86' lang='grc' dir='ltr'><strong>Α</strong></span> <span class='ocrx_word' id='word_1_411' title='bbox 716 4180 936 4271; x_wconf 88' lang='lat' dir='ltr'>plagis</span> <span class='ocrx_word' id='word_1_412' title='bbox 965 4182 1148 4250; x_wconf 92' lang='lat' dir='ltr'>enim</span> <span class='ocrx_word' id='word_1_413' title='bbox 1186 4183 1330 4253; x_wconf 91' lang='lat' dir='ltr'>suis</span> <span class='ocrx_word' id='word_1_414' title='bbox 1355 4195 1419 4252; x_wconf 89' lang='lat' dir='ltr'>et</span> <span class='ocrx_word' id='word_1_415' title='bbox 1453 4182 1855 4253; x_wconf 88' lang='lat' dir='ltr'>vulneribus</span> <span class='ocrx_word' id='word_1_416' title='bbox 1889 4197 2162 4274; x_wconf 85' lang='lat' dir='ltr'>repente</span> <span class='ocrx_word' id='word_1_417' title='bbox 2196 4183 2325 4254; x_wconf 79' lang='lat' dir='ltr'>fuit</span> <span class='ocrx_word' id='word_1_418' title='bbox 2365 4184 2728 4266; x_wconf 78' lang='lat' dir='ltr'>relaxatuS‚</span> <span class='ocrx_word' id='word_1_419' title='bbox 2767 4185 2939 4254; x_wconf 92' lang='lat' dir='ltr'>adeo</span> <span class='ocrx_word' id='word_1_420' title='bbox 2969 4198 3049 4255; x_wconf 87' lang='lat' dir='ltr'>ut</span> <span class='ocrx_word' id='word_1_421' title='bbox 3078 4207 3168 4255; x_wconf 91' lang='lat' dir='ltr'>ne</span> 
     </span>
     <span class='ocr_line' id='line_1_45' title="bbox 634 4269 3165 4373; baseline 0.003 -37"><span class='ocrx_word' id='word_1_422' title='bbox 634 4269 878 4338; x_wconf 82' lang='lat' dir='ltr'>vibicis</span> <span class='ocrx_word' id='word_1_423' title='bbox 910 4269 1187 4356; x_wconf 90' lang='lat' dir='ltr'>quidem</span> <span class='ocrx_word' id='word_1_424' title='bbox 1225 4272 1588 4373; x_wconf 85' lang='lat' dir='ltr'>vestigium</span> <span class='ocrx_word' id='word_1_425' title='bbox 1622 4285 1980 4363; x_wconf 88' lang='lat' dir='ltr'>appareret</span> <span class='ocrx_word' id='word_1_426' title='bbox 2018 4274 2089 4341; x_wconf 90' lang='lat' dir='ltr'>in</span> <span class='ocrx_word' id='word_1_427' title='bbox 2130 4285 2363 4343; x_wconf 91' lang='lat' dir='ltr'>sancto</span> <span class='ocrx_word' id='word_1_428' title='bbox 2396 4273 2546 4363; x_wconf 88' lang='lat' dir='ltr'>ejus</span> <span class='ocrx_word' id='word_1_429' title='bbox 2577 4295 2880 4364; x_wconf 90' lang='lat' dir='ltr'>corpore.</span> <span class='ocrx_word' id='word_1_430' title='bbox 2923 4274 3165 4365; x_wconf 88' lang='lat' dir='ltr'>Spatio</span> 
     </span>
     <span class='ocr_line' id='line_1_46' title="bbox 635 4358 3163 4457; baseline 0.004 -32"><span class='ocrx_word' id='word_1_431' title='bbox 635 4369 863 4457; x_wconf 80' lang='lat' dir='ltr'>autem</span> <span class='ocrx_word' id='word_1_432' title='bbox 911 4358 1305 4445; x_wconf 78' lang='lat' dir='ltr'>quindecim</span> <span class='ocrx_word' id='word_1_433' title='bbox 1363 4361 1632 4431; x_wconf 82' lang='lat' dir='ltr'>dierum</span> <span class='ocrx_word' id='word_1_434' title='bbox 1700 4363 1951 4431; x_wconf 88' lang='lat' dir='ltr'>mansit</span> <span class='ocrx_word' id='word_1_435' title='bbox 2017 4362 2301 4433; x_wconf 91' lang='lat' dir='ltr'>omnino</span> <span class='ocrx_word' id='word_1_436' title='bbox 2360 4362 2650 4453; x_wconf 87' lang='lat' dir='ltr'>jejunus</span> <span class='ocrx_word' id='word_1_437' title='bbox 2710 4363 2781 4431; x_wconf 85' lang='lat' dir='ltr'>in</span> <span class='ocrx_word' id='word_1_438' title='bbox 2856 4384 3163 4447; x_wconf 71' lang='lat' dir='ltr'>carceae,</span> 
     </span>
     <span class='ocr_line' id='line_1_47' title="bbox 639 4449 3168 4542; baseline 0.004 -27"><span class='ocrx_word' id='word_1_439' title='bbox 639 4457 938 4517; x_wconf 77' lang='lat' dir='ltr'>nutritus</span> <span class='ocrx_word' id='word_1_440' title='bbox 975 4469 1148 4538; x_wconf 91' lang='lat' dir='ltr'>pane</span> <span class='ocrx_word' id='word_1_441' title='bbox 1181 4449 1618 4539; x_wconf 85' lang='lat' dir='ltr'>Angelorum,</span> <span class='ocrx_word' id='word_1_442' title='bbox 1657 4472 1779 4521; x_wconf 90' lang='lat' dir='ltr'>seu</span> <span class='ocrx_word' id='word_1_443' title='bbox 1818 4450 2037 4542; x_wconf 85' lang='lat' dir='ltr'>gratia</span> <span class='ocrx_word' id='word_1_444' title='bbox 2086 4451 2249 4522; x_wconf 92' lang='lat' dir='ltr'>boni</span> <span class='ocrx_word' id='word_1_445' title='bbox 2289 4451 2596 4542; x_wconf 89' lang='lat' dir='ltr'>spiritus.</span> <span class='ocrx_word' id='word_1_446' title='bbox 2630 4451 2954 4522; x_wconf 83' lang='lat' dir='ltr'>Julianus</span> <span class='ocrx_word' id='word_1_447' title='bbox 3003 4474 3168 4524; x_wconf 83' lang='lat' dir='ltr'>vero</span> 
     </span>
    </p>
   </div>
  </div>
 </body>
</html>
