3347 4999
710 327 833 390 164
1481 341 1562 386 na
1609 341 1666 388 s.
1718 337 2064 387 rnmcisco
2112 338 2294 387 conr.
2899 318 3098 386 OCT.
3157 319 3196 382 t

619 442 757 498 tam
810 425 1123 496 absentia
1172 446 1294 514 per
1360 424 1682 524 spiritum
1744 423 2198 514 cognovisset.
2250 423 2470 514 Igitur
2518 444 2653 491 non
2712 432 2866 512 post
2919 420 3202 490 multos

619 517 792 597 dies,
845 527 1236 603 contempta
1271 513 1646 602 Religione,
1689 511 1870 581 foras
1902 513 2276 603 egreditur,
2313 511 2434 599 qui
2473 510 2881 582 scandalum
2922 510 3201 610 fecerat

618 604 837 686 fratri,
889 615 954 673 et
1001 626 1038 672 a
1088 608 1281 672 Patre
1331 623 1465 672 non
1517 602 1801 691 petierat
1847 602 2145 683 veniam,
2200 623 2325 670 nec
2372 600 2820 671 correctionis
2868 599 3199 669 debltam

619 705 968 783 receperat
999 691 1468 782 disciplinam.
1525 690 1884 778 Simulque
1915 689 2057 760 duo
2090 691 2159 758 in
2196 713 2338 759 uua
2372 689 2560 759 illius
2593 689 2903 759 claruere
2944 689 3195 766 ruina,

619 782 930 870 aequitas
979 780 1241 850 scilicet
1288 779 1559 849 divinae
1600 778 1908 866 justitiae
1940 832 1955 858 ,
2008 791 2072 848 et
2133 778 2972 869 perspicacitas,spiritus
3028 799 3203 867 pro-

619 871 915 963 phetiae.
959 869 1263 953 Qualiter
1309 881 1537 938 autem
1590 867 1997 937 absentibus
2046 890 2118 938 se
2169 881 2595 957 praesentem
2651 867 3021 946 exhibuit,
3086 866 3200 935 di-

617 961 781 1030 vina
826 959 1118 1028 faciente
1163 959 1436 1038 virtute,
1488 956 1839 1026 evidenter
1869 979 1949 1026 ex
1997 958 2474 1047 superioribus
2515 957 2903 1036 innotescit,
2965 957 3029 1024 si
3093 976 3202 1024 re-

617 1061 900 1119 vocetur
931 1047 1015 1116 ad
1054 1060 1378 1126 mentem,
1417 1045 1713 1132 qualiter
1761 1045 2013 1115 absens
2048 1046 2116 1114 in
2153 1068 2357 1115 curro
2392 1046 2594 1136 igneo
2638 1045 3200 1136 transfiguratus

620 1139 987 1229 apparuit,
1040 1149 1106 1205 et
1152 1133 1497 1223 quomodo
1558 1157 1630 1204 se
1696 1134 2069 1204 Arelatensi
2137 1134 2446 1225 Capitulo
2514 1134 2584 1203 in
2654 1135 2894 1205 Crucis
2952 1133 3198 1224 effigie

619 1225 1096 1318 praesentavit.
1127 1223 1322 1308 Quod
1357 1223 1614 1293 factum
1650 1245 1800 1293 esse
1830 1223 2066 1292 divina
2098 1223 2551 1313 dispositione
2582 1223 3019 1294 credendum
3059 1235 3193 1302 est,

617 1329 699 1386 ut
744 1337 821 1384 ex
874 1314 1298 1405 praesentiae
1344 1312 1725 1402 corporalis
1772 1313 2201 1401 apparitione
2254 1312 2556 1382 mirabili
2598 1325 2910 1402 patenter
2961 1311 3200 1381 clare-

619 1417 858 1486 sceret,
893 1425 1101 1491 quam
1140 1423 1463 1492 praesens
1494 1414 1560 1470 et
1597 1402 1872 1491 pervius
1906 1402 2192 1489 spiritus
2223 1402 2375 1501 ejus
2409 1401 2549 1471 luci
2585 1402 2974 1493 sapientiae
3019 1401 3201 1470 foret

621 1506 958 1574 aeternae,
1011 1514 1188 1578 quae
1234 1490 1562 1559 omnibus
1611 1490 1989 1561 mobilibus
2039 1490 2361 1559 mobilior
2397 1502 2519 1568 est,
2559 1503 2625 1560 et
2670 1491 2938 1577 ubique
2981 1491 3202 1560 attin-

622 1604 793 1672 gens
846 1594 1122 1671 propter
1167 1580 1278 1649 sui
1331 1578 1772 1661 munditiam,
1816 1601 1935 1668 per
1984 1580 2293 1649 nationes
2344 1579 2411 1646 in
2463 1579 2734 1648 animas
2781 1593 3080 1649 sanctas
3134 1601 3203 1649 se

623 1669 996 1752 transfert,
1049 1683 1114 1738 et
1165 1669 1278 1737 Dei
1328 1667 1588 1736 amicos
1635 1681 1702 1736 et
1749 1666 2123 1757 Prophetas
2178 1669 2556 1737 constituit.
2614 1667 3091 1758 Simplicibus
3139 1681 3202 1738 et

624 1758 935 1849 parvulis
984 1781 1106 1829 sua
1160 1756 1328 1827 solet
1375 1756 1678 1845 pandere
1729 1757 2052 1846 mysteria
2098 1762 2335 1826 Doctor
2380 1757 2711 1837 excelsus,
2766 1757 2956 1827 sicut
3001 1759 3202 1850 prius

622 1848 948 1938 apparuit
995 1847 1063 1914 in
1122 1845 1326 1915 David
1380 1845 1869 1935 prophetarum
1931 1845 2206 1924 eximio,
2263 1859 2328 1915 et
2378 1860 2528 1933 post
2578 1846 2644 1914 in
2696 1846 3202 1936 Apostolorum

624 1938 959 2027 principe,
1014 1940 1230 2015 Petr0,
1285 1945 1350 2003 et
1399 1933 1672 2003 tandem
1725 1934 1795 2002 in
1850 1934 2271 2035 pauperculo
2322 1935 2592 2010 Christi,
2649 1936 3063 2004 Francisco.
3123 1938 3204 2005 Hi

623 2026 809 2095 enim
860 2046 1020 2094 cum
1057 2035 1287 2094 essent
1324 2022 1707 2092 litterarum
1760 2023 2102 2112 imperitia
2144 2023 2519 2114 simpliceS,
2560 2023 2714 2092 facti
2751 2037 2920 2093 sunt
2957 2026 3206 2095 Sancti

626 2115 923 2204 Spiritus
954 2111 1344 2182 eruditione
1377 2111 1706 2181 illustres.
1752 2116 1818 2180 Is
1864 2112 2144 2198 quidem
2179 2125 2410 2202 pastor
2441 2125 2518 2182 ut
2549 2134 2825 2203 gregem
2876 2129 3208 2202 pasceret

627 2209 1027 2292 Synagogae
1074 2200 1157 2269 de
1197 2205 1371 2290 Aegy
1431 2213 1494 2269 to
1539 2200 1910 2281 eductum;
1964 2202 2090 2271 iste
2141 2202 2487 2291 piscator,
2551 2214 2626 2269 ut
2690 2204 3045 2291 sagenam
3103 2226 3207 2272 re-

623 2291 841 2380 pleret
881 2290 1223 2360 Ecclesiae
1258 2311 1373 2356 mu
1412 2288 1805 2358 tisormitate
1844 2289 2270 2359 credentium
2302 2313 2317 2369 ;
2356 2290 2467 2359 hic
2502 2302 2729 2359 autem
2770 2293 3202 2380 negotiator,

623 2393 700 2448 ut
741 2379 1184 2468 margaritam
1223 2378 1478 2447 emeret
1512 2377 1959 2468 Evangelicae
1998 2378 2196 2460 vitae,
2238 2378 2531 2448 venditis
2570 2390 2634 2447 et
2664 2378 3023 2471 dispersis
3062 2403 3202 2451 om·

626 2467 835 2540 nibus
884 2480 1160 2559 propter
1199 2466 1570 2542 Christum.

1017 2671 1111 2735 Dc
1156 2663 1453 2753 efficacia
1494 2663 1942 2754 praedicandi
1988 2674 2049 2732 ct
2096 2665 2330 2752 qratia
2375 2665 2778 2734 sanitatum.

710 2825 747 2912 ξ
793 2827 937 2897 25.
993 2825 1245 2896 Fidelis
1294 2846 1526 2894 revera
1574 2824 1885 2895 famulus
1931 2835 1996 2893 et
2049 2824 2364 2894 minister
2410 2825 2681 2905 Christi,
2730 2827 3193 2909 Franciscus,

623 2923 700 2983 ut
745 2927 996 2984 cuncta
1043 2914 1338 2985 fideliter
1369 2925 1436 2982 et
1476 2913 1769 3003 perfecte
1817 2935 1976 3004 pera
2031 2926 2193 2995 eret,
2251 2913 2389 2983 illis
2440 2914 2795 3003 potissime
2845 2916 3200 2986 virtutum

624 3002 965 3072 exercitiis
1012 3001 1431 3083 intendebat,
1485 3024 1688 3090 quae,
1743 3024 1938 3072 sacro
2026 3003 2272 3072 ictante
2307 3002 2581 3091 spiritu,
2626 3008 2756 3072 Deo
2787 3026 2920 3074 suo
2960 3007 3198 3097 magis

625 3089 897 3181 placere
943 3103 1377 3191 cognoverat.
1431 3095 1579 3173 Qua
1625 3091 1712 3161 de
1761 3114 1833 3161 re
1881 3092 2168 3182 contigit
2214 3091 2412 3161 illum
2465 3091 2537 3161 in
2604 3113 2934 3181 magnam
2988 3094 3202 3164 dubi·

626 3180 904 3248 tationis
935 3181 1300 3268 cujusdam
1352 3180 1672 3280 agoniam
1723 3179 2052 3260 incidere,
2104 3202 2313 3267 quam
2357 3180 2596 3249 multis
2630 3180 2876 3252 diebus
2916 3182 3012 3251 ab
3046 3205 3201 3252 ora-

632 3267 815 3336 tione
862 3267 1159 3350 rediens,
1214 3267 1721 3337 terminandam
1773 3267 2103 3338 fratribus
2150 3269 2286 3339 sibi
2333 3268 2794 3340 familiaribus
2838 3292 3198 3360 propone-

629 3356 792 3424 bat:
848 3378 885 3421 «
920 3355 1133 3438 Quid,
1187 3359 1428 3447 inquit,
1483 3356 1750 3438 fratreS,
1802 3357 2190 3439 consulitiS,
2243 3358 2411 3446 quid
2466 3357 2811 3428 laudatis?
2858 3380 2951 3428 an
3002 3359 3198 3447 quod

627 3442 923 3514 orationi
970 3465 1229 3526 vacem,
1282 3467 1368 3514 an
1419 3446 1601 3532 quod
1657 3445 2120 3534 praedicando
2166 3447 2615 3518 discurram?
2664 3447 3027 3535 Siquidem
3065 3471 3197 3539 ego

629 3531 988 3622 parvuluS,
1043 3533 1358 3623 simplex,
1395 3547 1461 3603 et
1499 3534 1865 3634 imperitus
1896 3556 2234 3616 sermone,
2275 3536 2607 3623 majorem
2657 3535 2902 3605 orandi
2949 3537 3201 3627 accepi

629 3622 972 3712 gratiam,
1028 3643 1237 3709 quam
1302 3622 1649 3709 loquendi.
1706 3623 1988 3693 Videtur
2033 3624 2238 3694 etiam
2297 3625 2366 3693 in
2416 3625 2722 3695 oratione
2770 3624 3087 3709 lucrum,
3129 3642 3203 3697 et

626 3709 1007 3780 cumulatio
1066 3711 1494 3812 gratiarum;
1549 3712 1617 3780 in
1671 3713 2180 3803 praedicatione
2230 3713 2623 3784 distributio
2671 3714 3018 3801 quaedam
3075 3716 3202 3785 do·

625 3820 876 3868 norum
925 3799 1213 3869 caelitus
1260 3813 1727 3890 acceptorum.
1789 3807 1867 3870 In
1918 3803 2223 3872 oratione
2282 3803 2488 3871 etiam
2555 3803 2951 3894 purificatio
3016 3805 3202 3874 inte-

626 3887 890 3973 riorum
942 3889 1339 3968 affectuum,
1393 3902 1457 3958 et
1504 3890 1727 3958 unitio
1761 3889 1846 3958 ad
1888 3913 2108 3960 unum
2147 3912 2383 3960 verum
2419 3904 2485 3960 et
2518 3914 2872 3961 summum
2910 3897 3199 3962 Bonum

628 3998 790 4045 cum
843 3976 1265 4068 vigoratione
1314 3977 1631 4057 virtutis;
1686 3979 1756 4047 in
1807 3979 2315 4069 praedicatione
2355 3979 2824 4069 spiritualium
2885 3980 3205 4069 pulveri-

627 4065 802 4134 zatio
836 4067 1115 4166 pedum,
1169 4067 1520 4136 distractio
1568 4068 1751 4136 circa
1788 4067 2028 4149 multa,
2067 4081 2132 4137 et
2173 4068 2496 4139 relaxatio
2536 4068 2976 4159 disciplinae.
3010 4075 3203 4140 Tan·

629 4154 787 4222 dem
839 4177 906 4222 ιη
958 4157 1261 4225 oratione
1310 4161 1522 4225 Deum
1563 4154 2009 4244 alloquimur,
2055 4170 2120 4226 et
2175 4156 2537 4239 audimuS,-
2581 4172 2647 4227 et
2706 4158 2903 4246 quasi
2963 4163 3205 4250 Ange-

629 4240 832 4311 licam
878 4244 1081 4312 vitam
1119 4256 1419 4334 agentes,
1458 4245 1636 4315 inter
1667 4245 1958 4334 Angelos
1991 4268 2519 4329 conversamur;
2559 4247 2628 4315 in
2674 4246 3206 4336 praedicatione

628 4330 848 4400 multa
894 4343 1157 4421 oportet
1203 4333 1782 4404 condescensione
1830 4333 1931 4403 uti
1971 4334 2055 4403 ad
2110 4335 2470 4420 homineS,
2523 4348 2590 4405 et
2651 4335 2960 4406 humane
3013 4338 3208 4408 inter

628 4441 745 4491 eos
779 4421 1090 4505 vivendo,
1124 4421 1428 4492 bumana
1462 4424 1785 4513 cogitare,
1819 4422 2071 4505 videre,
2111 4424 2366 4506 dicere,
2397 4436 2463 4494 et
2491 4423 2756 4495 audire.
2795 4424 2923 4495 Sed
2962 4449 3202 4497 unum
