3347 4999
190 358 362 426 OCT.
420 359 502 424 ⁴7
630 408 631 411 ,
1089 376 1167 422 ΒΕ
1216 375 1269 423 s.
1324 375 1611 422 nssnwma
1658 375 1851 422 vmnA
2505 359 2633 423 509

191 460 275 531 de
339 462 426 531 iis
472 482 648 549 quae
696 459 778 529 ad
832 459 1087 529 victum
1137 471 1202 528 et
1248 459 1591 541 vestitum,
1627 458 2031 546 cultumque
2078 460 2415 540 divinum,
2469 460 2568 529 eis
2597 481 2720 529 ne-

188 551 488 621 cessaria
534 562 751 627 erant,
806 571 929 618 nec
979 548 1076 618 sic
1127 560 1349 617 tamen
1403 548 1811 638 benignitati
1871 548 2022 635 ejus
2068 547 2198 617 suit
2249 547 2671 618 satisfactum
2701 604 2716 630 ,

186 640 358 726 quin
394 639 608 708 multa
658 638 798 706 illis
838 636 1140 714 adderet,
1183 637 1438 724 quibus
1486 636 1569 704 ad
1605 635 1946 725 ejusmodi
1993 658 2099 705 res
2148 637 2569 724 necessarias
2619 638 2724 709 eis

187 738 629 820 prospectum
662 737 860 808 esset,
901 725 1108 813 idque
1158 725 1255 794 vel
1307 726 1625 805 maxime,
1683 747 1840 794 cum
1890 747 2005 794 eas
2055 737 2324 815 putaret
2357 747 2594 795 earum
2624 748 2723 795 re-

188 838 343 886 rum
397 816 537 906 pati
578 814 943 893 defectum,
981 814 1239 901 quibus
1273 834 1395 903 pro
1445 834 1570 884 suo
1602 836 1738 883 usu
1777 812 2187 903 indigerent.

274 908 311 993 ἓ
362 910 529 976 3².
582 903 747 973 Aliis
792 903 1207 990 quibusdam
1254 902 1615 993 religiosiS,
1676 924 1850 989 quos
1898 902 2317 992 Templarios
2366 916 2631 982 vocant,
2685 926 2724 972 a

188 995 440 1064 marito
488 1014 615 1064 suo
681 992 1072 1082 impetravit
1118 1013 1369 1082 magna
1416 990 1754 1077 quaedam
1821 991 2122 1080 praedia,
2190 992 2455 1081 optimo
2505 1004 2723 1061 terrae

193 1082 342 1152 loco
385 1083 539 1162 sita,
593 1080 712 1150 ubi
749 1094 981 1171 postea
1017 1081 1211 1149 multi
1264 1080 1497 1180 magni
1545 1079 1704 1169 pagi
1770 1093 1932 1149 sunt
1978 1079 2258 1149 conditi.
2312 1084 2452 1149 Non
2503 1102 2721 1170 pauca

191 1193 360 1241 sane
410 1170 771 1261 religiosiS,
824 1168 895 1238 id
943 1181 1067 1249 est,
1120 1181 1567 1238 monasticem
1628 1167 1976 1258 professis,
2081 1168 2418 1238 raestabat
2465 1168 2722 1239 benefi-

189 1261 320 1342 cia,
379 1279 762 1350 magnoque
795 1278 911 1327 eos
960 1268 1236 1348 propter
1282 1257 1624 1327 Christum
1663 1257 1918 1326 honore
1964 1279 2003 1327 a
2083 1257 2325 1338 ciebat,
2376 1269 2455 1326 ut
2517 1258 2721 1326 etiam

190 1350 278 1418 ab
327 1348 485 1418 aliis
519 1347 618 1417 eis
667 1347 884 1417 honor
931 1346 1317 1416 haberetur.
1373 1349 1537 1415 Cum
1581 1346 1766 1414 enim
1803 1346 2109 1415 venirent
2133 1345 2218 1414 ad
2270 1348 2445 1425 eam‘,
2491 1368 2722 1415 assur-

238 1438 395 1507 ebat
441 1437 563 1517 eis»,
602 1435 1023 1521 comiterque
1069 1456 1184 1504 eos
1232 1435 1601 1524 accipiens,
1639 1433 1773 1504 sibi
1822 1434 1908 1503 ad
1959 1456 2265 1504 mensam
2297 1434 2510 1504 voluit
2548 1435 2722 1505 assi-

190 1459 394 1596 gere:
429 1525 669 1612 utique
725 1524 811 1593 ab
850 1524 1375 1594 obtrectatorum
1428 1524 1777 1592 venenatis
1833 1522 2090 1614 linguis
2141 1523 2394 1593 famam
2448 1524 2725 1593 illorum

191 1626 524 1695 tueretur,
578 1634 715 1682 non
751 1612 955 1682 modo
1001 1633 1231 1682 coram
1283 1633 1353 1681 se
1386 1611 1543 1681 illos
1576 1612 1952 1680 honorifice
2001 1611 2387 1681 tractandos
2433 1612 2720 1691 curavit,

194 1703 314 1772 sed
350 1704 552 1772 etiam
605 1701 915 1781 honesta,
962 1700 1177 1770 donec
1219 1698 1360 1769 illic
1409 1713 1875 1781 morarentur,
1921 1700 2241 1791 hospitia,
2308 1700 2727 1790 inculpatos-

195 1812 329 1878 que
380 1792 734 1861 ministros
781 1802 845 1858 et
878 1791 1099 1859 socios
1145 1789 1246 1858 eis
1278 1787 1617 1870 adhibuit,
1675 1789 1995 1875 misitque
2035 1788 2419 1858 necessaria
2466 1789 2723 1868 omnia,

196 1892 263 1949 et
312 1880 497 1970 apud
548 1883 800 1948 Ducem
851 1877 1127 1947 illorum
1177 1877 1447 1966 negotia
1497 1890 1814 1946 accurate
1863 1878 2219 1967 promovit,
2258 1889 2322 1947 et
2354 1899 2569 1968 ocyus
2613 1899 2726 1946 ex-

199 1968 483 2057 pedivit.
534 1971 698 2037 Cum
750 1978 978 2037 autem
1028 1966 1283 2036 abituri
1330 1978 1578 2046 essent,
1631 1966 1702 2034 in
1753 1967 1969 2036 saccis
2014 1987 2250 2036 eorum
2299 1965 2476 2035 clam
2517 1966 2731 2055 jussit

198 2057 436 2146 reponi
471 2077 708 2147 panes,
754 2057 997 2145 pisceS,
1033 2066 1099 2123 et
1128 2054 1302 2124 alios
1335 2053 1810 2145 religiosorum
1847 2054 2060 2133 cibos,
2097 2067 2174 2124 ut
2219 2054 2548 2124 haberent
2578 2053 2729 2141 qui-

194 2147 331 2215 bus
380 2146 449 2213 in
494 2145 734 2213 itinere
783 2155 1235 2213 vescerentur.
1289 2148 1495 2212 Porro
1541 2142 1799 2230 quibus
1829 2144 1900 2212 in
1954 2143 2119 2213 locis
2164 2164 2283 2212 eos
2330 2155 2585 2213 stantes
2633 2143 2730 2210 vi-

197 2232 418 2315 derat,
473 2233 570 2302 ibi
629 2244 784 2322 post
827 2231 1211 2302 discessum
1260 2231 1538 2301 illorum
1598 2242 1951 2318 tamquam
2000 2232 2086 2301 ad
2136 2232 2382 2302 Christi
2448 2232 2729 2322 vestigia

198 2342 427 2411 genua
459 2322 790 2404 flectebat,
848 2326 1083 2401 Deum,
1120 2341 1323 2407 quem
1361 2321 1429 2388 in
1473 2319 1612 2389 illis
1658 2332 2034 2411 exceperat,
2073 2320 2393 2390 adorans.
2440 2320 2732 2391 Diversis

195 2430 473 2498 quoque
521 2409 955 2480 monasteriis
982 2409 1088 2478 lar
1137 2431 1212 2478 as
1247 2408 1634 2498 praestabat
1664 2409 2159 2499 eleemosynas,
2205 2422 2368 2501 puta
2403 2409 2723 2490 Lubensi,

195 2499 806 2580 Henrichoviensi,
875 2498 1094 2567 Vratis
1124 2498 1313 2568 aviae
1382 2497 1467 2567 ad
1518 2510 1823 2569 sanctam
1879 2499 2198 2581 Mariam,
2278 2512 2735 2586 sanctumque

195 2588 628 2659 vincentium
668 2587 1141 2658 Franciscanis
1188 2600 1253 2656 et
1305 2587 1767 2657 Dominicanis
1814 2587 2186 2659 fratribus:
2224 2588 2523 2675 itemque
2555 2588 2734 2657 mul-

197 2676 287 2747 tis
357 2678 553 2756 aliis,
634 2678 755 2765 qui
834 2677 903 2744 in
952 2675 1271 2777 religioso
1319 2676 1560 2745 habitu
1604 2682 1771 2746 Jesu
1811 2677 2055 2746 Christi
2106 2677 2385 2767 signum
2450 2675 2725 2756 ferrent,

197 2786 351 2836 com
408 2766 679 2836 luribus
710 2786 983 2853 quoque
1019 2763 1288 2836 miseris
1319 2776 1385 2834 et
1415 2765 1835 2835 calamitosis
1877 2765 2277 2834 hominibus
2323 2784 2456 2832 non
2508 2784 2735 2833 cessa-

198 2854 317 2926 bat
361 2789 759 2924 henefacere
814 2866 879 2922 et
910 2853 1307 2945 gratificari,
1362 2854 1646 2943 perinde
1693 2875 1772 2923 ac
1822 2852 1878 2924 si
1927 2853 2117 2923 illam
2169 2851 2515 2940 Evangelii
2578 2874 2736 2921 sen-

197 2944 510 3025 tentiam,
539 2944 725 3028 Quod
744 2945 869 3012 uni
885 2944 1289 3013 emminimis
1326 2944 1489 3012 meis
1504 2945 1779 3032 sectati&
1813 2944 1988 3011 mihi
2013 2943 2264 3031 fecistis
2286 2940 2729 3031 (Malthxxvy

200 3053 476 3123 semper
522 3035 607 3103 ob
655 3031 891 3102 oculos
939 3042 1258 3111 versaret,
1311 3031 1916 3119 exequendamque
1964 3031 2359 3130 susciperet.
2405 3029 2736 3099 Eremitas

194 3133 261 3190 et
312 3120 644 3200 inclusas,
683 3120 1107 3207 ubicumque
1138 3119 1329 3188 adire
1375 3120 1616 3208 potuit,
1648 3140 1771 3219 per
1804 3120 2099 3208 seipsam
2153 3118 2465 3197 invisere,
2505 3128 2570 3186 et
2618 3117 2736 3187 be-

197 3209 471 3280 neficiis
510 3209 779 3279 afficere
818 3209 1175 3278 studebat:
1216 3207 1417 3298 longe
1463 3209 1705 3297 positis
1744 3229 1863 3296 per
1911 3207 2201 3277 nuncios
2233 3205 2488 3287 NesteS,
2539 3226 2737 3276 escu-

201 3297 412 3379 lenta,
467 3312 671 3384 atque
718 3298 852 3367 alia
902 3296 1288 3366 necessaria
1320 3295 1826 3386 suppeditabat.
1873 3300 2323 3386 Leprosorum
2362 3293 2736 3384 singularis

195 3388 260 3457 ei
312 3408 483 3456 cura
529 3388 748 3455 inerat
813 3407 936 3475 pro
982 3406 1213 3454 amore
1252 3383 1466 3465 illius,
1517 3384 1635 3470 qui
1684 3396 1959 3474 propter
2005 3405 2129 3454 nos
2176 3386 2374 3472 quasi
2423 3383 2738 3473 leprosus

195 3475 507 3568 reputari
529 3474 765 3544 voluit.
796 3479 1124 3562 Lep-rosas
1169 3472 1502 3559 quasdam
1555 3471 1845 3543 feminas
1878 3472 2084 3543 simul
2110 3473 2493 3543 habitantes
2525 3493 2739 3562 prope

204 3562 571 3655 oppidum,
623 3561 807 3648 quod
857 3568 1115 3652 Novum
1163 3566 1409 3630 Forum
1438 3560 1473 3596 '⁴²
1520 3574 1785 3643 vocant,
1839 3561 2007 3631 adeo
2055 3562 2187 3631 sibi
2236 3561 2579 3631 curandas
2626 3584 2741 3631 su-

209 3652 453 3742 scepit,
510 3663 587 3721 ut
633 3649 1191 3720 hebdomadatim
1258 3650 1615 3736 aliquoties
1661 3651 1762 3720 eis
1830 3651 2119 3721 mitteret
2165 3651 2539 3752 pecuniaS,
2593 3672 2740 3719 car-

206 3763 357 3822 nes,
388 3738 613 3810 'etiam
652 3738 941 3809 ferinas:
978 3750 1190 3807 vestes
1236 3759 1510 3825 quoque
1546 3751 1610 3809 et
1642 3739 1815 3808 alias
1845 3760 2265 3810 necessarias
2304 3760 2411 3808 res
2462 3738 2741 3829 largiter

206 3831 589 3920 praeberet,
624 3840 827 3916 atque
864 3840 940 3897 ut
981 3826 1358 3916 peculiares
1398 3826 1577 3897 filias
1626 3827 1899 3910 foveret,
1939 3828 2024 3897 de
2070 3827 2396 3898 omnibus
2438 3827 2537 3896 eis
2586 3848 2740 3915 pro-

208 3919 532 4009 spiciens.
559 3918 724 3987 Mira
750 3936 1023 4004 quoque
1040 3915 1654 3986 commiserationis
1686 3917 2140 3987 teneritudine
2167 3915 2565 3986 movebatur
2579 3937 2741 4006 erga

204 4007 491 4077 afflictos
537 4027 776 4076 omnes
819 4004 1309 4092 qualicumque
1341 4005 1677 4096 corporali
1711 4005 2043 4083 molestia,
2080 4004 2740 4092 colliquescebatque

262 4220 288 4242 “
314 4220 496 4261 Novum
518 4221 693 4261 Forum
723 4223 796 4261 est
822 4222 1104 4269 Nmmarckt,
1124 4222 1174 4261 in
1194 4219 1414 4262 districtu
1433 4217 1820 4261 Wratislaviensi.
1845 4241 1891 4249 —
1919 4222 2130 4269 Lem-ost,
2151 4230 2177 4260 a
2197 4217 2324 4260 sanis
2345 4220 2583 4268 disjuncti,
2607 4222 2738 4260 extra

210 4272 352 4313 urbes
383 4277 432 4313 et.
457 4275 626 4325 oppida
661 4273 809 4315 vitam
840 4276 1012 4314 ducere
1046 4276 1343 4324 cogebantur.
1376 4277 1434 4315 At.
1466 4274 1677 4316 Ecclesia.
1708 4275 1947 4316 catholica.
1978 4285 2063 4324 pro
2102 4272 2297 4318 viribus.
2332 4272 2744 4322 indesinenterque

212 4325 500 4384 adlaboravit
524 4333 573 4367 ut
592 4330 745 4368 diram
765 4338 924 4369 eorum
947 4326 1261 4368 conditionem
1282 4329 1451 4369 leniret
1470 4339 1520 4368 ac
1542 4328 1832 4369 sublevaret:
1853 4338 1975 4368 nnnc
1996 4326 2201 4379 hospitia.
2220 4329 2266 4367 et
2287 4328 2509 4368 ecclesias
2527 4338 2610 4375 pro
2629 4324 2743 4375 ipsis

180 4409 191 4420 .
211 4379 505 4426 aedificando,
524 4392 648 4423 nunc
667 4383 1008 4432 Religiosorum
1030 4382 1239 4427 Ordines,
1259 4381 1339 4433 qui
1362 4382 1538 4422 eisdem
1558 4383 1854 4428 inservirent,
1881 4382 2184 4428 instituendo,
2204 4391 2328 4421 nunc
2353 4382 2556 4425 demum,
2575 4381 2624 4419 ln
2642 4381 2744 4420 suis

214 4431 433 4491 ponctliis
466 4437 757 4495 praesertim,
791 4436 1035 4482 salutares,
1065 4434 1351 4485 idoneasque
1383 4437 1513 4486 leges
1538 4436 1849 4481 decernendo,
1865 4433 2161 4486 improbatis,
2187 4432 2473 4485 rejectisque
2494 4432 2605 4480 illis,
2627 4443 2747 4482 quae

216 4486 383 4525 immiti
404 4497 559 4529 animo
578 4489 627 4528 in
645 4499 726 4530 eos
746 4490 868 4529 latae
886 4490 1031 4530 crant.
2695 4513 2704 4520 ·
