3347 4999
709 353 838 418 452
1388 370 1469 416 nr.
1516 370 1573 416 s.
1627 369 1823 417 GALLo
1872 370 2013 417 ΑΒΒ.
2066 370 2141 417 ET
2187 368 2372 418 conr.
2844 350 3017 419 OCT.
3080 353 3165 417 16

623 453 989 545 legatarios
1022 475 1183 522 suos
1212 475 1371 522 cum
1404 452 1693 543 epistola
1726 453 1809 522 ad
1844 465 2156 525 sanctum
2182 454 2445 534 Virum,
2483 452 2914 525 denuncians
2952 455 3039 532 ei,
3072 476 3165 524 ne

623 543 948 632 deinceps
989 542 1056 610 in
1115 563 1323 632 regno
1365 541 1483 610 illo
1530 543 1952 614 consisteret.
2008 542 2131 612 Ille
2176 541 2511 614 Jezabelis
2550 542 2840 613 insidias
2880 543 3105 613 vitans
3143 599 3160 623 ‚

621 632 750 702 iter
806 652 962 701 cum
1016 630 1161 702 suis
1199 652 1566 721 aggressus
1601 685 1616 713 ‚
1679 629 1763 700 ad
1833 631 2201 702 Clotarium
2261 637 2510 722 Regem
2581 632 2910 722 pervenit.
2962 632 3167 722 Apud

620 741 824 808 quem
868 741 1026 789 cum
1062 718 1414 806 aliquanto
1463 732 1767 809 tempore
1808 732 2212 801 moraretur,
2255 721 2538 810 rogavit,
2581 732 2657 789 ut
2695 719 2886 788 illius
2919 720 3167 791 solatio
3238 730 3243 733 ’

621 809 705 878 ad
758 807 1296 878 Theodebertum
1359 810 1865 879 Austrasiorum
1927 815 2177 899 Regem
2239 809 2588 897 pervenire
2653 810 3005 899 potuisset.
3061 810 3163 879 Ad

621 918 827 985 quem
888 918 1048 967 cum
1116 895 1495 966 secundum
1563 898 1954 987 petitionem
2016 896 2386 967 voluntatis
2453 918 2619 966 suae
2679 898 3167 968 venerabiliter

623 987 881 1055 missus
932 998 1109 1057 esset
1151 1040 1166 1066 ‚
1219 997 1581 1076 susceptus
1626 998 1730 1055 est
1781 986 1868 1055 ab
1914 1007 1993 1055 eo
2042 1008 2200 1085 cum
2260 986 2450 1055 omni
2492 985 2748 1055 honore
2792 999 2857 1056 et
2903 987 3167 1077 gaudio

621 1096 901 1165 magno.
955 1074 1199 1144 Mansit
1261 1074 1489 1161 itaque
1546 1074 1732 1164 apud
1792 1074 1990 1159 illum
2041 1074 2303 1162 aliquot
2360 1073 2647 1155 diebuS‚
2701 1097 2932 1146 sacras
2982 1076 3171 1146 Scri-

621 1175 865 1254 pturas
898 1164 1235 1253 aperiens,
1286 1175 1352 1233 et
1397 1163 1764 1233 insinuans
1796 1164 1857 1232 ei
1892 1163 2265 1232 veritatem.
2319 1167 2627 1251 Cumque
2670 1176 2737 1234 et
2774 1164 3004 1254 ipsum
3051 1186 3169 1235 ro-

623 1264 838 1342 garet,
875 1264 954 1321 ut
990 1251 1073 1321 ad
1116 1250 1560 1341 Agilulpbum
1596 1258 1692 1322 Re
1741 1272 1846 1320 em
1898 1251 2530 1342 Longobardorum‚
2586 1253 2735 1342 ejus
2763 1252 2991 1340 jussu,
3041 1276 3171 1343 per

623 1340 1095 1411 Alemanniam
1140 1339 1546 1420 duceretur,
1591 1362 1704 1410 mo
1734 1352 1874 1409 este
1921 1339 2146 1410 ferens
2195 1344 2332 1409 Rex
2381 1351 2724 1411 tantorum
2778 1341 3166 1411 discessum

621 1429 952 1510 virorum,
996 1428 1342 1520 pollicitus
1387 1440 1490 1499 est
1520 1430 1620 1500 eis
1668 1430 1849 1498 intra
1882 1430 2212 1499 terminos
2248 1450 2315 1497 re
2369 1429 2579 1499 nisui
2620 1451 2691 1500 se
2724 1442 3168 1520 reperturum

621 1516 773 1587 loca
802 1533 1088 1588 venusta
1111 1539 1288 1605 quae
1327 1516 1606 1587 famulis
1643 1518 1757 1587 Dei
1795 1531 1860 1587 et
1898 1517 1982 1586 ad
2028 1516 2295 1587 incolen
2349 1539 2467 1586 um
2501 1530 2729 1588 essent
2768 1518 3163 1601 commoda,

622 1618 687 1675 et
736 1606 820 1677 ad
863 1606 1302 1678 instruendas
1343 1606 1547 1676 verbo
1593 1607 1894 1676 veritatis
1950 1606 2478 1695 circumpositas
2538 1607 2848 1677 nationes
2906 1628 3167 1698 oppor-

625 1708 817 1766 tuna.
871 1696 985 1764 Vir
1035 1696 1146 1764 Dei
1188 1716 1417 1765 semen
1469 1695 1655 1764 verbi
1709 1696 1777 1763 in
1827 1694 2151 1765 cordibus
2198 1695 2506 1796 gentium
2551 1695 2862 1785 plantare
2893 1695 3169 1767 deside-

626 1804 816 1865 rans,
859 1783 1359 1872 aliquantisper
1411 1797 1837 1853 moraturum
1889 1806 1961 1854 se
2018 1783 2375 1873 promisit,
2432 1784 2491 1853 si
2547 1784 2733 1875 regia
2789 1786 3169 1855 auctoritas

621 1870 823 1942 factis
855 1871 1038 1942 dicta
1067 1872 1394 1941 firmaret.

713 1964 748 2047 ξ
796 1966 881 2033 4.
933 1963 1218 2048 Accepta
1266 1960 1479 2046 igitur
1514 1981 1554 2028 a
1596 1963 1775 2049 Rege
1810 1960 2084 2030 licentia
2116 1959 2416 2050 eligendi
2449 1959 2705 2042 locum,
2742 1962 3170 2051 ubicumque

623 2050 1024 2128 voluissent,
1062 2048 1228 2117 dum
1260 2048 1406 2117 loca
1445 2046 1744 2137 plurima
1772 2049 2325 2139 perlustrassent,
2358 2051 2896 2120 venerunt-intra
2935 2064 3167 2141 partes

623 2137 1015 2208 Alemaniae
1053 2136 1138 2205 ad
1196 2136 1488 2206 fluvium
1519 2191 1534 2213 ,
1596 2138 1717 2223 qui
1776 2138 2100 2228 Limagus
2130 2137 2165 2171 ¹*
2213 2151 2513 2207 vocatur.
2556 2144 2759 2208 Juxta
2819 2161 3025 2227 quem
3077 2141 3168 2209 ad

623 2226 981 2315 superiora
1031 2225 1404 2305 tendenteS,
1452 2240 1907 2315 pervenerunt
1947 2226 2032 2295 ad
2093 2226 2317 2296 lacum
2371 2226 2801 2298 Turicinum.
2857 2232 3169 2316 Cumque

624 2335 748 2403 per
795 2313 958 2383 litus
1002 2313 1459 2391 ambulantes,
1516 2314 1861 2385 venissent
1909 2314 1995 2383 ad
2053 2328 2260 2404 caput
2309 2314 2501 2385 lacus
2541 2316 2761 2405 ipsius
2809 2316 2879 2385 in
2935 2316 3168 2386 locum

673 2402 741 2472 ui
777 2403 1114 2473 Tucconia
1162 2402 1232 2438 *⁴*
1264 2402 1539 2483 dicitur,
1588 2401 1850 2504 placuit
1899 2402 2038 2472 illis
2100 2403 2228 2472 loci
2281 2404 2578 2490 qualitas
2631 2403 2715 2473 ad
2770 2404 3167 2475 inhabitan-

676 2514 822 2561 um.
874 2496 1080 2562 Porro
1139 2491 1456 2561 homines
1517 2491 1773 2561 ibldem
1833 2508 2347 2564 commanentes
2386 2548 2401 2571 ,
2473 2492 2790 2564 crudeles
2853 2509 3049 2564 erant
3104 2509 3171 2564 et

621 2580 849 2669 impii,
886 2581 1259 2650 simulacra
1289 2581 1611 2661 colentes,
1645 2581 1829 2650 idola
1863 2577 2226 2651 sacrificiis
2260 2597 2681 2663 veneranteS‚
2726 2585 3170 2654 observantes

625 2669 919 2760 auguria
958 2680 1022 2738 et
1060 2669 1540 2749 divinationeS,
1603 2682 1667 2738 et
1725 2669 1939 2740 multa
1981 2692 2156 2758 quae
2215 2671 2557 2741 contraria
2597 2684 2758 2741 sunt
2796 2672 3016 2742 cultui
3063 2672 3172 2743 di·

625 2759 807 2838 vine,
840 2758 1318 2848 superstitiosa
1351 2768 1708 2827 sectantes.
1742 2759 1970 2828 Sancti
2008 2760 2221 2849 igitur
2253 2760 2568 2828 homines
2594 2781 2751 2829 cum
2780 2762 3173 2851 coepissent

622 2848 802 2916 inter
841 2847 996 2917 illos
1030 2847 1362 2925 babitare,
1407 2846 1747 2915 docebant
1777 2868 1892 2916 eos
1920 2847 2204 2916 adorare
2233 2852 2496 2918 Patrem
2535 2860 2599 2917 et
2636 2848 2879 2918 Filium
2922 2861 2988 2918 et
3020 2851 3172 2940 Spi-

622 2937 833 3006 ritum
864 2940 1213 3015 Sanctum,
1249 2948 1315 3004 et
1346 2934 1690 3005 custodire
1725 2935 1883 3005 fidei
1910 2937 2286 3005 veritatem.
2318 2942 2560 3006 Beatus
2594 2959 2867 3024 quoque
2899 2937 3166 3018 Gallus,

624 3025 844 3094 sancti
879 3024 1016 3094 Viri
1057 3023 1470 3113 discipulus,
1509 3023 1651 3093 zelo
1688 3025 1955 3124 pietatis
2003 3039 2333 3108 armatus,
2374 3025 2554 3106 fana,
2600 3026 2671 3094 in
2716 3026 2972 3113 quibus
3003 3027 3174 3096 dae-

623 3113 880 3186 moniis
947 3115 1481 3192 sacrificabant,
1556 3113 1704 3202 ign1
1763 3113 2172 3190 succendit,
2241 3129 2306 3183 et
2361 3135 2841 3201 quaecumque
2906 3116 3173 3185 invenit

621 3201 847 3272 oblata
880 3256 895 3282 ‚
949 3202 1272 3271 demersit
1320 3202 1388 3269 in
1445 3201 1698 3273 lacum.
1766 3207 1909 3284 Qua
1971 3204 2183 3273 causa
2280 3204 2521 3272 ermoti
2560 3258 2575 3284 ,
2642 3203 2744 3272 ira
2792 3216 2857 3273 et
2904 3204 3173 3273 invidia

626 3296 909 3361 Sanctos
958 3290 1496 3371 insectabantur,
1541 3304 1605 3360 et
1651 3291 2010 3360 communi
2042 3225 2331 3361 consilio
2365 3291 2635 3361 Gallum
2683 3293 3017 3382 perimere
3053 3316 3175 3363 vo-

626 3378 951 3457 luerunt;
1006 3378 1506 3449 columbanum
1548 3400 1704 3448 vero
1754 3378 2046 3469 flagellis
2093 3400 2368 3449 caesum
2420 3393 2486 3449 et
2531 3380 2969 3451 contumeliis
3007 3381 3175 3452 affe-

624 3480 838 3547 ctum,
896 3467 980 3535 de
1030 3467 1178 3536 suis
1225 3466 1484 3537 finibus
1532 3468 1962 3557 proturbare.
2018 3474 2260 3537 Beatus
2310 3480 2521 3557 pater,
2576 3470 2848 3560 cognito
2878 3469 3174 3541 consilio

624 3577 865 3625 eorum
905 3611 920 3636 ,
973 3554 1115 3624 zelo
1155 3556 1463 3644 justitiae
1517 3556 1933 3646 imprecatus
1980 3568 2081 3626 est
2127 3557 2226 3626 eis
2280 3556 2464 3637 talia,
2519 3557 2801 3627 dicens:
2856 3581 2892 3625 «
2937 3564 3166 3638 Deus,

624 3645 827 3732 cujus
860 3642 1282 3734 providentia
1314 3643 1619 3716 mundus
1653 3645 1989 3722 subsistit,
2027 3659 2092 3715 et
2128 3657 2376 3715 cuncta
2411 3659 2770 3737 reguntur,
2809 3647 2914 3717 fac
2951 3669 3169 3737 super

622 3745 833 3823 caput
881 3733 1341 3824 generationis
1391 3733 1603 3821 hujus
1652 3735 1889 3803 reverti
1940 3733 2417 3816 contumelias,
2470 3758 2643 3822 quas
2692 3735 2973 3806 famulis
3026 3737 3176 3807 tuis

624 3836 1060 3912 paraverunt.
1117 3822 1264 3892 Nati
1303 3843 1540 3891 eorum
1592 3821 1791 3891 facile
1851 3837 2174 3912 pereant,
2232 3837 2297 3893 et
2342 3836 2711 3910 antequam
2754 3839 3171 3906 senescant,

624 3934 789 4001 prae
838 3912 1196 3983 subitaneo
1253 3924 1532 4000 stupore
1593 3910 1885 3981 delirare
1943 3924 2330 4003 cogantur3
2384 3913 2655 4002 ipsique
2719 3936 2875 3983 cum
2937 3926 3173 3994 terra,

622 4022 832 4086 quam
871 4000 1204 4082 incolunt,
1258 3999 1435 4068 dura
1475 4000 1854 4089 potentium
1897 4000 2363 4071 dominatione
2413 4015 2838 4090 premantur,
2884 4015 2961 4071 ut
2991 4025 3181 4072 cun·

623 4089 753 4158 ctis
786 4090 1170 4180 ignominia
1217 4110 1452 4158 eorum
1493 4100 1718 4178 pateat
1765 4090 1831 4157 in
1871 4087 2261 4180 aternum3
2313 4100 2378 4159 et
2427 4090 2603 4159 sicut
2653 4091 2988 4180 scriptum
3042 4105 3174 4174 est,

624 4190 1059 4247 convertatur
1098 4177 1295 4246 dolor
1325 4200 1559 4247 eorum
1607 4178 1673 4246 in
1719 4183 1928 4268 caput
1963 4180 2296 4267 ipsorum,
2334 4190 2399 4248 et
2432 4179 2498 4247 in
2538 4180 2857 4249 verticem
2889 4179 3182 4251 illorum

626 4266 982 4354 iniquitaS,
1022 4268 1107 4336 ab
1143 4268 1311 4357 ipsis
1345 4280 1632 4357 patrata,
1680 4267 2070 4372 descendat.
2113 4291 2148 4333 »

677 4430 701 4454 ⁸⁸¹
736 4429 922 4469 Scilicet
943 4429 1172 4472 Lffnnmath,
1193 4425 1272 4477 qui
1293 4429 1417 4470 inter
1436 4429 1717 4478 Tigurinum
1736 4427 1934 4481 (Zao-5570)
1955 4431 2112 4472 lacum
2130 4427 2248 4471 fluit·

676 4482 724 4507 *⁸
760 4484 980 4525 Fortasse
1002 4493 1161 4534 pagus,
1182 4482 1263 4532 qui
1283 4487 1478 4524 vocatur
1503 4485 1685 4534 Tqusen.
