3347 4999
410 3605 419 3614 “
520 3585 709 3656 Addo
756 3587 829 3656 vi

631 297 671 359 6
1374 314 1454 359 nr.
1502 312 1557 362 s.
1609 313 1868 361 aninmo
1912 312 2207 362 Ancnmr.
2799 296 2971 363 OCT.
3027 300 3052 363 1
3161 356 3176 377 ,

541 392 810 462 circiter
857 413 1075 463 annos
1121 392 1663 482 pessundederit.
1700 393 1908 482 Cujus
1941 393 2200 464 infelici
2232 403 2555 550 tempore,
2588 393 2673 463 de
2706 394 2836 464 ista
2883 395 3063 464 Rhe-

541 482 763 551 mensi
806 480 1094 551 ecclesia
1141 503 1277 550 non
1318 480 1545 551 solum
1595 483 1894 572 pretiosa
1940 504 2254 570 quaeque
2292 482 2378 551 ab
2411 494 2520 551 ata
2569 482 2890 566 fuerunt,
2945 484 3061 555 sed

538 581 603 640 et
647 569 974 640 ecclesiae
1020 581 1221 656 atque
1267 569 1515 640 domus
1563 569 2044 661 religiosorum
2093 571 2503 653 destructae,
2542 583 2607 640 et
2656 593 2763 642 res
2798 574 2884 642 ab
2919 574 3063 662 epi-

538 660 771 751 scopio
816 658 1005 728 fuere
1051 658 1331 728 divisae.
1369 657 1481 728 Illi
1527 681 1801 747 quoque
1851 660 2078 749 pauci,
2130 660 2250 747 qui
2281 672 2475 729 erant
2508 660 2790 741 residui,
2830 660 3062 731 clerici

540 749 809 849 negotio
857 748 1113 817 victum
1159 749 1616 836 quaerebant,
1667 760 1735 818 et
1780 748 2123 829 denarios,
2167 770 2343 836 quos
2393 749 2838 819 mercimonio
2900 772 3061 820 con-

536 838 937 925 quirebant,
992 836 1063 905 in
1113 836 1369 906 chartis
1415 848 1480 907 et
1529 836 1863 907 librorum
1913 837 2095 907 foliis
2143 836 2490 907 interdum
2541 837 2869 928 ligabant.
2924 839 3062 909 Sic·

535 948 668 1013 que
716 925 1058 1017 praefatus
1096 924 1271 995 liber
1315 948 1475 995 cum
1524 926 1681 996 aliis
1731 926 1979 1016 partim
2029 926 2381 996 stillicidio
2424 926 2865 1016 putrefactus,
2906 949 3063 1017 par-

538 1015 658 1083 tim
706 1038 748 1084 a
794 1013 1134 1085 soricibus
1180 1036 1500 1085 corrosus
1529 1069 1550 1095 ,
1607 1016 1858 1105 partim
1909 1014 2231 1085 foliorum
2279 1015 2701 1085 abscissione
2747 1016 3052 1099 divisuS,

536 1104 879 1174 intantum
929 1103 1267 1193 deperiit,
1319 1115 1397 1174 ut
1444 1125 1665 1193 pauca
1713 1118 1778 1172 et
1824 1104 2135 1194 dispersa
2184 1103 2344 1172 inde
2392 1102 2553 1172 folia
2603 1118 2871 1194 reperta
2918 1104 3063 1175 fue-

536 1191 694 1261 rint.
749 1196 916 1261 Cum
966 1211 1123 1260 vero
1171 1203 1477 1285 tempore
1523 1192 1748 1282 Pipini
1798 1194 2017 1281 regis,
2073 1192 2401 1282 praedicti
2453 1192 2670 1261 Caroli
2723 1194 3058 1284 principis

536 1279 687 1361 filii,
740 1279 1059 1350 revelatio
1107 1278 1238 1350 fuit
1281 1279 1316 1315 ¹*
1363 1293 1636 1350 ostensa
1664 1280 2021 1363 Eucherio,
2057 1280 2568 1350 Aurelianensis
2600 1282 2891 1354 civitatis
2914 1284 3062 1383 epi-

535 1391 764 1461 scop0,
818 1369 902 1438 de
948 1368 1391 1438 damnatione
1438 1381 1711 1439 aeterna
1759 1368 2065 1470 ejusdem
2118 1367 2358 1451 C'aroli,
2411 1372 2531 1456 qui
2582 1393 2688 1439 res
2734 1371 3058 1441 ecclesla-

536 1480 692 1527 rum
740 1458 1103 1528 diviserat:
1158 1457 1336 1526 idem
1389 1457 1700 1549 PipinuS,
1757 1470 1935 1527 sicut
1979 1462 2041 1527 el
2090 1458 2383 1528 aliarum
2434 1459 2877 1529 ecclesiarum
2920 1461 3059 1549 epi·

535 1546 788 1635 scopiis
817 1601 833 1627 ,
877 1546 1041 1617 huic
1091 1546 1463 1616 Rhemensi
1513 1558 1772 1637 partem
1820 1545 1906 1614 de
1954 1547 2159 1616 rebus
2203 1547 2685 1617 ecclesiasticis
2734 1548 3052 1629 reddidit,

532 1647 597 1705 et
643 1635 992 1725 Tilpinum
1061 1635 1131 1703 in
1194 1634 1322 1704 hac
1379 1636 1551 1706 urbe
1616 1635 2035 1705 Rhemorum
2087 1636 2485 1726 episcopum
2538 1636 2840 1707 ordinari
2891 1660 3056 1707 con-

533 1724 769 1793 sensit.
823 1728 964 1793 Hoc
1010 1723 1196 1794 enim
1248 1724 1319 1792 in
1359 1724 1488 1795 hac
1520 1723 1805 1793 ecclesia
1843 1724 2213 1794 Rhemensi
2249 1725 2620 1796 novissimo
2651 1724 2862 1796 seculi
2889 1739 3060 1796 tem-

534 1834 697 1902 pore
744 1813 829 1882 de
876 1813 1052 1883 libro
1103 1826 1513 1895 memorato,
1568 1812 1687 1883 sed
1734 1825 1798 1882 et
1845 1812 1930 1881 de
1977 1813 2134 1883 aliis
2182 1813 2479 1895 accidit,
2539 1814 2719 1901 quod
2771 1815 3056 1902 antiquo

532 1914 836 1991 tempore
881 1901 966 1970 de
1013 1902 1426 1972 authenticis
1474 1902 1836 1993 scripturis
1868 1903 2174 1971 evenisse
2203 1914 2481 1972 sanctus
2512 1908 2812 1973 Joannes
2842 1904 3052 1994 Chry-

532 2002 875 2061 sostomus
927 1991 993 2059 in
1044 1988 1332 2060 homilia
1380 1997 1420 2061 9
1470 1990 1817 2079 Evangelii
1868 1990 2248 2060 secundum
2302 1992 2738 2074 Matthaeum,
2794 2015 3053 2063 memo·

532 2092 635 2148 rat
681 2078 956 2148 dicens:
1012 2079 1222 2148 Multa
1268 2081 1451 2149 enim
1502 2102 1580 2149 ex
1630 2101 1753 2169 pro
1806 2080 2049 2149 heticis
2084 2080 2342 2168 periere
2377 2081 2838 2164 monimentis,
2874 2082 3054 2169 quod

531 2167 615 2237 de
663 2168 948 2237 historia
996 2167 1563 2258 Paralipomenon
1631 2102 1922 2268 probare
1987 2167 2314 2258 possibile
2373 2181 2495 2240 est.
2552 2170 2825 2241 Desides
2870 2171 3053 2240 enim

528 2278 690 2326 cum
738 2269 965 2328 essent
1010 2256 1280 2339 Judaei,
1334 2279 1459 2327 nec
1508 2256 1780 2326 desides
1829 2256 2054 2339 modo,
2087 2256 2207 2326 sed
2240 2270 2303 2325 et
2342 2256 2563 2347 impii,
2609 2256 2744 2326 alia
2775 2258 3051 2344 quidem

527 2345 979 2435 perdiderunt
1025 2346 1472 2436 negligenter,
1511 2345 1647 2415 alia
1695 2368 1851 2416 vero
1902 2360 2044 2415 tum
2095 2344 2574 2427 incenderunt,
2629 2358 2774 2415 tum
2823 2348 3047 2416 conci-

528 2434 780 2506 derunt
841 2433 1146 2536 profane.
1225 2439 1301 2505 Et
1364 2434 1449 2505 de
1496 2432 1901 2525 profanitate
1949 2433 2228 2523 quidem
2281 2433 2399 2504 tali
2443 2435 2776 2505 Jeremias
2827 2434 3048 2506 refert.

532 2529 625 2594 De
672 2524 857 2614 negli
909 2524 1093 2594 entia
1158 2545 1314 2594 vero
1362 2524 1433 2594 in
1473 2537 1719 2612 quarto
1768 2528 2028 2615 Regum
2080 2524 2255 2593 libro
2302 2524 2598 2614 legimus
2627 2578 2649 2605 ,
2713 2523 3056 2611 quomodo

530 2624 684 2703 post
732 2635 852 2681 mu
886 2627 1031 2682 tum
1083 2612 1434 2703 temporis,
1487 2613 1596 2682 vix
1644 2613 2150 2682 Deuteronomii
2199 2612 2287 2681 sit
2317 2612 2630 2682 volumen
2676 2626 3047 2700 repertum,

528 2700 876 2771 defossum
916 2701 1239 2788 ‚quodam
1307 2702 1377 2769 in
1439 2701 1634 2782 loc0,
1689 2724 1767 2771 ac
1829 2722 1998 2792 pene
2054 2699 2378 2770 deletum.
2435 2700 2561 2770 Sed
2611 2712 2675 2770 et
2723 2701 2922 2791 plura
2969 2701 3052 2770 de

529 2789 904 2880 Scripturis
954 2791 1023 2858 in
1075 2790 1184 2863 his
1216 2811 1393 2877 quae
1426 2789 1787 2871 habemus,
1827 2803 2202 2859 memorata
2235 2790 2527 2879 legimus
2555 2811 2731 2876 quae
2773 2812 2904 2860 non
2936 2791 3053 2860 ha-

526 2880 813 2948 bemus:
868 2879 1047 2949 sicut
1113 2891 1215 2948 est
1277 2878 1452 2949 liber
1489 2880 1841 2970 justorum
1878 2935 1893 2960 ‚
1946 2878 2067 2965 qui
2115 2891 2692 2948 commemoratur
2739 2879 2807 2948 in
2860 2878 3055 2948 libris

525 2972 825 3057 Regum:
880 2981 945 3037 et
992 2967 1172 3038 sicut
1217 2979 1319 3038 est
1364 2968 1540 3039 liber
1586 2968 1923 3039 bellorum
1977 2966 2271 3046 Domini,
2325 2968 2526 3056 quus
2574 2969 2643 3036 in
2694 2967 2869 3038 libro
2918 2973 3055 3038 Nu-

524 3077 871 3125 merorum
922 3057 1176 3125 mentio
1223 3069 1360 3126 est:
1414 3079 1638 3144 neque
1685 3057 2003 3127 Carmina
2053 3054 2437 3125 Salomonis
2468 3110 2483 3137 ,
2526 3077 2745 3143 neque
2801 3057 3047 3147 Dispu-

528 3143 815 3213 tationes
875 3144 1025 3244 ejus
1088 3146 1635 3235 sapientissimas
1704 3146 1789 3215 de
1855 3144 1899 3213 li
1955 3166 2200 3214 norum
2254 3156 2497 3213 natura
2545 3145 3055 3233 herbarumque

525 3232 864 3312 omnium,
902 3245 1201 3320 ltemque
1222 3235 1702 3322 jumentorum
1735 3247 1801 3303 et
1831 3256 1910 3303 vo
1943 3255 2214 3314 uerum,
2247 3233 2597 3322 reptilium
2626 3246 2690 3302 et
2717 3234 3048 3323 piscium:

524 3319 625 3389 vel
675 3320 857 3407 quod
906 3320 974 3389 in
1026 3321 1226 3403 libro,
1283 3322 1498 3392 Verba
1545 3322 1842 3403 dierum,
1896 3323 2192 3392 dicitur:
2245 3321 2535 3408 Reliqua
2569 3342 2723 3391 vero
2766 3343 3049 3411 operum

525 3409 908 3480 Salomonis
954 3410 1263 3499 priorum
1312 3423 1379 3481 et
1428 3412 1987 3490 novissimorum,
2042 3410 2295 3510 scripta
2344 3423 2505 3480 sunt
2550 3410 2618 3478 in
2671 3411 2893 3480 verbis
2924 3416 3054 3481 Na-

524 3497 686 3566 than
738 3497 1146 3655 ρτίέρΐιθῑαθ,
1199 3512 1264 3569 et
1310 3500 1379 3568 in
1433 3498 1629 3569 libris
1678 3499 1880 3567 Ahiae
1931 3498 2277 3568 Silonitis:
2331 3499 2400 3566 in
2455 3499 2715 3568 visione
2780 3520 3054 3586 quoque

884 3588 1060 3657 entis
1108 3601 1344 3658 contra
1399 3588 1763 3658 Jeroboam
1812 3587 2038 3656 filium
2090 3587 2377 3668 Nabath,
2429 3600 2495 3657 et
2544 3587 2761 3657 multa
2809 3588 3051 3676 hujus-

522 3675 708 3744 modi
755 3676 1110 3745 volumina
1156 3699 1331 3764 quae
1379 3676 1733 3765 Scriptura
1780 3676 2057 3763 quidem
2110 3675 2328 3745 fuisse
2368 3675 2649 3766 probat,
2689 3676 2807 3746 sed
2851 3676 3053 3746 hodie

519 3777 784 3833 constat
833 3786 969 3834 non
1016 3787 1188 3835 esse.
1243 3770 1512 3835 Vastata
1561 3786 1861 3851 namque
1909 3787 1947 3833 a
1999 3765 2356 3834 Chaldaeis
2400 3764 2683 3846 Judaea,
2721 3766 2893 3835 utin
2933 3787 3053 3855 pa-

521 3863 704 3922 trum
754 3852 998 3923 litteris
1048 3853 1392 3954 legimuS,
1448 3854 1653 3923 etiam
1706 3853 2143 3933 bibliotheca,
2181 3854 2564 3940 antiquitus
2610 3866 3047 3945 congregata,

520 3940 696 4010 inter
742 3940 914 4011 alias
965 3942 1352 4032 provinciae
1400 3965 1594 4031 opes,
1652 3942 1887 4011 hostili
1933 3955 2034 4011 est
2081 3942 2240 4031 igne
2286 3956 2734 4031 consumpta:
2787 3965 2869 4012 ex
2914 3966 3053 4031 qua

523 4030 747 4119 pauci,
801 4031 920 4118 qui
972 4052 1157 4101 nunc
1205 4031 1275 4099 in
1322 4042 1559 4102 sancta
1606 4033 1951 4121 scriptura
1996 4031 2477 4111 continentur,
2533 4029 2692 4100 libri
2750 4044 3051 4120 postmo-

520 4118 685 4186 dum
762 4119 1013 4190 Esdrae
1087 4119 1431 4211 pontificis
1492 4134 1556 4189 et
1621 4121 1991 4210 prophetae
2054 4131 2214 4189 sunt
2263 4118 2607 4188 industria
2656 4119 3043 4189 restaurati.

522 4207 713 4276 Unde
754 4209 1089 4296 scriptum
1138 4222 1239 4278 est
1278 4209 1362 4278 de
1409 4231 1526 4277 eo:
1580 4208 1898 4280 Ascendit
1946 4208 2196 4276 Esdras
2245 4207 2330 4277 de
2375 4207 2743 4296 Babylone,
2791 4220 2854 4277 et
2904 4208 3050 4297 ipse

517 4298 733 4366 scriba
791 4301 994 4366 velow
1041 4297 1109 4365 in
1189 4297 1335 4388 lege
1384 4297 1618 4387 Moysi.
1681 4297 1879 4366 Velox
1928 4295 2280 4380 videlicet,
2350 4296 2509 4383 quia
2593 4296 3048 4388 promptiores

571 4422 599 4448 *
628 4422 740 4462 Vide
760 4423 818 4462 ad.
837 4423 1013 4465 calcem
1033 4433 1078 4474 p.
1097 4424 1186 4470 420.
1208 4421 1306 4464 Vol.
1327 4424 1385 4464 11.
