3347 4999
802 335 930 398 528
1548 352 1623 396 ns
1671 352 1727 395 5.
1773 349 1926 395 urea
1979 348 2400 394 evanuisset
2912 328 3053 393 OCT.
3085 329 3156 391 ’48

716 435 1169 525 interpretans
1235 434 1402 525 ipsis
1448 455 1526 503 ea
1573 456 1750 523 quae
1797 434 1880 504 de
1922 434 2184 503 Christo
2223 445 2458 512 erant,
2514 444 2579 502 et
2632 432 2970 502 ostendens
3007 444 3154 500 vetus

713 526 1250 594 instrumentum
1289 525 1571 593 omnino
1601 545 1983 594 consonum
2024 545 2174 591 esse
2207 545 2400 600 novo,
2450 544 2804 610 unumque
2841 535 2899 591 et
2926 521 3153 590 eundem

713 637 863 683 esse
900 619 1134 694 Deum,
1188 615 1307 701 qui
1347 627 1411 683 et
1462 614 1587 683 hoc
1633 626 1700 682 et
1749 613 1918 685 illud
1971 625 2319 689 statuerat,
2366 609 2611 700 plenus
2649 613 2790 701 jam
2819 610 3046 680 dierum
3084 610 3153 677 ef-

716 703 952 779 fectus,
1030 703 1202 772 redit
1252 704 1317 771 in
1372 725 1535 792 pace
1582 703 1665 773 ad
1723 708 1927 771 Deum
1998 702 2216 790 pacis,
2289 700 2564 791 pulvere
2633 700 2899 789 quidem
2959 700 3152 790 pulveri

717 791 972 872 relicto,
1025 793 1257 861 anima
1306 814 1460 861 vero
1510 792 1576 860 in
1632 791 1955 860 manibus
2001 791 2173 879 ejus,
2226 792 2343 878 qui
2384 790 2684 870 dederat,
2736 788 3151 861 commendata,

720 882 881 951 illuc
917 882 1279 961 transienS,
1315 882 1436 950 ubi
1478 882 1662 972 regio
1693 894 1794 950 est
1844 880 2238 960 viventium,
2275 880 2392 948 ubi
2444 901 2656 951 sonus
2687 879 2850 949 festa
2881 878 3153 947 celebran-

719 973 917 1050 tium,
974 971 1093 1039 ubi
1146 970 1550 1040 inhabitatio
1595 983 1697 1040 est
1743 971 2053 1039 omnium
2123 969 2548 1039 laetantium.
2607 967 2996 1058 Hujusmodi
3041 976 3152 1034 sunt

718 1060 1171 1129 certaminum
1230 1059 1529 1150 Apostoli
1580 1081 1701 1150 pro
1751 1061 1996 1150 pietate
2047 1059 2515 1129 narrationes:
2571 1058 2681 1127 hic
2731 1058 2857 1127 fuit
2902 1058 2918 1125 i
2966 1057 3015 1125 si
3052 1054 3158 1122 finis

720 1150 1030 1219 laborum
1084 1170 1186 1217 iro
1218 1150 1482 1218 Christo
1524 1171 2028 1239 perpessorum,
2071 1169 2365 1235 quorum
2401 1148 2604 1218 etiam
2641 1148 2921 1238 manipu
2947 1168 3009 1214 os.
3031 1166 3156 1212 nunc

721 1239 909 1308 metit
945 1239 1009 1306 in
1090 1239 1341 1319 aetitia,
1398 1239 1486 1307 ita
1535 1251 1608 1307 ut
1658 1239 1872 1329 possit
1918 1250 1981 1306 et
2023 1238 2165 1328 ipse
2212 1259 2369 1306 cum
2415 1236 2621 1307 Paulo
2669 1237 2931 1307 dicere:
2979 1240 3158 1304 Bonum

719 1340 1051 1397 certamen
1089 1330 1364 1407 certavi,
1406 1351 1671 1396 cursum
1706 1330 2181 1405 consummavi,
2217 1328 2415 1417 fidem
2439 1330 2749 1397 servavi:
2775 1337 3026 1418 propter
3044 1343 3159 1413 quire

718 1420 1009 1509 reposita
1056 1428 1149 1486 est
1175 1418 1348 1485 mihi
1374 1440 1613 1486 corona
1648 1419 1966 1507 justz'tiae
1995 1418 2091 1504 (Ξ.
2136 1419 2294 1485 Tim.
2338 1416 2451 1505 iv).

806 1510 844 1594 ξ
889 1511 966 1578 2.
1020 1511 1497 1576 Verumtamen
1552 1507 1658 1575 his
1709 1527 1894 1576 nunc
1961 1527 2388 1592 consequens
2451 1527 2601 1575 esse
2654 1505 2900 1595 opinor
2954 1500 3160 1573 menti&

721 1618 875 1665 nem
930 1597 1169 1677 facere,
1225 1595 1408 1665 unde
1440 1608 1503 1665 et
1549 1595 1916 1683 quomode,
1969 1595 2303 1682 quibusve
2351 1617 2515 1663 sane
2563 1595 2979 1685 temporibus
3004 1609 3160 1660 sacrae

720 1686 931 1775 hujus
979 1684 1305 1773 reliquiae
1351 1707 1429 1754 ex
1478 1685 1749 1774 Achaja,
1805 1684 2009 1753 veluti
2058 1684 2336 1755 divinus
2396 1683 2675 1771 quidam
2729 1684 3066 1755 thesaurus
3098 1698 3158 1745 re

726 1786 1028 1865 portatae
1058 1775 1217 1853 sint,
1257 1787 1321 1844 et
1360 1774 1583 1843 clarae
1613 1797 1693 1844 ac
1720 1773 1943 1863 regiae
1982 1774 2234 1843 civitati
2287 1773 2610 1842 redditae.
2649 1774 3156 1856 Transibatquon·

720 1865 877 1933 darn
921 1887 959 1931 a
1010 1864 1256 1933 Sirmio
1304 1863 1388 1932 ad
1447 1868 1698 1933 Istrum
1752 1863 2209 1942 Constantius,
2265 1863 2681 1932 Constantini
2734 1862 2953 1953 Magni
3003 1859 3148 1929 filius.

721 1954 837 2023 sed
882 1953 1167 2022 fratrum
1220 1952 1493 2024 tertius:
1531 1968 1734 2040 atque
1782 1952 1865 2021 ad
1921 1953 2094 2022 hanc
2147 1952 2299 2023 Istri
2364 1952 2581 2041 ripam
2637 1973 2769 2021 non
2826 1952 3015 2041 longo
3058 1962 3151 2014 tem-

725 2064 883 2133 pore
923 2053 1481 2122 castrametatuS,
1550 2042 1812 2112 audivit
1861 2042 2213 2123 BarbarOS,
2280 2042 2398 2129 qui
2451 2040 2631 2111 ultra
2696 2046 2941 2111 Istrum
2995 2047 3157 2106 erant.

720 2132 1162 2202 conflicturos
1196 2153 1353 2200 cum
1390 2135 1851 2201 Romanorum
1921 2131 2358 2221 principatu:
2403 2143 2466 2199 et
2516 2130 2660 2219 ipse
2706 2128 3082 2204 formidans
3118 2141 3164 2187 ne

720 2220 885 2307 quid
927 2220 1087 2289 mali
1130 2220 1198 2288 in
1240 2242 1364 2290 suo
1401 2220 1791 2310 principatu
1838 2220 2156 2301 facerent,
2214 2217 2568 2289 confestim
2619 2219 2702 2288 ad
2756 2217 3081 2289 Thraciam
3116 2230 3160 2310 ac

724 2309 1118 2398 Byzantium
1171 2309 1519 2395 equitavit.
1573 2315 1876 2397 Cumque
1908 2309 1989 2378 ad
2046 2309 2387 2398 regionem
2425 2308 2853 2378 Odrisiorum
2909 2321 3167 2396 pervenis·¹

723 2412 845 2478 set,
896 2398 1018 2467 ubi
1083 2397 1421 2468 Adrianus
1469 2403 1932 2469 Romanorum
2011 2403 2386 2488 Imperator
2432 2401 2734 2467 extructa
2780 2398 3066 2470 civitate.
3105 2408 3171 2455 5¹1¹

722 2486 1248 2577 appellationem
1291 2486 1437 2557 loco
1485 2486 1694 2570 dedit,
1733 2488 1994 2559 accedit
2038 2486 2121 2557 ad
2172 2510 2329 2557 eum
2366 2485 2643 2575 quidam
2684 2488 3063 2577 Episcopus,
3088 2475 3173 2545 vel-

721 2577 823 2647 uti
862 2577 1118 2647 donum
1145 2575 1490 2663 quoddam
1523 2577 1657 2668 ipsi
1694 2578 2161 2668 gratissimum
2193 2577 2526 2657 deferenS,
2561 2576 2868 2646 Andreae
2913 2599 2984 2646 ac
3026 2577 3176 2640 Lucae

724 2667 969 2736 Christi
1041 2666 1542 2756 discipulorum
1614 2689 1901 2757 corpora
1950 2666 2266 2736 indicans
2318 2667 2382 2734 in
2433 2666 2681 2755 thaja
2744 2688 2899 2736 esse
2949 2659 3168 2751 sepulta.

722 2762 928 2826 Porro
974 2755 1092 2825 ille
1138 2768 1202 2824 et
1265 2755 1520 2825 nuncio
1569 2757 1846 2846 gavisus
1877 2769 1999 2837 est,
2053 2767 2117 2824 et
2163 2755 2561 2837 Artemium,
2606 2777 2742 2842 quo
2780 2754 3057 2825 maxime
3080 2761 3174 2843 ute·

723 2847 946 2926 batur,
999 2857 1064 2915 et
1108 2867 1312 2933 quem
1364 2844 1621 2916 sciebat
1668 2843 2005 2915 fervidum
2056 2858 2427 2914 amatorem
2478 2845 2835 2915 charitatis
2866 2865 3015 2933 erga
3046 2838 3172 2930 Chri·

722 2947 902 3004 stum
937 2933 972 2970 ’⁴‘
1001 2934 1387 3024 (attestatur
1435 2956 1589 3004 vero
1619 2933 1931 3004 divinum
1974 2933 2185 3025 hujus
2224 2955 2524 3003 amorem
2567 2945 2912 3003 certamen
2962 2953 3031 3001 ac
3063 2945 3176 3017 peri·

722 3024 985 3105 culum,
1032 3036 1161 3093 tem
1220 3023 1455 3094 oribus
1503 3023 1765 3093 Juliani
1832 3035 2107 3114 propter
2155 3023 2495 3094 Christum
2548 3022 2998 3113 susceptum).
3044 3020 3174 3085 Hunc

722 3135 882 3203 ergo
931 3125 1116 3182 tanto
1190 3135 1422 3183 ervore
1470 3134 1593 3202 pro
1644 3113 1889 3204 pietate
1935 3112 2309 3202 spirantem
2361 3112 2663 3182 amicum
2719 3095 3174 3198 Artemiu1n231s¹

730 3203 1177 3290 pretiosorum
1255 3224 1616 3292 corporum
1704 3202 2166 3272 reductionem
2229 3201 2581 3272 confestim
2648 3202 2918 3271 emittit.
2991 3202 3177 3289 Etenim

723 3303 865 3359 erat
906 3291 1017 3359 hic
1066 3292 1498 3361 Constantius
1544 3304 1607 3361 et
1666 3293 1731 3359 in
1793 3291 2077 3360 caeteris
2132 3291 2543 3371 moderatus,
2598 3305 2662 3358 et
2712 3290 3015 3360 moribus
3056 3291 3180 3377 tntuS

723 3401 801 3446 ac
854 3378 1223 3458 modestus,
1277 3402 1354 3449 ac
1406 3399 1655 3468 magno
1704 3379 2074 3449 admodum
2106 3379 2288 3449 circa
2335 3379 2782 3448 ecclesiarum
2836 3375 3178 3448 aedificatio·

725 3489 876 3535 nem
908 3489 1137 3536 amore
1183 3482 1579 3558 occupatus.
1633 3469 1818 3538 Unde
1865 3469 2065 3538 etiam
2120 3468 2203 3537 ad
2260 3468 2471 3570 patris
2519 3468 2627 3537 sui
2683 3468 3015 3537 civitatem
3057 3460 3179 3528 circa

727 3555 914 3656 illius
964 3556 1407 3646 sepulcrum,
1479 3557 1683 3626 veluti
1737 3558 2028 3627 reddens
2107 3570 2277 3645 patrl
2347 3558 2708 3634 honorem,
2779 3554 3086 3645 templum
3126 3542 3180 3611 ab

726 3645 895 3735 ipsis
936 3644 1401 3715 fundamentis
1450 3647 1827 3715 maximum
1879 3646 2229 3716 aedificat:
2286 3648 2352 3715 in
2403 3668 2541 3734 quo
2604 3646 2846 3725 etiam,
2899 3643 3013 3714 ubi
3056 3643 3180 3730 Arte--

726 3735 905 3806 mins
954 3757 1303 3804 sacrorum
1369 3733 1838 3824 Apostolorum
1916 3735 2240 3821 reliquias
2305 3758 2382 3804 ex
2439 3735 2691 3824 Achaja
2741 3733 3097 3803 retulisset.
3139 3741 3179 3818 [Π

724 3824 873 3912 ips'o
920 3824 1151 3893 divino
1199 3823 1396 3893 altari
1441 3827 1631 3893 sacra
1687 3828 1919 3893 mensa
1998 3825 2332 3913 reposuit:
2386 3822 2690 3892 Andreae
2759 3821 3030 3910 quidem
3061 3837 3090 3883 e
3124 3832 3182 3876 οἱ·

722 3914 921 3983 vitate
952 3918 1413 3995 Patraeorum,
1460 3917 1679 3983 Lucae
1712 3926 1935 3982 autem
1972 3936 2050 3982 ex
2091 3913 2338 3982 Thebis
2371 3913 2679 3982 Boeotiae
2730 3909 3066 3982 translatis
3088 3921 3184 4004 por

726 4003 1029 4092 poribus.
1071 4008 1156 4073 Ac
1205 4003 1389 4072 brevi
1443 4015 1744 4090 tempore
1796 4002 2197 4071 intermedio
2245 4003 2447 4070 etiam
2499 4001 2957 4078 Timotheum,
3001 4008 3177 4083 qu1¹¹1

721 4092 928 4160 choro
962 4092 1457 4181 discipulorum
1494 4091 1737 4160 Christi
1790 4092 1970 4160 velut
2021 4091 2383 4180 perspicua
2416 4089 2753 4178 quaedam
2793 4087 2986 4159 stella
3015 4108 3046 4153 5
3089 4081 3184 4148 len·

722 4180 985 4260 duerat,
1041 4203 1119 4250 ex
1156 4181 1417 4272 Epheso
1467 4178 1666 4249 refert
1695 4182 1958 4260 Joniae,
2018 4181 2332 4248 ministro
2359 4201 2630 4267 quoque
2683 4199 2958 4248 rursum
2998 4197 3031 4243 a
3103 4169 3184 4254 le

720 4292 892 4338 usus
926 4271 1237 4340 Artemio.
1279 4270 1400 4339 Sed
1443 4270 1680 4338 habuit
1727 4282 1789 4338 et
1840 4271 2064 4359 ipsum
2119 4292 2351 4338 sacrae
2402 4291 2677 4337 mensae
2709 4268 3007 4336 ambitus
3037 4257 3186 4329 velun

726 4359 1119 4429 reddentem
1167 4358 1473 4430 debitum
1515 4358 1862 4445 quoddam
1900 4358 2170 4448 pietatis
2208 4359 2356 4428 suis
2405 4357 2947 4427 auxiliatoribus,
2998 4357 3185 4419 verum

779 4489 802 4511 ‘⁵
831 4488 989 4539 Supple
1000 4499 1015 4526 .-
1044 4487 1242 4527 vocavit.
