3347 4999
154 334 326 399 OCT.
383 332 463 396 47
1042 346 1118 391 ne
1161 345 1216 392 s.
1269 344 1562 392 nnnwloss
1611 346 1802 393 vaA
2468 332 2596 396 543

155 450 232 506 ut
283 455 620 526 pauperes
654 432 948 502 habeant
988 431 1197 511 satis;
1237 429 1356 499 illa
1407 430 1796 520 respondit:
1859 454 1894 497 «
1939 437 2161 501 Immo
2212 454 2367 502 vero
2429 433 2556 505 hac
2603 434 2690 505 de

154 548 365 595 causa
416 545 641 592 meum
706 544 829 611 ego
905 518 1039 589 illis
1107 519 1253 588 volo
1318 520 1575 610 porrigi
1627 519 1994 609 poculum,
2059 522 2241 608 quod
2316 522 2528 592 sciam
2575 547 2691 594 eos

159 613 414 700 alioqui
481 626 615 683 tam
685 611 941 679 bonum
1009 622 1242 698 potum
1316 609 1602 678 minime
1666 609 2045 680 habituros.
2110 634 2145 676 »
2198 612 2535 699 Quicquid
2590 614 2690 683 illi

158 703 586 795 propositum
655 713 874 780 esset,
929 698 1197 768 etiamsi
1263 720 1395 767 non
1459 698 1590 767 nisi
1657 721 1939 789 pomum
1991 721 2207 767 unum
2258 714 2476 782 esset,
2530 725 2688 772 cum

160 791 585 884 pauperibus
656 788 1110 879 partiebatur:
1164 809 1321 876 erga
1384 810 1556 875 quos
1605 809 1771 857 sane
1821 792 2004 856 tanta
2053 788 2270 857 animi
2336 791 2580 879 pietate
2627 805 2693 861 et

156 879 625 952 benevolentia
675 878 1122 956 afficiebatur,
1180 890 1255 945 ut
1305 878 1361 946 si
1424 877 1515 946 ita
1562 876 1928 956 decuisset,
1973 889 2037 946 et
2084 878 2344 965 absque
2391 879 2685 950 aliorum

165 992 524 1041 murmure
572 968 720 1037 fieri
766 967 1113 1058 potuisset,
1149 964 1597 1035 libentissime
1621 989 1778 1035 cum
1809 966 2103 1057 singulis
2130 989 2207 1037 ex
2235 968 2510 1039 illorum
2540 992 2696 1039 scu-

165 1060 341 1130 tellis
387 1059 620 1129 cibum
672 1070 1035 1146 sumptura
1084 1054 1308 1124 fuerit.
1373 1060 1499 1124 Pro
1554 1054 1670 1124 illa
1730 1068 1955 1125 autem
2011 1079 2390 1147 pauperum
2446 1061 2688 1140 turba,

163 1173 339 1238 quae
387 1169 614 1218 coram
670 1167 905 1216 mensa
953 1145 1105 1232 ejus
1152 1166 1284 1213 non
1337 1145 1756 1227 versabatur,
1788 1146 2206 1236 singularem
2252 1147 2542 1219 habebat
2572 1172 2695 1219 cu-

166 1241 407 1318 linam,
443 1250 508 1306 et
553 1235 885 1323 quosdam
940 1234 1314 1315 ministros,
1371 1233 1507 1302 illis
1556 1234 1943 1323 specialiter
1989 1235 2387 1325 deputatos:
2442 1239 2697 1325 quibus

169 1332 234 1397 in
294 1326 581 1418 prandio
628 1340 691 1394 et
740 1346 951 1394 coena
1000 1346 1123 1413 pro
1174 1324 1432 1392 ratione
1482 1325 1807 1414 temporis
1841 1325 2048 1394 victui
2086 1328 2469 1396 necessaria
2506 1350 2696 1418 prae·

172 1418 531 1488 bebantur.
586 1414 820 1483 Videat
870 1413 981 1482 hic
1033 1412 1260 1494 lector,
1313 1434 1520 1499 quam
1575 1436 1835 1504 pauper
1868 1414 2115 1503 spiritu
2147 1414 2349 1485 fuerit
2381 1417 2547 1486 haec
2573 1439 2697 1485 an-

166 1507 326 1578 cilla
379 1504 650 1585 Christi,
706 1524 881 1590 quae
930 1504 997 1570 in
1052 1524 1278 1571 rerum
1331 1501 1844 1572 mundanarum
1896 1503 2267 1585 affluentia,
2321 1519 2385 1576 et
2433 1506 2500 1574 in
2556 1529 2695 1575 me-

168 1598 305 1666 diis
352 1594 711 1684 epularum
759 1591 1025 1661 deliciis
1074 1593 1142 1660 in
1198 1604 1459 1660 tantum
1511 1594 1708 1682 egere
1757 1592 1969 1662 voluit
2019 1606 2292 1683 propter
2326 1596 2693 1672 Christum,

170 1701 245 1758 ut
290 1686 563 1765 samem,
619 1682 852 1762 sitim,
919 1694 984 1751 et
1031 1682 1097 1750 in
1152 1680 1524 1771 frigoribus
1574 1682 1950 1751 nuditatem
2009 1705 2326 1773 perpessa
2376 1685 2483 1753 sit.
2563 1690 2698 1753 Ma—

168 1796 386 1867 gnum
438 1773 619 1842 enim
673 1770 789 1839 illa
854 1771 984 1841 sibi
1035 1770 1387 1841 videbatur
1435 1770 1843 1841 instruxisse
1888 1772 2277 1842 convivium
2316 1829 2330 1855 ,
2403 1775 2461 1842 si
2520 1774 2701 1844 laute

170 1866 381 1935 aleret
453 1864 708 1934 viscera
772 1882 1199 1961 pauperum:
1270 1861 1651 1949 majorique
1722 1861 2074 1932 charitatis
2142 1862 2702 1933 inflammabatur

170 1954 440 2033 ardore,
496 1974 653 2021 cum
705 1963 1049 2040 egentium
1095 1970 1382 2038 corpora
1432 1950 1732 2019 vestibus
1780 1951 2185 2021 confoveret.
2219 1956 2330 2021 Est
2367 1975 2527 2042 ergo
2564 1974 2698 2021 non

174 2042 517 2113 immerito
566 2038 852 2109 dicenda
903 2038 1095 2108 sortis
1146 2038 1261 2107 illa
1312 2038 1580 2121 mulier,
1626 2062 1803 2126 quae
1854 2063 2133 2110 manum
2189 2064 2382 2111 suam
2435 2042 2704 2130 aperuit

176 2133 391 2220 inopi,
447 2141 512 2198 et
563 2128 827 2219 palmas
876 2151 1035 2197 suas
1085 2127 1383 2197 extendit
1421 2128 1504 2197 ad
1560 2151 1917 2219 paupereS,
1977 2130 2199 2199 risura
2251 2131 2702 2231 proculdubio

173 2222 264 2291 ob
314 2232 499 2288 tanta
548 2218 999 2287 humanitatis
1045 2229 1109 2286 et
1157 2217 1510 2287 charitatis
1556 2217 1781 2287 officia
1834 2219 1900 2287 in
1952 2218 2063 2288 die
2113 2221 2508 2290 novissimo.

266 2312 301 2395 ξ
348 2313 495 2380 82.
548 2312 753 2375 Porro
800 2308 999 2376 etiam
1059 2308 1418 2375 Dominum
1473 2307 1538 2375 in
1592 2307 1955 2397 Evangelio
1996 2309 2330 2379 dicentem
2369 2310 2697 2378 audiens:

178 2406 368 2478 Date,
402 2407 463 2465 et
504 2398 774 2465 dabitur
810 2399 1030 2465 vobis:
1065 2397 1400 2475 dimittite,
1456 2407 1517 2464 et
1566 2398 2001 2466 dimittemini
2027 2404 2207 2483 (Luc.
2239 2399 2353 2486 v1);
2388 2400 2707 2489 cupiens-

177 2511 311 2576 que
364 2509 482 2574 per
528 2485 761 2556 omnia
809 2485 1232 2556 obedientem
1286 2508 1357 2554 se
1408 2484 1506 2554 illi
1562 2488 1907 2573 praebere,
1949 2510 2080 2557 non
2135 2488 2356 2558 solum
2402 2511 2508 2558 res
2545 2512 2706 2558 suas

180 2580 251 2647 in
304 2576 454 2667 pios
501 2598 671 2644 usus
717 2576 1057 2668 expendit,
1112 2575 1228 2644 sed
1278 2574 1481 2644 etiam
1537 2574 1908 2646 liberaliter
1942 2578 2223 2659 remisit,
2261 2600 2437 2665 quae
2468 2601 2506 2647 a
2541 2579 2707 2649 sub-

175 2667 342 2737 ditis
387 2667 444 2734 ei
498 2665 945 2736 debebantur.
1000 2664 1631 2754 Pensionumenim
1687 2666 1848 2747 illis,
1887 2668 2006 2753 qui
2055 2690 2170 2738 eas
2219 2666 2700 2757 persolverent,

181 2760 431 2828 bonam
486 2767 744 2845 partem
790 2755 1196 2835 remittebat,
1250 2754 1417 2823 adeo
1467 2767 1543 2824 ut
1590 2755 1762 2824 Otho
1809 2755 2209 2846 capellanus
2256 2756 2426 2845 ejus,
2481 2756 2705 2825 excla-

178 2848 383 2915 marit
429 2845 877 2931 quandoque:
925 2867 959 2910 «
996 2849 1154 2912 Tam
1201 2841 1415 2913 multa
1455 2843 1807 2914 condonas
1857 2845 2132 2915 rusticis
2179 2845 2339 2926 tuis,
2393 2844 2699 2925 domina,

174 2948 256 3005 ut
306 2956 452 3014 n03,
505 2934 622 3020 qui
678 2935 796 3004 tibi
848 2933 1230 3012 servimuS‚
1308 2931 1414 3002 vix
1464 2932 1765 3003 habituri
1817 2933 2083 3015 simuS,
2139 2932 2324 3002 unde
2371 2945 2708 3003 sustente-

181 3047 362 3094 mur.
414 3046 448 3089 »
490 3023 610 3092 Cui
661 3035 805 3093 tum
849 3022 964 3092 illa
1013 3020 1310 3093 suaviter
1343 3022 1736 3112 respondit:
1775 3044 1811 3087 «
1843 3027 1934 3092 Ne
1975 3022 2251 3108 timeas;
2285 3032 2500 3112 potest
2533 3027 2708 3094 Deus

180 3113 538 3205 providere
586 3112 810 3182 nobis.
869 3135 904 3177 »
955 3116 1030 3179 Et
1078 3110 1241 3197 quia
1290 3110 1388 3180 vel
1442 3133 1722 3200 parum,
1780 3109 1879 3179 vel
1933 3109 2103 3179 nihil
2153 3134 2193 3180 a
2242 3112 2386 3182 suis
2436 3111 2701 3200 pensio·

183 3202 401 3272 nariis
474 3202 822 3301 exigebat,
897 3201 1261 3289 scriptores
1312 3199 1342 3235 ³*
1388 3199 1536 3289 ejus
1595 3199 1914 3269 dicebant
1940 3199 2257 3269 ·ironice:
2323 3223 2359 3267 «
2401 3200 2580 3271 Nihil
2629 3223 2710 3271 ex

180 3292 383 3362 bonis
422 3290 741 3359 dominae
791 3303 1061 3359 nostrae
1109 3288 1580 3359 annotandum
1636 3287 2082 3369 habebimuS,
2138 3289 2270 3358 nisi
2319 3290 2470 3371 hoc,
2524 3290 2707 3377 quod

184 3381 306 3450 illa
347 3377 649 3449 remittit.
694 3402 728 3446 »
778 3384 943 3449 Nam
994 3378 1407 3466 quandoque
1455 3398 1592 3446 uno
1642 3377 1755 3446 die
1804 3377 2263 3468 pensionariis
2310 3380 2457 3450 suis
2491 3379 2558 3448 in
2598 3385 2713 3450 Sa·-

185 3492 311 3538 von
363 3481 427 3537 et
472 3468 682 3537 Javor
729 3467 812 3536 ad
866 3468 1144 3557 triginta
1194 3488 1457 3536 marcas
1508 3467 1827 3540 remisit..
1876 3471 2040 3537 Cum
2092 3481 2319 3538 autem
2370 3469 2712 3570 ejusmodi

184 3556 660 3650 pensionarios
707 3569 910 3643 atque
957 3556 1128 3626 alios
1180 3577 1512 3647 pauperes
1563 3577 1695 3626 non
1750 3568 1975 3646 posset
2020 3555 2156 3628 alia
2190 3558 2292 3627 via
2329 3582 2368 3627 a
2390 3558 2710 3648 judicum

181 3660 247 3717 et
295 3646 590 3716 aliorum
640 3645 1038 3716 officialium
1106 3668 1318 3715 manu
1370 3645 1659 3715 liberare
1691 3700 1706 3726 ,
1761 3648 1887 3715 sua
1938 3647 2229 3735 pecunia
2279 3646 2553 3716 illorum
2608 3669 2715 3715 ve-
2833 3691 2839 3702 ·

183 3737 490 3807 xationes
567 3735 962 3806 redimebat.
1043 3735 1452 3824 Scriptorem
1506 3734 1747 3804 habuit
1794 3734 2155 3805 dominum
2231 3736 2708 3826 Ludolphum,
2779 3737 2786 3744 '

186 3829 410 3895 virum
463 3823 868 3914 prudentem
917 3838 982 3895 et
1031 3824 1417 3895 honestum.
1497 3828 1668 3893 Eum
1720 3846 1922 3913 saepe
1970 3825 2231 3915 rogavit
2276 3847 2436 3895 cum
2501 3823 2716 3914 lacry-

187 3916 344 3997 miS‚
400 3930 474 3983 ut
504 3936 666 4004 erga
718 3914 1029 3984 homines
1077 3934 1238 3983 suos
1274 3913 1701 3983 humanitate
1734 3926 1797 3983 et
1837 3913 2200 3983 clementia
2228 3926 2552 3992 uteretur,
2594 3935 2715 3982 nec

184 4007 577 4093 importune
624 4003 979 4094 exigendis
1029 4002 1479 4093 pensionibus
1526 4023 1641 4071 eos
1683 4016 2031 4092 gravaret:
2067 4016 2132 4072 et
2164 4025 2249 4072 ne
2273 4002 2545 4091 judices
2585 4002 2717 4071 sor-

108 4169 111 4170 .
189 4094 391 4163 tassis
440 4093 650 4162 severi
706 4094 999 4162 nimium
1050 4106 1275 4161 essent
1315 4113 1476 4182 erga
1528 4091 1719 4172 taleS,
1774 4091 1924 4181 ipsa
1949 4090 2237 4181 judiciis
2272 4113 2471 4181 saepe
2508 4092 2720 4160 voluit

185 4204 414 4249 coram
469 4184 832 4252 interesse:
889 4203 1108 4267 neque
1158 4192 1298 4249 tum
1371 4203 1490 4271 per
1531 4180 1881 4268 judicem,
1936 4180 2051 4250 sed
2107 4203 2225 4271 per
2279 4182 2576 4267 aliquem
2640 4204 2721 4251 ex

188 4271 571 4359 capellanis
620 4271 822 4342 fiebat
854 4270 1226 4359 judicium,
1280 4283 1356 4338 ut
1406 4291 1744 4360 pauperes
1794 4270 2172 4342 humanius
2219 4271 2714 4361 acciperentur.

187 4359 365 4445 Quid
419 4361 666 4452 plura?
699 4365 873 4431 Fons
903 4361 1025 4429 iste
1057 4359 1500 4450 benignitatis
1533 4359 1704 4429 adeo
1737 4359 2131 4431 communis
2172 4374 2339 4442 erat,
2378 4372 2443 4430 et
2485 4381 2724 4430 omnes

242 4490 267 4517 ¹·
298 4488 403 4536 Seu,
420 4489 578 4530 italice
597 4487 857 4540 ragionieri.

348 4572 586 4630 surius
614 4599 637 4616 ·
680 4569 849 4631 Vitae
874 4568 979 4658 332
1010 4599 1032 4615 ·
1065 4566 1197 4632 Vol.
1226 4566 1299 4628 X.
2488 4564 2565 4624 33
