3347 4999
699 307 827 372 488
1493 320 1572 367 ns
1619 320 1676 367 s.
1729 318 2021 368 nrnwmn
2066 318 2258 389 vmuA
2825 298 2998 365 OCT.
3052 300 3141 366 ⁴7

611 407 975 499 superbiae
1024 417 1142 477 aut
1188 425 1402 475 vanae
1434 403 1692 495 gloriae
1755 404 2032 494 signum
2090 425 2245 472 cum
2298 401 2538 472 Esther
2581 400 3134 483 abominabatur,

611 519 735 566 nec
783 496 957 565 ferre
1003 495 1216 566 voluit
1251 495 1455 564 etiam
1505 494 1575 562 in
1615 493 1998 583 juventute.
2050 497 2410 578 Postquam
2444 503 2673 561 autem
2705 490 3020 559 nonnihil
3062 491 3140 560 in

611 586 815 656 annis
851 605 1208 675 progressa
1239 582 1391 665 fuit,
1427 593 1493 651 et
1525 582 1986 651 continentiae
2019 580 2446 671 propositum
2489 581 2633 671 jam
2684 580 2766 649 ad
2817 580 3139 649 effectum

611 674 951 764 perduxit,
1017 694 1290 742 omnem
1343 671 1556 741 seculi
1604 682 1922 741 ornatum
1974 683 2457 750 contemnens,
2521 680 2735 738 vestes
2791 667 3142 737 seculares

610 775 676 833 et
706 761 1053 847 coloribus
1089 762 1332 831 tinctas
1373 781 1656 850 prorsus
1718 759 1969 849 reJecit,
2014 770 2077 827 et
2133 780 2360 848 panno
2406 757 2712 827 cinericii
2761 756 3011 827 coloris
3066 777 3144 826 se

611 852 872 935 induit3
925 851 1195 920 interim
1252 865 1475 919 tamen
1526 848 1595 916 in
1648 847 2199 918 solemnitatibus
2244 846 2582 917 undulata
2630 856 2858 926 veste,
2914 866 3143 932 eaque

612 938 913 1030 simplici
961 951 1185 1010 utens.

700 1031 736 1116 ξ
784 1033 877 1099 θ.
924 1029 1219 1115 Cupiens
1258 1037 1482 1095 autem
1534 1025 1602 1094 in
1658 1025 1926 1125 pietatis
1973 1037 2038 1093 et
2073 1023 2479 1093 humilitatis
2540 1022 2769 1092 studio
2808 1021 3145 1112 proficere

614 1139 693 1186 ac
748 1117 1090 1207 progredi,
1143 1117 1212 1183 in
1263 1115 1523 1183 fervore
1570 1114 1859 1203 spiritus
1906 1124 2059 1203 post
2106 1112 2445 1182 Christum
2478 1112 2634 1181 exiit
2664 1124 2850 1181 extra
2879 1122 3133 1191 castra,

612 1217 676 1276 et
722 1228 879 1275 cum
932 1226 1139 1295 parva
1187 1203 1449 1274 familia
1489 1225 1560 1272 se
1599 1202 1888 1272 contulit
1935 1201 2400 1281 Trebniciam,
2468 1213 2669 1287 atque
2722 1200 2865 1269 illic
2925 1219 3143 1289 prope

613 1294 1104 1364 monasterium
1144 1293 1489 1382 virginum
1527 1290 1993 1362 Cisterciensis
2024 1289 2298 1359 Ordinis
2329 1290 2615 1358 Domino
2650 1288 2944 1362 servivit,
2984 1309 3139 1356 ma-

615 1384 743 1452 rito
790 1382 1017 1452 adhuc
1066 1382 1348 1460 vivente,
1402 1381 1600 1467 eique
1648 1393 1792 1450 tum
1845 1380 1915 1449 in
1967 1379 2118 1458 hoc,
2173 1391 2315 1448 tum
2367 1378 2438 1445 in
2497 1377 2652 1447 aliis
2700 1391 2877 1446 recte
2940 1375 3143 1445 factis

612 1485 958 1541 annuente
985 1484 1050 1540 et
1089 1470 1536 1539 assentiente:
1574 1469 1694 1556 qui
1729 1490 1892 1538 sane
1926 1470 2005 1536 eo
2044 1466 2312 1536 felicius
2345 1477 2486 1535 tum
2521 1465 2838 1535 Poloniae
2875 1465 3143 1555 princi-

613 1573 850 1651 patum
917 1558 1464 1637 administrabat,
1517 1556 1699 1645 quod
1738 1569 1871 1626 tam
1917 1569 2191 1626 sanctae
2222 1555 2516 1624 feminae
2548 1576 2681 1623 non
2721 1554 2945 1624 solum
2980 1575 3141 1622 san·

611 1650 907 1719 ctitatem
961 1659 1244 1728 amaret,
1290 1646 1405 1717 sed
1455 1647 1657 1716 etiam
1704 1646 1986 1716 virtutes
2021 1656 2414 1725 sectaretur,
2453 1655 2657 1730 atque
2685 1644 2754 1711 in
2806 1642 3139 1712 castitatis

611 1749 676 1821 et
712 1737 1120 1807 humilitatis
1165 1738 1341 1827 ejuS,
1376 1756 1549 1822 quas
1574 1736 1727 1826 ipsa
1769 1757 1807 1805 a
1854 1734 2116 1804 Christo
2147 1731 2500 1812 didicerat,
2538 1731 2864 1889 vestigiis,
2907 1730 3129 1818 quoad

613 1826 766 1914 ejus
807 1826 952 1895 fieri
1004 1839 1252 1915 posset,
1308 1825 1670 1894 insisteret.
1727 1829 1891 1895 Nam
1948 1828 2076 1892 Deo
2124 1821 2555 1911 adspirante,
2600 1832 2664 1890 et
2765 1822 2917 1889 eata
2961 1818 3129 1888 Hed-

611 1917 780 2005 wige
813 1915 1239 1984 continenter
1268 1913 1693 1993 adhortante,
1727 1914 1872 2002 jam
1936 1932 2145 2001 prope
2201 1908 2584 1979 monachus
2644 1909 2924 1979 effectus
2963 1919 3127 1985 erat,

613 2026 748 2074 non
801 2004 1078 2091 quidem
1131 2001 1549 2092 professione
1598 2013 1718 2070 aut
1763 2000 2028 2081 habitu,
2092 1998 2205 2069 sed
2262 1998 2578 2089 religiosa
2618 1997 2833 2066 animi
2886 1997 3134 2086 pietate

611 2106 674 2162 et
723 2092 1131 2170 humilitate,
1171 2111 1347 2178 quae
1380 2091 1451 2158 in
1499 2089 1646 2178 ejus
1686 2089 2010 2180 operibus
2051 2087 2420 2157 relucebat.
2474 2087 2909 2156 Tondebatur
2941 2086 3131 2154 enim

613 2183 681 2250 in
720 2180 1117 2259 rotundum,
1149 2194 1214 2249 et
1249 2179 1530 2249 barbam
1566 2178 1844 2259 serebat,
1886 2198 2018 2246 non
2053 2178 2466 2266 promissam
2499 2174 2804 2262 quidem,
2836 2173 2954 2243 sed
2995 2195 3142 2243 mo-

614 2270 846 2339 derata
889 2268 1186 2359 pilorum
1239 2268 1662 2357 praecisione
1696 2266 2011 2336 decenter
2058 2265 2531 2353 compositam.
2569 2269 2779 2351 Atque
2810 2284 2885 2332 ea
2929 2284 3141 2332 causa

615 2358 684 2426 in
729 2357 913 2425 hunc
953 2377 1173 2442 usque
1204 2356 1412 2437 diem,
1451 2377 1608 2425 cum
1646 2357 1797 2456 ejus
1832 2354 2083 2424 mentio
2132 2352 2395 2436 incidit,
2434 2357 2579 2422 Dux
2611 2352 2946 2421 Henricus
2978 2357 3145 2420 Bar-

612 2446 816 2516 batus
863 2445 1273 2537 appellatur.
1309 2449 1384 2514 Et
1409 2466 1727 2532 quamvis
1770 2445 2090 2534 princeps
2136 2455 2311 2513 esset
2359 2463 2465 2511 ma
2525 2441 2794 2524 nificus‚
2831 2440 3001 2511 adeo
3041 2453 3141 2509 ta-

613 2557 769 2605 men
829 2556 909 2604 ex
971 2534 1355 2603 humilitate
1409 2555 1554 2603 sese
1594 2533 1678 2602 ad
1743 2555 2078 2623 pauperes
2110 2545 2173 2601 et
2214 2531 2437 2600 tenuis
2500 2544 2784 2600 ortunae
2826 2531 3143 2599 homines

612 2624 1222 2704 accommodabat,
1275 2635 1351 2692 ut
1399 2643 1897 2709 nonnunquam
1947 2621 2175 2692 oblata
2223 2621 2307 2689 ab
2354 2620 2454 2689 eis
2501 2621 2692 2710 parvi
2734 2619 2933 2710 pretii
2983 2639 3141 2687 mu-

613 2734 776 2781 nera
817 2713 1100 2782 comiter
1138 2711 1497 2799 acciperet,
1536 2723 1600 2779 et
1637 2712 1735 2781 eis
1768 2723 1975 2800 caput
2007 2709 2391 2787 inclinaret,
2446 2709 2708 2798 gratius
2757 2706 2929 2777 illud
2982 2729 3139 2776 mu-

612 2823 746 2870 nus
777 2803 1198 2881 existimanS‚
1235 2800 1293 2868 si
1343 2800 1642 2870 rusticus
1691 2811 1808 2868 aut
1859 2820 2119 2887 pauper
2164 2798 2508 2887 quispiam
2561 2796 2918 2866 scutellam
2967 2817 3131 2864 cum

613 2894 756 2960 ovis
795 2890 1174 2970 obtulisset,
1226 2910 1430 2975 quam
1486 2888 1538 2959 si
1584 2887 1773 2956 dives
1821 2885 2021 2977 longe
2061 2887 2359 2975 majora;
2430 2885 2907 2975 cogitabatque
2953 2884 3139 2953 intra

612 3001 680 3047 se
721 2981 822 3047 vir
854 2979 1048 3068 pius:
1102 3000 1137 3044 «
1182 2982 1276 3045 En
1330 2977 1442 3045 hic
1485 2997 1768 3065 pauper,
1824 2986 1901 3044 ut
1950 2987 2249 3044 nostram
2321 2974 2453 3043 sibi
2501 2975 2791 3064 gratiam
2832 2985 2896 3043 et
2938 2974 3134 3044 bene·

607 3067 973 3137 volentiam
1024 3066 1363 3146 conciliet,
1420 3065 1673 3135 victum
1726 3086 1928 3133 suum
1983 3063 2183 3133 nobis
2230 3063 2463 3132 offert:
2515 3064 2627 3131 cui
2679 3084 2803 3132 nos
2850 3061 3132 3149 aliquod

611 3156 926 3226 solatium
965 3154 1349 3235 referimus,
1389 3155 1445 3222 si
1476 3154 1628 3241 ejus
1661 3174 1917 3223 munus
1955 3163 2147 3243 grato
2175 3153 2408 3221 animo
2456 3151 2945 3240 accipiamus.»
2983 3155 3127 3218 Non

610 3244 927 3326 dubium,
981 3244 1146 3330 quin
1197 3244 1415 3313 bonae
1455 3242 1770 3312 mulieris
1817 3241 2030 3310 hu'us
2080 3242 2167 3311 sit
2212 3240 2325 3310 hic
2375 3240 2477 3308 vir
2524 3240 2793 3310 beatus:
2833 3238 2946 3309 cui
2979 3237 3140 3307 licet

613 3354 691 3402 ea
744 3354 865 3422 pro
914 3353 1116 3402 sexus
1172 3343 1236 3400 et
1285 3331 1706 3401 matrimonii
1766 3352 1889 3400 con
1949 3330 2154 3399 itione
2192 3331 2352 3420 Jure
2399 3342 2574 3398 esset
2623 3328 2920 3409 subdita,
2963 3338 3138 3396 atta-

613 3440 765 3488 men
822 3421 887 3488 in
939 3421 1264 3488 virtutum
1313 3432 1378 3489 et
1427 3419 1777 3511 religionis
1815 3418 2183 3508 disciplina
2232 3417 2406 3486 facta
2452 3432 2553 3487 est
2605 3417 2954 3507 magistra.

700 3511 735 3595 ξ
780 3512 857 3580 2.
912 3512 1074 3577 Cum
1128 3509 1224 3577 sic
1258 3507 1481 3578 auteni
1520 3509 1712 3579 beata
1751 3506 2092 3596 Hedwigis
2125 3506 2192 3575 in
2230 3506 2691 3575 Trebniciensi
2723 3503 3135 3574 monasterio

611 3597 905 3688 degeret,
962 3597 1237 3667 illarum
1288 3596 1565 3683 quidem
1621 3596 2114 3666 monacharum
2168 3594 2394 3664 induit
2439 3595 2752 3664 habitum
2785 3648 2800 3674 ,
2873 3592 2986 3663 sed
3041 3592 3140 3661 in·

612 3686 923 3756 stitutum
978 3685 1147 3754 illud
1202 3686 1655 3755 monasticum
1723 3683 2024 3775 professa
2087 3704 2220 3753 non
2279 3695 2423 3763 est,
2490 3696 2567 3752 ut
2627 3679 3139 3751 misericordiae

609 3776 934 3865 operibus
973 3787 1037 3844 et
1082 3773 1521 3844 consolandis
1569 3774 1990 3864 pauperibus
2039 3772 2323 3842 liberius
2371 3792 2608 3841 vacare
2645 3782 2889 3861 posset.
2926 3775 3140 3857 Atque

606 3864 833 3934 isthuc
882 3863 1161 3951 quidem
1212 3863 1352 3931 filia
1403 3864 1603 3951 ejus,
1660 3883 1837 3949 quae
1907 3863 1974 3930 in
2025 3883 2104 3932 eo
2154 3861 2564 3931 monasterio
2632 3859 3127 3950 professionem

607 3953 879 4035 fecerat,
932 3951 1154 4040 quoad
1211 3955 1352 4020 Dux
1402 3952 1737 4021 Henricus
1771 3951 2169 4041 supervixit,
2210 3950 2277 4019 in
2329 3970 2409 4019 ea
2456 3947 2940 4017 dissimulavit.
3009 3945 3140 4017 Illo

605 4064 760 4111 vero
807 4041 1150 4122 defuncto,
1205 4061 1644 4129 summopere
1693 4040 1939 4110 institit
1983 4038 2166 4129 apud
2218 4060 2393 4120 eam,
2438 4052 2514 4108 ut
2558 4036 2983 4108 obedientiae
3022 4057 3139 4104 vo-

605 4142 749 4200 tum
802 4142 1251 4220 nuncuparet.
1294 4133 1370 4198 At
1418 4129 1536 4198 illa
1571 4128 1960 4219 respondit:
2008 4150 2045 4195 «
2080 4133 2252 4198 Num
2304 4127 2603 4228 ignoras,
2672 4124 2840 4207 filia,
2891 4124 3139 4212 quanti

606 4219 694 4290 sit
757 4220 975 4289 meriti
1040 4228 1380 4308 praestare
1427 4217 1942 4307 eleemosynas?
2003 4239 2041 4284 »
2096 4221 2306 4304 Atque
2352 4228 2444 4285 tta
2503 4214 2686 4284 filiae
2732 4213 3135 4284 instantiam

607 4308 919 4378 nonnihil
972 4308 1333 4387 avertebat,
1376 4328 1507 4377 non
1546 4306 1729 4394 quod
1766 4328 2050 4396 parvum
2087 4306 2504 4376 existimaret
2535 4303 2959 4374 obedientiae
2992 4322 3132 4371 me·

609 4398 862 4476 ritum;
916 4396 1032 4466 sed
1093 4396 1259 4483 quia
1320 4395 1809 4466 monasterium
1875 4395 2045 4465 illud
2107 4395 2260 4485 ipsa
2305 4392 2754 4474 condiderat,
2809 4391 3141 4482 cupiebat
