3347 4999
612 331 741 399 770
1185 351 1263 398 ns
1309 350 1368 399 s.
1405 350 1797 400 weursmso
1835 354 1937 401 se.
1975 350 2391 402 nnlsronsn.
2756 339 2933 405 OCT.
2985 341 3058 405 3⁴

519 433 961 517 orientalem,
1013 435 1336 505 Bavariae
1365 436 1715 528 regionem
1763 437 1800 473 ⁴
1847 437 2241 508 decreverat
2286 438 2678 529 proficisci:
2732 441 2850 512 sed
2902 441 3075 512 febri

518 538 899 625 correptus,
941 544 1092 592 eam
1135 524 1444 611 corporis
1494 524 1744 594 malam
1789 526 2250 596 valetudinem
2306 526 2581 618 vigiliis,
2637 530 2963 619 precibus
3003 545 3068 602 et

510 610 824 703 jeJuntis,
851 624 1203 700 tamquam
1234 611 1627 684 futurorum
1662 614 2039 703 praescius,
2071 612 2341 685 studuit
2372 628 2810 700 antevertere,
2842 620 2934 689 ita
2964 631 3068 703 ut,

519 700 854 789 quicquid
904 700 1157 771 habere
1215 713 1465 791 posset,
1523 723 1643 792 per
1694 724 1942 774 manus
2002 725 2137 794 pau
2191 725 2385 774 erum
2440 703 2510 774 in
2563 705 2809 777 Christi
2863 731 3075 799 gazo-

520 789 926 880 phylacium
974 791 1484 871 transmitteret,
1539 791 2000 881 precibusque
2046 813 2119 862 se
2176 791 2310 863 ulis
2360 793 2650 864 Domino
2703 795 2878 866 vitae
2929 798 3072 867 exi·

520 890 667 948 tum
717 878 1251 948 commendaret.
1298 878 1467 948 Inde
1516 899 1634 969 per
1670 880 2059 951 Danubium
2104 880 2571 971 proficiscenS,
2609 883 2730 954 ubi
2766 883 2850 954 ad
2900 907 3061 956 eum

521 966 830 1057 pervenit
876 965 1132 1048 locum,
1181 988 1387 1054 quem
1435 967 1705 1058 Puppin
1802 990 1873 1037 m
1922 982 2189 1050 vocant,
2225 969 2518 1041 ulterius
2569 972 2889 1064 progredi
2929 997 3063 1044 non

520 1055 766 1145 potuit,
809 1053 992 1141 quod
1034 1054 1182 1145 jam
1231 1067 1508 1146 tempus
1555 1078 1707 1127 oeso
1741 1057 1996 1128 utionis
2039 1059 2192 1148 ejus
2241 1059 2550 1129 instaret.
2606 1064 2916 1150 Cumque
2958 1063 3062 1132 di-

520 1143 780 1214 vinitus
825 1143 1234 1234 intelligeret
1277 1144 1415 1214 cito
1459 1159 1823 1228 eventura,
1876 1168 2055 1233 quae
2101 1146 2266 1217 olim
2319 1148 2390 1216 in
2447 1148 2709 1219 visione
2754 1152 2818 1219 ei
2872 1173 3066 1242 prae-

515 1231 702 1302 dicta
737 1231 1032 1312 fuerant,
1067 1231 1280 1322 jussit
1311 1254 1385 1302 se
1414 1232 1664 1303 deferri
1715 1235 1782 1304 in
1832 1235 2011 1305 *beati
2068 1235 2380 1305 Othmari
2427 1238 2827 1319 oratorium,
2879 1240 3067 1327 quod

519 1320 665 1389 illic
696 1333 865 1402 erat,
897 1331 964 1391 et
994 1333 1152 1391 ante
1197 1321 1349 1412 ejus
1386 1342 1575 1392 aram
1617 1322 1896 1413 deponi.
1955 1322 2030 1393 Id
2081 1346 2242 1394 cum
2296 1323 2551 1394 sactum
2613 1340 2822 1408 esset,
2891 1350 3066 1398 non-

520 1408 696 1478 nihil
726 1408 1212 1479 convalescens
1246 1409 1515 1491 resedit,
1567 1411 2013 1501 primumque
2063 1434 2185 1503 per
2219 1413 2720 1484 consessionem
2768 1437 2918 1486 sese
2953 1439 3072 1487 ex-

522 1496 773 1588 piavit:
824 1497 1073 1568 deinde
1105 1519 1368 1579 omnes,
1421 1499 1542 1586 qui
1589 1499 1898 1581 aderant,
1962 1500 2049 1571 de
2095 1501 2255 1583 fide,
2295 1522 2416 1593 spe
2459 1514 2526 1572 et
2583 1503 2915 1575 charitate
2962 1528 3076 1576 se—

515 1585 794 1667 ctanda,
850 1585 1543 1687 luculenta-oratione
1588 1588 1998 1670 admonens,
2058 1611 2199 1670 eos,
2234 1611 2633 1691 ,omnesque
2692 1592 2822 1682 ipsi
2877 1616 3074 1664 com-

521 1674 796 1757 missos,
832 1696 992 1746 cum
1027 1676 1349 1765 suspiriis
1378 1677 1467 1746 ab
1495 1676 1638 1746 imo
1669 1691 1938 1765 pectore
1969 1677 2313 1760 adductm,
2362 1684 2494 1749 Deo
2521 1693 2587 1750 et
2617 1682 2874 1751 sanctis
2909 1682 3068 1773 ejus

516 1763 1047 1834 commendavit.
1100 1769 1256 1834 Post
1298 1777 1580 1853 accepto
1626 1766 1894 1848 viatico,
1948 1766 2146 1836 humi
2189 1789 2261 1837 se
2310 1768 2694 1858 prostravit.
2757 1774 3069 1859 Cumque

513 1852 777 1923 aeditui
824 1866 893 1922 et
937 1852 1348 1923 cubicularii
1404 1852 1583 1941 ejus,
1637 1875 1880 1924 omnes
1910 1876 1949 1924 e
1997 1869 2131 1924 tem
2188 1854 2276 1936 le,
2347 1870 2613 1946 praeter
2670 1859 2824 1949 ejus
2868 1858 3070 1929 sami-

523 1939 767 2021 liares,
807 1939 1071 2011 >vellent
1125 1941 1411 2028 ejicere,
1488 1942 1592 2010 vir
1629 1944 1754 2012 1Dei
1802 1942 1959 2013 illos
2073 1965 2144 2012 ro
2203 1944 2421 2027 ibuit,
2473 1946 2704 2033 aitque
2762 1946 2848 2016 ad
2897 1968 3065 2018 eos:

517 2051 557 2096 ι
590 2029 854 2120 Aperite
899 2029 1098 2111 ostia,
1152 2051 1276 2101 nec
1319 2052 1744 2118 quemquam
1805 2031 2001 2123 ingre
2054 2032 2078 2101 i
2124 2031 2457 2103 volentem
2507 2032 2890 2105 excludite:
2935 2057 3067 2105 nos

516 2118 703 2188 enim
756 2117 1078 2188 mortales
1128 2118 1462 2200 homines,
1506 2141 1642 2188 non
1677 2120 1807 2189 nisi
1858 2119 2238 2190 malefactis
2266 2122 2670 2192 erubescere
2701 2123 3060 2195 debemus.

520 2207 754 2276 Hortis
815 2219 1042 2276 autem
1097 2205 1404 2278 debitum
1456 2209 1842 2279 necessario
1902 2207 2305 2280 solvendum
2372 2211 2572 2282 nobis
2632 2222 2757 2283 est.
2828 2217 3061 2301 Itaque

513 2316 679 2372 cum
729 2294 932 2364 etiam
970 2295 1278 2366 Christus
1311 2295 1487 2385 ipse,
1530 2296 1650 2384 qui
1703 2296 1873 2367 nihil
1924 2297 2127 2368 morti
2172 2295 2432 2381 debuit,
2488 2321 2661 2390 pene
2710 2301 2944 2372 nudus
2987 2301 3054 2369 in

521 2385 731 2452 Cruce
772 2383 949 2453 mori
996 2405 1132 2452 non
1180 2383 1534 2455 erubuerit
1585 2407 1707 2476 pro
1755 2385 2044 2457 humani
2182 2388 2365 2458 neris
2423 2388 2667 2470 salute,
2725 2389 3059 2480 adspiciat

511 2470 815 2560 quisque
861 2470 932 2542 in
983 2484 1198 2543 morte
1247 2487 1475 2543 nostra
1507 2527 1523 2555 ,
1576 2474 1743 2562 quid
1802 2474 2077 2546 reformi
2132 2497 2247 2547 are
2293 2490 2359 2547 et
2407 2498 2645 2548 cavere
2699 2477 2946 2549 debeat
2990 2478 3061 2548 in

520 2583 671 2631 sua.
730 2565 913 2632 Deus
959 2582 1116 2631 vero
1171 2562 1330 2652 pius
1389 2575 1457 2632 et
1503 2563 1731 2633 bonus
1794 2564 2102 2635 misereri
2150 2566 2475 2653 dignetur
2517 2579 2584 2636 et
2644 2568 2777 2638 mei
2829 2568 3066 2638 miseri

605 2650 919 2731 ccatoris,
962 2670 1149 2719 nunc
1199 2661 1481 2720 mortem
1514 2650 1857 2731 obeuntis,
1910 2666 1975 2722 et
2012 2655 2323 2723 omnium
2378 2654 2443 2723 id
2495 2677 2655 2725 cum
2709 2658 2955 2726 timore
2999 2669 3063 2726 et

567 2739 908 2809 umilitate
954 2737 1581 2829 adspectantium.»
1630 2740 1755 2810 His
1799 2741 2025 2822 dictis,
2065 2754 2445 2813 reverenter
2489 2743 2726 2814 oculos
2783 2744 3054 2826 clausit,

509 2840 583 2897 et
628 2839 981 2916 tamquam
1030 2828 1258 2918 sopori
1307 2849 1382 2898 se
1413 2828 1613 2910 dans,
1652 2830 1722 2897 in
1772 2850 1935 2919 pace
2031 2830 2263 2911 uievit,
2311 2832 2757 2919 animamque
2812 2833 3059 2903 felicis·

516 2915 691 2986 sime
739 2917 807 2985 in
864 2915 1133 2987 coelum
1195 2916 1599 2998 transmisit,
1659 2917 1879 3008 pridie
1927 2923 2008 2987 Ca
2043 2917 2257 2988 endas
2294 2920 2695 2990 Novembris
2718 2920 2812 2988 ⁸.
2867 2927 3063 2991 Mane

517 3003 802 3074 alterius
855 3004 995 3075 diei
1050 3006 1375 3093 exequias
1423 3005 1646 3076 funeri
1696 3019 2150 3097 apparentes,
2202 3008 2365 3098 angi
2423 3008 2677 3077 animis
2724 3030 3059 3100 coepere,

516 3091 867 3162 undenam
911 3107 1187 3184 possent
1231 3093 1539 3165 obtinere
1587 3095 2002 3185 Episcopum
2052 3094 2393 3183 aliquem,
2455 3096 2574 3184 qui
2623 3096 2838 3167 sunus
2881 3098 3062 3167 cele-

513 3180 780 3251 braret:
830 3193 897 3251 et
941 3203 1099 3252 ecce
1152 3183 1598 3254 commodum
1649 3184 2045 3273 supervenit
2091 3185 2470 3255 Hartwicus
2510 3183 3064 3277 Salisburgensis

518 3273 566 3337 E
620 3268 921 3360 iscopuS.
959 3283 1028 3340 et
1063 3271 1263 3342 Aribo
1310 3275 1570 3351 Comes,
1626 3272 1730 3342 vir
1768 3273 1881 3343 Dei
1930 3272 2109 3343 inter
2154 3272 2368 3343 laicos
2412 3272 2869 3344 clarissimus.
2934 3280 3069 3347 Eos

509 3378 555 3426 a
612 3372 931 3430 venturos
987 3372 1180 3428 nocte
1239 3360 1581 3446 superiori
1631 3361 1873 3432 beatus
1921 3361 2367 3453 wolfgangus
2412 3362 2861 3518 significarat,
2908 3376 3068 3453 post

520 3446 724 3536 longa
769 3446 1042 3516 silentia
1085 3462 1153 3516 et
1198 3446 1572 3535 quamdam
1611 3449 1832 3519 morbi
1882 3451 2381 3530 remissionem,
2434 3472 2473 3519 a
2570 3451 3065 3523 adstantes-su-

519 3535 660 3605 bito
690 3534 966 3604 dicens:
1005 3557 1042 3602 «
1081 3540 1468 3627 Repurgate
1498 3538 1813 3620 domum,
1874 3552 2272 3628 praeparate
2313 3540 2435 3608 hos
2490 3539 2735 3610 itium:
2786 3540 3069 3611 venient

514 3623 698 3694 enim
735 3621 939 3692 hodie
969 3623 1054 3692 ad
1095 3644 1218 3694 nos
1252 3624 1556 3715 hospites
1590 3625 1777 3696 boni.
1815 3631 1983 3695 Vera
2021 3640 2246 3697 autem
2280 3649 2389 3696 me
2474 3627 2649 3697 icere
2683 3628 2810 3699 hoc
2859 3629 3065 3721 signo

513 3712 987 3804 cognoscetis:
1025 3713 1249 3795 Navis,
1287 3736 1426 3803 qua
1467 3714 1894 3785 vehebantur
1936 3714 2116 3784 bona
2169 3716 2493 3785 Hartwici
2545 3717 3059 3807 Archiepiscopi

516 3814 582 3871 et
623 3802 940 3873 Aribonis
998 3801 1342 3893 praefecti,
1406 3803 1474 3873 in
1520 3803 1830 3873 Danubio
1880 3803 2316 3894 naufragium
2372 3826 2696 3894 perpessa
2741 3819 2885 3876 est:
2939 3804 3053 3876 sed

518 3890 633 3959 Dei
679 3890 1103 3981 benignitate
1148 3890 1465 3961 homines
1511 3892 1760 3961 servati
1798 3906 1984 3974 sunt,
2026 3892 2373 3981 iidemque
2400 3891 2667 3963 domini
2710 3917 2871 3965 mox
2905 3906 3055 3984 post

511 3978 780 4048 obitum
833 4000 1061 4049 meum
1101 3979 1236 4048 huc
1283 3979 1630 4049 accedent.
1667 4003 1705 4047 »
1739 3985 1881 4050 Hoc
1925 3981 2207 4069 quidem
2250 3983 2343 4052 ita
2387 3980 2646 4052 facturn
2681 3996 2809 4061 est,
2863 3996 2929 4053 et
2971 3982 3060 4053 ab

519 4065 659 4136 illis
688 4067 858 4157 ipsis
893 4080 960 4137 et
1011 4066 1226 4137 multa
1266 4067 1505 4157 populi
1540 4068 1766 4140 fidelis
1800 4069 1997 4139 turba
2047 4091 2319 4140 sacrum
2359 4092 2615 4161 corpus
2647 4071 2942 4162 septimo
2972 4071 3064 4141 ab

515 4152 706 4223 obitu
743 4156 898 4245 ejus
943 4156 1057 4226 die
1087 4156 1531 4247 Ratisponam
1581 4157 1958 4229 honorifice
1990 4170 2092 4228 est
2132 4158 2561 4229 translatum.
2601 4160 2726 4231 Ubi
2773 4182 2931 4230 cum
2968 4160 3062 4231 ad

520 4347 881 4445 dutnrgmtffl
898 4354 1190 4404 Ungui-orum
1213 4351 1518 4401 incursiones,
1538 4355 1761 4406 oppidum
1780 4356 2084 4415 'moltam-g.
2101 4356 2230 4398 tuter
2248 4353 2444 4398 flumin·
2470 4357 2603 4399 Erlat
2618 4360 2667 4399 et
2684 4359 2791 4409 ῖμ,
2807 4358 3065 4401 neman·

572 4456 629 4483 *⁹
657 4458 787 4497 Anno
813 4457 904 4499 994.
