3347 4999
689 272 809 336 102
1271 291 1346 337 ne
1395 291 1451 336 s.
1506 289 1795 337 Gnaxano
1844 289 2083 336 Anaua
2133 288 2465 336 naoximffl
2876 270 3072 336 OCT.
3143 271 3191 334 3

595 374 962 444 consilium
1013 390 1459 463 exequantur.
1492 380 1699 446 Porro
1748 389 1974 445 autem
2031 372 2272 442 indicit
2305 375 2361 442 ei
2415 374 2518 442 vir
2568 375 2680 443 Dei
2732 373 3184 444 triduanum

585 464 958 552 jernium,
991 465 1143 554 ipso
1184 465 1437 553 pariter
1483 484 1641 533 cum
1696 463 1816 533 illo
1855 463 2208 564 jejunans
2243 476 2316 531 ut
2348 484 2424 532 ea
2462 463 2682 533 victus
2717 463 3186 550 parsimonia

597 552 989 643 purificati,
1048 553 1261 622 immo
1310 551 1603 653 spiritali
1655 552 2020 622 refecnone
2071 551 2377 628 recreati,
2422 551 2706 642 dignius
2755 553 2837 621 ad
2890 552 3180 620 Christi

595 640 1039 730 percipienda
1090 655 1414 731 mysteria
1463 641 1667 710 ambo
1717 640 2137 711 accederent.
2196 645 2285 709 Eo
2324 640 2591 741 jejunio
2653 641 3016 731 religiose,
3090 655 3180 708 ut

594 752 701 801 res
732 730 1062 819 exigebat,
1110 729 1398 832 explet0‚
1455 741 1992 816 sanctorumque
2040 729 2391 818 suffragiis
2441 728 2821 818 lacrymose
2884 728 3176 819 implo-

552 877 557 880 .
596 818 783 896 ratis,
829 818 932 888 vir
983 819 1096 888 Dei
1145 819 1402 888 divinis
1450 818 1841 907 accingitur
1889 819 2125 898 armiS,
2173 818 2586 904 Missamque
2634 840 2760 888 suo
2804 840 2997 887 more
3059 817 3180 885 la-

592 907 1113 996 crymabundus
1162 907 1482 977 celebrat.
1538 911 1844 994 Cumque
1900 908 2044 996 jam
2098 928 2362 975 sacram
2415 907 2824 996 sumpsisset
2874 907 3176 975 Eucha-

594 995 881 1076 ristiam,
902 1007 968 1065 et
990 997 1363 1065 Marchioni
1393 1016 1665 1084 quoque
1687 996 2033 1065 inhianter
2052 996 2470 1096 exspectanti
2491 1017 2639 1064 eam
2666 995 3169 1083 impertiisset,

591 1084 947 1154 confestim
1002 1084 1332 1154 reddendi
1383 1084 1528 1154 lotii
1576 1086 1888 1174 appetitu
1941 1085 2237 1153 Marchto
2286 1084 2679 1184 corripitur.
2748 1089 2994 1171 Itaque
3042 1105 3170 1152 se·

590 1173 881 1254 cedens,
939 1173 1129 1243 nullo
1191 1174 1459 1264 negotio
1519 1195 1679 1242 curn
1747 1174 1948 1243 urina
1997 1172 2344 1243 calculum
2399 1172 2641 1262 rejicit,
2686 1186 2750 1242 et
2803 1173 3171 1262 pristinae

591 1262 864 1331 sanitati
945 1261 1350 1331 mirabiliter
1420 1262 1808 1332 restitutum
1883 1282 1952 1332 se
2000 1261 2406 1352 gratulatur.
2484 1267 2670 1345 Quae
2732 1273 2878 1329 tum
2942 1261 3165 1330 illius

591 1350 905 1420 animum
955 1351 1278 1420 exultatio
1326 1350 1724 1432 obtinuerit,
1757 1372 1930 1437 quas
1976 1350 2082 1419 Dei
2126 1350 2388 1431 laudeS,
2430 1372 2670 1419 omnes
2706 1349 2804 1418 illi
2835 1349 3172 1419 faventes

591 1439 1174 1530 deprompserint,
1213 1451 1471 1526 quanta
1503 1461 1666 1530 erga
1709 1440 1929 1509 virum
1981 1439 2089 1508 Dei
2141 1440 2435 1508 extiterit
2484 1440 2850 1518 veneratio,
2907 1461 3167 1512 nemo,

596 1529 725 1596 nisi
762 1526 986 1608 fallor,
1033 1529 1342 1616 requirit,
1402 1550 1559 1598 cum
1615 1527 1806 1597 nulla
1856 1527 1920 1596 id
1968 1528 2180 1618 possit
2229 1550 2269 1597 a
2319 1528 2519 1597 nobis
2560 1528 2866 1597 oratione
2922 1528 3170 1618 expli·

593 1617 759 1685 cari.
807 1620 945 1685 Hoc
997 1617 1288 1687 breviter
1321 1616 1576 1686 dixisse
1626 1616 1946 1698 sufficiat,
1997 1617 2385 1686 Flandriam
2423 1638 2740 1697 omnem,
2778 1617 2934 1704 ejus
2981 1639 3174 1685 casu

594 1705 876 1776 adverso
905 1726 1073 1795 pene
1096 1707 1578 1787 exanimatam,
1611 1705 1761 1793 ejus
1791 1718 2138 1796 comperta
2172 1707 2459 1775 sanitate
2492 1703 3017 1792 quodammodo
3052 1728 3170 1774 re-

597 1795 862 1865 vixisse.
919 1798 993 1863 At
1024 1794 1248 1864 Abbas
1299 1793 1937 1875 reverendissimus,
1994 1795 2060 1862 in
2106 1795 2494 1863 humilitate
2549 1795 2722 1863 bene
2770 1792 3162 1872 fundatus,

599 1904 1033 1971 nequaquam
1080 1884 1213 1954 sibi
1262 1884 1604 1974 arrogavit
1639 1883 1849 1953 hu‘us
1884 1882 2199 1952 beneficii
2235 1904 2492 1952 munus
2524 1881 2968 1962 admirabile,
3030 1884 3162 1951 sed

596 1971 763 2129 illkpp
818 1971 1058 2041 tribuit
1092 1986 1566 2042 sacrosanctae
1596 1976 1737 2041 Euc
1793 1972 2068 2041 aristiae
2107 1971 2483 2044 effectibus,
2521 1972 2635 2040 cui
2672 1969 2843 2039 nihil
2882 1972 3168 2062 impos·

594 2083 647 2129 si
705 2082 791 2130 te
839 2074 962 2131 est.

986 2185 1223 2260 GrateS‚
1269 2185 1530 2257 Christe,
1580 2186 1714 2258 tibi,
1761 2188 1911 2258 laus,
1958 2187 2172 2263 gloria,
2214 2187 2354 2263 jure
2396 2187 2650 2264 perenni
2681 2233 2697 2256 ,

985 2266 1227 2327 Sanctos
1270 2266 1591 2344 multiplici
1642 2266 1959 2329 benefacto
2003 2267 2382 2328 mirificanti.

679 2419 715 2503 ἓ
761 2419 925 2487 32.
978 2420 1056 2485 At
1095 2438 1249 2485 vero
1283 2435 1510 2485 comes
1561 2416 1988 2506 Arnulphus,
2043 2417 2212 2484 tanti
2266 2418 2331 2483 in
2386 2417 2613 2505 ipsum
2666 2415 2899 2486 collati
2934 2416 3160 2485 bene-

591 2505 731 2574 ficii
766 2521 1240 2575 remunerator
1287 2505 1846 2586 liberalissimus,
1892 2506 2114 2574 virum
2158 2506 2274 2574 Dei
2307 2505 2665 2595 permultis
2707 2505 2944 2574 volens
2993 2529 3158 2575 rnu-

594 2593 877 2663 neribus
906 2595 1338 2664 cumulatum
1368 2617 1408 2663 a
1435 2617 1505 2664 se
1530 2595 1899 2667 dimittere.
1937 2616 2067 2663 non
2101 2615 2318 2680 pauca
2344 2595 2497 2664 auri
2527 2608 2590 2662 et
2616 2594 2880 2684 argenti
2914 2595 3158 2682 pondo

589 2684 650 2750 ei
699 2681 967 2763 obtulit,
1015 2698 1089 2752 ut
1137 2683 1486 2770 quondam
1538 2688 1842 2752 Naaman
1895 2683 2138 2762 Elise0,
2182 2684 2247 2750 in
2289 2683 2510 2772 ipsius
2550 2697 2613 2752 et
2661 2682 2955 2751 fratrum
2992 2683 3155 2770 ejus

592 2793 762 2840 usus
802 2793 1104 2841 cessura.
1140 2772 1261 2841 Sed
1319 2772 1419 2840 vir
1467 2784 1751 2841 sanctus
1785 2771 2008 2841 modis
2049 2773 2375 2841 omnibus
2403 2793 2484 2840 ea
2515 2772 2873 2851 recusavit,
2909 2772 3156 2859 aitque

592 2860 677 2928 ad
721 2862 1046 2929 Comitem
1083 2885 1097 2928 :
1144 2886 1181 2927 «
1217 2862 1285 2930 Si
1326 2883 1453 2930 nos
1494 2873 1724 2929 nostra
1772 2860 2218 2947 reliquimus,
2257 2881 2395 2948 quo
2449 2874 2642 2948 pacto
2688 2858 2918 2929 aliena
2965 2864 3153 2930 acci·

596 2950 907 3038 piemus‘?
958 2950 1332 3019 Monachus
1386 2950 1454 3017 in
1508 2949 1708 3019 terris
1757 2948 1888 3017 sibi
1939 2947 2289 3039 peculium
2326 2948 2721 3027 vendicanS,
2758 2949 3000 3018 omnis
3048 2968 3150 3018 est

593 3037 944 3127 religionis
991 3059 1258 3128 expers,
1310 3037 1692 3107 Monachus
1743 3039 2185 3127 pecuniosus,
2221 3038 2424 3127 plane
2458 3036 2772 3127 leprosus
2803 3049 2931 3105 est.
2963 3039 3148 3121 Quid

590 3139 691 3195 est
737 3126 918 3194 enim
974 3126 1312 3213 pecuniae
1358 3127 1759 3216 congerieS,
1816 3127 2215 3214 praesertim
2269 3125 2456 3215 apud
2526 3126 2902 3196 monachos
2934 3180 2949 3203 ,
3014 3128 3143 3196 nisi

589 3213 928 3299 quaedam
982 3214 1171 3303 lepra
1222 3215 1545 3284 animae?
1593 3214 1721 3284 Sed
1772 3215 1979 3283 irater
2028 3212 2371 3284 Gerardus
2429 3235 2564 3282 non
2629 3213 2773 3284 vult
2838 3214 3144 3302 profecto

591 3304 1011 3391 pecuniosus
1057 3325 1238 3371 esse:
1295 3324 1515 3389 neque
1552 3303 1784 3403 igitur,
1827 3304 2111 3373 Domino
2150 3303 2539 3380 miserante,
2581 3302 2896 3392 leprosus
2937 3306 3141 3373 erit.»

590 3395 692 3459 Ita
744 3390 857 3459 ille
907 3391 1009 3460 vir
1059 3392 1196 3471 Dei,
1245 3406 1421 3461 totus
1453 3391 1702 3461 Christi
1751 3393 2026 3460 servitio
2059 3391 2360 3467 deditus,
2396 3391 2581 3460 haud
2619 3413 2820 3461 secus
2854 3392 3142 3464 timebat

590 3479 1013 3579 paupertatis
1062 3502 1225 3549 suas
1274 3482 1583 3550 amittere
1618 3481 2080 3560 securitatem,
2124 3501 2333 3569 quam
2384 3480 2628 3549 divites
2676 3481 2865 3548 avari
2917 3482 3140 3551 solent

590 3568 919 3637 incubare
967 3567 1322 3638 servandis
1373 3568 1716 3638 thesauris
1764 3570 1934 3639 suis.
1983 3569 2145 3657 Ejus
2203 3590 2360 3638 vero
2390 3567 2700 3659 exemplo
2735 3589 2860 3638 nos
2904 3592 3139 3641 mona·

588 3656 701 3725 chi
741 3657 1060 3739 instituti,
1120 3656 1614 3747 philargyriam
1666 3671 1731 3727 et
1778 3657 2162 3737 avaritiam,
2217 3658 2430 3727 immo
2478 3657 2659 3727 Giezi
2711 3657 2976 3747 lepram
3029 3682 3135 3729 ca-

591 3766 894 3815 veamus.
941 3746 1239 3815 Tandem
1286 3746 1738 3815 sacramentis
1781 3746 2205 3816 terribilibus
2253 3751 2490 3815 Comes
2539 3747 2764 3816 virum
2833 3749 2949 3815 Dei
3017 3749 3133 3818 ob·

590 3835 937 3924 stringens
996 3836 1238 3925 coegit,
1301 3849 1374 3904 ut
1427 3833 1830 3904 facultatum
1886 3835 2035 3923 ejus
2097 3834 2335 3904 saltem
2406 3833 2710 3905 decimas
2765 3835 3126 3924 acciperet,

589 3943 840 4009 easque
903 3944 1025 4012 pro
1085 3946 1209 3994 sua
1278 3923 1646 4013 prudentia
1695 3923 2150 4013 dispensaret.
2229 3922 2355 3993 Sed
2410 3923 2537 3993 hoc
2587 3943 2862 4012 quoque
2915 3926 3133 4015 primo
3219 4010 3220 4015 ἵ

589 4011 943 4081 humiliter
991 4011 1426 4102 subterfugit,
1473 4025 1541 4081 at
1578 4025 1805 4081 tamen
1863 4011 2065 4100 paulo
2124 4025 2273 4103 post
2330 4033 2464 4082 non
2515 4012 2875 4083 ambitiose
2912 4036 3133 4085 susce-

591 4101 713 4189 pit,
759 4121 1011 4188 easque
1067 4102 1374 4171 decimas
1431 4100 1974 4191 prudentissima
2035 4101 2584 4171 consideratione
2613 4112 2677 4169 et
2727 4099 3134 4173 fidelissima

588 4188 1101 4277 dispensatione
1164 4190 1233 4259 in
1288 4203 1421 4259 tres
1473 4202 1701 4279 partes
1750 4188 2105 4259 distribuit
2152 4212 2231 4260 ac
2276 4189 2623 4281 erogavit,
2678 4188 2857 4260 duas
2912 4205 3131 4281 partes

590 4278 1025 4377 monasteriis
1073 4291 1136 4347 et
1183 4279 1419 4369 egenis
1474 4278 1823 4357 tribuens,
1879 4279 2144 4348 tertiam
2197 4300 2352 4347 vero
2404 4279 2760 4348 Broniensi
2810 4281 3134 4353 ecclesiae.

590 4386 978 4439 necessario
1020 4389 1397 4439 reservans.
