3347 4999
246 250 425 317 Oslr.
488 250 565 314 Ι14,
991 272 1069 317 DE
1119 273 1173 318 s.
1229 272 1599 319 ausemano
1650 276 1899 321 flamm».
1951 277 2050 321 Er.
2574 262 2699 326 395

242 351 658 423 universalis
729 353 1067 424 Ecclesiae
1133 356 1528 445 profecerat.
1586 363 1750 426 Cum
1812 373 2040 427 autem
2113 359 2334 430 eidem
2400 363 2782 452 Apostolico

242 443 419 533 patri
465 442 842 529 Moguntini
881 444 1424 534 Archipraesulis
1453 445 1791 514 adventus
1820 447 2254 529 innotuisset,
2304 452 2785 538 praemeditari

241 532 491 614 coepit,
547 531 603 599 si
652 530 815 617 quid
880 555 1036 599 cum
1113 546 1296 602 tanto
1360 534 1503 603 viro
1574 533 1863 623 dignum
1922 540 2048 604 Deo
2099 539 2454 627 cooperari
2502 540 2776 610 valeret.

240 621 567 690 Audierat
625 620 806 688 enim
852 620 1270 707 jamdudum
1326 623 1707 691 sanctitatis
1756 623 1906 711 ejus
1967 623 2222 693 famam
2263 626 2466 717 longe
2517 628 2788 716 lateque

240 710 620 799 vulgatam.
688 713 1168 780 Verumtamen
1220 733 1377 780 cum
1431 710 1515 779 ad
1569 711 1695 780 hoc
1765 726 2166 800 perventum
2215 729 2430 794 esset,
2489 729 2567 785 ut
2635 730 2787 806 post

243 799 376 869 sibi
416 800 609 868 datos
640 799 999 887 amplexus
1036 800 1292 869 mutuis
1324 798 1717 869 fruerentur
1748 799 2134 888 colloquiis,
2167 803 2389 893 coepit
2429 808 2784 875 Romanus

239 890 546 960 Pontifex
601 887 1005 980 percontari,
1060 910 1195 974 quo
1245 888 1439 959 rudis
1485 888 1716 958 adhuc
1765 893 2262 960 Germanorum
2317 891 2488 962 fides
2555 894 2781 962 muni-

238 977 430 1048 mine
472 980 829 1050 tulciretur
901 976 1293 1067 religionis,
1375 990 1601 1046 utrum
1657 1000 1741 1046 ne
1788 978 2111 1067 gentibus
2178 980 2308 1049 sub
2358 979 2785 1071 discipulatu

238 1069 767 1155 proficientibus
815 1089 1025 1136 novae
1065 1064 1500 1148 eruditionis,
1536 1065 1754 1134 divini
1796 1089 1901 1137 res
1952 1082 2145 1138 ectus
2183 1068 2466 1138 lucerna
2512 1092 2784 1160 semper

237 1158 673 1248 resplendeat
720 1158 789 1226 in
841 1155 1395 1244 augmentatione
1469 1154 1703 1244 populi
1777 1154 1911 1224 fide
1947 1156 2026 1224 is‚
2091 1157 2266 1227 Hinc
2316 1158 2557 1227 beatus
2607 1160 2783 1228 anti-

240 1255 378 1317 stes
428 1246 854 1324 Bonifacius,
908 1265 1064 1313 cum
1144 1243 1226 1311 de
1276 1243 1383 1311 his
1444 1256 1508 1312 et
1556 1243 1638 1312 de
1687 1244 2013 1314 omnibus
2078 1268 2254 1332 quae
2324 1247 2784 1337 interrogatus

238 1331 484 1416 fuerat,
524 1359 749 1405 veram
782 1358 860 1403 ac
880 1333 1275 1402 distinctam
1302 1331 2086 1414 reddidissetrationem,
2122 1334 2189 1402 in
2215 1336 2533 1404 extremis
2557 1335 2782 1406 fassus

237 1437 343 1493 est
390 1426 569 1494 hanc
603 1424 733 1493 sibi
773 1423 1067 1491 maxime
1100 1418 1313 1488 fuisse
1347 1421 1663 1489 veniendi
1711 1443 2018 1502 causam,
2075 1424 2174 1492 uti
2224 1424 2777 1513 wirciburgense

238 1514 603 1604 oppidum,
658 1511 950 1581 dioecesi
1002 1530 1165 1578 suae
1213 1509 1391 1578 conti
1452 1532 1650 1589 uum,
1710 1510 2131 1600 Apostolicae
2156 1513 2581 1582 auctoritatis
2631 1535 2784 1583 mu-

238 1601 549 1672 nimento
598 1599 989 1670 cathedram
1066 1597 1397 1687 Episcopa
1429 1620 1535 1666 em
1600 1599 1946 1668 sortiatur.
2003 1600 2255 1669 Retulit
2319 1601 2521 1670 etiam
2585 1624 2786 1671 vene-

234 1690 505 1783 randus
557 1691 754 1759 heros
801 1709 1078 1758 causam
1131 1686 1438 1775 ejusdem
1486 1686 1843 1777 religiosae
1880 1689 2278 1758 intentionis
2315 1691 2379 1758 in
2425 1690 2782 1760 audientia

240 1792 379 1849 tam
434 1780 695 1848 domini
749 1775 1134 1867 Apostolici,
1188 1797 1397 1860 quam
1447 1775 1903 1856 universalis,
1961 1799 2137 1864 quae
2185 1789 2349 1848 tunc
2398 1776 2568 1848 forte
2615 1800 2783 1847 con-

239 1883 514 1964 gregata
567 1868 719 1945 fuit,
774 1866 1042 1954 synodi,
1098 1864 1357 1932 scilicet
1404 1863 1585 1950 quod
1636 1865 1920 1951 quidam
1973 1866 2448 1935 sanctissimae
2499 1890 2784 1936 couver-

244 1957 534 2026 sationis
586 1957 684 2024 vir
733 1955 1087 2043 Scotigena
1138 1951 1473 2033 KilianuS,
1519 1952 1682 2021 olim
1736 1955 1823 2023 ab
1872 1953 2250 2044 Apostolica
2301 1956 2460 2025 sede
2509 1958 2786 2028 Francis

242 2045 710 2115 Orientalibus
760 2042 1188 2134 praedicator
1235 2040 1557 2121 directuS‚
1611 2053 1676 2110 et
1724 2043 1908 2131 apud
1960 2043 2300 2113 civitatem
2366 2044 2785 2145 praedictam

245 2135 578 2223 martyrio
626 2154 781 2204 cum
837 2131 1040 2201 sociis
1111 2143 1658 2207 consummatus,
1736 2131 1937 2200 modo
2003 2131 2238 2202 multis
2295 2134 2648 2201 miraculis
2697 2133 2785 2202 ad

242 2225 556 2292 tumbam
635 2243 829 2290 suam
905 2220 1265 2293 clarescat,
1319 2232 1384 2287 et
1436 2231 1709 2307 propter
1762 2220 1985 2309 ipsum
2039 2220 2256 2289 divini
2304 2220 2553 2291 favoris
2603 2222 2785 2291 indi-

242 2312 457 2392 cium,
514 2312 677 2401 Regi
722 2315 1141 2378 Francorum
1196 2307 1600 2393 cunctisque
1650 2307 1797 2377 suis
1845 2309 2294 2397 optimatibus
2369 2310 2656 2400 placere,
2713 2324 2787 2379 ut

242 2400 327 2469 ad
383 2401 881 2469 incrementum
936 2396 1315 2470 Ecclesiae,
1389 2395 1816 2482 salutemque
1866 2410 2000 2465 tam
2065 2397 2313 2467 nobilis
2366 2400 2779 2488 provinciae,

243 2488 439 2559 sedes
486 2486 910 2578 Episcopalis
962 2484 1214 2555 ibidem
1270 2484 1407 2553 fiat.
1466 2485 1863 2555 Laudabant
1911 2509 2151 2556 omnes
2183 2487 2547 2558 Christiani
2578 2489 2782 2590 Regis

243 2578 690 2656 desiderium,
742 2573 1279 2665 magnificabant
1311 2572 1395 2641 ad
1435 2573 1560 2643 hoc
1610 2575 2151 2645 benevolentiam
2207 2576 2626 2666 principum,
2682 2601 2788 2646 tn-

247 2667 584 2736 dustriam
668 2664 1033 2752 praesuliS‚
1091 2661 1464 2752 profectum
1521 2663 1860 2732 Ecclesiae
1909 2665 2301 2734 crescentis.
2354 2671 2541 2734 Tunc
2590 2666 2791 2734 Boni-

240 2754 496 2824 facium
541 2754 907 2844 diligenter
954 2752 1175 2838 coepit
1228 2751 1609 2836 percontari
1677 2753 1922 2840 primo,
1962 2775 2300 2839 quaenam
2344 2753 2506 2822 huic
2564 2752 2789 2823 officio

248 2866 541 2933 persona
594 2855 820 2931 posset
871 2841 1106 2931 legari,
1178 2839 1416 2908 dicens
1489 2840 1782 2911 rudibus
1830 2842 1898 2909 in
1951 2841 2085 2910 fide
2139 2841 2452 2929 plebibus
2506 2842 2790 2912 minime

245 2954 628 3023 congruere
703 2931 1162 3019 neophytum.
1235 2927 1617 2997 secundum
1688 2945 2047 3019 praecepta
2099 2929 2399 2998 Doctoris
2448 2930 2781 3019 gentium.

246 3022 506 3090 Dehinc
557 3020 611 3088 si
665 3020 893 3088 adhuc
941 3018 1026 3088 de
1066 3017 1375 3087 fidelium
1426 3017 1913 3088 collationibus
1964 3017 2066 3087 vel
2115 3017 2583 3088 oblationibus
2635 3018 2790 3107 Epi-

244 3109 477 3198 scopio
527 3107 917 3178 sufficerent
954 3106 1253 3196 praedia,
1318 3107 1575 3192 quibus
1626 3127 2010 3195 pauperum
2065 3106 2457 3186 necessitas,
2496 3106 2786 3176 Clerico-

247 3219 544 3284 rumque
570 3209 1066 3266 sustentaretur
1101 3194 1372 3283 inopia;
1410 3216 1724 3263 asserens
1757 3193 2171 3282 Episcopum
2208 3192 2510 3264 familiae
2538 3196 2788 3265 Christi

245 3287 817 3377 dispensatorem,
874 3285 1003 3354 sibi
1057 3283 1384 3373 subjectis
1437 3304 1567 3352 non
1621 3282 1844 3352 solum
1899 3283 2354 3383 spiritualem,
2411 3282 2526 3353 sed
2580 3283 2785 3353 etiam

242 3375 499 3444 victum
556 3375 991 3462 provisurum
1045 3394 1192 3441 esse
1241 3371 1611 3442 carnalem.
1650 3377 1898 3442 Beatus
1939 3373 2148 3462 igitur
2180 3371 2595 3454 Boni-faciuS,
2640 3395 2792 3443 mu-

246 3464 600 3533 nificentia
650 3463 1002 3532 charitatis
1054 3461 1425 3548 praeditus,
1481 3460 1918 3549 praediorum
1972 3461 2313 3551 Episcopii
2351 3462 2457 3531 sui
2500 3476 2784 3551 partem,

246 3557 557 3622 Romano
608 3551 915 3620 Pontifici
969 3549 1475 3638 complacitam,
1532 3549 1956 3640 Wirceburgi
2017 3550 2378 3640 Episcopio
2425 3550 2785 3640 delegavit:

246 3654 323 3711 ut
373 3640 650 3710 futurus
701 3640 950 3709 ibidem
1006 3638 1406 3728 Episcopus,
1462 3638 1642 3707 sicut
1687 3659 1972 3708 consors
2018 3639 2330 3708 existeret
2370 3639 2623 3708 laboris
2677 3644 2794 3708 Do-

248 3729 514 3810 minici‚
570 3729 662 3796 ita
709 3729 912 3797 etiam
958 3725 1144 3796 fieret
1197 3726 1589 3814 temporalis
1636 3727 1976 3816 particeps
2027 3727 2563 3808 sustentationiS‚
2593 3728 2795 3816 juxta

246 3816 418 3887 illud
497 3816 833 3904 Apostoli:
868 3819 1059 3885 Alter
1126 3816 1410 3884 alterius
1470 3838 1673 3884 onera
1735 3827 2034 3906 portate,
2091 3818 2293 3885 etsie
2341 3817 2796 3906 adimplebitis

251 3910 465 3996 leqem
519 3907 772 3977 Christi
810 3906 1069 3990 (Galat.
1122 3903 1247 3991 v1.)
1296 3903 1415 3971 His
1467 3905 1590 3973 rite
1656 3905 1974 3992 peractis,
2028 3926 2066 3973 a
2117 3909 2422 3974 Romano
2473 3905 2796 3974 Pontifice

247 3994 502 4063 iterum
558 4016 844 4081 persona
896 3991 1329 4077 disquiritur,
1382 4013 1559 4078 quae
1607 3993 1771 4061 huic
1820 3992 2044 4063 officio
2092 3992 2335 4062 idonea
2386 3993 2793 4062 destinetur.

249 4088 420 4152 Tum
473 4105 628 4152 vero
678 4080 1126 4151 admirandae
1179 4080 1580 4169 prudentiae
1615 4082 1718 4149 vir
1766 4081 2212 4170 Moguntinus
2251 4082 2558 4161 antistes,
2603 4081 2797 4151 omni

249 4170 510 4240 honore
557 4171 850 4259 dignum
905 4171 1379 4258 presbyterum
1430 4169 1906 4238 Burchardum
1951 4169 2018 4237 in
2057 4168 2362 4239 medium
2415 4170 2791 4252 deducenS,

248 4259 472 4347 coepit
523 4259 718 4329 illum
773 4258 1099 4328 laudibus
1152 4258 1496 4346 prosequi,
1539 4279 1887 4342 suumque
1929 4256 2280 4347 probabile
2323 4259 2792 4329 testimonium

251 4346 445 4417 illius
494 4347 958 4436 superaddere
1001 4346 1364 4437 probitati;
1419 4367 1733 4415 asserens
1767 4347 1952 4415 hunc
2002 4348 2106 4436 ab,
2136 4347 2443 4417 occiduis
2484 4346 2800 4438 partibus
