3347 4999
630 208 758 272 392
1268 224 1345 269 nii
1391 224 1445 269 s.
1502 221 1872 269 nunciisnno
1921 222 2170 269 nssnair.
2223 223 2320 269 ni».
2754 203 2925 269 OCT.
2985 205 3072 269 ss·

542 323 783 391 terrae,
836 332 1055 379 omnes
1099 319 1326 398 pentes
1376 309 1659 375 servient
1720 308 2021 392 ei(Psal.
2076 306 2212 395 74).
2267 311 2572 389 Quonam
2630 305 2828 375 modo
2876 307 3067 375 enim

540 400 729 469 verbi
765 399 1228 475 seminatoreS,
1282 396 1436 466 licet
1480 393 1991 485 infatigabiliter
2022 395 2144 466 diu
2175 395 2524 466 sterilibus
2571 396 2876 485 gentium
2913 416 3072 464 cor-

543 488 749 557 dibus
798 509 981 556 nunc
1030 485 1457 563 seminando,
1507 505 1692 552 nunc
1743 484 2136 574 plantandO,
2181 506 2363 553 nunc
2399 484 2687 593 rigando
2743 483 3073 554 insisten—

544 591 666 657 teS,
721 598 841 665 per
888 574 1289 661 semetipsos
1339 575 1834 642 incrementum
1887 572 2162 659 aliquod
2191 585 2686 660 extorquerent,
2743 572 2876 641 nisi
2913 571 3072 660 plu·

543 666 692 733 viae
744 665 930 734 illius
979 664 1046 732 in
1087 661 1417 762 virginale
1472 662 1820 747 quondam
1879 661 2096 730 vellus
2143 661 2618 731 descendentis
2668 660 3065 741 stillicidia,

544 766 757 824 terras
814 751 1219 841 hujusmodi
1267 750 1549 821 coelitus
1599 750 1717 820 irri
1771 750 1997 830 and0,
2071 749 2609 820 fructificarent?
2655 756 2847 830 Nam,
2905 762 3073 819 teste

545 842 889 931 Gregori0‚
954 841 1082 908 nisi
1146 841 1331 910 intus
1380 838 1508 919 sit,
1562 840 1683 925 qui
1777 852 2009 919 occat,
2065 859 2289 908 sermo
2343 839 2639 909 doctoris
2691 840 2756 908 in
2805 860 3068 907 vanum

544 932 840 1000 exterius
874 929 1155 1007 laborat;
1199 944 1261 998 et
1295 951 1330 996 e
1377 927 1719 996 contrario
1770 927 1960 996 nulla
2012 928 2079 996 in
2129 927 2456 996 discendo
2523 950 2709 997 mora
2757 941 2880 1007 est,
2948 926 3073 995 ubi

547 1020 841 1109 Spiritus
889 1023 1176 1087 Sanctus
1222 1017 1455 1086 doctor
1502 1016 1715 1085 adest.
1760 1016 1852 1084 Ad
1891 1017 2054 1084 haec
2091 1017 2465 1105 promissae
2512 1029 2702 1086 ortus
2729 1015 3065 1105 justitiae,

545 1109 869 1209 pacisque
932 1129 1287 1193 nunquam
1341 1117 1562 1192 posset
1607 1104 2033 1175 abundantia
2082 1104 2395 1185 stabiliri,
2450 1105 2582 1175 nisi
2634 1127 2752 1195 per
2804 1106 3062 1193 ipsum,

544 1219 695 1287 ipso
729 1196 1090 1275 mediante,
1130 1194 1248 1282 qui
1296 1194 1482 1265 solus
1539 1208 1639 1263 est
1676 1194 1945 1283 justitia
1992 1208 2056 1262 et
2106 1217 2234 1283 pax
2291 1195 2478 1262 oinni
2544 1194 2870 1263 credenti.
2923 1197 3068 1262 Hac

544 1286 742 1355 etiam
796 1298 936 1353 arte
985 1305 1146 1353 suos
1194 1304 1464 1371 semper
1513 1284 1803 1352 nuncios
1864 1283 2109 1353 Christi
2160 1282 2627 1352 misericordia
2680 1281 3059 1371 praevenit,

544 1375 642 1445 sic
691 1398 725 1441 a
772 1374 941 1442 mari
978 1394 1193 1458 usque
1232 1370 1315 1440 ad
1362 1394 1569 1452 mare,
1623 1384 1688 1439 et
1737 1393 1771 1440 a
1806 1370 2094 1440 flumine
2126 1393 2344 1457 usque
2392 1371 2476 1440 ad
2521 1371 2842 1440 terminos
2871 1370 3064 1438 orbis

543 1475 906 1541 terrarum,
963 1461 1126 1529 Filio
1166 1482 1293 1530 suo
1340 1460 1559 1530 eidem
1611 1481 1765 1528 vere
1816 1459 2100 1549 pacifico
2134 1459 2562 1529 dominatum
2617 1472 2806 1549 pater
2852 1469 3063 1526 aeter-

539 1574 674 1620 nus
708 1551 999 1620 instituit
1039 1573 1115 1619 ac
1166 1549 1494 1628 dilatavit,
1551 1562 1614 1616 et
1660 1549 1746 1617 ab
1795 1562 2068 1629 aeterno
2116 1570 2333 1634 usque
2375 1548 2439 1616 in
2492 1562 2845 1618 aeternum
2903 1569 3067 1615 con-

535 1639 855 1708 firmavit.
910 1640 1029 1709 His
1126 1660 1199 1705 ei·
1246 1658 1621 1717 excessum,
1676 1637 1992 1723 quamvis
2045 1637 2449 1716 necessarie,
2499 1637 2795 1718 insertiS,
2836 1635 3066 1704 denuo

538 1728 621 1797 ad
675 1728 851 1797 beati
902 1661 1302 1806 Burcliardi,
1348 1747 1387 1794 a
1434 1748 1571 1813 quo
1618 1725 1908 1816 digressi
1959 1725 2318 1814 paululum
2371 1749 2638 1807 sumus,
2708 1746 3069 1794 eonversa-

538 1818 787 1886 tionem
841 1814 1360 1885 describendam
1406 1814 1655 1903 stylum
1702 1814 2152 1883 retrahamus.

623 1909 658 1992 ξ
707 1911 790 1977 4.
844 1905 1061 1993 Igitur
1099 1902 1349 1971 athleta
1401 1902 1669 1981 Christi,
1718 1902 2177 1983 Burchardus,
2227 1902 2601 1991 pubertatis
2651 1900 2933 1971 floridae
2966 1913 3069 1990 ty·-

537 1993 799 2062 rocinio
840 1993 983 2077 jam
1037 1990 1296 2061 fortiter
1328 2005 1560 2060 contra
1618 2003 1973 2079 potestates
2029 1994 2283 2071 aereas,
2330 2004 2394 2060 et
2427 1991 2755 2059 adversus
2817 1990 3063 2060 mundi

538 2095 831 2151 rectores
883 2080 1315 2148 tenebrarum
1369 2079 1651 2159 harum,
1710 2093 2081 2166 contraque
2132 2080 2522 2169 spirituales
2555 2078 2896 2165 nequitias
2947 2100 3070 2166 per

540 2168 1128 2238 mortificationem
1165 2167 1653 2247 membrorum,
1696 2190 1871 2254 quae
1897 2182 2057 2237 sunt
2085 2190 2293 2256 super
2324 2182 2595 2247 terram,
2634 2179 3057 2246 transcursu,

535 2256 603 2323 in
661 2256 1055 2344 hujusmodi
1113 2257 1523 2345 profectibus
1574 2279 2004 2344 nequaquam
2071 2278 2257 2325 more
2303 2256 2736 2343 quorundam
2788 2255 3067 2324 sibimet

538 2343 981 2433 placentium,
1024 2347 1088 2412 in
1138 2367 1230 2426 se,
1285 2345 1398 2413 sed
1442 2346 1506 2412 in
1563 2346 1844 2413 Domino
1899 2344 2343 2433 gloriabatur,
2398 2345 2634 2414 diceiis
2681 2367 2841 2414 cum
2890 2350 3066 2431 Apo·

535 2432 729 2513 stolo,
769 2435 1005 2504 Gratia
1050 2437 1165 2503 Dei
1197 2456 1343 2503 sum
1378 2435 1469 2514 id,
1513 2434 1687 2525 quod
1713 2457 1903 2503 sum:
1947 2434 2276 2521 itemque:
2311 2439 2454 2504 Non
2490 2457 2632 2525 eqo,
2685 2434 2799 2503 sed
2828 2434 3067 2524 qratia

538 2524 656 2591 Dei
683 2545 937 2591 mecum
968 2522 1062 2610 (fl.
1112 2528 1255 2593 Cor.
1292 2522 1420 2609 xv).
1484 2522 1973 2591 Ecclesiasticis
2021 2523 2307 2614 insuper
2354 2523 2683 2614 gradibus
2733 2522 3066 2592 canonice

533 2624 911 2700 promotus,
948 2612 1151 2679 etiam
1187 2611 1617 2680 ascensiones
1666 2611 1836 2680 alias
1876 2611 1941 2679 in
1979 2611 2180 2680 corde
2228 2633 2353 2680 suo
2412 2611 2777 2701 disposuit,
2820 2610 2885 2678 id
2928 2624 3058 2690 est,

530 2712 606 2767 ut
654 2699 736 2767 de
787 2700 1028 2768 virtute
1076 2699 1144 2767 iii
1200 2701 1536 2779 virtutem,
1593 2700 1676 2768 de
1726 2700 1925 2770 bonis
1973 2700 2054 2768 ad
2119 2700 2398 2770 meliora
2449 2721 2718 2789 semper
2785 2700 3063 2788 provehi

528 2802 779 2945 flesset,
828 2788 1155 2856 continua
1207 2788 1449 2856 inentis
1491 2787 1906 2857 revolutione
1959 2788 2270 2857 meditari
2318 2789 2560 2877 coepit.
2615 2787 2706 2857 Ad
2757 2787 2925 2856 haec
2977 2787 3061 2856 li-

577 2875 863 2945 eraliuin
915 2876 1267 2945 scientiam
1322 2876 1610 2956 artium,
1665 2876 2224 2965 compositionem
2288 2898 2595 2955 morum,
2659 2897 3060 2945 sermonum

528 2963 949 3045 facundiam,
1003 2966 1310 3055 corporis
1357 2965 1791 3054 elegantiam,
1827 2977 2227 3052 caeteraque
2277 2966 2503 3035 Sancti
2552 2964 2848 3055 Spiritus
2892 2965 3060 3033 cha-

528 3053 810 3122 rismata
863 3053 1289 3142 perpendens
1354 3075 1484 3122 non
1538 3053 1686 3121 sine
1734 3075 1943 3123 causa
2005 3055 2423 3143 percepisse,
2490 3076 2788 3141 quonam
2853 3053 3058 3122 modo

531 3141 886 3230 potissime
929 3141 1249 3210 talentum
1289 3141 1418 3210 sibi
1469 3142 1804 3211 creditum
1840 3141 2245 3231 duplicaret,
2301 3142 2485 3211 horis
2534 3142 2860 3211 omnibus
2916 3163 3054 3209 non

527 3229 815 3298 cessavit
844 3229 1130 3298 sollicite
1172 3243 1478 3311 tractare,
1519 3231 1742 3300 sciens
1775 3230 2035 3300 dictum
2071 3254 2108 3299 a
2146 3232 2464 3300 Domino:
2522 3233 2651 3302 Cui
2689 3233 2844 3321 plus
2876 3252 3054 3299 com·

526 3319 841 3398 mittitur,
882 3320 1038 3406 plus
1084 3320 1390 3407 eviyz'cur
1421 3321 1501 3387 ab
1550 3343 1621 3389 eo
1666 3320 1851 3408 (Luc.
1885 3319 2027 3408 xii).
2081 3325 2343 3388 Interea
2388 3320 2688 3420 pervenit
2729 3319 2814 3387 ad
2859 3339 3049 3399 eum,

529 3420 815 3503 cunctas
876 3409 1184 3495 Europae
1236 3419 1456 3495 partes
1486 3408 1631 3496 jam
1688 3425 2046 3498 pervagata
2087 3407 2268 3477 sama
2309 3408 2521 3488 iltius,
2585 3408 2785 3497 cujus
2835 3428 3058 3506 nuper

531 3505 941 3563 mentionem
1005 3492 1330 3576 fecimuS,
1383 3496 1972 3566 Areliimandritae
2019 3496 2386 3578 Bonisacii,
2445 3518 2733 3583 moxque
2805 3495 3055 3565 Christi

527 3581 707 3651 bono
745 3581 1042 3671 repletus
1075 3583 1302 3665 odore,
1355 3598 1418 3653 et
1463 3585 1627 3670 quia
1675 3608 1832 3654 cum
1887 3599 2123 3655 sancto
2171 3600 2474 3666 sanctuS‚
2513 3598 2577 3653 et
2631 3607 2787 3653 cum
2840 3584 3056 3654 electo

525 3670 781 3740 electus
827 3693 973 3741 esse
1025 3672 1257 3762 possit,
1294 3673 1622 3754 confisus,
1670 3673 1839 3742 tanti
1874 3674 1996 3743 viri
2031 3674 2510 3764 praesentiam,
2554 3675 2721 3743 tanti
2755 3673 3058 3744 doctoris

526 3758 946 3829 audientiam
992 3761 1202 3843 sitire,
1242 3775 1304 3830 et
1339 3762 1423 3830 ad
1475 3773 1699 3831 tantae
1731 3764 2110 3832 sanctitatis
2143 3777 2343 3849 atque
2382 3762 2738 3853 dignitatis
2777 3783 3061 3830 conver·—

524 3849 855 3917 sationem
910 3870 1041 3919 non
1111 3849 1369 3919 destitit
1429 3850 1746 3920 ardenter
1783 3852 2126 3921 anhelare.
2182 3851 2436 3921 Accidit
2494 3866 2720 3920 autem
2777 3850 3051 3932 divina,

523 3958 701 4022 quae
730 3937 1034 4027 disponit
1074 3939 1315 4008 omnia
1367 3940 1687 4022 suaviter,
1744 3940 2138 4029 providente
2166 3939 2524 4029 sapientia,
2573 3939 2736 4008 duni
2793 3939 2858 4007 in
2889 3961 3057 4028 agro

525 4026 882 4095 Dominico
933 4028 1031 4095 vir
1082 4027 1259 4096 idem
1313 4026 1727 4108 Bonisacius,
1839 4050 1913 4097 er
1949 4030 2182 4099 omnia
2221 4029 2683 4120 Apostolicus,
2749 4028 2906 4096 totis
2939 4028 3053 4097 de-

523 4112 800 4184 sudaret
850 4115 1134 4196 viribuS,
1194 4138 1386 4207 seges
1427 4116 1630 4186 etiam
1679 4051 1861 4186 vergi
1913 4118 2026 4188 Dei
2076 4118 2362 4187 multam
2418 4116 2563 4218 jam
2634 4116 2701 4184 in
2759 4137 3052 4187 messem

521 4218 873 4282 cresceret,
936 4226 1343 4292 praecavens
1394 4206 1824 4276 venerandus
1852 4206 2073 4288 heros»,
2114 4229 2197 4275 ne
2240 4219 2546 4294 paucitas
2578 4206 3051 4296 operariorum

521 4290 787 4360 fervens
826 4313 1002 4382 opus
1042 4293 1426 4383 impediret,
1463 4306 1537 4363 ut
1581 4295 2030 4385 quamplures
2060 4309 2530 4385 cooperatores
2559 4317 2598 4364 a
2638 4316 2764 4364 sua
2805 4294 3051 4384 patria,
