3347 4999
671 355 797 418 478
1356 374 1433 420 na
1480 375 1535 421 S.
1589 373 1791 422 catto
1840 374 1977 422 Ana.
2032 377 2107 421 Er
2153 375 2332 423 conr.
2800 359 2970 426 OCT.
3034 362 3137 426 16·

585 456 932 525 scribendi
980 457 1206 527 studio
1266 458 1757 548 comprehendi
1820 459 2079 549 possit,
2143 480 2222 529 ex
2268 459 2524 546 quibus
2574 473 2849 551 propter
2894 463 3125 533 abun·

583 545 888 614 damiam
961 545 1176 615 multa
1226 547 1675 617 omittuntur:
1728 569 1946 637 pauca
1998 569 2152 618 vero
2213 561 2277 618 et
2320 548 2774 619 eminentiora
2840 565 3123 642 propter

585 634 985 703 memoriam
1062 636 1347 726 posteris
1407 636 2029 706 commendandam
2084 637 2241 706 huic
2294 636 2694 707 inseruntur
2740 638 3106 730 opusculo.

581 727 848 791 Praeter
898 736 1321 793 mortuorum
1373 725 2182 795 enim‘resuscitationem
2219 746 2643 815 corpoream,
2685 741 3110 798 caeterarum

580 810 1058 880 infirmitatum
1111 813 1434 891 remedia,
1488 813 1902 883 creberrima
1938 813 2111 883 inibi
2147 813 2457 904 largitate
2505 837 2538 883 a
2580 817 2870 887 Domino
2913 839 3119 907 prae·

583 900 738 971 stita
787 912 949 969 sunt
994 913 1059 968 et
1107 913 1564 990 praestantur.
1604 901 1951 989 Siquidem
2002 916 2068 971 et
2115 902 2543 972 daemoniaci
2576 903 2827 974 ibidem
2861 908 3110 987 curati,

580 1001 644 1059 et
694 988 1099 1077 languentes
1146 1003 1308 1059 sunt
1356 991 1683 1059 recreati:
1735 991 2008 1060 aurium
2061 990 2360 1061 claustra
2395 1007 2712 1072 reserata,
2749 994 3117 1064 oculorum

580 1077 887 1147 detersae
931 1078 1288 1169 caligines,
1344 1092 1691 1148 mutorum
1728 1080 2000 1149 exclusa
2053 1079 2346 1161 silentia,
2401 1080 2937 1171 paralyticorum
2989 1083 3119 1152 eli-

585 1166 840 1235 minata
888 1165 1197 1237 defectio.
1279 1167 1402 1237 Sed
1471 1181 1536 1237 et
1580 1167 2002 1255 quicumque
2048 1168 2319 1238 animae
2370 1170 2466 1239 vel
2517 1171 2826 1271 corporis
2876 1192 3115 1241 neces-

582 1255 779 1324 sitate
825 1267 1123 1337 coactus,
1165 1255 1299 1325 fide
1346 1256 1608 1347 integra
1640 1255 1825 1346 apud
1856 1255 2250 1347 sepulcrum
2286 1258 2460 1327 beati
2493 1258 2667 1329 Galli
2702 1260 3103 1330 instantiam

581 1344 909 1414 orationis
955 1346 1336 1431 exequitur,
1396 1345 1680 1414 Domino
1714 1343 2129 1415 confessoris
2159 1347 2264 1415 sui
2294 1347 2532 1417 merita
2582 1349 3101 1439 comprobante,

584 1453 864 1521 precum
919 1454 1199 1503 suarum
1240 1432 1633 1503 nullatenus
1671 1432 1899 1503 fructu
1946 1434 2277 1523 privatur,
2316 1456 2549 1505 verum
2602 1438 2750 1505 sine
2797 1437 3114 1507 tarditate

580 1521 853 1591 divinae
901 1520 1234 1612 largitatis
1274 1522 1575 1592 sentiens
1622 1521 1851 1602 dona,
1908 1521 2219 1592 laetatur.

668 1612 704 1767 Ῠ
750 1614 916 1681 80.
974 1610 1425 1711 Temporibus
1474 1612 1686 1701 igitur
1732 1609 2163 1680 carlomanni
2214 1611 2485 1699 Majoris
2533 1612 2784 1683 domus
2814 1668 2829 1691 ,
2888 1614 3103 1684 mira-

581 1721 664 1768 cu
699 1720 814 1767 um
870 1718 1199 1768 memoria
1246 1698 1536 1789 dignum
1591 1719 1712 1790 per
1758 1699 1993 1768 merita
2046 1701 2284 1770 sancti¹
2312 1703 2527 1771 Patris
2559 1703 2902 1783 effectum,
2941 1703 3111 1772 huic

579 1787 771 1877 operi
823 1787 1123 1857 inserere
1154 1786 1323 1857 utile
1345 1787 1773 1876 judicamus.
1826 1788 1939 1856 Vir
1978 1788 2259 1875 quidam
2306 1790 2770 1879 pauperculus
2814 1792 2884 1859 in
2977 1813 3111 1880 ago

579 1876 918 1963 quodam,
971 1897 1050 1945 ex
1113 1897 1387 1945 summa
1432 1875 1790 1946 devotione
1841 1898 1996 1945 cum
2065 1898 2271 1947 uxore
2320 1900 2442 1948 sua
2492 1877 2575 1947 ad
2628 1878 2867 1948 cellam
2970 1881 3108 1949 eati

579 1964 754 2035 Galli
794 1967 1004 2033 causa
1049 1964 1380 2034 orationis
1414 1985 1539 2054 pro
1589 1986 1780 2033 erare
1807 1964 2172 2054 disposuit.
2226 1967 2436 2053 Cujus
2483 1966 2858 2036 intentione
2903 1968 3110 2037 devo-

578 2054 784 2122 tionis
832 2052 999 2121 dum
1053 2051 1305 2122 mulier
1355 2052 1540 2142 pallu
1574 2074 1711 2134 arn,
1756 2074 1961 2139 quam
2006 2054 2074 2121 in
2120 2053 2267 2123 loco
2316 2069 2550 2125 saneto
2581 2055 2893 2126 oblatura
2926 2071 3096 2136 erat,

579 2152 962 2210 contextam
1019 2141 1414 2231 paravisset,
1463 2140 1746 2211 involvit
1789 2162 1936 2211 eam
1990 2140 2297 2211 formella
2360 2164 2577 2224 cerae,
2630 2165 2835 2231 quam
2889 2145 3103 2215 simul

576 2229 882 2299 oblatum
932 2229 1032 2298 ire
1080 2231 1443 2321 cogitabat,
1481 2243 1546 2300 et
1593 2231 1659 2298 in
1712 2251 1867 2299 arca
1909 2251 2031 2299 sua
2083 2231 2258 2299 inter
2295 2230 2429 2299 alia
2471 2232 2872 2302 vestimenta
2906 2255 3101 2324 repo-

575 2319 738 2387 suit.
776 2318 1069 2419 Contigit
1096 2331 1319 2387 autem
1358 2320 1521 2388 dum
1559 2319 1655 2387 ire
1692 2330 2032 2408 pararent,
2065 2318 2341 2387 domum
2382 2320 2654 2388 illorum
2690 2343 2848 2390 cum
2878 2323 3107 2391 omni-

574 2408 707 2476 hus
756 2427 931 2493 quae
979 2418 1156 2476 intra
1229 2406 1415 2476 illam
1471 2422 1688 2490 erant,
1734 2408 1938 2477 rebus
1989 2407 2145 2497 igne
2192 2410 2505 2478 cremari.
2560 2412 2888 2496 Cumque,
2935 2432 3101 2479 con-

574 2495 870 2585 sumptis
917 2495 1265 2570 omnibus.
1321 2497 1601 2565 flamma
1647 2508 1977 2572 cessante,
2033 2497 2328 2585 sopitum
2380 2496 2621 2568 fuisset
2667 2497 3097 2580 incendium,

572 2598 945 2675 coeperunt
973 2585 1150 2654 inter
1179 2584 1565 2654 favillarum
1602 2585 1920 2654 cumulos
1947 2584 2512 2656 ferramentorum
2546 2586 2869 2674 reliquias
2891 2609 3104 2674 quae·

573 2672 799 2743 ritare.
854 2678 931 2743 Et
976 2694 1132 2743 eece
1166 2674 1546 2755 inveniunt,
1604 2673 1854 2743 mirum
1892 2673 2103 2752 dictu,
2147 2694 2373 2743 ceram
2409 2675 2670 2764 pallula
2719 2677 3097 2747 involutam

570 2763 748 2832 inter
785 2762 1050 2832 cineres
1081 2774 1147 2833 et
1193 2764 1548 2842 carbones,
1595 2761 1907 2848 nihilque
1939 2762 2007 2831 in
2058 2762 2158 2832 eis
2198 2762 2520 2833 laesionis
2556 2766 2901 2854 apparuit;
2936 2787 3098 2834 cum

570 2851 791 2941 ipsam
841 2871 1097 2933 arcam,
1151 2863 1216 2920 ct
1261 2850 1590 2938 quiequid
1643 2850 1831 2920 aliud
1885 2851 1951 2918 in
2003 2848 2122 2919 illa
2162 2853 2534 2940 repositum
2597 2866 2761 2934 erat,
2814 2853 3094 2942 penitus

570 2941 1115 3030 consumpsisset
1162 2940 1586 3011 incendium.
1655 2939 1809 3009 Viso
1867 2939 2079 3028 igitur
2136 2950 2360 3009 tantae
2409 2941 2677 3010 virtutis
2728 2941 3090 3024 miracu10,

541 3028 1065 3099 ‘benedixerunt
1101 3034 1253 3110 Dee,
1293 3042 1358 3098 et
1388 3028 1514 3097 iter
1550 3027 1733 3115 quod
1770 3026 2283 3117 disposuerunt,
2325 3050 2482 3118 pere
2574 3043 2758 3098 runt.
2812 3036 2887 3100 Et
2936 3051 3097 3100 nar-

569 3129 798 3187 rantes
844 3117 1173 3187 fratribus
1221 3138 1397 3204 quae
1443 3129 1631 3206 gesta
1671 3115 1963 3195 fuerant,
2017 3115 2415 3186 obtulerunt
2508 3118 2850 3198 onarium‚
2901 3117 3091 3205 quod

567 3205 731 3276 huic
762 3219 912 3276 voto
943 3216 1441 3282 consecratum,
1487 3204 1557 3274 in
1604 3204 1948 3294 supremis
1982 3225 2118 3275 non
2162 3220 2420 3294 poterat
2468 3205 2689 3296 perire
2738 3206 3093 3296 periculis.

571 3297 879 3363 Servatae
928 3306 1093 3364 sunt
1138 3306 1361 3363 autem
1405 3293 1500 3363 ibi
1532 3293 1809 3363 eaedem
1860 3315 1966 3363 res
2012 3293 2080 3361 in
2127 3295 2590 3364 testimonium
2631 3308 2782 3385 post
2812 3293 3090 3378 futuriS,

566 3403 787 3469 usque
825 3381 909 3451 ad
963 3395 1269 3472 tempora
1316 3381 1621 3451 Othmari
1670 3381 2029 3451 Abbatis...

653 3474 689 3558 ξ
736 3475 901 3543 41).
959 3475 1137 3540 Haec
1184 3470 1269 3539 de
1315 3469 1793 3560 copiosissima
1840 3472 2064 3560 segete
2114 3470 2291 3540 beati
2339 3471 2514 3542 Galli
2566 3471 2888 3542 virtutum
2943 3493 3095 3542 me-

565 3560 821 3628 moriae
869 3558 1129 3628 horreis
1169 3580 1383 3649 grana
1433 3559 1634 3628 libuit
1681 3559 2165 3628 commendare
2198 3612 2219 3639 ,
2273 3573 2338 3629 et
2386 3561 2637 3632 nostris
2683 3574 2747 3630 et
2793 3560 3089 3630 aliorum

451 3681 490 3730 a
563 3648 874 3751 partibus
921 3646 1301 3737 profutura.
1369 3652 1692 3717 Poterunt
1748 3647 1915 3716 haec
1962 3647 2144 3716 enim
2198 3647 2580 3738 plurimum
2633 3648 3092 3739 diligentibus

503 3741 506 3746 “
554 3738 894 3826 justitiam
946 3736 1444 3806 aedificationis
1491 3734 1840 3805 conferre:
1892 3737 2055 3823 quia
2103 3749 2169 3805 et
2202 3757 2473 3806 morum
2517 3737 2935 3807 honestatem
2981 3738 3094 3807 in-

566 3825 863 3905 sinuant,
916 3837 981 3894 et
1026 3825 1111 3895 ad
1156 3824 1427 3895 laudem
1480 3825 1774 3903 Domini,
1826 3825 1988 3911 quia
2034 3825 2129 3894 ita
2177 3829 2460 3895 Sanctos
2507 3847 2669 3896 suos
2717 3823 3085 3917 glorificat,

568 3901 777 3994 devoti
829 3913 1098 3984 lectoris
1145 3914 1455 3983 animum
1509 3911 1611 3982 vel
1677 3913 2010 3983 auditoris
2059 3913 2518 3984 inflammant.
2593 3920 2941 3985 Caeterum
2991 3926 3093 3986 tot

568 4009 633 4067 et
663 4013 857 4086 ‘tanta
905 4015 1065 4073 sunt
1110 4002 1420 4092 ejusdem
1472 4002 1730 4072 sanctis
1777 4002 1993 4071 Patris
2028 4001 2385 4084 miracula,
2416 4014 2494 4072 ut
2528 4023 2651 4073 nec
2684 4025 2724 4072 a
2758 4003 3093 4073 studiosis

569 4087 1009 4187 scriptoribus
1059 4105 1334 4181 propter
1380 4091 1648 4181 copiam
1701 4091 1810 4160 sui
1858 4090 2125 4180 possint
2171 4091 2687 4181 comprehendi,
2744 4112 2866 4161 nec
2913 4112 2953 4160 a
2984 4089 3092 4159 fa-

567 4174 859 4254 stidiosis
908 4180 1273 4251 lectoribus
1321 4181 1468 4250 sine
1518 4178 1737 4249 taedio
1776 4190 1841 4248 et
1888 4179 2129 4269 rugata
2168 4177 2388 4249 fronte
2437 4180 2765 4269 percurri.
2804 4185 2893 4249 Ea
2929 4201 3091 4250 vero

567 4262 728 4333 huic
777 4270 957 4355 operi
1009 4281 1271 4338 tantum
1324 4269 1575 4338 inserta
1625 4280 1826 4348 sunt,
1881 4288 2057 4354 quae
2103 4280 2167 4337 et
2217 4269 2560 4338 veracium
2611 4270 2937 4338 relatione
2986 4283 3090 4336 te-

566 4353 773 4422 stium
811 4356 1146 4434 veritatem
1180 4357 1676 4437 custodiant‚et
1711 4356 2060 4425 moderata
2089 4356 2410 4426 brevitate
2445 4355 2730 4436 nullius,
2768 4358 3091 4444 quamvis

564 4441 767 4511 etiam
819 4437 1009 4526 utilia
1058 4446 1456 4516 nauseantis
1492 4500 1507 4528 ,
1579 4457 1874 4515 mentem
1928 4444 2299 4515 offendant.
2353 4447 2806 4517 obsecramus
2852 4445 3091 4533 itaque

1059 4707 1088 4758 ‘x

1097 4775 1122 4816 Χ
