3347 4999
271 311 446 377 OCT.
504 312 543 375 8
1155 324 1236 373 DE
1286 326 1341 374 s.
1395 328 1707 375 neumam
1756 330 1945 376 MART.
2603 313 2730 378 249

271 414 566 483 famain
618 434 857 482 omnes
896 425 1145 503 partes3
1195 425 1258 482 et
1311 412 1752 501 praedicabat
1799 414 2223 495 Trinitatem,
2282 437 2415 485 non
2453 416 2678 485 solum
2734 417 2818 487 iis

272 504 394 590 qui
443 515 637 571 erant
685 501 1231 582 Thessalonicae,
1285 513 1351 570 et
1398 501 1464 568 in
1520 503 1823 582 Graecia,
1880 501 1995 571 sed
2030 504 2233 574 etiam
2290 504 2690 594 longinquis
2735 505 2821 574 de

272 593 425 682 ipso
466 590 937 662 audientibus,
994 596 1158 660 Cum
1196 601 1424 660 autem
1470 589 1537 658 in
1597 613 1675 660 eo
1730 603 1930 672 esset,
1977 605 2040 659 et
2092 591 2412 681 pulcrum
2478 594 2651 663 illud
2703 593 2821 663 do·

273 681 536 751 ctrinae
585 681 921 749 fluentum
976 679 1440 769 profunderet,
1500 679 1898 750 veniuntad
1948 701 2104 748 eum
2156 679 2466 766 quidam,
2520 704 2816 768 quorum

272 792 534 839 munus
582 781 726 837 erat
776 770 1068 839 scrutari
1103 769 1547 849 Christianos,
1601 782 1665 838 et
1717 790 1837 858 per
1872 768 2147 837 illorum
2188 769 2644 858 proditionem
2683 771 2819 840 sibi

272 859 632 946 acquirere
684 858 1224 927 benevolentiam
1283 858 1750 945 Imperatoris,
1806 863 2042 944 ltaque
2109 858 2490 929 Demetrius
2559 880 2691 927 non
2747 861 2816 928 in

275 947 581 1038 angulis,
646 960 720 1016 ut
749 948 893 1038 jam
947 958 1103 1016 ante
1152 946 1736 1035 significavimus,
1798 968 2119 1016 exercens
2169 946 2768 1017 Christianismum
2799 1003 2815 1030 ,

270 1059 495 1124 neque
547 1049 927 1106 nocturnus
978 1036 1225 1105 Christi
1258 1035 1675 1126 discipulus,
1722 1037 1935 1104 immo
1985 1057 2138 1105 vero
2191 1036 2517 1125 magister
2579 1037 2821 1105 verita-

274 1128 387 1205 tis,
442 1139 506 1195 et
555 1140 786 1213 aperte
831 1125 1169 1196 confitens
1226 1125 1567 1215 pietatem,
1630 1126 1719 1194 ab
1767 1125 1865 1193 eis
1895 1123 2537 1213 comprehenditur,
2591 1140 2656 1194 et
2701 1126 2820 1194 de-

268 1214 618 1289 ferturad
670 1220 1156 1303 Imperatorem
1189 1269 1203 1294 ,
1271 1215 1454 1300 quod
1511 1227 1764 1284 teneret
1810 1212 2090 1299 quidem
2165 1214 2565 1302 opinionem
2620 1216 2817 1283 Chri-

270 1305 700 1382 stianorum,
758 1325 863 1372 res
926 1314 1155 1372 autem
1232 1302 1517 1373 deorum
1593 1316 1826 1392 aperte
1897 1302 2145 1372 rideret
2196 1317 2261 1371 et
2332 1304 2814 1373 subsannaret.

270 1393 730 1462 Maximianus
765 1406 993 1461 autem
1033 1406 1193 1461 tunc
1240 1405 1386 1461 erat
1435 1392 1982 1472 ThessalonIcae,
2031 1391 2153 1478 qui
2205 1413 2501 1482 magnus
2535 1392 2814 1477 quidem

271 1495 578 1552 evaserat
625 1503 705 1549 ex
738 1480 918 1550 bello
953 1494 1141 1570 gesto
1178 1480 1509 1552 adversus
1560 1486 1906 1551 Sarmatas
1939 1493 2006 1550 et
2055 1480 2366 1570 Scythas,
2427 1481 2644 1550 multo
2694 1505 2820 1551 au-

274 1584 407 1641 tem
463 1570 683 1670 magis
733 1570 1238 1661 agnoscebatur
1295 1592 1375 1638 ex
1425 1570 1865 1650 crudelitate,
1921 1591 2128 1657 quam
2176 1571 2529 1640 exercebat
2580 1570 2820 1639 adver-

272 1683 398 1731 sus
449 1681 621 1747 pios.
2781 1719 2788 1727 .

359 1751 395 1835 ξ
442 1753 533 1819 8.
589 1752 753 1816 Cum
801 1746 1106 1836 primum
1155 1768 1318 1836 ergo
1369 1746 1536 1815 haec
1604 1747 1939 1818 audiisset
1991 1752 2401 1837 Imperator,
2455 1748 2638 1817 varie
2687 1746 2818 1817 fuit

271 1838 581 1907 affectus.
639 1838 990 1926 Stupebat,
1030 1834 1325 1916 dolebat,
1384 1835 1687 1915 timebat,
1745 1836 2191 1907 irascebatur.
2254 1837 2618 1926 Stupebat,
2667 1859 2820 1925 pro-

270 1939 423 2015 pter
457 1925 820 1994 novitatem
857 1924 1010 2012 ejus
1040 1924 1223 2011 quod
1257 1921 1604 1994 audiebat.
1642 1924 1940 2006 Dolebat,
1982 1940 2257 2016 propter
2291 1926 2415 1995 viri
2447 1927 2814 2012 jacturam.

274 2015 603 2092 Timebat,
647 2035 730 2082 ne
777 2037 934 2083 cum
992 2014 1144 2083 talis
1177 2027 1376 2095 esset,
1432 2013 1604 2082 alios
1654 2014 1949 2084 traheret
1997 2015 2079 2083 ad
2134 2037 2332 2084 suam
2385 2014 2815 2104 religionem.

272 2103 751 2183 Irascebatur,
811 2102 993 2190 quod
1046 2102 1326 2173 honoris
1375 2103 1435 2170 ei
1485 2101 1691 2173 delati
1766 2104 2026 2172 nullam
2094 2102 2399 2173 duxisset
2456 2105 2813 2173 rationem.

275 2190 403 2261 Sed
446 2188 602 2260 cuni
656 2213 789 2260 non
826 2205 1053 2281 posset
1103 2191 1229 2260 soli
1262 2190 1538 2260 credere
1572 2191 1868 2272 auditui,
1915 2204 1990 2260 ut
2022 2193 2138 2278 qui
2193 2190 2369 2262 ferre
2418 2214 2551 2262 non
2595 2204 2820 2281 posset

274 2302 345 2351 se
399 2281 560 2348 tanti
596 2280 720 2348 viri
761 2279 981 2349 facere
1013 2280 1356 2366 jacturam
1399 2281 1592 2369 (nam
1634 2281 1815 2367 quod
1858 2302 1989 2349 non
2028 2280 2174 2349 vult
2222 2282 2501 2368 aliquiS,
2559 2303 2681 2350 nec
2718 2279 2820 2349 fa-

271 2369 402 2437 cile
436 2382 651 2458 potest
699 2369 1028 2458 credere),
1063 2369 1277 2439 voluit
1314 2371 1518 2437 etiam
1562 2369 1802 2439 oculos
1828 2391 2182 2439 assumere
2216 2383 2418 2440 testes
2454 2370 2606 2458 ejus
2632 2368 2817 2457 quod

272 2457 495 2527 fuerat
542 2457 885 2528 auditum.
922 2459 1129 2528 Jubet
1174 2480 1337 2549 ergo
1376 2458 1596 2527 virum
1634 2460 1720 2528 ad
1772 2481 1843 2528 se
1876 2457 2156 2529 adduci.
2193 2464 2260 2529 Is
2308 2473 2533 2529 autem
2586 2480 2817 2529 coram

271 2549 710 2627 constitutus,
767 2570 903 2616 non
955 2548 1271 2616 extimuit
1324 2548 1595 2637 imperii
1646 2548 2230 2649 magnitudinem,
2292 2571 2424 2618 non
2479 2562 2580 2618 est
2632 2550 2819 2617 reve-

269 2637 445 2707 ritus
492 2660 569 2706 ea
605 2658 781 2723 quae
818 2638 1413 2726 exspectabantur,
1487 2638 1832 2727 supplicia
1866 2693 1880 2715 ,
1939 2657 2071 2706 non
2117 2637 2380 2723 judicis
2429 2636 2820 2706 formidavit

270 2726 666 2795 saevitiam:
715 2725 831 2794 sed
886 2725 1063 2795 hanc
1113 2725 1587 2795 crudelitatem
1640 2727 1756 2795 ille
1791 2740 1978 2797 ratus
2011 2748 2161 2796 esse
2210 2727 2564 2796 materiam
2619 2747 2818 2814 aper-

271 2814 405 2885 tius
430 2814 835 2884 ostendendi
869 2837 1075 2883 suum
1113 2815 1183 2882 in
1228 2815 1571 2883 Christum
1610 2837 1939 2895 amorem,
1979 2829 2328 2901 tamquam
2367 2815 2470 2884 leo
2506 2814 2820 2904 protinus

268 2904 559 2973 accessit
607 2903 692 2972 ad
743 2918 1087 2973 certamen
1125 2957 1140 2983 ,
1195 2925 1329 2972 non
1385 2903 1682 2973 molliter
1743 2920 1861 2974 aut
1919 2904 2306 2990 effeminate
2372 2903 2811 2992 adspiciens,

264 3014 488 3079 neque
538 2993 796 3081 abjecte
830 2991 1090 3078 aliquid
1129 2992 1404 3072 dicens;
1462 2992 1578 3061 sed
1638 2995 1787 3063 suis
1838 2993 2067 3082 potius
2115 2993 2338 3063 verbis
2395 2994 2820 3062 confirmans

264 3103 343 3150 ea
384 3103 561 3167 quae
614 3081 806 3169 prius
855 3087 1217 3171 Tyrannus
1265 3081 1350 3149 de
1389 3102 1467 3150 eo
1515 3082 1870 3152 audierat:
1923 3079 2105 3167 quod
2158 3093 2337 3150 esset
2370 3082 2649 3168 quidem
2687 3081 2817 3149 mi-

267 3169 366 3239 les
417 3169 689 3246 Christi,
734 3181 797 3238 et
826 3171 976 3259 ejus
1024 3169 1242 3239 solius
1276 3169 1616 3252 adorator;
1662 3170 1846 3258 quod
1886 3181 2149 3239 tantum
2195 3172 2488 3251 abesset,
2523 3184 2600 3240 ut
2626 3169 2814 3250 deos,

270 3254 393 3345 qui
429 3259 620 3327 abeo
647 3258 1057 3329 dicebantur
1082 3272 1145 3328 et
1176 3258 1602 3338 colebantur,
1648 3260 2032 3338 honoraret,
2076 3272 2150 3330 ut
2183 3281 2299 3329 eos
2333 3259 2536 3330 etiam
2589 3270 2820 3349 aperte

264 3347 584 3416 irrideret
631 3360 696 3415 et
735 3348 1276 3427 abominaretur;
1329 3346 1652 3434 quodque
1700 3359 2075 3428 tormenta,
2130 3370 2308 3434 quae
2356 3348 2472 3417 ille
2525 3348 2821 3417 minare-

263 3450 400 3516 tur,
458 3449 620 3505 tunc
654 3436 791 3525 pati
826 3459 1027 3526 aegre
1060 3435 1286 3517 ferret,
1331 3437 1609 3524 quando
1638 3435 1884 3505 viderit
1920 3449 2204 3506 tortores
2230 3449 2350 3507 aut
2376 3438 2813 3519 clementiuS,
2891 3495 2900 3504 .

264 3539 383 3594 aut
421 3525 697 3614 parcius
746 3525 997 3594 inferre
1023 3580 1038 3606 ,
1092 3548 1301 3613 quam
1355 3525 1819 3595 desideraret:
1858 3547 1894 3591 «
1930 3530 2238 3596 Honores
2271 3538 2498 3595 autem
2539 3527 2660 3606 tui,
2719 3528 2816 3596 in-

264 3616 434 3706 quit,
489 3636 528 3683 o
561 3620 721 3695 Rex,
775 3629 839 3684 et
870 3616 1075 3694 bona,
1117 3637 1293 3701 quae
1332 3613 1457 3683 das
1495 3614 1577 3683 iis
1624 3614 1747 3700 qui
1800 3613 1921 3683 tibi
1975 3628 2235 3703 parent,
2273 3614 2625 3705 quomodo
2656 3636 2815 3683 eum

264 3702 646 3783 allexerint,
700 3704 820 3788 qui
872 3704 969 3773 tui
1025 3703 1296 3793 imperii
1345 3703 1757 3772 invidiosam
1800 3725 2152 3784 coronam,
2190 3703 2359 3772 illud
2414 3704 2670 3793 ipsum,
2717 3703 2819 3772 in-

262 3814 498 3879 quam,
546 3792 912 3880 imperium
963 3814 1120 3861 cum
1165 3792 1417 3882 opibus
1463 3804 1528 3861 et
1578 3792 1942 3873 thesauris,
1985 3814 2200 3880 aeque
2240 3815 2318 3861 ac
2362 3802 2631 3861 tenuem
2665 3790 2818 3882 pul-

264 3903 488 3950 verem
534 3880 827 3968 despicit
874 3894 937 3949 et
988 3880 1191 3949 habet
1249 3881 1726 3968 contemptui?
1773 3881 1964 3964 Quod
2017 3883 2076 3952 si
2142 3881 2345 3951 etiam
2410 3880 2582 3949 mihi
2635 3902 2818 3951 mor-

270 3985 399 4038 tem
437 3969 777 4048 intuleriS,
838 3982 1001 4038 tunc
1044 3970 1223 4038 scias
1266 3981 1326 4037 te
1377 3969 1548 4037 mihi
1588 3969 1835 4051 facere,
1873 3972 2057 4057 quod
2108 3982 2209 4039 est
2242 3969 2539 4039 maxime
2570 3981 2817 4059 optan-

270 4057 463 4134 dum,
505 4072 579 4127 ut
627 4057 746 4143 qui
796 4059 880 4126 ad
932 4079 1159 4125 veram
1205 4058 1437 4138 vitam,
1483 4059 1656 4128 etad
1697 4059 2043 4129 Christum
2097 4058 2548 4139 transmitta5‚
2606 4080 2814 4145 quem

274 4149 516 4237 magiS,
556 4169 764 4233 quam
818 4147 1066 4237 ipsam,
1112 4145 1452 4216 desidero.
1486 4170 1521 4214 »

355 4238 390 4321 ξ
439 4242 522 4307 4.
577 4241 754 4305 Haec
797 4248 1157 4326 postquam
1196 4235 1458 4305 audivit
1494 4237 1973 4316 Maximianus,
2018 4258 2195 4323 quae
2237 4235 2499 4325 ingenti
2534 4235 2808 4325 spiritu,

266 4345 675 4409 summaque
716 4325 1125 4404 constantia,
1158 4338 1222 4394 et
1255 4325 1553 4394 maxima
1587 4325 1894 4394 libertate
1928 4325 2107 4394 dicta
2146 4324 2436 4406 fuerant,
2472 4338 2632 4394 tunc
2666 4325 2817 4411 qui-

268 4410 420 4478 dem
460 4413 685 4483 diflert
727 4428 1165 4494 tormentum,
1206 4413 1455 4483 callide
1512 4414 1575 4483 id
1637 4414 1865 4504 potius
1899 4414 2179 4495 faciens,
2227 4436 2436 4501 quam
2492 4413 2811 4502 benigne.
