3347 4999
630 306 759 371 4⁴2
1200 326 1279 371 na
1326 325 1382 372 s.
1436 324 1737 374 nommco
1786 325 2086 374 romono
2134 328 2407 374 annum
2767 309 2937 377 OCT.
2996 313 3076 379 44

543 406 893 478 informati
940 413 1107 480 Jesu
1139 408 1387 478 Christi
1440 411 1708 480 Domini
1743 411 2000 481 nostri:
2050 411 2256 499 cujus
2287 409 2666 481 divinitatis
2714 414 3079 484 aeternitas

541 519 701 567 cum
753 509 1109 566 coaeterno
1144 502 1272 567 Deo
1305 503 1518 579 Patre,
1558 505 1941 587 Sancteque
1986 502 2351 571 amborum
2392 514 2750 570 coaeterno
2786 502 3071 591 Spiritu,

543 600 773 656 manet
831 585 1200 655 ineffabilis
1247 599 1312 656 et
1357 589 1588 669 unica,
1670 602 1826 657 ante
1872 588 2106 658 omnia
2151 602 2218 659 et
2267 610 2386 678 per
2430 589 2666 659 omnia
2714 603 3067 680 tempora:

544 676 719 766 regit
763 675 966 744 etiam
1008 688 1074 745 et
1111 674 1452 765 gubernat
1502 676 1570 745 in
1621 676 1893 747 infinita
1942 678 2333 748 seculorum
2382 678 2637 759 secula,
2676 683 2909 749 Amen.

1007 1043 1236 1143 VlTA
1313 1043 1533 1143 VEN.
1608 1040 2061 1143 DOM1N1ffl
2146 1043 2608 1144 LORlCATl

741 1282 878 1329 Pltn
925 1282 1219 1330 PETnuu
1267 1282 1586 1331 nAtuANl
1633 1281 1725 1329 An
1773 1280 2279 1329 ALEXANnnmt
2326 1282 2431 1329 Pr.
2484 1260 2518 1295 ῃ
2565 1280 2883 1331 SCRIPTA

1160 1458 1479 1516 Mortuus
1521 1461 1628 1516 est.
1668 1473 1848 1516 anno
1888 1460 2061 1515 1060
2089 1489 2167 1499 —
2207 1459 2451 1515 Italus.

625 1669 662 1753 ξ
708 1673 783 1739 1.
838 1671 1029 1746 Ecce,
1083 1666 1516 1736 sanctissime
1562 1671 1801 1745 Pater,
1854 1665 2020 1736 dum
2084 1665 2470 1755 Epistolae‚
2536 1667 2606 1735 in
2656 1688 2794 1754 qua
2862 1665 3076 1738 vitam

538 1754 891 1845 Rodulphi
928 1754 998 1791 ⁴*
1030 1755 1548 1844 descripsimus),
1603 1753 1909 1854 ger-uim,
1951 1754 2073 1841 qui
2106 1754 2191 1823 ad
2241 1776 2358 1824 vos
2396 1756 2645 1835 veniat,
2686 1756 3071 1841 quaeritur,

536 1855 601 1913 et
638 1864 772 1911 non
810 1843 1153 1932 suppetit:
1213 1856 1490 1932 repente
1536 1842 1767 1924 ahud,
1819 1842 2001 1930 quod
2051 1843 2339 1913 uberius
2386 1843 2470 1912 ad
2526 1844 3079 1913 aedificationem

536 1933 867 2022 proficere
906 1931 1146 2013 valeat,
1198 1932 1258 2000 si
1298 1932 1664 2011 scribatur,
1729 1932 2050 2001 occurrit.
2105 1937 2182 2000 Et
2229 1931 2536 2002 fortassis
2582 1932 2669 2001 ob
2722 1933 2847 2001 hoc
2896 1955 3082 2002 nun-

534 2021 685 2091 cius
733 2019 905 2089 mihi
939 2042 1018 2089 su
1116 2022 1241 2089 rna
1288 2019 1735 2110 dispositione
1784 2019 2232 2100 subtrahitur,
2290 2034 2366 2090 ut
2410 2021 2684 2089 interim
2718 2033 3077 2091 vacantem

537 2130 649 2179 me
696 2108 916 2197 stylus
963 2130 998 2177 a
1099 2108 1290 2177 aliud
1339 2108 1741 2189 transferat„
1779 2110 1894 2176 Vir
1940 2109 2168 2195 itaque
2217 2108 2332 2177 Dei
2389 2109 2826 2190 DominicuS‚
2882 2122 3081 2199 pater

534 2209 601 2267 et
632 2197 959 2267 dominus
1007 2218 1227 2277 meuS,
1284 2209 1439 2266 ante
1484 2218 1746 2266 annum
1799 2196 2171 2266 defunctus
2199 2209 2337 2265 est:
2372 2197 2575 2287 cujus
2623 2198 2756 2266 vita
2806 2198 2863 2267 si
2896 2198 3075 2268 scri-

536 2286 762 2364 batur,
817 2306 1049 2355 vereor
1097 2307 1181 2355 ne
1228 2284 1537 2355 fortassis
1583 2306 1623 2353 a
1655 2285 2075 2371 quibusdam
2124 2284 2451 2355 fratribus
2500 2286 2930 2356 incredibilis
2957 2287 3079 2374 ju-

536 2373 828 2442 dicetur.
881 2373 1007 2443 Sed
1058 2374 1301 2443 absita
1336 2395 1444 2443 me
1484 2373 1921 2443 mendacium
1973 2374 2293 2443 scribere.
2335 2379 2502 2444 Nam
2551 2374 2673 2461 qui
2721 2374 3077 2445 veritatem

532 2482 659 2553 pro
705 2461 966 2534 viribus
1024 2462 1350 2533 veraciter
1415 2461 1588 2544 0010,
1641 2475 2107 2532 commentum
2179 2460 2490 2533 fallaciae
2561 2484 2693 2533 non
2755 2462 3075 2535 admitto.

533 2557 765 2637 Neque
808 2551 990 2621 enim
1043 2552 1215 2621 illud
1268 2572 1394 2621 nos
1458 2551 1618 2621 latet
1664 2551 2000 2642 Apostoli,
2053 2551 2174 2638 qui
2222 2574 2378 2621 cum
2433 2552 2932 2641 praemisisset:
2993 2555 3081 2624 Si

537 2642 841 2712 Christus
885 2662 1016 2709 non
1052 2641 1450 2720 resurr-emit,
1487 2643 1712 2709 inam&
1757 2651 1854 2708 est
1882 2663 2039 2730 erqo
2090 2641 2513 2730 praedicatio
2548 2652 2801 2721 nostra,
2845 2644 3080 2711 inanis

534 2741 629 2799 est
667 2728 729 2797 et
759 2731 923 2818 fides
960 2740 1233 2798 vestra:
1296 2729 1523 2797 statim
1585 2729 1978 2818 subjunxit:
2033 2731 2422 2798 Invenimur
2481 2741 2707 2799 autem
2777 2741 2841 2798 et
2903 2733 3084 2819 falsi

533 2829 726 2887 testes
763 2820 904 2898 Dei,
943 2820 1262 2907 quoniam
1309 2818 1757 2886 testimonium
1796 2818 2100 2886 dakm'mus
2138 2818 2459 2887 adversus
2503 2823 2735 2899 Deum,
2783 2819 2905 2907 qui
2959 2841 3081 2887 su-

531 2908 874 2977 scitaverit
907 2908 1245 2977 Christum
1269 2960 1284 2986 ,
1338 2928 1535 2996 quem
1563 2928 1695 2974 non
1725 2907 2098 2986 suscitavit,
2142 2908 2206 2974 si
2245 2909 2499 2975 mortui
2539 2929 2670 2976 non
2709 2918 3078 2996 resurqunt

528 2995 624 3085 (l.
681 3000 828 3066 Cor.
870 2994 1001 3084 xv).
1055 3000 1129 3063 In
1170 2994 1430 3082 quibus
1475 2993 1899 3083 Apostolicae
1945 2994 2318 3064 sententiae
2359 2994 2630 3075 verbiS,
2685 3007 2762 3065 ut
2805 2994 3079 3065 diutius

531 3106 667 3153 non
719 3085 1193 3164 immoremur,
1241 3083 1308 3151 in
1368 3095 1696 3172 promptu
1747 3082 1957 3151 lector
2016 3082 2377 3172 intelligit,
2429 3084 2757 3170 quoniam
2856 3083 2925 3151 ui
2967 3083 3075 3153 vel

529 3173 647 3242 Dei
688 3192 958 3240 servum
1002 3171 1319 3241 mirabile
1363 3171 1531 3258 quid
1581 3170 1824 3241 fecisse
1869 3171 2202 3262 confingit
2231 3226 2246 3253 ,
2300 3192 2434 3240 non
2491 3171 2692 3241 modo
2760 3170 2827 3240 fa
2878 3170 3078 3242 ricati

532 3260 876 3329 mendacii
927 3261 1310 3349 praemium
1378 3281 1512 3329 non
1576 3272 1879 3329 meretur
1910 3314 1925 3341 ,
1994 3281 2227 3329 verum
2277 3260 2481 3330 etiam
2512 3259 2864 3335 *adversus
2909 3282 3075 3330 eum

528 3369 734 3436 quem
774 3347 1189 3428 laudaverat,
1226 3346 1479 3422 falsum
1532 3348 1999 3419 testimonium
2053 3348 2420 3438 protulisse
2468 3348 2922 3418 convincitur.

617 3439 654 3524 ξ
704 3440 793 3508 2.
847 3437 1246 3506 Dominicus
1277 3438 1506 3524 itaque
1551 3459 1711 3507 cum
1745 3450 1922 3506 esset
1970 3436 2039 3505 in
2071 3437 2302 3507 seculo
2341 3435 2656 3518 clericus,
2694 3437 2860 3525 quia
2909 3449 3075 3506 tunc

531 3524 920 3594 Simoniaca
959 3525 1228 3615 vigebat
1278 3525 1603 3608 haeresis,
1655 3547 1833 3613 quae
1879 3537 1945 3595 et
1993 3547 2178 3596 nunc
2225 3526 2491 3595 utinam
2541 3547 2826 3616 prorsus
2892 3536 3076 3595 esset

530 3613 865 3682 extinctal
917 3624 992 3682 ut
1035 3613 1385 3703 presbyter
1415 3614 1627 3695 fleret,
1681 3636 1723 3683 a
1768 3615 2169 3705 parentibus
2200 3614 2346 3703 ejus
2391 3613 2549 3683 data
2587 3626 2690 3684 est
2735 3613 3075 3703 Episcopo

526 3700 837 3771 hircinae
868 3701 1070 3792 pellis
1108 3702 1294 3772 aluta
1313 3702 1440 3771 m,
1486 3702 1614 3772 Sed
1647 3703 1837 3789 quia,
1875 3704 2053 3772 sicut
2083 3704 2181 3772 ait
2210 3702 2595 3792 Apostolus,
2633 3704 3076 3792 diliqentibus

526 3795 738 3859 Deum
772 3792 1001 3861 omnia
1032 3801 1474 3882 cooperantur
1505 3793 1578 3860 in
1606 3792 1846 3861 bonum
1889 3791 2103 3882 (Rom.
2136 3792 2305 3881 v111);
2341 3791 2508 3861 haec
2546 3813 2688 3861 una
2724 3791 2902 3861 beati
2931 3791 3075 3860 Viri

529 3878 760 3969 culpa,
817 3879 1192 3949 multorum
1229 3892 1381 3970 post
1428 3879 1768 3949 honorum
1819 3881 2147 3970 probatur
2193 3880 2492 3950 extitisse
2541 3880 2847 3950 materia.
2897 3884 3069 3949 Nam

527 3966 660 4035 hoc
701 3990 948 4057 pavore
996 3969 1420 4058 perterritus,
1473 3969 1885 4058 contempsit
1931 3969 2282 4049 seculum,
2339 3968 2566 4038 induit
2612 3967 3064 4048 monachum,

528 4055 966 4144 arduumque
1016 4078 1169 4127 mox
1216 4057 1604 4127 eremiticae
1653 4058 1829 4127 vitae
1876 4069 2225 4145 tamquam
2286 4057 2575 4128 bellator
2634 4056 3064 4146 intrepidus,

527 4143 823 4234 arripuit
889 4145 1304 4217 institutum.
1359 4145 1487 4215 Sed
1534 4146 1701 4234 quia
1754 4146 1935 4216 male
1995 4158 2347 4236 promotus
2406 4158 2530 4228 est,
2604 4144 2821 4216 donec
2872 4145 3061 4226 vixit,

581 4288 608 4315 Φ
639 4288 794 4337 Hujus
825 4287 1028 4329 nominis
1050 4292 1298 4332 secundus.
1336 4290 1443 4331 Vita
1476 4300 1618 4341 porro
1649 4291 1766 4332 haec
1798 4292 1848 4332 tn
1879 4292 2090 4342 Epistola
2121 4301 2207 4332 xix
2226 4320 2237 4339 .
2266 4293 2376 4333 libri
2409 4302 2422 4332 ι
2453 4293 2749 4343 Epistolarum
2770 4291 2812 4332 8.
2835 4291 2962 4332 Petri
2980 4290 3070 4332 D·-

520 4342 1835 4449 mit-⁶⁰{gfflcfffipssangssffissiliiaesfflfflzwntnbermm
1856 4355 1909 4386 ιο
1929 4346 2154 4396 magister
2175 4344 2438 4397 animumn
2455 4343 2562 4393 ruit,
2579 4345 2863 4387 continetur.

575 4448 655 4475 θ’*
684 4449 907 4500 Intelltge
924 4445 1153 4490 hircinum
1171 4427 1346 4500 pelium
1365 4427 1572 4500 pretione
1592 4451 1734 4501 atque
1754 4450 1923 4492 affabre
1942 4452 2215 4493 contectam.
