3347 4999
217 341 400 408 OCT.
453 342 539 407 29
988 360 1066 406 ns
1110 359 1166 406 s,
1219 356 1525 407 mactsso
1572 359 1673 405 nr.
1725 357 2015 407 mnosot.
2557 343 2685 408 743

215 443 603 532 cupiditate
653 443 825 513 vitae
875 444 941 512 in
995 443 1373 533 sapientiae
1422 464 1502 513 ac
1551 444 1824 514 virtutis
1871 443 2101 514 studio
2143 443 2519 536 degendae,
2557 467 2769 533 quam

203 532 488 622 jamdiu
539 545 932 621 optaverat,
986 532 1075 602 ab
1139 532 1364 602 oculis
1431 532 1790 603 universae
1855 531 2325 603 multitudinis
2373 557 2446 603 se
2497 535 2774 624 penitus

228 621 536 702 removit,
580 634 645 690 et
685 622 751 690 in
806 620 1187 691 solitudine
1227 620 1532 707 locisque
1564 620 1852 689 desertis
1881 620 1966 689 ad
2012 621 2390 692 multorum
2426 644 2773 693 annorum

224 710 525 811 spatium
577 711 784 778 vitam
832 708 1183 800 transegit.
1228 714 1476 778 Verum
1515 708 1841 778 sublimis
1873 708 1989 779 ille
2021 709 2295 780 divinae
2321 710 2634 800 justitiae
2667 711 2770 782 ul·

224 799 571 887 tionisque
616 798 922 879 obtutus,
981 797 1090 867 his
1129 797 1508 867 sceleribus
1559 798 1866 887 patratiS,
1912 798 2197 869 minime
2231 800 2609 887 acquievit:
2651 800 2770 872 sed

272 888 792 957 uamcelerrime
835 886 1083 977 impios
1131 885 1285 957 illos
1333 897 1399 956 et
1438 907 1736 973 nequam
1780 886 2119 969 liomineS,
2209 889 2277 957 ui
2326 888 2506 958 inter
2526 889 2771 978 juran-

215 910 392 1046 dum
447 990 580 1045 tam
633 975 805 1046 diris
849 975 1400 1045 execrationibus
1448 997 1522 1045 se
1568 988 1807 1045 contra
1840 976 2104 1067 seipsos
2136 999 2176 1046 o
2229 977 2583 1069 ligassent,
2614 999 2769 1068 gra-

224 1065 425 1136 vibus
472 1062 985 1135 calamitatibus
1033 1064 1397 1219 oppressit.

312 1156 349 1240 §
396 1158 479 1226 4.
540 1154 815 1223 Primus
861 1153 1072 1242 igitur
1113 1153 1131 1221 i
1166 1152 1417 1232 lorum,
1473 1150 1771 1222 scintilla
1839 1154 2205 1244 perexigua
2264 1168 2471 1224 noctu
2529 1155 2597 1223 in
2655 1176 2770 1224 ae-

214 1242 367 1322 deS,
405 1241 663 1328 quibus
696 1242 1147 1320 inhabitabat,
1203 1264 1281 1311 ex
1326 1241 1518 1310 nulla
1558 1264 1762 1312 causa
1802 1255 2193 1333 antegressa
2232 1243 2461 1313 subito
2500 1255 2759 1326 ruente,

224 1331 472 1400 misere
518 1353 676 1400 cum
737 1343 873 1400 tota
922 1329 1184 1399 familia
1241 1343 1302 1399 et
1345 1330 1556 1421 stirpe
1585 1352 1711 1400 sua
1749 1329 1990 1419 rapido
2038 1331 2478 1401 flammarum
2522 1333 2767 1402 ardore

213 1420 508 1489 omnino
554 1419 1027 1510 conflagravit.
1096 1419 1387 1489 Alterius
1446 1441 1702 1509 corpus
1754 1418 1990 1489 eodem
2045 1420 2305 1502 morbo,
2368 1442 2574 1508 quam
2636 1421 2768 1493 sibi

221 1523 576 1595 tamquam
629 1508 958 1578 mulctam
1001 1507 1144 1577 fore
1191 1509 1610 1598 imprecatus
1650 1520 1850 1587 esset,
1892 1510 1991 1600 ab„
2011 1509 2332 1579 extremis
2369 1509 2621 1598 pedum
2659 1510 2765 1579 di·

221 1596 388 1688 gitis
413 1595 496 1665 ad
520 1610 727 1687 caput
756 1618 978 1684 usque
1011 1594 1366 1678 infectum,
1397 1595 1775 1666 contabuit.
1810 1598 2075 1667 Tertius
2106 1618 2557 1668 aerumnosos
2589 1599 2769 1690 prio·

223 1707 376 1756 rum
427 1701 708 1756 eventus
760 1685 1179 1775 adspiciens,
1240 1700 1306 1754 et
1341 1686 1478 1767 Dei,
1581 1685 1653 1755 ui
1697 1685 1919 1755 oculis
1958 1686 2193 1756 omnia
2243 1687 2573 1767 intuetur,
2620 1688 2762 1757 ine-

219 1773 570 1844 vitabilem
623 1773 954 1844 ultionem
1012 1774 1390 1844 admodum
1461 1796 1530 1843 re
1562 1773 1961 1856 ormidans,
2026 1773 2249 1865 palam
2303 1775 2483 1845 inter
2527 1797 2768 1846 omnes

225 1862 588 1945 maleficia,
657 1863 1118 1933 communiter
1176 1885 1217 1932 a
1280 1885 1350 1933 se
1399 1862 1684 1949 suisque
1736 1863 1943 1934 sociis
1996 1885 2113 1955 per
2161 1863 2475 1933 fraudem
2526 1877 2767 1934 contra

217 1952 617 2023 Narcissum
667 1951 997 2033 admissa,
1041 1951 1400 2022 confessus
1432 1962 1573 2021 est:
1628 1949 1745 2021 sed
1811 1965 2035 2022 tamen
2085 1951 2252 2021 dum
2333 1974 2454 2043 pro
2518 1951 2767 2022 delicto

221 2040 630 2132 gravissime
677 2038 1225 2122 condolescebat,
1263 2040 1471 2109 tantis
1500 2053 1566 2110 et
1615 2052 1753 2109 tam
1795 2040 2064 2110 acerbis
2098 2039 2417 2111 lamentis
2479 2063 2552 2112 se
2598 2042 2767 2112 affli-

217 2130 453 2209 mavit,
504 2142 571 2198 et
620 2150 841 2215 usque
875 2151 954 2199 eo
979 2129 1324 2219 lacrymas
1358 2128 1712 2198 effundere
1747 2151 1880 2199 non
1917 2128 2197 2210 destitit,
2235 2129 2456 2216 quoad
2495 2143 2767 2201 utrum-

220 2240 356 2306 que
381 2218 659 2288 oculum
697 2217 828 2288 sibi
868 2219 1139 2308 penitus
1176 2216 1593 2289 extinxisset.
1630 2220 1844 2305 Atque
1883 2217 1952 2287 hi
1987 2239 2108 2308 pro
2141 2240 2218 2287 ea
2253 2219 2760 2302 criminatione,

219 2306 396 2377 falso
444 2318 680 2377 contra
730 2307 1125 2376 Narcissum
1176 2306 1492 2388 conficta,
1548 2304 1717 2376 tales
1761 2328 2014 2395 poenas
2058 2306 2554 2398 persolverunt.

311 2398 349 2483 ξ
395 2402 480 2468 ὅ.
552 2395 678 2465 Ubi
723 2396 1086 2465 Narcissus
1138 2416 1211 2465 se
1260 2395 1327 2464 in
1382 2394 1609 2465 locum
1661 2394 2005 2472 desertum
2058 2394 2547 2479 subduxisset,
2618 2409 2683 2466 et
2728 2419 2770 2467 a

223 2485 502 2555 nemine
550 2496 729 2555 esset
786 2506 908 2586 pro
956 2496 1140 2555 certo
1187 2483 1566 2576 cognitum,
1606 2506 1744 2572 quo
1791 2507 1863 2557 se
1911 2485 2302 2577 recepisset,
2372 2485 2479 2556 his
2517 2485 2638 2575 qui
2686 2485 2768 2556 fi-

223 2574 491 2644 nitimis
532 2573 853 2643 Ecclesits
904 2586 1288 2664 praeerant,
1362 2573 1585 2644 visum
1628 2573 1807 2656 fuit,
1863 2586 1939 2643 ut
1985 2574 2276 2645 alterum
2348 2576 2766 2665 Episcopum

216 2663 580 2754 suffragiis
627 2675 960 2733 crearent.
1003 2662 1166 2733 Dius
1200 2662 1413 2753 igitur
1448 2661 1623 2753 (hoc
1676 2663 1860 2732 enim
1920 2663 2196 2733 nomine
2232 2663 2407 2752 erat)
2461 2662 2767 2733 delectus

214 2752 509 2837 est;cui
558 2774 690 2822 non
746 2752 951 2842 longo
1001 2763 1307 2842 tempore
1347 2750 1722 2822 Ecclesiam
1774 2751 2191 2842 gubernanti
2240 2752 2573 2821 successit
2603 2755 2767 2822 Ger-

221 2841 552 2911 manion:
605 2860 742 2928 quo
790 2854 1083 2922 mortuo,
1143 2840 1439 2910 Gordius
1483 2840 1971 2930 Episcopatum
2024 2840 2306 2910 obtinet.
2347 2839 2560 2928 Cujus
2596 2853 2769 2910 tem-

219 2930 510 3021 poribus
541 2929 931 3008 Narcissus,
975 2942 1324 3017 tamquam
1353 2952 1434 2999 ex
1467 2928 1760 2999 mortuis
1784 2927 1867 2997 ad
1907 2927 2111 2998 vitam
2148 2928 2378 2998 denuo
2412 2940 2768 2998 revocatus

219 3040 264 3088 a
302 3018 633 3090 fratribus
677 3018 970 3109 (quippe
1001 3041 1242 3088 omnes
1289 3018 1447 3088 illos
1481 3017 1831 3107 deincepS,
1878 3029 2020 3087 tum
2065 3016 2247 3103 quod
2302 3028 2440 3085 tam
2499 3016 2768 3106 placido

218 3129 302 3177 ac
349 3108 579 3194 quieto
626 3108 863 3177 animo
911 3107 1084 3179 falso
1138 3120 1505 3178 accusatus
1543 3106 1950 3187 decesserat,
2006 3117 2150 3175 tum
2194 3105 2375 3194 quod
2423 3106 2768 3196 singulari

213 3196 493 3267 divinae
526 3196 901 3286 sapientiae
948 3209 1014 3265 et
1065 3196 1332 3265 virtutis
1376 3217 1609 3266 amore
1659 3194 2020 3286 flagrabat,
2060 3208 2204 3264 tum
2293 3206 2589 3263 raeterea
2623 3216 2767 3264 om-

223 3285 415 3353 nium
471 3285 789 3365 maxime,
842 3285 1027 3372 quod
1073 3289 1250 3354 Deus
1297 3283 1382 3352 de
1414 3284 1566 3374 ejus
1599 3283 2121 3354 accusatoribus
2153 3217 2384 3353 debita
2422 3282 2772 3374 supplicia

215 3393 496 3443 sumere
554 3372 883 3463 dignatus
933 3385 1057 3453 est,
1096 3373 1165 3441 in
1205 3373 1531 3462 majorem
1569 3373 1678 3443 sui
1718 3371 2245 3442 admirationem
2293 3373 2653 3462 rapiebat),
2692 3384 2770 3442 ut

220 3459 561 3530 Ecclesiae
608 3461 1082 3550 gubernacula
1127 3460 1355 3531 denuo
1401 3460 1802 3550 susciperet,
1838 3462 2273 3530 vehementer
2305 3474 2583 3552 rogatus
2632 3473 2758 3531 est.

217 3555 298 3620 Et
343 3570 506 3617 cum
554 3550 913 3621 Narcissus
948 3571 1081 3620 non
1117 3549 1424 3639 amplius
1469 3562 1745 3640 propter
1794 3550 2384 3640 ingravescentem
2417 3562 2705 3620 aetatem
2734 3549 2770 3584 ⁴*

219 3637 601 3708 ministerio
635 3658 945 3728 praeesse
982 3650 1231 3728 posset,
1269 3638 1666 3719 Alexander,
1700 3638 1785 3707 de
1823 3660 1961 3725 quo
1992 3659 2207 3728 supra
2240 3637 2452 3708 locuti
2488 3660 2760 3718 sumus,

211 3726 503 3819 alterius
543 3726 881 3797 Ecclesiae
914 3727 1317 3818 Episcopus,
1352 3726 1591 3796 divina
1646 3727 2073 3817 providentia
2106 3749 2225 3817 per
2256 3727 2763 3803 revelationem,

209 3837 396 3905 quae
448 3827 654 3885 noctu
693 3816 829 3906 ipsi
876 3816 1261 3888 secundum
1306 3815 1604 3904 quietem
1642 3816 2102 3907 apparuisset,
2144 3828 2219 3889 ut
2249 3836 2408 3885 cum
2451 3815 2768 3886 Narcisso

217 3908 289 3975 in
345 3905 726 3975 ministerio
774 3905 1114 3976 Ecclesiae
1173 3903 1529 3995 fungendo
1584 3909 2146 3994 conjungeretur,
2209 3905 2586 3975 accersitus
2638 3916 2766 3974 est.

221 3993 411 4064 Unde
442 3993 931 4074 Alexandrum,
969 4018 1131 4065 cum
1172 4007 1525 4081 tamquam
1558 3993 1794 4063 divino
1826 3992 2127 4079 quodam
2164 3991 2445 4063 oraculo
2485 4014 2564 4062 ex
2602 3997 2772 4084 Cap-

219 4082 561 4173 padocum
615 4104 684 4152 re
738 4082 913 4163 ione,
967 4084 1088 4154 ubi
1141 4084 1446 4174 primum
1498 4084 1567 4153 in
1619 4088 1665 4152 E
1723 4082 2071 4171 iscopatus
2120 4082 2344 4173 gradu
2395 4080 2640 4151 fuisset
2672 4080 2771 4152 lo·

216 4184 413 4241 catus
455 4173 700 4242 Jeroso
727 4194 962 4274 ymam
1031 4186 1177 4243 tum
1231 4173 1413 4251 voti,
1469 4183 1614 4242 tum
1693 4191 1974 4240 ocorum
2044 4170 2489 4241 visendorum
2555 4173 2771 4241 causa

214 4260 678 4343 contenderet,
733 4261 925 4331 illius
972 4261 1314 4332 Ecclesiae
1362 4260 1608 4330 fratres
1653 4280 1813 4328 eum
1846 4258 2201 4348 excipiunt
2233 4260 2761 4350 benignissime,

214 4360 285 4417 et
318 4370 449 4418 non
500 4350 807 4441 amplius
845 4350 1133 4421 domum
1186 4350 1426 4421 reverti
1474 4348 1919 4440 permittunt:
1971 4347 2180 4437 idque
2230 4361 2509 4440 propter
2559 4348 2771 4418 aliam

271 4474 296 4498 θ
325 4476 512 4518 Annum
533 4479 705 4519 aetati·
724 4487 840 4519 aute
860 4479 1042 4530 agebat,
1060 4480 1114 4519 ut
1133 4479 1301 4524 fertur.
1321 4487 1395 4518 cx.
