3347 4999
630 319 670 381 6
1375 335 1453 381 nn
1501 334 1557 384 s.
1609 334 1867 383 nemeto
1912 334 2206 384 Ancmar.
2798 316 2970 384 OCT.
3027 319 3052 383 l
3151 356 3176 399 Λ,

539 414 810 484 circiter
856 435 1074 485 annos
1120 413 1663 504 pessundederit.
1700 415 1908 503 CuJus
1941 414 2199 485 infelici
2231 425 2360 484 tem
2416 435 2555 497 ore,
2587 414 2672 484 de
2704 415 2836 485 ista
2884 416 3063 486 Rhe-

540 503 762 573 mensi
805 504 1092 573 ecclesia
1140 525 1277 572 non
1318 503 1543 573 solum
1594 505 1892 594 pretiosa
1940 524 2253 592 quaeque
2291 504 2377 572 ab
2409 515 2518 572 ata
2568 502 2888 587 fuerunt,
2943 506 3060 576 sed

538 603 602 662 et
647 591 973 662 ecclesiae
1019 603 1221 678 atque
1267 590 1515 662 domus
1563 591 2042 682 religiosorum
2092 592 2502 672 destructae,
2542 605 2607 661 et
2655 615 2762 663 res
2798 593 2883 663 ab
2918 595 3063 684 epi-

538 681 771 773 scopio
817 680 1005 751 fuere
1049 679 1331 750 divisae.
1370 679 1480 749 Illi
1527 702 1801 768 quoque
1852 682 2078 771 pauci,
2130 681 2250 769 qui
2280 693 2474 750 erant
2506 681 2789 763 residui,
2829 681 3062 753 clerici

540 770 808 870 negotio
856 770 1112 839 victum
1159 770 1615 857 quaerebant,
1667 781 1734 839 et
1780 770 2123 850 denariOS,
2167 791 2342 858 quos
2391 770 2837 841 mercimonio
2899 793 3060 840 con-

537 859 936 946 quirebant,
991 858 1062 926 in
1112 858 1369 928 chartis
1415 870 1480 928 et
1527 858 1862 929 librorum
1912 857 2094 928 foliis
2145 858 2487 927 interdum
2541 858 2869 949 ligabant.
2925 860 3062 929 Sic·

535 970 668 1034 que
715 946 1058 1038 praefatus
1096 946 1270 1016 liber
1314 970 1476 1017 cum
1524 947 1681 1016 aliis
1730 947 1978 1037 partim
2029 946 2380 1017 stillicidio
2423 947 2865 1037 putrefactus,
2906 970 3063 1038 par-

536 1036 659 1105 tim
707 1059 747 1105 a
794 1036 1134 1106 soricibus
1179 1057 1499 1106 corrosus
1529 1090 1550 1116 ,
1605 1036 1857 1126 partim
1908 1035 2230 1106 foliorum
2279 1035 2701 1106 abscissione
2747 1037 3052 1119 divisuS,

535 1125 878 1195 intantum
928 1124 1267 1215 deperiit,
1319 1136 1396 1194 ut
1444 1146 1665 1214 pauca
1713 1137 1778 1193 et
1824 1124 2134 1214 dispersa
2184 1124 2344 1193 inde
2392 1124 2553 1193 folia
2604 1139 2872 1215 reperta
2918 1125 3063 1196 fue-

535 1213 694 1282 rint.
749 1218 916 1283 Cum
966 1234 1122 1282 vero
1171 1224 1476 1302 tempore
1523 1213 1748 1303 Pipini
1798 1215 2017 1303 regis,
2073 1213 2402 1303 praedicti
2452 1213 2670 1282 Caroli
2726 1214 3058 1304 principis

536 1301 687 1383 filii,
740 1302 1059 1372 revelatio
1107 1300 1237 1371 fuit
1281 1301 1316 1337 ⁴²
1363 1293 1634 1372 ostensa
1664 1302 2021 1385 EucheriO,
2057 1302 2568 1372 Aurelianensis
2600 1302 2892 1374 civitatis
2915 1304 3062 1404 epi-

534 1412 765 1481 scopo,
818 1390 902 1459 de
948 1389 1391 1460 damnatione
1439 1403 1712 1460 aeterna
1758 1390 2066 1492 ejusdem
2117 1388 2359 1471 C'aroli,
2412 1392 2531 1478 qui
2581 1413 2688 1460 res
2734 1391 3058 1462 ecclesia-

536 1501 689 1549 rum
740 1479 1103 1549 diviserat:
1158 1478 1338 1548 idem
1389 1480 1700 1570 PipinuS,
1756 1492 1934 1549 sicut
1980 1484 2042 1548 el
2091 1479 2383 1549 aliarum
2433 1480 2879 1550 ecclesiarum
2920 1482 3058 1570 epi·

535 1567 788 1656 scopiis
818 1622 833 1650 ,
879 1567 1042 1638 huic
1092 1567 1462 1637 Rhemensi
1512 1580 1770 1659 partem
1821 1567 1906 1636 de
1955 1569 2158 1637 rebus
2204 1568 2685 1638 ecclesiasticis
2734 1569 3053 1650 reddidit,

532 1667 597 1726 et
644 1656 991 1747 Tilpinum
1061 1656 1131 1725 in
1194 1655 1322 1725 hac
1379 1657 1551 1727 urbe
1616 1656 2036 1726 Rhemorum
2086 1656 2485 1747 episcopum
2538 1657 2844 1726 ordinari
2891 1680 3055 1728 con-

534 1745 770 1815 sensit.
824 1750 964 1814 Hoc
1010 1745 1197 1815 enim
1248 1744 1319 1813 in
1360 1744 1489 1816 hac
1520 1745 1805 1815 ecclesia
1843 1744 2212 1814 Rhemensi
2248 1745 2620 1817 novissimo
2651 1745 2863 1816 seculi
2890 1759 3060 1816 tem-

534 1856 697 1924 pore
744 1833 829 1903 de
878 1834 1053 1904 libro
1104 1846 1513 1915 memorato,
1568 1833 1687 1904 sed
1735 1846 1798 1903 et
1845 1833 1928 1903 de
1977 1833 2134 1904 aliis
2183 1834 2480 1914 accidit,
2540 1835 2722 1921 quod
2772 1836 3057 1923 antiquo

534 1936 837 2013 tempore
882 1922 966 1991 de
1013 1923 1426 1993 authenticis
1474 1923 1836 2013 scripturis
1868 1922 2173 1991 evenisse
2203 1933 2482 1992 sanctus
2512 1928 2813 1994 Joannes
2843 1924 3053 2013 Chry-

533 2023 876 2082 sostomus
927 2013 994 2079 in
1045 2011 1332 2081 homilia
1380 2019 1421 2082 9
1470 2011 1818 2101 Evangelii
1868 2011 2247 2081 secundum
2303 2012 2740 2093 Matthaeum,
2795 2035 3054 2082 memo-

534 2113 636 2169 rat
682 2100 956 2169 dicens:
1012 2100 1222 2169 Multa
1269 2101 1451 2171 enim
1502 2122 1581 2170 ex
1629 2122 1755 2190 pro
1807 2100 2049 2170 heticis
2085 2100 2343 2190 periere
2377 2100 2840 2183 monimentiS,
2875 2102 3056 2188 quod

532 2188 616 2257 de
663 2188 951 2259 historia
996 2188 1563 2278 Paralipomenon
1633 2123 1921 2290 probare
1986 2189 2315 2279 possibile
2373 2203 2495 2260 est.
2552 2190 2826 2261 Desides
2871 2191 3053 2259 enim

530 2299 687 2347 cum
739 2290 965 2349 essent
1010 2277 1282 2360 Judaei,
1335 2300 1460 2349 nec
1508 2278 1780 2347 desides
1829 2278 2055 2360 modo,
2088 2277 2205 2347 sed
2239 2290 2305 2347 et
2342 2277 2563 2367 impii,
2610 2277 2746 2347 alia
2775 2278 3052 2365 quidem

530 2366 980 2457 perdiderunt
1027 2366 1474 2457 negligenter,
1513 2367 1648 2435 alia
1696 2390 1852 2436 vero
1904 2381 2044 2436 tum
2096 2365 2575 2448 incenderunt,
2627 2378 2774 2436 tum
2823 2368 3048 2437 conci-

529 2454 781 2527 derunt
843 2454 1146 2557 profane.
1224 2461 1301 2527 Et
1366 2456 1450 2526 de
1498 2454 1902 2547 profanitate
1948 2455 2228 2543 quidem
2281 2455 2398 2525 tali
2444 2456 2777 2526 ‚Ieremias
2829 2455 3049 2528 refert.

533 2550 625 2615 De
673 2545 858 2636 negh
909 2545 1096 2615 entia
1159 2568 1314 2616 vero
1362 2545 1434 2615 in
1474 2558 1720 2633 quarto
1768 2551 2028 2636 Regum
2078 2545 2255 2614 libro
2304 2544 2599 2635 legimus
2629 2599 2651 2627 ,
2714 2544 3057 2633 quomodo

531 2645 685 2725 post
733 2657 853 2703 mu
889 2649 1032 2704 tum
1086 2634 1436 2724 temporis,
1489 2635 1597 2703 vix
1645 2633 2151 2704 Deuteronomii
2199 2634 2287 2703 sit
2317 2634 2634 2703 volumen
2677 2648 3048 2722 repertum,

530 2722 877 2792 defossum
942 2722 1241 2810 quodam
1309 2723 1381 2792 in
1442 2722 1635 2804 1000,
1689 2746 1767 2792 ac
1828 2744 1998 2813 pene
2054 2722 2378 2792 deletum.
2435 2722 2561 2792 Sed
2611 2735 2676 2792 et
2725 2723 2923 2813 plura
2969 2722 3054 2792 de

530 2810 905 2901 Scripturis
955 2813 1024 2880 in
1076 2811 1185 2884 his
1217 2833 1395 2899 quae
1427 2811 1788 2892 habemuS,
1828 2824 2200 2881 memorata
2235 2811 2528 2900 legimus
2557 2833 2732 2898 quae
2773 2833 2903 2880 non
2937 2812 3055 2880 ha-

527 2901 814 2970 bemus:
869 2900 1049 2970 sicut
1115 2912 1217 2970 est
1280 2900 1453 2969 liber
1490 2902 1841 2990 justorum
1878 2956 1893 2982 ,
1945 2899 2067 2987 qui
2115 2911 2693 2968 commemoratur
2742 2899 2810 2968 in
2861 2900 3057 2969 libris

526 2993 827 3078 Regum:
881 3002 946 3058 et
994 2989 1173 3059 sicut
1218 3002 1321 3059 est
1367 2988 1540 3057 liber
1587 2989 1925 3059 bellorum
1978 2987 2272 3067 Domini,
2326 2989 2528 3077 cujus
2577 2989 2645 3056 in
2695 2987 2871 3059 libro
2920 2994 3055 3059 Nu-

525 3098 872 3146 merorum
924 3078 1178 3147 mentio
1225 3089 1362 3147 est:
1418 3099 1637 3165 neque
1686 3078 2004 3146 Carmina
2054 3076 2484 3158 SalomoniS,
2527 3098 2747 3164 neque
2801 3078 3047 3167 Dispu-

529 3164 817 3235 tationes
877 3166 1026 3266 ejus
1089 3166 1636 3256 sapientissimas
1706 3166 1791 3234 de
1855 3164 1899 3233 li
1957 3187 2200 3234 norum
2255 3176 2498 3234 natura
2548 3166 3057 3254 herbarumque

526 3254 866 3333 omnium,
903 3267 1203 3341 itemque
1224 3256 1702 3344 jumentorum
1737 3267 1802 3323 et
1832 3275 1911 3322 vo
1945 3275 2215 3335 uerum,
2248 3253 2598 3343 reptilium
2627 3267 2692 3324 et
2720 3255 3048 3344 piscium:

525 3341 626 3411 vel
676 3342 858 3429 quod
908 3342 977 3410 in
1029 3342 1227 3424 libro,
1284 3346 1499 3413 Verba
1546 3343 1842 3423 dierum,
1898 3343 2192 3412 dicitur:
2246 3342 2535 3430 Reliqua
2570 3365 2724 3413 vero
2767 3364 3052 3432 operum

527 3429 909 3501 Salomonis
957 3431 1265 3521 priorum
1314 3443 1380 3501 et
1429 3432 1989 3512 novissimorum,
2043 3430 2297 3531 scripta
2345 3444 2506 3501 sunt
2550 3432 2620 3499 in
2673 3431 2894 3501 verbis
2926 3438 3055 3502 Na-

527 3519 687 3588 than
739 3519 1147 3676 prqfhetae,
1200 3532 1265 3590 et
1313 3520 1381 3589 in
1433 3520 1628 3590 libris
1678 3520 1884 3589 Ahiae
1933 3519 2280 3589 Silonitis:
2333 3519 2401 3588 in
2456 3520 2715 3589 visione
2782 3541 3055 3608 quoque

416 3631 421 3636 “
521 3607 710 3677 Addo
758 3609 832 3677 Vi
885 3609 1062 3678 entis
1109 3620 1345 3678 contra
1401 3609 1762 3679 Jeroboam
1814 3608 2040 3678 filium
2092 3607 2379 3689 Nabath,
2431 3622 2498 3678 et
2545 3609 2762 3678 multa
2810 3609 3051 3697 hujus-

523 3696 710 3765 modi
757 3697 1110 3767 volumina
1156 3719 1332 3784 quae
1381 3698 1735 3788 Scriptura
1780 3697 2060 3785 quidem
2112 3696 2329 3766 fuisse
2370 3697 2650 3786 probat,
2691 3697 2806 3767 sed
2852 3697 3053 3766 hodie

521 3798 785 3855 constat
833 3807 970 3855 non
1017 3808 1190 3855 esse.
1244 3791 1515 3856 Vastata
1563 3807 1863 3873 namque
1911 3808 1951 3855 a
2001 3784 2359 3854 Chaldaeis
2403 3785 2685 3867 Judaea,
2722 3797 2796 3855 ut
2827 3786 2893 3854 in
2932 3807 3054 3875 pa-

524 3885 707 3943 trum
757 3873 999 3944 litteris
1049 3875 1344 3976 legimus
1373 3930 1393 3956 ,
1449 3875 1654 3945 etiam
1707 3874 2144 3954 bibliotheca,
2183 3874 2565 3960 antiquitus
2611 3886 3048 3964 congregata,

520 3963 698 4032 inter
744 3962 915 4032 alias
967 3964 1354 4053 provinciae
1400 3985 1596 4052 opeS,
1654 3963 1888 4032 hostili
1936 3976 2038 4032 est
2084 3962 2241 4053 igne
2288 3976 2736 4052 consumpta:
2790 3984 2870 4031 ex
2916 3983 3053 4049 qua

523 4051 749 4141 pauci,
803 4052 922 4139 qui
972 4074 1159 4122 nunc
1209 4053 1276 4120 in
1323 4065 1560 4122 sancta
1608 4054 1952 4140 scriptura
1999 4051 2479 4131 continentur,
2534 4050 2692 4121 libri
2753 4064 3054 4140 postmo-

522 4140 687 4208 dum
763 4140 1015 4210 Esdrae
1089 4140 1433 4231 pontificis
1494 4153 1559 4210 et
1623 4139 1994 4231 prophetae
2056 4151 2215 4209 sunt
2265 4140 2608 4208 industria
2657 4140 3045 4209 restaurati.

525 4229 716 4298 Unde
756 4230 1090 4318 scriptum
1140 4242 1241 4299 est
1281 4230 1364 4298 de
1410 4250 1529 4298 eo:
1582 4228 1900 4300 Ascendit
1948 4228 2198 4297 Esdras
2247 4228 2330 4298 de
2379 4227 2745 4317 Babylone,
2793 4240 2857 4297 et
2905 4228 3052 4317 ipse

518 4319 735 4388 scriba
794 4322 995 4387 velow
1044 4318 1110 4386 in
1190 4318 1337 4409 lege
1386 4318 1619 4409 Moysi.
1681 4317 1881 4387 Velox
1929 4316 2282 4401 videlicet,
2351 4317 2512 4405 quia
2596 4317 3051 4408 promptiores

574 4444 600 4471 ³⁰·
629 4443 743 4484 Vide
763 4444 820 4484 ad
838 4445 1015 4486 calcem
1034 4454 1079 4495 p.
1099 4446 1188 4490 420,
1210 4443 1308 4486 Vol.
1329 4445 1387 4485 11.
