3347 4999
244 352 422 420 OCT.
475 354 515 416 6
754 371 835 416 mi
884 371 940 416 S.
995 369 1291 417 nunnoni:
1339 371 1846 418 caninusimon.
1902 372 2296 420 ennianum
2577 356 2695 421 224

241 455 326 527 ad
363 477 550 535 eum,
604 467 848 544 agente
896 453 967 522 id
1020 454 1272 543 spiritu
1323 455 1459 533 Dei,
1519 454 1760 524 fratres
1792 478 2055 536 omnes,
2109 479 2282 542 quos
2332 458 2398 526 in
2437 459 2797 529 Carthusia

241 543 429 633 apud
475 567 545 614 sc
608 543 965 624 habuerat,
1020 555 1085 612 et
1137 543 1351 611 multo
1401 543 1633 612 dolore
1684 544 1862 613 affici
1920 566 2240 633 coepere,
2297 546 2445 636 ipso
2496 548 2595 616 vel
2652 571 2797 617 ma-

236 635 422 704 xime
470 632 765 710 dolente,
820 631 1005 718 quod
1045 632 1452 700 ·Carthusiae
1490 632 1960 713 solitudinem,
2006 655 2212 719 quam
2273 636 2605 705 Dominus
2662 638 2795 706 sibi

238 723 560 813 elegerat,
618 721 1082 808 reliquissent.
1136 726 1209 790 In
1266 733 1562 789 mentem
1613 722 1798 790 enim
1850 722 1950 790 eis
2008 722 2399 800 veniebant,
2458 745 2588 792 non
2644 748 2794 793 car-

237 833 387 892 neS‚
437 824 556 881 aut
605 832 1011 880 cucumeres
1059 821 1124 878 et
1185 831 1507 899 pepones,
1562 823 1638 878 ut
1700 811 1839 881 illis
1891 813 2525 881 murmuratoribus
2575 817 2795 883 Israe-

241 900 385 970 litis
437 901 503 969 in
565 899 856 980 desert0‚
911 899 1030 969 sed
1080 911 1355 967 sanctae
1433 898 1952 978 meditationeS‚
2029 898 2361 970 ferventes
2411 902 2791 984 orationes,

240 989 592 1060 studiosae
652 987 1001 1068 lectiones,
1055 1000 1119 1056 et
1168 986 1561 1076 spirituales
1608 987 2138 1067 consolationes,
2191 991 2449 1076 quibus
2511 991 2576 1058 in
2647 995 2801 1059 Car-

200 1073 567 1149 'thusiano
614 1076 881 1147 deserto
931 1075 1245 1167 perfruiti
1283 1090 1513 1157 erant;
1571 1099 1692 1146 nec
1745 1091 2058 1167 poterant
2106 1092 2548 1168 erumpentes
2608 1079 2800 1148 cohi-

235 1168 401 1237 bere
450 1167 833 1255 lacrymaS‚
885 1188 1047 1236 cum
1098 1178 1453 1234 cernerent
1504 1189 1582 1234 ex
1633 1179 1770 1235 tam
1823 1165 1958 1236 alta
2007 1166 2233 1254 quiete
2291 1181 2356 1236 et
2422 1167 2797 1254 tranquillo

240 1255 518 1327 silentio
567 1256 634 1325 in
692 1253 1212 1325 molestissimos
1272 1253 1598 1344 strepitus
1646 1269 1711 1324 et
1763 1255 1985 1325 varios
2036 1278 2266 1325 rerum
2334 1257 2675 1327 tumultus
2725 1279 2798 1326 se

239 1346 585 1435 conjectos
625 1366 796 1414 esse.
838 1344 965 1413 Sed
1013 1365 1172 1412 cum
1224 1343 1465 1414 beatus
1527 1348 1756 1413 Bruno
1804 1366 1846 1412 a
1893 1344 2220 1414 Pontifice
2271 1346 2634 1416 recedendi
2688 1369 2798 1415 co-

204 1436 429 1524 ·piam
493 1433 787 1502 necdum
842 1433 1209 1522 impetrare
1261 1444 1508 1523 posset,
1559 1433 1896 1521 persuasit
1957 1432 2325 1517 fratribus,
2381 1448 2455 1503 ut
2504 1435 2587 1503 ad
2644 1440 2796 1504 Car-

238 1523 543 1594 thusiam
583 1521 908 1601 redirent,
964 1521 1398 1607 obtinuitque
1446 1544 1484 1589 a
1524 1521 1852 1591 Pontifice
1900 1522 2162 1593 litteras
2199 1523 2279 1591 ad
2318 1523 2641 1593 Abbatem
2694 1524 2796 1593 Si-

238 1612 563 1701 guinum,
610 1624 686 1681 ut
720 1609 1119 1680 Carthusiae
1153 1612 1461 1678 eremum
1499 1611 1671 1699 ipsis
1706 1612 2111 1681 restitueret.
2145 1612 2474 1682 Praefecit
2521 1634 2798 1699 quoque

238 1700 340 1769 eis
389 1722 518 1770 suo
554 1699 703 1770 loco
765 1700 1065 1768 Priorem
1120 1698 1586 1781 Lauduinum,
1641 1720 1779 1785 quo
1837 1699 2035 1780 duce,
2092 1723 2333 1771 omnes
2368 1702 2451 1770 ad
2519 1702 2802 1770 Carthu-

239 1789 413 1859 siam
469 1789 721 1857 reversi
771 1801 957 1857 sunt.
1012 1787 1508 1857 Animadvertit
1553 1809 1632 1856 ex
1695 1788 1801 1857 his
1857 1810 2132 1876 quoque
2179 1795 2436 1871 Lector,
2489 1792 2646 1877 quis
2696 1790 2800 1857 vir

238 1876 447 1946 fuerit
487 1877 729 1946 beatus
771 1881 1021 1955 Brun0‚
1060 1898 1265 1963 quem
1318 1877 1488 1946 tanti
1540 1875 1776 1947 fecerit
1817 1878 1963 1968 ipse
2026 1879 2234 1949 totius
2295 1893 2524 1967 pastor
2573 1879 2798 1948 Eccle-

246 1966 413 2044 siae,
458 1986 805 2052 quemque
854 1977 1119 2034 tantum
1153 1964 1337 2054 apud
1382 1987 1453 2034 se
1482 1965 1976 2035 familiaritatis
2014 1980 2078 2037 et
2111 1969 2536 2038 auctoritatis
2570 1968 2797 2036 locum

239 2052 495 2154 habere
546 2052 855 2123 voluerit.
933 2059 1062 2124 Nos
1126 2053 1455 2123 nolumus
1524 2076 1940 2146 exaggerare
2007 2056 2321 2146 singula,
2398 2079 2482 2126 ne
2552 2056 2799 2148 prolixi

247 2163 496 2212 simus.
745 2175 755 2184 ·
1823 2197 1826 2202 -

334 2232 369 2318 ἓ
417 2236 568 2303 lo.
624 2237 988 2319 Postquam
1041 2242 1268 2300 autem
1330 2229 1572 2301 fratres
1618 2255 1780 2302 cum
1832 2231 2190 2304 Lau'duino
2241 2235 2310 2302 in
2364 2234 2799 2304 carthusiam

239 2322 486 2389 venere
534 2333 598 2390 et
635 2319 987 2398 Pontificis
1038 2318 1296 2388 litteras
1331 2321 1617 2411 Signino
1657 2322 1898 2391 Abbati
1933 2323 2418 2404 exhibuerunt,
2469 2323 2800 2392 fratribus

239 2409 393 2495 ejus
441 2408 752 2478 coenobii
802 2409 1361 2489 assentientibuS,
1420 2423 1776 2498 praesente
1839 2416 1903 2480 S.
1959 2417 2247 2503 Hugone
2294 2412 2800 2503 Gratianopoli-

243 2509 404 2567 tano
442 2498 802 2588 EpiscopO,
854 2510 920 2569 et
975 2504 1264 2588 Hugone
1314 2498 1763 2600 Lugdunensi
1814 2499 2364 2591 Archiepiscopo,
2422 2502 2632 2571 libere
2699 2504 2799 2572 eis

240 2586 589 2657 desertum
640 2587 1171 2659 Carthusianum
1224 2588 1511 2667 remis1t‚
1566 2603 1630 2658 et
1682 2603 1827 2658 tum
1874 2590 2037 2670 illis,
2081 2603 2225 2660 tum
2271 2591 2801 2661 successoribus

240 2697 479 2746 eorum
534 2689 864 2766 perpetuo
936 2675 1218 2745 tradidit
1288 2676 1812 2765 possidendum.
1886 2684 1963 2748 Et
2016 2679 2143 2748 hae
2188 2679 2470 2767 quidem
2535 2680 2800 2769 primae

236 2763 430 2835 fuere
464 2766 757 2835 Romani
792 2765 1140 2835 Pontificis
1174 2765 1437 2834 litterae
1469 2766 1554 2835 de
1585 2766 2037 2837 carthusiano
2074 2769 2416 2851 Instituto‚
2449 2790 2626 2856 quae
2658 2790 2801 2837 ma-

240 2875 378 2944 gno
427 2866 589 2923 sunt
656 2854 1116 2934 documento,
1191 2854 1279 2923 ab
1329 2852 1501 2943 ipsis
1569 2855 2064 2925 Carthusianae
2113 2857 2492 2946 Religionis
2552 2856 2794 2939 initiis,

237 2963 388 3011 eam
442 2965 480 3011 a
533 2943 699 3012 Sede
749 2942 1133 3032 Apostolica
1198 2944 1648 3032 approbatam
1699 2965 1869 3013 esse.
1925 2945 2020 3014 Ab
2070 2967 2149 3013 eo
2205 2958 2431 3014 autem
2484 2945 2616 3015 die·
2648 2950 2797 3014 Car-

241 3029 571 3101 thusiana
619 3030 920 3101 solitudo
976 3053 1248 3120 semper
1288 3032 1355 3099 in
1393 3034 2007 3103 carthusianorum
2057 3033 2317 3103 ditione
2369 3036 2791 3123 permansit,

240 3119 593 3206 simulque
643 3120 1093 3189 Carthusiana
1164 3119 1402 3210 religio
1444 3144 1664 3207 usque
1727 3124 1793 3189 in
1857 3143 2182 3208 praesens
2217 3123 2384 3192 ⁴illic
2439 3123 2794 3211 perdurat.

241 3208 372 3277 Ubi
419 3229 577 3277 vero
627 3222 907 3279 sanctus
955 3215 1208 3289 Bruno,
1248 3211 1317 3278 in
1369 3210 1719 3279 Pontificis
1760 3211 1953 3279 curia
1994 3210 2276 3300 degens,
2332 3212 2574 3282 fratres
2642 3212 2800 3282 illos

236 3296 628 3365 incolumes
666 3297 752 3366 ad
803 3297 1231 3367 carthusiam
1271 3299 1651 3377 revertisse,
1708 3297 2076 3384 locumque
2127 3299 2323 3368 illum
2362 3301 2696 3381 obtinere,
2736 3315 2800 3371 et
2846 3309 2854 3317 ’

239 3385 617 3472 tranquilla
660 3408 825 3474 pace
872 3409 951 3456 ac
1000 3387 1228 3473 quiete
1280 3387 1415 3457 frui
1465 3387 1823 3475 cognovit,
1877 3389 2117 3457 crebro
2165 3389 2246 3457 ad
2301 3412 2417 3459 eos
2467 3392 2789 3479 scripsit,

240 3474 527 3543 hortans
577 3472 755 3554 illos,
814 3488 890 3544 ut
922 3476 991 3544 in
1031 3475 1135 3543 via
1181 3476 1446 3544 Domini
1497 3488 1890 3546 constanter
1940 3492 2472 3566 perseverarent.
2535 3485 2781 3548 Verum

241 3582 382 3631 non
428 3561 647 3630 defuit
695 3563 765 3630 in
801 3563 929 3634 hoc
980 3563 1273 3655 spiritali
1311 3563 1628 3653 paradiso
1679 3577 2027 3635 tortuosus
2065 3565 2178 3635 ille
2225 3567 2508 3637 coluber
2556 3581 2620 3636 et
2651 3590 2794 3636 ser-

244 3674 419 3741 pens
459 3650 813 3736 antiquus.
871 3652 1343 3723 Praesentiens
1391 3653 1574 3722 enim
1634 3652 1780 3740 jam
1858 3668 2050 3735 tunc,
2108 3670 2366 3741 quanta
2421 3656 2505 3724 ad
2559 3656 2791 3746 ipsum

244 3740 556 3809 reditura
605 3752 833 3809 essent
872 3740 1128 3810 damna
1175 3763 1253 3810 ac
1307 3741 1719 3811 detrimenta
1772 3764 1851 3811 ex
1901 3744 2022 3813 illo
2074 3744 2425 3833 praeclaro
2475 3744 2798 3814 sublimis

240 3842 307 3898 et
340 3828 701 3918 Angelicae
750 3829 925 3899 vitae
974 3830 1309 3912 institutO,
1346 3831 1550 3920 cujus
1593 3829 2047 3902 fundamenta
2102 3846 2244 3903 tum
2296 3833 2799 3903 substrueban-

243 3930 384 3997 tur,
439 3916 881 3986 immodicam
934 3917 1073 3988 illis
1101 3918 1429 3989 fratribus
1481 3919 2121 4008 pusillanimitatem
2168 3935 2232 3989 et
2285 3921 2797 4010 perplexitatem

243 4006 503 4092 injecit,
558 4005 890 4076 adhibitis
938 4007 1022 4075 ad
1060 4029 1209 4075 eam
1246 4029 1414 4089 rem,
1455 4021 1807 4095 tamquam
1860 4010 2242 4099 aptissimis
2289 4012 2791 4092 instrumentiS,

243 4093 707 4181 quorumdam
762 4094 1227 4185 malignorum
1271 4096 1632 4165 hominum
1671 4097 1930 4189 linguis
1981 4098 2443 4167 fraudulentis
2493 4114 2555 4169 et
2601 4099 2800 4168 salla-

245 4182 493 4251 ciosis:
546 4184 667 4270 qui
718 4184 1037 4254 novitatis
1102 4206 1217 4254 eos
1288 4184 1821 4267 insimulantes,
1880 4187 2154 4275 ajebant
2211 4187 2364 4256 illos
2414 4188 2481 4255 in
2561 4189 2799 4258 mortis

247 4270 620 4340 discrimen
673 4295 820 4343 sese
867 4274 1231 4363 conjicere.
1286 4279 1362 4343 Et
1392 4275 1708 4344 effectum
1762 4297 1924 4344 sane
1957 4291 2060 4346 est
2091 4275 2177 4344 ab
2211 4276 2374 4356 illis,
2431 4290 2506 4345 ut
2554 4278 2799 4367 optimi

250 4374 480 4449 patres
530 4383 811 4451 prorsus
860 4362 1301 4445 dubitarent,
1355 4363 1693 4451 quidnam
1743 4364 2090 4455 agendum
2143 4365 2313 4454 ipsis
2378 4379 2592 4445 esset,
2650 4378 2794 4435 tum

248 4460 530 4539 propter
575 4465 934 4542 susceptae
983 4453 1159 4522 vitae
1210 4454 1671 4524 austeritatem
1704 4507 1719 4536 ,
1776 4466 1918 4522 tum
1974 4466 2250 4545 propter
2300 4453 2548 4525 deserti
2609 4453 2799 4523 illius
