3347 4999
712 297 839 362 678
1240 317 1316 362 niz
1368 317 1424 363 s.
1478 316 1726 363 Ani-:rati
1776 314 1963 362 mar.
2018 316 2091 361 nr
2139 313 2337 362 sociis
2385 315 2535 362 esus
2848 296 3035 363 OCT.
3095 299 3186 363 24

625 399 1060 489 suscepisset,
1109 419 1352 490 nempe
1381 422 1459 469 ex
1493 422 1629 487 quo
1678 400 2137 480 ConstantiuS,
2196 399 2431 489 magni
2480 398 2908 470 Constantini
2949 400 3181 478 filius,

624 489 706 558 ad
762 488 1091 567 Sabaeos,
1151 489 1269 575 qui
1329 511 1514 559 nunc
1564 504 1895 558 vocantur
1939 488 2328 558 Homeritae
2365 488 2422 568 ⁴³,
2483 488 2610 557 orti
2670 509 2825 558 vero
2874 502 3049 558 sunt
3098 513 3187 559 ex

625 583 863 647 Cetura
913 575 1242 657 Abrahae,
1303 578 1487 646 misit
1535 576 1830 670 legatos:
1882 588 1948 646 et
2005 583 2184 668 Rege
2232 575 2424 646 illius
2477 577 2702 678 gentis
2753 578 3184 648 muneribus

625 666 756 736 sibi
795 665 1181 747 conciliato,
1235 666 1619 736 aedificavit
1666 666 1795 736 hac
1845 666 1914 735 in
1957 666 2229 737 civitate
2274 666 2623 736 ecclesias:
2677 678 2742 736 et
2782 667 3177 753 quemdam

622 755 845 824 virum
900 754 1118 845 pium,
1154 755 1273 842 qui
1316 755 1398 825 ad
1443 756 1646 825 vitam
1689 754 2068 824 declinarat
2116 753 2611 834 monasticam,
2664 767 2729 824 et
2779 754 3184 827 moralibus

619 855 684 912 et
731 843 969 912 activis
1019 842 1386 914 virtutibus
1418 858 1563 913 erat
1610 865 1927 934 magnus,
1984 855 2188 930 atque
2234 843 2403 914 adeo
2450 843 2777 913 omnibus
2825 845 2938 915 sui
2999 857 3181 914 tem-

623 933 807 1021 poris
856 933 1194 1021 superior,
1231 933 1438 1009 misit,
1491 946 1567 1002 ut
1617 945 1957 1022 praeesset
2003 932 2113 1013 iis,
2150 932 2270 1020 qui
2320 931 2404 1001 ad
2449 953 2675 1002 veram
2725 949 3179 1003 accesserant

619 1020 1045 1112 religionem.
1098 1026 1244 1103 Quo
1283 1021 1562 1107 quidem
1614 1035 1920 1122 tempore
1970 1019 2263 1092 Judaeis
2324 1021 2840 1100 resistentibus,
2887 1033 2957 1092 et
3011 1022 3176 1091 bar-

618 1110 785 1179 baro
824 1109 1298 1191 suadentibu5‚
1338 1132 1423 1179 ne
1470 1124 1606 1179 tam
1640 1109 1840 1180 facile
1874 1110 2210 1200 hospitem
2246 1109 2635 1180 admitteret
2669 1109 2736 1179 in
2779 1110 3167 1189 civitatem,

618 1219 840 1286 neque
864 1199 1045 1268 circa
1082 1219 1187 1268 res
1212 1198 1483 1269 divinas
1520 1199 1781 1286 aliquid
1827 1199 2202 1279 innovaret,
2262 1198 2396 1268 nisi
2431 1199 2624 1287 prius
2657 1198 2759 1267 vir
2789 1198 3174 1289 religiosus

617 1286 894 1375 aliquod
949 1287 1226 1377 signum
1293 1287 1679 1357 ostenderet
1727 1288 2123 1374 (quomodo
2178 1285 2397 1357 solent
2447 1287 2557 1356 isti
2609 1300 2858 1376 petere,
2914 1301 3000 1356 ut
3046 1290 3165 1375 qui

618 1377 756 1444 sint
799 1375 1188 1464 increduli),
1241 1376 1422 1463 quod
1475 1376 1754 1463 quidem
1816 1378 1870 1444 si
1925 1374 2371 1466 praestiterit,
2438 1389 2602 1446 tunc
2647 1377 2710 1445 ei
2749 1375 3168 1446 concederet

618 1465 1004 1554 ingressum
1044 1465 1109 1532 in
1161 1465 1546 1534 civitatem:
1592 1465 1708 1534 ille
1756 1465 2012 1535 divinis
2045 1464 2258 1534 fretus
2293 1463 2678 1554 promissis,
2731 1465 2920 1551 quod
2954 1468 3163 1557 signa

616 1565 991 1641 sequentur
1026 1574 1143 1622 eos
1188 1553 1309 1641 qui
1357 1553 1799 1635 crediderint,
1833 1554 2082 1623 annuit
2119 1553 2288 1622 citra
2339 1551 2549 1623 ullam
2601 1551 3164 1624 dubitationem:

614 1655 680 1711 et
725 1662 960 1711 eorum
1012 1663 1188 1728 quae
1244 1643 1671 1732 petebantur,
1729 1641 2219 1712 miraculorum
2276 1663 2595 1732 magnam
2643 1642 2951 1712 ostendit
3000 1665 3169 1733 ope-

613 1731 974 1800 rationem.
1014 1730 1108 1800 Ab
1150 1729 1267 1799 illo
1290 1732 1434 1819 Jam
1484 1746 1786 1820 tempore
1846 1731 2086 1800 civitas
2146 1731 2512 1800 Dominum
2557 1751 2729 1819 pure
2772 1730 3051 1810 colens,
3100 1743 3171 1800 et

613 1819 995 1888 Orthodoxa
1039 1819 1432 1890 divinorum
1485 1825 1763 1890 Patrum
1815 1841 2107 1907 sequens
2139 1819 2487 1909 dogmata,
2546 1819 3066 1908 perseverabat,
3104 1821 3170 1890 si

612 1908 780 1995 quid
823 1921 966 1977 erat
1002 1907 1189 1987 mali,
1244 1908 1592 1999 repellere,
1629 1922 1697 1977 et
1724 1907 2018 1977 alienam
2062 1908 2362 1998 effugere
2411 1905 2838 1998 religionem,
2877 1908 3067 1979 adeo
3093 1923 3172 1979 ut

616 2019 702 2066 ne
752 1998 1003 2067 sineret
1032 1997 1309 2084 quidem
1359 2019 1508 2066 eam
1552 1995 1635 2067 ad
1689 2019 1892 2067 aures
1929 1997 2304 2087 pervenire.

699 2089 735 2172 ξ
780 2090 873 2157 8.
928 2085 1252 2156 Invidens
1306 2108 1469 2176 ergo
1526 2085 1898 2178 malignus,
1955 2098 2166 2155 totum
2199 2140 2215 2166 ,
2282 2098 2584 2172 quantus
2630 2098 2815 2164 erat,
2869 2086 3170 2156 subiens

614 2174 1025 2253 Hebraeum,
1077 2195 1236 2243 eum
1289 2188 1512 2244 armat
1556 2174 1889 2245 adversus
1934 2174 2314 2252 civitatem,
2407 2174 2607 2243 artim
2657 2173 2947 2260 quidem
3026 2176 3174 2265 opi·

610 2283 786 2332 nans
819 2261 982 2340 sore,
1030 2274 1104 2331 ut
1145 2262 1209 2331 id
1261 2277 1437 2333 esset
1487 2263 1847 2333 molestum
1887 2263 1997 2351 pio
2030 2263 2193 2354 Regi
2244 2266 2359 2332 Aet
2413 2262 2673 2352 iopam:
2730 2263 2978 2363 partim
3015 2286 3168 2347 ειυ-ο

611 2363 743 2420 tem
794 2373 874 2418 eo
922 2366 1263 2439 spectanS,
1305 2365 1381 2421 ut
1413 2352 1480 2420 in
1534 2352 1876 2422 Christum
1931 2374 2126 2422 suam
2178 2350 2478 2441 expleret
2523 2351 2898 2432 insaniam,
2938 2364 3010 2420 et
3051 2375 3142 2444 ge

609 2460 743 2508 nus
791 2438 1331 2509 Christianorum
1388 2442 1673 2510 omnino
1710 2453 2056 2511 everteret.
2129 2445 2364 2528 Itaque
2412 2439 2596 2510 venit
2653 2438 2963 2510 validum
3039 2441 3165 2512 ad-

606 2528 875 2597 ducens
904 2530 1319 2599 exercitum:
1372 2544 1438 2599 et
1483 2552 1640 2598 cum
1685 2530 2138 2599 circumcirca
2186 2541 2365 2599 esset
2409 2541 2964 2610 castrametatuS‚
3017 2531 3165 2600 val-

608 2616 811 2704 loque
857 2631 921 2687 et
968 2617 1146 2687 fossa
1202 2619 1466 2687 moenia
1516 2618 2112 2700 circumdedisset,
2158 2618 2426 2688 obsedit
2471 2623 2767 2709 Nagran,
2813 2618 3164 2690 minitans

607 2727 679 2775 se
736 2705 924 2775 illam
966 2721 1550 2799 expugnaturum,
1603 2724 1668 2777 et
1727 2730 1991 2786 omnes,
2046 2707 2165 2793 qui
2219 2708 2286 2775 in
2338 2707 2490 2796 ipsa
2543 2720 2773 2785 erant,
2821 2706 3161 2778 interem-

606 2807 914 2882 pturum,
976 2796 1104 2864 nisi
1148 2800 1358 2866 Cruce
1408 2796 1705 2877 Domini,
1768 2817 1803 2864 a
1861 2795 2129 2866 civibus
2177 2795 2247 2864 in
2295 2795 2563 2865 excelso
2621 2795 2885 2885 posita,
2942 2818 3162 2884 quam

602 2885 1053 2955 execrationis
1102 2885 1375 2976 signum
1425 2886 1454 2970 (
1492 2886 1657 2973 proh
1708 2884 1990 2974 dolorl)
2037 2884 2292 2954 stultus
2339 2884 2643 2964 vocabat,
2707 2883 2791 2953 ad
2848 2884 3158 2955 nihilum

610 2972 906 3052 redacta,
959 2973 1209 3043 deinde
1257 2974 1601 3044 Christum
1641 2994 1919 3075 quoque
1957 2985 2344 3063 negassent,
2380 2974 2502 3060 qui
2532 2972 2756 3043 fuerat
2803 2972 2873 3041 in
2926 2996 3014 3043 ea
3042 2997 3161 3044 su-

602 3082 920 3150 spensus.
974 3062 1165 3145 Quod
1208 3084 1287 3133 eo
1316 3061 1593 3150 quidem
1637 3063 1929 3133 consilio
1966 3062 2280 3142 faciebat,
2318 3074 2396 3131 ut
2426 3082 2585 3131 cum
2615 3083 2731 3131 eos
2772 3060 2915 3142 illo,
2959 3062 3154 3150 quod

607 3148 769 3219 inde
798 3151 1131 3231 veniebat,
1168 3151 1511 3241 praesidio
1543 3151 1892 3232 nudasset,
1949 3150 2077 3221 boc
2113 3165 2249 3220 tam
2285 3150 2513 3220 valido
2558 3149 2860 3220 desectos
2888 3151 3158 3221 auxilio

605 3237 857 3307 deinde
905 3240 1275 3309 invaderet.
1313 3240 1604 3323 Quidam
1654 3261 1820 3330 ergo
1863 3239 2227 3310 execrandi
2269 3240 2487 3327 hujus
2533 3238 2738 3329 Regis
2786 3238 3150 3317 satellitoe,

603 3326 673 3395 in
706 3326 937 3396 orbem
989 3330 1320 3399 obeuntes
1350 3330 1718 3409 civitatem,
1773 3329 2011 3398 eadem
2065 3327 2656 3398 vociferabantur:
2695 3340 2784 3408 et,
2838 3328 2895 3397 si
2955 3331 3153 3419 pare-

606 3426 755 3483 rent
806 3415 1111 3502 quidem.
1164 3416 1484 3486 dicebant
1532 3416 1696 3497 fore,
1760 3429 1836 3486 ut
1878 3417 2062 3486 dona
2108 3431 2174 3487 et
2220 3418 2517 3486 honores
2562 3438 2600 3485 a
2663 3421 2844 3508 Rege
2903 3439 3150 3488 conse-

603 3515 1020 3591 querentur:
1065 3506 1169 3574 sin
1221 3520 1447 3575 autem
1510 3527 1642 3576 non
1699 3508 2035 3596 parerent,
2087 3518 2156 3575 et
2215 3504 2519 3576 Galilaeo
2564 3506 2882 3575 animum
2939 3506 3151 3576 adhi-

601 3591 861 3670 berent,
918 3614 1041 3682 pro
1097 3594 1497 3664 monarchia
1545 3594 1953 3665 inducentes
2007 3595 2382 3665 multorum
2435 3594 2944 3685 principatum,
3004 3596 3148 3685 igni

596 3694 664 3750 et
713 3681 945 3772 gladio
1020 3681 1471 3754 traderentur.
1524 3688 1731 3754 Porro
1777 3697 2006 3754 autem
2074 3683 2220 3774 ipse
2294 3704 2575 3771 quoque
2654 3687 2940 3754 Dunaan
2994 3705 3154 3754 exe-

598 3771 860 3839 cranda
899 3783 964 3840 et
996 3771 1240 3841 audaci
1279 3771 1514 3863 lingua
1554 3772 1664 3841 his
1696 3772 1868 3842 falsa
1919 3771 2259 3859 quaedam
2324 3770 2657 3852 addebat,
2706 3784 2774 3840 et
2799 3770 3152 3859 jactanter

598 3858 909 3930 dicebat:
963 3882 999 3927 «
1027 3860 1296 3931 Nullam
1332 3861 1555 3950 potuit
1581 3860 1782 3933 «lesus
1827 3882 2024 3952 opem
2060 3859 2236 3930 ferre
2275 3860 2682 3932 Christianis
2719 3860 2792 3929 in
2841 3882 3001 3930 mea
3031 3881 3151 3953 po—

600 3960 839 4019 testate
895 3950 1311 4029 constitutis,
1364 3971 1538 4036 quos
1584 3970 1869 4031 omnes,
1928 3962 1994 4019 et
2041 3950 2231 4041 ipsos
2285 3948 2564 4021 illorum
2631 3947 3031 4020 sacerdotes
3082 3961 3154 4021 et

601 4037 978 4108 monachos
1034 4037 1266 4129 gladio
1318 4050 1384 4107 et
1433 4039 1590 4130 ignc
1639 4039 1838 4129 prius
1887 4039 2318 4129 consumpsi,
2376 4060 2462 4108 ne
2503 4058 2792 4128 parcens
2853 4037 3147 4125 quidem

601 4125 818 4195 sacris
868 4125 1140 4197 illorum
1194 4126 1509 4217 templis:
1552 4140 1620 4196 et
1654 4149 1839 4198 nunc
1889 4128 2190 4198 maximo
2234 4139 2470 4197 coacto
2513 4126 2851 4207 exercitu,
2890 4148 3152 4219 nempe

650 4322 675 4348 ⁸
695 4322 943 4362 Homericae
960 4320 1235 4365 dicebantur
1253 4336 1281 4364 a
1299 4321 1505 4371 Graecis.
1522 4335 1550 4363 a
1568 4326 1772 4366 caeteris
1792 4334 1903 4366 vero
1925 4323 2232 4375 Hammo-itae,
2254 4334 2340 4364 seu
2354 4333 2471 4374 gen·
2485 4323 2705 4372 flamm.
2718 4324 2777 4363 ab
2806 4320 3149 4372 ntiqui-nin·

594 4375 798 4424 quodam
827 4375 950 4426 Rege
977 4377 1193 4425 namynr.
1211 4389 1237 4418 e
1256 4380 1478 4428 progente
1497 4379 1642 4419 Sabae
1661 4382 1709 4418 et
1728 4379 1909 4419 secun.
1939 4399 1980 4406 -
2005 4379 2204 4428 Νσρναοι.
2221 4386 2352 4422 vero.
2371 4377 2430 4417 ab
2446 4374 2678 4417 arabibus
2696 4378 2895 4420 vocatur
2912 4377 3150 4424 Νηῦν-ιιι

597 4429 741 4477 cujua
756 4429 887 4469 urbi·
908 4439 1031 4469 nunc
1051 4431 1152 4470 sola
1170 4431 1342 4471 rudera
1361 4438 1629 4480 supersunt.
