3347 4999
679 279 808 344 592
1482 296 1560 345 na
1610 298 1662 343 s.
1719 296 1993 344 nmmo
2056 244 2245 344 ΜΑἰιτ.
2821 282 2992 348 OCT.
3046 287 3137 350 20

592 394 805 450 morte
853 403 1361 466 consummam,
1418 383 1534 454 sed
1584 382 2260 461 innumerabilibus,
2312 395 2377 451 et
2425 405 2583 452 eum
2636 385 2918 474 puniam
2956 399 3137 456 tam-

587 490 795 556 quam
840 472 1290 559 parricidam:
1325 475 1540 542 immo
1574 493 1731 539 vero
1753 471 2056 559 gravi-uS,
2092 492 2296 557 quam
2331 472 2769 561 parricidam,
2801 476 3133 561 quoniam

591 580 724 627 non
764 559 886 627 viri
920 564 1337 645 communis,
1379 562 1491 630 sed
1534 561 1999 650 Imperatoris,
2040 558 2216 628 fudit
2251 563 2686 650 sanguinem,
2730 562 2934 649 idque
2966 586 3133 634 cum

591 646 761 715 nihil
813 670 1018 748 grave
1065 651 1151 719 ab
1209 673 1287 723 eo
1347 662 1525 719 esset
1576 670 1843 739 passus.
1884 671 1921 714 »
1963 653 2140 717 Haec
2188 671 2345 718 cum
2389 654 2771 739 Imperator
2807 651 3136 724 Julianus

589 748 879 805 oratorte
926 737 1210 809 dixisset
1247 741 1315 807 in
1345 744 1753 827 *Martyrem,
1810 737 2141 827 arripitur
2190 738 2416 806 statim
2462 761 2500 807 a
2552 739 3000 809 satellitibus:
3067 755 3137 812 et

588 829 759 894 zona
806 824 1110 916 privatus
1142 883 1156 908 ‚
1217 841 1348 897 stat
1407 850 1528 918 pro
1568 826 1923 905 tribunali,
1970 838 2034 894 et
2076 816 2367 894 traditur
2408 826 2722 896 lictorum
2778 831 3128 900 manibus.

591 913 711 982 Ille
762 927 987 984 autem
1046 939 1203 985 cum
1249 917 1572 986 manibus
1618 928 1683 984 et
1735 915 2025 1002 pedibus
2076 916 2225 1002 ejus
2275 914 2472 984 funes
2524 918 3035 997 annexuissent,
3090 942 3135 989 a

587 1016 883 1089 quatuor
921 1006 1234 1091 partibus
1263 1005 1658 1084 extendunt,
1705 1016 2143 1089 ventremque
2171 1016 2235 1071 et
2267 1016 2529 1094 tergum
2570 1006 2883 1092 Martyris
2920 1009 3132 1076 boum

591 1092 814 1161 nervis
862 1093 1030 1162 adeo
1063 1093 1434 1163 crudeliter
1475 1092 1944 1170 verberabant,
1990 1105 2066 1160 ut
2105 1105 2204 1160 ter
2253 1093 2493 1162 mutati
2536 1094 2670 1163 sint
2721 1095 2769 1162 ii
2801 1095 2918 1182 qui
2975 1117 3132 1184 per-

587 1180 982 1263 cutiebant;
1039 1182 1416 1270 licebatque
1479 1181 1705 1251 videre
1764 1181 1916 1268 ejus
1965 1202 2205 1249 novam
2267 1182 2642 1268 quamdam
2700 1196 2762 1251 et
2807 1205 2941 1252 non
3004 1184 3134 1254 hu-

591 1291 865 1337 manam
908 1270 1358 1340 tolerantiam.
1421 1276 1648 1357 Neque
1698 1271 1879 1338 enim
1938 1269 2255 1370 gemituS‚
2313 1292 2435 1339 nec
2486 1292 2630 1351 vox,
2691 1293 2814 1339 nec
2863 1272 3129 1358 aliquid

588 1356 776 1426 aliud
827 1381 905 1428 ex
965 1359 1048 1429 iis
1095 1381 1272 1446 quae
1320 1359 1645 1429 accidunt
1694 1358 2096 1428 hominibus
2151 1359 2271 1444 qui
2336 1371 2785 1445 torquentur,
2839 1360 2925 1429 ab
2975 1362 3129 1449 ipso

586 1447 1053 1517 emittebatur:
1086 1449 1200 1518 sed
1242 1447 1435 1517 vultu
1471 1449 1745 1538 penitus
1780 1448 2140 1516 immutato
2174 1447 2600 1516 cernebatur.
2634 1454 2834 1518 Terra
2867 1462 3126 1531 autem,

588 1534 868 1623 impleta
900 1549 1043 1605 erat
1078 1538 1439 1627 sanguine,
1483 1537 1651 1605 adeo
1685 1548 1761 1604 ut
1799 1556 2040 1604 omnes
2073 1536 2191 1622 qui
2227 1535 2533 1616 aderant,
2574 1538 2740 1623 quin
2775 1538 2975 1606 etiam
3012 1538 3131 1608 ille

587 1623 736 1712 ipse
785 1630 1169 1713 Imperator
1219 1626 1605 1695 miraretur.
1657 1624 1859 1693 Jubet
1906 1625 2136 1710 itaque
2183 1637 2496 1694 sanctum
2544 1625 2915 1695 relaxatum
2963 1648 3125 1695 cum

587 1710 743 1782 aliis
777 1715 1186 1803 Martyribus
1219 1714 1469 1784 abduci
1507 1715 1573 1781 in
1610 1712 2017 1784 custodiam.

673 1804 708 1886 ξ
762 1807 913 1874 24.
969 1808 1133 1873 Cum
1184 1824 1346 1893 ergo
1405 1802 1914 1872 abducerentur
1974 1806 2299 1890 Martyres
2349 1802 2641 1883 Christi,
2699 1803 3127 1892 psallebant:

585 1891 893 1960 Probasti
936 1915 1073 1970 nos,
1126 1897 1322 1973 Deus,
1365 1894 1519 1982 ique
1564 1914 1682 1975 nos
1715 1891 2153 1970 emaminasti,
2193 1893 2366 1959 sicut
2398 1894 2841 1961 emamz'natur
2888 1915 3133 1983 arqen-

585 1989 749 2046 tum.
804 1983 1097 2050 Posuisti
1139 1983 1533 2071 afflictiones
1585 2003 1788 2069 super
1834 1980 2033 2048 dorsa
2086 1990 2336 2048 nostra.
2401 1983 2790 2071 Imposuz'sti
2834 1982 3134 2051 homines

583 2089 786 2157 super
832 2071 1060 2158 capita
1108 2081 1337 2138 nostra
1380 2070 1593 2159 (Psal.
1649 2068 1788 2156 65).
1854 2074 2081 2138 Restat
2137 2088 2346 2158 ergo,
2413 2081 2488 2137 ut
2544 2080 2963 2139 transeamus
3008 2093 3135 2161 per

583 2158 613 2223 i
660 2179 806 2234 nem
855 2168 916 2226 et
969 2181 1253 2249 aquam,
1305 2169 1381 2227 ut
1428 2181 1543 2227 nos
1593 2158 1838 2227 educas
1886 2160 1956 2225 in
1998 2159 2455 2257 refriyerz‘um.
2510 2159 2835 2228 Precibus
2895 2170 3125 2228 autem

609 2245 822 2324 initis,
870 2245 1074 2315 veluti
1129 2268 1361 2315 secum
1413 2246 1723 2333 loquens,
1767 2267 2060 2336 magnus
2109 2244 2695 2317 dixitArtemius:
2749 2270 2785 2313 «
2821 2248 3121 2326 Artemi,

581 2353 738 2400 ecce
771 2334 1017 2403 Christi
1052 2336 1371 2425 stigmata
1412 2335 1479 2403 in
1520 2349 1635 2404 tuo
1668 2356 1785 2403 cor
1838 2356 1953 2404 ore
1985 2346 2147 2403 sunt
2182 2335 2548 2422 insculpta.
2588 2339 2863 2437 Oportet
2900 2337 3129 2423 itaque

584 2434 646 2489 te
677 2443 797 2512 pro
820 2421 936 2491 illo
968 2423 1187 2514 ipsam
1224 2445 1498 2512 quoque
1525 2422 1769 2514 prosun
1826 2445 1935 2492 ere
1967 2423 2297 2491 animam.
2333 2446 2371 2489 »
2410 2428 2486 2492 Et
2524 2423 2894 2514 adjiciens:
2934 2431 3037 2493 «A
3088 2447 3130 2494 o

583 2510 704 2578 tibi
755 2512 1032 2602 gratiaS,
1085 2515 1387 2594 Domine,
1434 2513 1727 2593 dicebat,
1789 2512 1968 2600 quod
2010 2513 2129 2581 tibi
2174 2512 2530 2602 placuerit,
2590 2526 2664 2582 ut
2709 2536 2834 2603 ego
2868 2448 3132 2604 glori}-

581 2621 794 2680 carer,
841 2602 1178 2691 susceptis
1214 2623 1334 2692 pro
1371 2614 1431 2670 te
1475 2601 2058 2692 perpessionibu5‚
2096 2615 2160 2671 et
2196 2623 2302 2671 me
2342 2604 2828 2671 connumerari
2863 2604 2929 2671 in
2967 2603 3132 2672 cho-

582 2710 735 2757 rum
805 2703 1075 2759 tuorum
1148 2695 1578 2760 Sanctorum.
1649 2690 1820 2771 Sed,
1865 2712 1905 2758 o
1967 2691 2262 2781 benigne
2326 2691 2660 2771 Domine,
2715 2713 3135 2761 consumma

580 2799 862 2846 cursum
920 2801 1147 2848 meum
1199 2780 1267 2847 in
1324 2778 1936 2865 tuaconfessione,
1993 2790 2058 2848 et
2112 2801 2191 2847 ne
2243 2800 2351 2848 me
2388 2779 2662 2869 judices
2711 2779 2839 2849 hoc
2886 2793 3131 2869 coepto

580 2866 974 2957 indignum.
1033 2873 1166 2958 Ego
1213 2868 1396 2937 enim
1454 2889 1560 2936 me
1601 2880 1817 2937 totum
1875 2866 2138 2936 contuli
2188 2867 2271 2936 ad
2331 2882 2484 2938 tuas
2551 2869 3129 2937 miserationes.»

579 2959 758 3024 Haec
793 2978 950 3024 cnm
986 2956 1170 3043 apud
1223 2978 1295 3025 se
1327 2970 1504 3025 esset
1543 2968 1881 3046 precatus,
1922 2957 2103 3025 venit
2133 2957 2201 3024 in
2237 2956 2620 3027 custodiam
2662 2978 2823 3026 cum
2867 2957 3131 3027 sanctis

581 3045 991 3132 Martyribus
1031 3046 1335 3135 Eugenio
1368 3057 1433 3115 et
1471 3046 1782 3124 Macario,
1822 3058 1885 3113 et
1934 3044 2304 3115 traduntur
2350 3045 2620 3115 custodi
2669 3046 3013 3115 carceris:
3065 3058 3133 3116 et

579 3132 678 3200 sic
712 3135 1384 3204 erantcommuniter
1413 3139 1620 3203 Deum
1701 3134 2141 3203 lorificantes.
2180 3138 2375 3203 Mane
2415 3145 2644 3203 autem
2682 3156 2839 3203 cum
2879 3135 3132 3204 Christi

583 3225 909 3310 Martyres
949 3235 1257 3291 curasset
1289 3223 1629 3293 sistendos
1690 3222 2083 3312 oedifragus
2132 3221 2481 3304 Julianus,
2526 3235 2591 3293 et
2627 3243 2742 3292 eos
2779 3222 2975 3292 nulla
3021 3223 3134 3292 di-

581 3324 832 3398 gnatus
863 3323 1038 3379 esset
1073 3312 1624 3413 interrogatione,
1670 3313 1802 3380 nisi
1834 3311 2018 3398 quod
2054 3310 2276 3380 solum
2304 3312 2515 3400 jussit
2549 3334 2886 3402 magnum
2927 3333 3131 3399 sepa-

583 3397 719 3464 rari
747 3399 1142 3481 Artemium,
1181 3399 1307 3470 fert
1333 3423 1403 3468 ιη
1438 3400 1591 3470 illos
1619 3400 2024 3470 sententiam
2061 3398 2307 3469 exsilii.
2339 3400 2599 3485 Emittit
2651 3421 2768 3470 eos
2808 3399 3029 3470 Oasim
3058 3399 3117 3480 ²⁶,

579 3486 698 3571 qui
746 3498 848 3555 est
885 3487 1206 3574 pestilens
1247 3488 1440 3558 locus
1475 3489 1544 3557 in
1579 3488 1847 3569 Arabia,
1908 3501 1981 3557 ut
2028 3488 2096 3557 in
2129 3509 2266 3575 quo
2292 3489 2481 3557 ‚venti
2520 3489 2791 3579 spirant
2829 3487 3119 3557 exitiosi.

587 3575 774 3642 Unde
832 3576 1036 3643 etiam
1103 3576 1340 3646 nullus
1408 3601 1487 3645 ex
1558 3578 1642 3646 iis
1692 3577 1813 3665 qui
1869 3576 2036 3646 illuc
2099 3578 2510 3658 mittuntur,
2575 3578 2849 3648 duravit
2907 3598 3132 3664 usque

580 3662 665 3731 ad
702 3685 1015 3732 annum:
1069 3665 1183 3734 sed
1236 3667 1563 3755 gravibus
1615 3667 1874 3735 morbis
1925 3666 2243 3754 correpti,
2297 3688 2538 3736 omnes
2587 3678 2876 3756 pereunt
2917 3666 3133 3735 celer-

494 3815 507 3831 ,
579 3752 775 3821 rime.
830 3757 994 3822 Cum
1051 3754 1218 3823 illuc
1264 3776 1425 3844 ergo
1477 3752 1843 3844 relegasset
1892 3767 2166 3825 sanctos
2214 3756 2599 3845 Eugenium
2641 3768 2705 3824 et
2754 3756 3133 3824 Macarium

577 3854 962 3930 tyrannus,
1019 3841 1114 3910 ibi
1161 3843 1363 3920 etiam
1410 3843 1622 3932 jussit
1684 3865 1921 3912 eorum
1985 3845 2331 3932 amputari
2381 3844 2631 3933 capita.
2690 3849 2927 3931 Itaque
2981 3855 3135 3933 post

578 3928 667 3998 ali
726 3943 843 3999 uot
889 3930 1036 4000 dies
1085 3932 1415 4022 vigesimo
1459 3933 1851 4001 Decembris
1900 3946 2314 4021 acceperunt
2363 3932 2635 4002 beatum
2686 3932 2924 4002 finem.
2980 3939 3134 4018 Quo

579 4019 648 4085 in
728 4041 851 4089 oco
900 4018 1151 4089 sactum
1205 4034 1305 4091 est
1357 4021 1817 4101 miraculum,
1873 4021 2161 4112 dignum
2214 4021 2395 4108 quod
2451 4021 2819 4091 mandetur
2870 4043 3135 4091 memo-

581 4106 746 4175 riae.
786 4112 952 4177 Nam
1003 4131 1161 4179 cum
1214 4109 1446 4200 inopia
1503 4133 1722 4198 aquae
1771 4110 2112 4180 laboraret
2161 4109 2375 4193 locus,
2431 4109 2585 4180 fons
2634 4110 2970 4190 scaturiit,
3011 4133 3139 4180 cu-

581 4216 744 4266 rans
792 4217 1064 4266 omnem
1123 4199 1442 4268 morbum
1493 4210 1558 4268 et
1607 4200 2139 4290 aegritudinem.
2184 4199 2314 4282 Qui
2368 4198 2573 4269 eti-am
2628 4213 2857 4270 manet
2905 4221 3135 4288 usque

583 4283 653 4351 in
698 4282 1109 4355 hodiernum
1146 4286 1359 4356 diem.

635 4408 662 4435 ¹²
690 4408 837 4460 Cujus
857 4411 978 4455 situs
998 4399 1136 4455 nodie
1154 4411 1348 4458 difficile
1366 4412 1609 4461 definitur.
