3347 4999
766 325 892 389 530
1510 346 1587 391 ns
1633 346 1689 391 s.
1747 343 1901 392 wc».
1949 342 2369 393 EVANGELISTA
2883 322 3054 388 OCT.
3111 323 3190 386 48

677 449 920 528 agrum
971 427 1307 499 Ecclesiae
1355 428 1671 520 frugibus
1704 428 1907 510 dicat,
1962 428 2145 498 unde
2183 426 2491 497 videlicet
2537 426 2836 528 populus
2881 426 3190 495 esuriens

679 528 876 586 vivat.
930 521 1069 586 Hae
1120 517 1318 618 plane
1367 532 1528 588 sunt
1573 518 1829 610 frugeS,
1899 540 2070 606 quas
2136 516 2387 607 Joseph
2459 516 2782 586 fratribus
2851 514 3182 593 contulit3

674 605 842 675 haec
892 628 1205 695 pecunia,
1262 630 1468 694 quam
1523 607 1586 676 in
1639 630 1755 677 ore
1818 608 1998 677 sacci
2072 606 2414 697 praecepit
2478 605 2763 696 imponi.
2831 608 3010 674 Haec
3080 626 3188 694 pe-

673 696 878 764 cunia
929 717 1112 764 nunc
1177 697 1243 764 in
1310 696 1647 766 Ecclesiae
1697 719 1929 767 mensa
1985 696 2410 786 proponitur,
2480 707 2556 764 ut
2617 716 2830 765 usura
2890 705 3188 784 postmo-

673 783 839 853 dum
887 806 926 852 a
979 785 1514 875 negotiatoribus
1579 786 1985 872 requiratur.
2048 783 2175 854 Sed
2252 796 2315 855 et
2375 783 2731 870 Benjamin
2795 782 2922 851 hoc
2987 783 3182 851 etiam

675 894 836 962 prae
907 875 1188 943 caeteris
1263 873 1583 956 additur,
1634 887 1712 943 ut
1782 876 1848 943 in
1914 895 2111 944 sacco
2180 874 2330 963 ejus
2377 872 2580 942 etiam
2649 871 2960 961 scyphus
3028 895 3182 941 cum

673 962 965 1050 pecunia
1004 976 1395 1053 reponatur.
1419 968 1630 1046 Quem
1664 964 1849 1032 enim
1871 961 2124 1053 Joseph
2156 984 2274 1053 per
2309 962 2707 1052 mysterium
2742 960 3027 1041 indicat,
3058 961 3184 1029 nisi

672 1050 1191 1141 Redemptorem
1245 1066 1577 1132 nostrum,
1630 1073 1832 1139 quem
1887 1074 2012 1122 suo
2045 1051 2188 1138 jam
2251 1062 2414 1120 tunc
2464 1050 2577 1120 ille
2619 1051 2943 1138 mysterio
2995 1072 3184 1140 prae·

670 1140 1053 1229 figurabat?
1090 1141 1192 1210 Ait
1228 1142 1409 1210 enim
1463 1140 1858 1230 Scriptura:
1914 1143 2086 1225 Quia
2128 1142 2327 1209 vertit
2372 1163 2607 1209 nomen
2653 1141 2844 1209 illias
2891 1139 3183 1217 Pharan,

669 1239 731 1296 et
775 1231 1031 1298 vocavit
1071 1252 1222 1299 eum
1271 1233 1508 1320 linqua
1554 1231 1964 1330 Acqypliaea
2009 1232 2427 1300 Salvatorem
2474 1229 2712 1298 mundi
2771 1229 2967 1317 (Gen.
3036 1228 3186 1316 xm).

667 1318 841 1399 Quid
894 1340 1011 1407 per
1057 1318 1319 1401 fratreS‚
1359 1320 1492 1388 nisi
1542 1332 1756 1388 sancti
1791 1318 1932 1388 desi
1992 1331 2242 1388 nantur
2278 1317 2621 1408 Apostoli?
2668 1317 2839 1400 Quid
2900 1339 3025 1407 per
3075 1322 3188 1386 Be-
3279 1380 3280 1405 2

668 1405 954 1493 njamin‚
1010 1408 1142 1476 nisi
1193 1407 1464 1486 Paulus,
1534 1408 1653 1494 qui
1721 1408 1803 1477 de
1867 1408 1949 1477 tri
2004 1431 2048 1478 u
2112 1407 2464 1497 Beniamin
2538 1407 2875 1496 originem
2942 1406 3189 1475 duxit?

668 1497 918 1565 Omnes
964 1518 1124 1587 ergo
1171 1495 1410 1566 fratres
1450 1496 1681 1587 fruges
1731 1497 2254 1587 praedicationis
2301 1495 2674 1586 accipiunt,
2727 1517 2904 1583 quas
2969 1517 3190 1565 serere

672 1605 791 1672 per
838 1586 1175 1656 mundum
1225 1586 1551 1665 debeant;
1588 1598 1652 1655 et
1703 1587 2088 1676 pecuniam,
2131 1607 2339 1673 quam
2374 1584 2459 1655 ad
2510 1605 2760 1656 usurae
2798 1583 3090 1654 lucrum
3125 1586 3184 1653 in

669 1695 905 1743 mensa
956 1688 1358 1764 proponant.
1425 1675 1559 1745 Soli
1625 1697 1778 1744 vero
1829 1675 2180 1764 Benjamin
2245 1675 2448 1744 etiam
2491 1673 2794 1764 scyphus
2831 1671 3180 1760 adjicitur,

664 1774 741 1830 ut
789 1784 908 1852 per
956 1763 1286 1845 Paulum,
1366 1787 1566 1851 quem
1637 1763 1750 1832 ille
1798 1765 2137 1856 signabat,
2216 1787 2348 1834 non
2412 1761 2831 1833 tabernaculi
2890 1764 3179 1852 cyathus

665 1852 1016 1934 GentibuS‚
1071 1853 1184 1924 sed
1236 1854 1546 1943 amplum
1607 1867 1671 1923 et
1743 1854 2051 1941 patulum
2121 1852 2301 1922 verbi
2372 1850 2694 1943 poculum
2747 1853 3161 1941 propinetur.

664 1941 834 2009 Hinc
883 1953 984 2011 est
1031 1943 1242 2025 enim,
1294 1942 1476 2028 quod
1518 1943 1647 2011 ait:
1704 1948 1787 2012 Os
1833 1954 2126 2012 nostrum
2172 1952 2355 2033 patet
2404 1943 2494 2011 ad
2539 1964 2673 2021 vos,
2729 1964 2764 2009 ο
2823 1942 3169 2019 Corinthii,

664 2053 773 2098 cor
802 2041 1097 2100 nostrum
1127 2033 1489 2101 dilatatum
1528 2043 1644 2111 est,
1679 2033 2171 2121 angusti-'amini
2205 2033 2274 2101 in
2297 2033 2480 2101 nobis
2520 2034 2622 2116 (2.
2660 2034 2802 2100 Cor.
2838 2033 2979 2114 vr).
3021 2035 3110 2100 Ac
3136 2030 3184 2098 si

665 2118 877 2188 dicat:
924 2120 1095 2203 Quia
1168 2143 1275 2190 me
1340 2121 1527 2191 vobis
1579 2120 1762 2190 verbi
1815 2132 2045 2221 potum
2091 2142 2208 2211 per
2267 2121 2543 2191 uberem
2597 2117 2942 2209 scyphum
3001 2119 3182 2209 large

666 2208 906 2277 videtis
954 2210 1216 2291 afferre,
1251 2223 1316 2279 et
1351 2232 1465 2280 vos
1497 2209 1830 2279 sitibundi
1864 2209 2090 2279 cordis
2145 2208 2227 2279 ad
2270 2207 2733 2280 hauriendum
2767 2229 2886 2277 ora
2937 2208 3182 2289 laxate,
3279 2222 3280 2281 l

662 2310 740 2366 ut
786 2296 1153 2368 decurrens
1200 2298 1387 2368 unda
1436 2321 1569 2367 non
1620 2298 1912 2367 inaniter
1961 2299 2148 2378 fluat.
2187 2298 2304 2368 sed
2354 2298 2631 2389 capacia
2670 2319 2850 2377 vasa,
2901 2297 2971 2365 in
3019 2319 3192 2386 quae
3279 2318 3280 2339 ³

668 2386 1205 2469 transfundatur,
1259 2388 1580 2457 inveniat.
1639 2392 1724 2456 De
1791 2409 1927 2474 quo
1988 2387 2296 2457 videlicet
2346 2401 2509 2478 potu
2576 2408 2692 2477 per
2745 2386 3010 2456 Isaiam
3075 2392 3196 2456 Do·
3279 2372 3280 2417 ¹

668 2474 899 2545 minus
946 2476 1149 2547 dicit:
1204 2479 1608 2568 Glom'ficabit
1656 2502 1760 2547 me
1793 2478 1999 2547 bestia
2038 2479 2214 2580 aqi-i,
2253 2478 2591 2556 dracones,
2647 2485 2707 2546 et
2744 2477 3192 2547 struthiones:

665 2567 828 2656 quia
874 2567 1031 2636 dedi
1075 2569 1141 2635 in
1174 2568 1425 2637 deserto
1473 2591 1710 2658 aquas,
1778 2567 2033 2636 lumina
2075 2591 2143 2636 m
2177 2569 2375 2649 invio,
2408 2578 2483 2637 ut
2531 2568 2761 2636 darem
2796 2576 3049 2656 potum
3085 2591 3199 2658 po-

652 2658 823 2747 pulo
868 2679 1031 2736 mec,
1101 2660 1302 2725 electo
1364 2679 1504 2727 meo
1570 2657 1782 2746 (Psa.
1848 2656 2047 2744 xmu).
2105 2655 2277 2739 Quid
2348 2657 2528 2726 enim
2596 2653 2812 2725 bestia
2865 2654 3026 2725 desi
3091 2671 3198 2725 nat

663 2745 833 2836 agri,
891 2745 1023 2814 nisi
1072 2744 1513 2835 gentilitatem
1564 2745 1801 2832 utique
1872 2745 2152 2814 rationis
2199 2749 2583 2833 expertem?
2623 2742 2795 2828 Quid
2853 2766 2982 2833 per
3096 2769 3198 2814 ra-

661 2856 888 2916 cones,
947 2834 1080 2904 nisi
1129 2833 1493 2904 malitiosi?
1538 2834 1712 2917 Quid
1791 2857 1943 2904 vero
1994 2856 2110 2924 per
2181 2834 2633 2914 struthioneS,
2705 2832 2822 2920 qui
2905 2836 3200 2921 pennati

660 2936 841 3004 sunt,
897 2923 1010 2992 sed
1064 2922 1289 2993 volare
1339 2935 1706 3010 nequeunt,
1768 2922 1893 2991 nisi
1929 2923 2322 3023 hypocritae
2354 2921 2794 3024 figurantur?
2838 2925 2992 2992 Hae
3037 2945 3200 3013 ergo

658 3012 912 3083 bestiae
961 3018 1169 3082 Deum
1213 3011 1619 3103 glorificant,
1681 3012 1843 3081 dum
1897 3012 2201 3082 Christus
2250 3012 2486 3102 gentili
2540 3010 2814 3101 populo,
2882 3014 3016 3098 qui
3088 3013 3201 3082 de-

661 3116 881 3172 sertus
928 3115 1071 3171 erat
1111 3114 1175 3171 et
1222 3102 1471 3182 inviu5‚
1524 3101 1960 3172 exuberantis
2008 3101 2353 3191 Evangelii
2393 3102 2590 3171 verba
2631 3098 2986 3190 propinat.

742 3193 778 3276 ἓ
829 3195 915 3262 92.
971 3190 1285 3279 Scyphus
1333 3192 1558 3277 itaque
1604 3190 2046 3280 Evangelicae
2080 3190 2626 3280 praedicationiS,
2681 3187 2749 3257 in
2815 3189 3197 3278 Benjamin

656 3278 857 3347 datus
896 3293 995 3348 est
1029 3279 1260 3360 Paulo,
1315 3292 1389 3348 ut
1438 3280 1583 3368 ipse
1630 3280 1972 3350 desertum
2016 3279 2412 3368 gentilitatis
2457 3276 2842 3369 specialiter
2891 3278 3196 3350 excolat.

654 3380 720 3436 et
765 3366 1113 3436 ariditates
1159 3368 1310 3454 ejus
1361 3367 1548 3458 largo
1601 3382 1873 3438 sanctae
1937 3367 2460 3459 praedicationis
2512 3367 2730 3438 imbre
2783 3367 3200 3458 perfundat.

656 3460 747 3525 De
800 3476 937 3542 quo
985 3456 1243 3527 scilicet
1290 3455 1508 3526 imbre
1556 3458 1887 3547 scriptum
1937 3470 2073 3526 est:
2127 3460 2257 3540 Qua·
2299 3460 2508 3548 operit
2564 3460 2815 3528 coela-m
2866 3459 3198 3528 nubibus
3279 3517 3280 3544 ἶ

655 3556 717 3612 et
760 3553 963 3635 parat
1003 3556 1221 3615 terrae
1264 3549 1570 3636 pluviam
1615 3548 1827 3637 (Psal.
1876 3546 2054 3635 ⁴46).
2102 3547 2291 3616 Unde
2338 3546 2577 3637 etipse
2624 3546 2907 3621 Paulus,
3009 3548 3094 3618 ui
3134 3569 3208 3615 se.

654 3633 1076 3723 Apostolum,
1115 3646 1179 3703 et
1219 3635 1620 3725 magistrum
1676 3635 1982 3726 gentium
2030 3657 2178 3705 esse
2239 3647 2543 3715 testatur,
2598 3636 2692 3705 ait
2729 3635 2812 3703 ad
2860 3640 2956 3704 Ga
3002 3650 3198 3707 atas:

656 3728 817 3793 Cum
850 3725 1191 3804 vidissent,
1236 3726 1411 3815 quod
1448 3726 1772 3794 creditam
1805 3735 1898 3794 est
1938 3726 2110 3794 mihi
2134 3727 2579 3816 Evanyelz'um
2602 3727 2985 3815 praeputii,
3023 3728 3206 3795 sieut

650 3824 712 3882 et
750 3819 942 3884 Petro
990 3815 1532 3883 circumcisiones.
1589 3816 1719 3897 Qui
1762 3815 1935 3883 enim
1982 3826 2289 3905 operatus
2337 3825 2430 3884 est
2478 3820 2667 3884 Petro
2717 3817 2788 3882 in
2821 3818 3202 3902 Apostolo-

649 3914 787 3972 tum
837 3905 1376 3983 circmncz'szbmk,
1447 3913 1757 3993 operatus
1805 3914 1897 3972 est
1946 3914 2006 3972 el
2065 3905 2235 3972 mihi
2296 3906 2465 3973 inter
2543 3910 2775 3973 Gentes
2818 3904 3026 3993 (Gal.
3100 3903 3200 3992 ιι).

650 3993 773 4061 Ubi
816 3985 1219 4074 notandum,
1273 4004 1524 4079 quanta
1592 3992 1769 4062 beati
1843 3992 2032 4061 Pauli
2080 3992 2404 4082 dignitas,
2456 4005 2713 4080 quanta
2779 3993 2872 4062 sit
2932 3993 3204 4084 gloria.

642 4081 980 4150 Nimirum
1030 4082 1149 4169 qui
1200 4083 1476 4151 beatum
1528 4086 1796 4151 Petrum
1847 4094 1912 4150 et
1960 4094 2258 4151 caeteros
2326 4080 2676 4171 Apostolos
2739 4079 2986 4153 adhuc
3051 4105 3208 4174 pas-

644 4168 867 4239 sibilis
896 4193 974 4240 ac
1013 4170 1318 4239 mortalis
1350 4170 1642 4251 edocuit,
1685 4171 1829 4260 ipse
1882 4170 2193 4251 Paulum,
2227 4170 2372 4257 jam
2410 4168 2837 4260 glorificatus
2872 4185 2942 4241 et
2977 4193 3210 4264 super

643 4258 934 4348 Angelos
963 4260 1319 4342 exaltatus,
1357 4259 1699 4330 instruxit.
1731 4258 2047 4348 Magister
2079 4257 2549 4350 Apostolorum
2585 4257 2803 4329 extitit
2836 4259 3209 4334 Christus.

640 4368 800 4416 cum
850 4347 1212 4418 hominurn
1248 4347 1628 4438 subjaceret
1669 4348 1977 4436 injuriis;
2032 4350 2321 4419 Paulum
2364 4349 2605 4417 docere
2656 4367 2791 4416 non
2845 4347 3028 4420 ded·

640 4447 751 4506 tus
780 4450 902 4520 est,
957 4459 1116 4509 cum
1157 4437 1302 4525 jam
1354 4449 1681 4508 virtutum
1731 4436 2126 4509 coelestium
2181 4436 2549 4508 vallaretur
2579 4435 2978 4525 obsequiis.
