3347 4999
180 274 369 339 OCT.
428 273 508 337 ‘to
975 291 1053 337 nt:
1102 290 1156 337 S.
1213 289 1481 337 murino
1531 286 1732 338 Erisc.
1785 290 1967 337 enon.
2527 273 2642 338 331

180 376 376 446 dona
426 374 602 445 valet
639 373 957 443 tribuere.
997 373 1189 447 Unde
1211 396 1526 464 suggero,
1570 379 1730 454 Rex,
1774 389 1847 443 ut
1880 373 2134 464 templa
2162 386 2227 443 et
2261 373 2527 456 altaria,
2565 398 2741 463 quae

179 466 344 535 sine
393 462 618 534 fructu
668 463 985 533 utilitatis
1018 462 1471 542 sacravimuS,
1515 484 1732 551 ocyus
1767 463 2183 532 anathemati
2215 475 2278 533 et
2316 464 2458 554 igni
2517 464 2745 535 trada-

187 575 383 623 mus,
419 574 454 619 ν)
496 551 669 635 Quid
719 551 961 641 plura?
998 551 1318 622 Praebuit
1352 551 1574 640 palam
1609 573 1970 621 assensum
2007 551 2521 641 evangelizandi
2545 554 2740 623 beato

178 641 481 713 Paulino
503 647 660 720 Rex,
684 654 770 721 et,
812 639 1306 711 abrenunciata
1341 640 1750 720 idololatria,
1786 640 1992 709 fldem
2023 661 2093 711 se
2125 641 2370 709 Christi
2390 643 2743 732 suscipere

184 730 555 802 confessus
603 741 726 799 est.

286 823 322 907 ξ
369 824 511 892 14.
554 825 862 905 Cumque
908 840 947 887 a
1001 817 1299 907 praefato
1349 817 1675 888 Pontifice
1708 838 2061 888 sacrorum
2116 838 2400 887 suorum
2455 840 2745 905 quaere-

183 922 319 988 ret,
356 908 514 995 quis
556 929 710 977 aras
742 919 805 977 et
852 906 1010 976 fana
1047 906 1387 977 idolorum
1430 930 1590 977 cum
1623 907 1854 997 septis,
1909 905 2167 992 quibus
2200 918 2395 975 erant
2442 907 2743 977 circum-

187 997 380 1077 data,
423 996 688 1087 primus
758 996 1117 1085 profanare
1171 996 1467 1077 deberet;
1501 996 1616 1065 ille
1657 995 2043 1087 respondit:
2083 999 2304 1087 «Ego.
2347 996 2515 1078 Quis
2556 995 2744 1065 enim

149 1109 301 1166 ea,
358 1107 535 1173 quae
601 1106 720 1175 per
766 1084 1125 1155 stultitiam
1198 1085 1428 1166 colui,
1483 1085 1568 1154 ad
1633 1084 2028 1174 exemplum
2078 1085 2394 1154 omnium
2461 1084 2738 1175 aptiuS,

187 1197 406 1262 quam
447 1176 593 1264 ipse
642 1195 763 1263 per
802 1174 1210 1264 sapientiam
1249 1174 1414 1244 mihi
1449 1197 1484 1242 a
1543 1179 1669 1244 Deo
1707 1195 1862 1244 vero
1890 1174 2213 1244 donatam
2265 1172 2676 1244 destruam?
2706 1196 2742 1240 »

190 1264 601 1349 Statimque,
634 1263 897 1353 abjecta
933 1262 1419 1353 superstitione
1447 1263 1787 1343 vanitati5‚
1814 1262 2078 1353 rogavit
2107 1262 2239 1331 sibi
2271 1266 2521 1351 Regem
2551 1284 2744 1332 arma

187 1352 385 1431 dare,
423 1368 774 1437 et-equum
809 1351 1276 1432 emissarium,
1313 1373 1514 1439 quem
1553 1351 1958 1431 ascendens,
1994 1350 2079 1420 ad
2117 1350 2299 1419 idola
2326 1350 2746 1421 destruenda

187 1442 477 1511 veniret.
529 1445 674 1510 Non
714 1440 898 1510 enim
954 1441 1244 1511 licuerat
1292 1440 1689 1511 Pontificem
1726 1462 2081 1510 sacrorum
2133 1439 2232 1509 vel
2282 1461 2477 1508 arma
2543 1439 2739 1520 ferre,

190 1530 301 1599 vel
355 1531 423 1599 in
481 1551 658 1616 equo
706 1529 963 1599 sedere.
1018 1529 1378 1600 Accinctus
1447 1551 1608 1619 ergo
1662 1529 1928 1620 gladio,
1982 1529 2247 1618 accepit
2310 1527 2617 1597 lanceam
2674 1529 2741 1596 in

193 1640 438 1700 manu,
493 1632 558 1687 et
590 1617 970 1687 ascendens
1017 1618 1454 1687 emissarium
1498 1619 1728 1708 Regis,
1786 1617 2127 1709 pergebat.
2165 1615 2249 1686 ad
2304 1615 2511 1686 idola.
2550 1616 2747 1700 Quod

188 1707 593 1797 adspiciens
626 1706 901 1796 vulguS‚
939 1707 1372 1776 existimabat
1401 1728 1561 1776 eum
1589 1707 1920 1777 insanire.
1958 1711 2088 1776 Nec
2116 1704 2383 1777 distulit
2416 1705 2530 1775 ille
2564 1729 2741 1791 mox,

193 1811 275 1866 ut
324 1795 781 1887 appropiabat
818 1795 901 1864 ad
944 1794 1210 1876 fanum,
1267 1794 1628 1887 profanare
1681 1794 1879 1877 illud,
1935 1796 2185 1885 injecta
2233 1795 2301 1864 in
2353 1817 2432 1864 eo
2480 1794 2743 1875 lancea,

193 1907 408 1972 quam
466 1884 758 1964 tenebat;
817 1884 1252 1971 multumque
1300 1885 1578 1975 gavisus
1626 1883 1711 1955 de
1741 1884 2092 1975 agnitione
2133 1884 2271 1953 veri
2323 1883 2436 1953 Dei
2487 1883 2743 1964 cultus,

189 1974 409 2065 jussit
457 1974 661 2043 sociis
710 1973 1084 2053 destruere,
1149 1996 1228 2043 ac
1278 1973 1698 2043 succendere
1745 1973 1983 2043 fanum
2036 1994 2193 2042 cum
2245 1973 2571 2042 omnibus
2641 1994 2747 2042 se-

253 2064 338 2131 tis
401 2064 570 2131 suis.
627 2061 1022 2132 Ostenditur
1060 2075 1284 2131 autem
1340 2062 1532 2132 locus
1579 2061 1698 2132 ille
1743 2061 2093 2149 quondam
2148 2061 2486 2132 idolorum
2523 2116 2538 2142 ,
2609 2082 2745 2130 non

198 2085 406 2241 Fonge
446 2151 532 2220 ab
583 2151 883 2220 Eboraco
929 2151 985 2231 ⁴¹,
1040 2150 1122 2219 ad
1159 2150 1499 2222 Orientem
1552 2150 1736 2221 ultra
1781 2172 2056 2219 amnem
2099 2154 2643 2230 Dorventionem,
2682 2162 2747 2219 et

196 2256 483 2310 vocatur
532 2238 733 2309 bodie
799 2239 1218 2309 Gotmundin
1271 2240 1552 2323 Gahan;
1603 2240 1723 2309 ubi
1791 2238 2097 2309 Pontifex
2146 2238 2292 2319 ille,
2367 2239 2747 2329 inspirante

203 2334 336 2398 Deo
393 2350 573 2407 vero,
631 2327 872 2416 polluit
921 2350 1000 2398 ac
1047 2327 1379 2398 destruxit
1423 2351 1585 2409 eas,
1639 2351 1815 2416 quas
1885 2334 2032 2418 ipse
2097 2342 2506 2407 sacraverat,
2559 2350 2738 2398 aras.

203 2418 426 2508 Igitur
479 2417 743 2507 accepit
783 2421 921 2486 Rex
968 2418 1304 2499 EduinuS,
1367 2439 1523 2486 cum
1575 2417 1847 2487 cunctis
1894 2416 2117 2507 gentis
2164 2439 2331 2487 suae
2393 2415 2745 2487 nobilibus

202 2523 282 2575 ac
321 2505 515 2595 plebe
565 2505 1015 2596 perplurima,
1070 2506 1275 2575 fidem
1327 2519 1391 2575 et
1444 2506 1792 2577 lavacrum
1859 2519 2136 2576 sanctae
2185 2506 2740 2596 regenerationis,

202 2617 389 2664 anno
439 2596 632 2684 regni
674 2594 780 2665 sui
817 2594 1210 2676 undecimo,
1246 2595 1367 2682 qui
1413 2607 1515 2666 est
1546 2618 1777 2665 annus
1813 2596 2204 2665 Dominicae
2252 2596 2747 2665 incarnationis

201 2684 740 2754 sexcentesimus
791 2684 1167 2775 vigesimus
1223 2682 1600 2774 septimus:
1669 2685 1759 2755 ab
1807 2684 2106 2755 adventu
2153 2706 2310 2754 vero
2368 2683 2742 2774 Anglorum

201 2773 273 2841 in
327 2773 780 2852 Britanniam,
834 2794 1017 2842 anno
1049 2772 1321 2842 circiter
1350 2774 1724 2843 centesimo
1750 2774 2191 2863 octogesimo.
2226 2774 2615 2860 Baptizatus
2645 2784 2746 2841 est

202 2875 430 2931 autem
482 2863 769 2932 Eboraci
803 2861 914 2930 die
955 2875 1191 2932 sancto
1240 2861 1561 2945 Paschae,
1670 2863 1840 2932 ridie
1881 2863 2133 2933 Iduum
2168 2862 2443 2952 Aprilis,
2498 2861 2568 2929 in
2623 2865 2747 2930 Ec-

198 2949 406 3019 clesia
443 2951 661 3020 sancti
712 2949 888 3020 Petr'i
936 2949 1261 3039 Apostoli,
1317 2973 1525 3037 quam
1565 2952 1586 3020 i
1639 2973 1747 3021 em
1782 2952 1929 3052 ipse
1978 2951 2062 3021 de
2102 2950 2315 3040 lign0,
2368 2971 2529 3020 cum
2565 2962 2748 3019 cate-

200 3039 609 3120 chizaretur,
655 3053 859 3127 atque
906 3039 993 3109 ad
1063 3040 1581 3129 percipiendum
1630 3045 1979 3130 Baptisma
2042 3039 2488 3120 imbueretur,
2541 3038 2746 3108 citato

200 3149 427 3214 opere,
479 3129 882 3198 construxit.
923 3133 998 3199 In
1034 3150 1175 3215 qua
1220 3129 1422 3198 etiam
1474 3128 1745 3198 civitate
1805 3128 1942 3218 ipsi
1987 3127 2251 3198 doctori
2306 3139 2511 3215 atque
2569 3127 2747 3196 anti-

199 3216 337 3286 stiti
386 3216 674 3286 Paulino
706 3217 934 3286 sedem
987 3217 1438 3307 Episcopatus
1469 3217 1771 3288 donavit.

287 3308 322 3392 ἓ
372 3310 511 3376 15.
571 3310 715 3375 Mox
763 3320 990 3376 autem
1020 3361 1036 3388 ,
1091 3321 1165 3375 ut
1216 3305 1558 3394 baptisma
1604 3316 2018 3376 consecutus
2065 3318 2215 3386 est,
2268 3305 2572 3387 curavit,
2625 3303 2745 3373 do-

200 3407 395 3463 cente
441 3393 677 3463 eodem
738 3394 1050 3475 Paulino,
1118 3396 1444 3484 maj0rem
1496 3395 1648 3485 ipso
1697 3395 1768 3464 in
1832 3394 1978 3465 loco
2024 3408 2089 3465 et
2137 3396 2608 3485 augustiorem
2657 3391 2743 3462 de

202 3481 432 3572 lapide
478 3481 812 3553 fabricare
871 3483 1256 3564 basilicam,
1313 3484 1380 3552 in
1439 3483 1646 3572 ‘cujus
1697 3483 1922 3553 medio
1973 3484 2229 3574 ipsum,
2345 3483 2477 3554 uod
2548 3480 2744 3572 prius

201 3570 472 3649 fecerat,
517 3572 892 3641 oratorium
945 3571 1438 3643 includeretur.
1484 3573 1912 3663 Praeparatis
1960 3595 2036 3642 er
2084 3595 2123 3642 o
2171 3505 2641 3643 fundamentis
2676 3570 2745 3639 in

245 3682 366 3750 yro
417 3659 664 3749 prioris
737 3661 1015 3730 oratorii
1071 3681 1188 3750 per
1246 3659 1592 3748 quadrum
1662 3663 1887 3751 coepit
1935 3683 2013 3732 ae
2066 3660 2301 3731 ificare
2347 3659 2738 3731 basilicam.

200 3683 326 3819 {ed
379 3749 781 3839 priusquam
827 3748 1116 3819 altitudo
1156 3749 1434 3838 parietis
1480 3762 1659 3818 esset
1708 3755 2214 3829 consummata,
2259 3755 2396 3820 Rex
2431 3750 2577 3850 ipse
2613 3748 2745 3816 im-

201 3838 312 3928 pia
356 3858 516 3907 nece
542 3837 833 3920 occisuS,
867 3859 1043 3926 opus
1094 3837 1273 3906 idem
1304 3838 1685 3909 successori
1730 3861 1856 3909 suo
1889 3838 2205 3911 Oswaldo
2244 3836 2743 3928 perficiendum

206 3927 498 4013 reliquit.
545 3925 878 3995 Paulinus
922 3939 1148 3996 autem
1212 3948 1291 3996 ex
1339 3947 1418 3996 eo
1461 3940 1765 4016 tempore
1815 3950 1929 4000 sex
1985 3927 2190 3997 annis
2237 3927 2614 4006 continuiS,
2673 3924 2744 3993 id

200 4030 320 4095 est,
376 4036 594 4101 usque
640 4014 724 4083 ad
764 4015 970 4083 finem
1008 4015 1280 4104 imperii
1330 4015 1537 4106 Regis
1585 4016 1777 4085 illius
1810 4072 1825 4097 ,
1872 4019 2156 4087 verbum
2207 4015 2353 4096 Dei,
2399 4025 2749 4085 annuente

203 4124 277 4171 ac
308 4103 572 4172 favente
621 4104 792 4194 ipso,
845 4104 914 4172 in
948 4126 1027 4173 ea
1066 4104 1414 4193 provincia
1467 4105 1931 4193 praedicabam
1985 4103 2490 4191 credebantque
2523 4117 2588 4173 et
2629 4103 2750 4173 ba-

205 4190 654 4281 ptizabantur,
708 4206 1042 4279 quotquot
1088 4207 1282 4263 erant
1334 4192 1797 4279 praeordinati
1846 4195 1930 4264 ad
1982 4195 2187 4263 vitam
2242 4205 2615 4263 aeternam.
2666 4197 2743 4261 In

203 4280 455 4366 quibus
487 4294 680 4350 erant
712 4280 1026 4353 Osfridus
1073 4294 1138 4351 et
1185 4280 1574 4362 Eadfridus,
1631 4281 1756 4351 filii
1807 4283 2011 4376 Regis
2048 4282 2324 4360 Eduini,
2379 4282 2497 4369 qui
2543 4280 2746 4351 ambo

253 4405 278 4433 ⁸²
305 4405 511 4454 anglice,
529 4409 668 4454 York.
685 4409 880 4458 angliae
899 4409 1105 4450 secunde
1125 4406 1418 4459 metropolin.
