3347 4999
731 359 859 423 676
1349 371 1428 419 mi
1473 372 1529 419 s.
1584 368 1900 420 mommo
1948 372 2207 420 nonnum
2255 372 2452 422 msc.
2864 354 3046 421 OCT.
3102 357 3191 422 24

642 461 827 548 quod
894 459 1084 550 agis,
1138 477 1419 548 operare
1480 454 1661 542 quod
1730 478 1770 525 o
1822 457 2078 525 eraris:
2134 478 2257 526 nec
2319 456 2592 527 dubites
2659 478 2905 527 nomen
2976 470 3190 527 tuum

645 550 977 639 scriptum
1018 549 1085 616 in
1123 547 1296 616 libro
1325 544 1636 615 coelestis
1670 544 1763 613 mi
1800 545 1979 614 itiae.
2020 546 2252 615 Visum
2281 558 2382 614 est
2412 545 2782 624 Altissimo,
2813 547 3020 636 cujus
3066 568 3191 616 vo-

648 639 893 708 luntati
942 638 1030 707 ab
1070 637 1349 705 ineunte
1383 646 1595 702 aetate
1627 633 1809 703 haud
1842 635 2142 724 segniter
2188 634 2701 725 obtemperasti,
2734 634 3020 724 dignam
3071 650 3194 705 tuo

644 726 1017 797 certamine
1088 723 1468 794 mercedem
1521 722 1645 791 tibi
1709 724 1777 791 in
1844 722 2054 792 coelis
2119 725 2495 793 restituere.
2559 747 2595 791 »
2639 723 2939 795 Audiens
3013 724 3192 794 haec

646 814 1037 907 Maglorius‚
1108 814 1350 891 laetus,
1403 812 1684 897 quidem
1735 833 1815 880 ex
1876 812 2352 901 promissione,
2407 811 2522 882 sed
2574 814 2876 882 incertus
2928 811 3020 882 de
3086 815 3192 881 vi-

643 906 858 984 sione,
912 904 1264 972 certiorem
1330 899 1617 981 efficere,
1672 900 1782 969 his
1831 913 2065 988 terque
2114 923 2238 970 sua
2298 903 2501 971 verba
2567 902 2872 1002 repetiit,
2931 903 3030 972 ita
3081 902 3191 970 di-

642 1015 843 1063 cens:
898 1015 933 1058 «
972 991 1148 1062 Nihil
1218 990 1511 1060 haesites
1564 989 1648 1058 de
1695 989 1824 1058 hac
1889 990 2170 1070 visione,
2228 989 2533 1091 Maglori.
2589 995 2777 1060 Sicut
2822 991 3012 1059 enim
3059 1013 3190 1082 ego

643 1106 796 1153 sum
842 1102 961 1172 per
1014 1093 1216 1150 etuus
1266 1078 1575 1147 minister
1621 1099 1935 1147 summae
1988 1078 2307 1158 veritatis,
2348 1090 2439 1148 ita
2479 1079 2727 1169 legatio
2758 1101 2908 1149 mea
2949 1081 3190 1149 omnis

644 1171 849 1262 plane
896 1169 957 1238 {a
994 1170 1212 1240 sitatis
1258 1188 1498 1257 expers
1544 1179 1667 1236 cst.
1712 1167 2097 1237 certissime
2153 1167 2366 1257 igitur
2426 1169 2775 1237 annuncio
2819 1168 2971 1248 tibi,
3027 1190 3186 1254 pro-

645 1261 911 1350 pediem
964 1271 1027 1327 te
1073 1278 1230 1327 cum
1282 1256 1537 1347 insigni
1590 1278 1669 1324 ex
1720 1256 1909 1326 hoste
1957 1268 2296 1346 reportata
2346 1256 2621 1326 victoria
2670 1270 2734 1327 et
2789 1257 3178 1346 triumpho,

642 1371 680 1419 e
727 1370 844 1418 cor
896 1369 1009 1417 ore
1050 1347 1505 1437 migraturum
1545 1344 1612 1412 in
1662 1344 1910 1425 coeloS,
1944 1358 2008 1412 et
2043 1357 2465 1435 praesentem
2521 1345 2632 1415 Dei
2685 1345 2948 1414 vultum
3006 1348 3190 1416 inter

644 1438 801 1508 illos
848 1370 1083 1507 gemae
1131 1434 1389 1525 patriae
1418 1433 1599 1502 cives
1638 1433 1787 1502 sine
1818 1432 1952 1502 fine
1975 1433 2487 1520 jucundissime
2535 1445 3110 1524 conspecturum.
3149 1460 3182 1500 D

643 1532 813 1596 Tum
868 1548 1021 1594 vero
1057 1526 1295 1594 beatus
1345 1521 1716 1614 Maglorius
1766 1522 2026 1624 rogavit
2082 1533 2394 1591 sanctum
2445 1522 2803 1614 Angelum,
2852 1536 2932 1592 ut
2979 1537 3182 1593 ante-

642 1636 850 1703 quam
920 1612 1336 1693 discederet,
1413 1611 1670 1702 largam
1744 1611 1875 1700 ipsi
1946 1610 2326 1699 impertiret
2394 1610 2970 1681 benedictionem.
3057 1613 3186 1682 Sed

642 1702 941 1794 Angelus
1002 1700 1389 1792 respondit:
1452 1727 1473 1760 α
1516 1705 1824 1782 Quonam
1891 1698 2093 1769 modo
2162 1721 2287 1790 ego
2353 1700 2469 1768 tibi
2546 1701 2980 1780 benedicam,
3074 1704 3184 1771 cui

643 1792 986 1862 benedixit
1027 1792 1107 1870 is,
1161 1813 1202 1860 a
1248 1811 1383 1876 quo
1433 1789 1655 1857 Sancti
1691 1809 1930 1857 omnes
1968 1787 2309 1858 benedicti
2342 1800 2405 1857 et
2446 1790 2852 1858 sanctificati
2901 1795 3122 1859 sunt?
3163 1821 3184 1850 ·

646 1886 858 1967 Atque
911 1882 1003 1949 ita
1064 1893 1213 1969 post
1263 1890 1568 1947 mutuam
1623 1876 2126 1959 salutationem,
2194 1876 2514 1968 AngeluS,
2569 1901 2728 1948 cum
2799 1878 3027 1949 multo
3085 1880 3190 1949 lu-

644 1971 828 2040 mine
879 1969 1151 2040 recessit
1198 1967 1282 2036 ad
1336 1986 1644 2056 superos:
1694 1986 1893 2055 porro
1926 1965 2319 2056 MagloriuS‚
2367 1966 2465 2035 uti
2518 1980 2855 2058 coeperat,
2904 1981 3185 2037 noctem

644 2059 839 2128 duxit
878 2056 1306 2149 pervigilem.

734 2156 771 2229 ἓ
820 2153 952 2220 11.
1006 2150 1161 2214 Post
1224 2143 1372 2228 dies
1445 2165 1698 2234 paucos
1770 2164 2011 2212 rursus
2057 2143 2117 2212 ei
2180 2166 2522 2235 apparens
2581 2144 2902 2235 AngeluS,
2967 2146 3192 2234 jussit

642 2257 800 2305 eum
845 2234 928 2303 de
969 2256 1094 2304 suo
1139 2233 1331 2302 obitu
1378 2254 1524 2301 esse
1574 2253 1920 2312 securum,
1950 2231 2145 2300 'dixit
2193 2256 2280 2302 ue
2324 2233 2411 2312 ei,
2464 2232 2648 2320 quod
2699 2234 2784 2303 ob
2832 2247 3190 2305 servatam

642 2325 872 2393 carnis
922 2322 1374 2413 integritatem
1426 2320 1874 2389 centesimum
1928 2321 1997 2389 in
2052 2343 2170 2391 coe
2202 2323 2259 2390 is
2306 2320 2608 2391 fructum
2684 2335 2860 2392 esset
2939 2345 3189 2412 peree-

643 2426 915 2504 pturus.
948 2409 1253 2480 Tradidit
1276 2409 1479 2478 etiam
1507 2409 1567 2477 ei
1604 2421 1956 2495 tamquam
1985 2410 2167 2479 brevi
2205 2411 2532 2480 morituro
2569 2412 2920 2479 viaticum.
2964 2417 3192 2502 Atque

643 2501 730 2571 ab
781 2501 895 2571 illo
930 2499 1039 2571 die
1079 2499 1161 2569 de
1193 2520 1317 2568 suo
1350 2498 1540 2568 obitu
1574 2496 1933 2579 sollicituS‚
1972 2498 2104 2568 nisi
2143 2521 2354 2570 causa
2387 2499 2800 2570 inevitabilis
2832 2513 2901 2570 et
2939 2505 3195 2573 multis

642 2590 1002 2749 Erofutura
1034 2588 1321 2667 adesset,
1358 2609 1576 2675 usque
1608 2586 1695 2656 ad
1730 2587 1910 2657 diem
1955 2589 2326 2659 vocationis
2374 2611 2537 2658 suae
2578 2611 2849 2679 semper
2890 2611 3189 2662 versum

695 2701 830 2748 unc
891 2700 1009 2749 ore
1073 2678 1444 2769 repetebat:
1503 2682 1711 2745 Unam
1755 2680 1929 2768 petii
1972 2700 2014 2745 a
2061 2680 2373 2759 Domino,
2432 2679 2604 2747 hanc
2658 2681 3016 2769 requiram
3048 2736 3066 2762 ,
3125 2694 3196 2751 ut

643 2769 1006 2837 inhabitem
1044 2769 1116 2836 in
1164 2767 1350 2834 domo
1397 2767 1665 2835 Domini
1708 2768 2008 2835 omnibus
2055 2766 2284 2835 diebus
2330 2769 2510 2837 vitae
2554 2789 2743 2837 meae
2772 2767 3002 2857 (Psal.
3045 2773 3192 2873 QGJ:

643 2879 768 2951 nec
817 2878 1125 2944 unquam
1164 2855 1350 2924 visus
1384 2867 1484 2924 est
1514 2877 1551 2923 a
1587 2854 1843 2944 templo
1879 2854 2211 2924 recedere.
2246 2855 2541 2924 Tandem
2580 2855 2846 2947 expleto
2878 2856 3194 2930 labentis

645 2946 817 3015 vitae
849 2967 1084 3026 cursu,
1138 2944 1465 3014 fratribus
1515 2942 1922 3021 valedicens,
1957 2955 2021 3011 et
2067 2944 2493 3033 inter-verba
2535 2956 2812 3014 sanctae
2860 2947 3196 3019 exhorta-

642 3034 849 3103 tionis
877 3034 1182 3103 animam
1222 3032 1566 3122 expirans,
1605 3030 1787 3100 felici
1826 3033 2231 3122 migratione
2270 3033 2575 3122 pervenit
2622 3033 2705 3102 ad
2740 3033 3109 3107 Christum
3136 3040 3191 3105 *.

644 3123 807 3213 Ejus
871 3123 981 3213 pia
1031 3122 1425 3192 intercessio
1474 3120 1675 3190 nobis
1721 3121 2021 3191 obtineat
2090 3122 2358 3191 veniam
2423 3134 2900 3213 peccatorum,
2982 3128 3192 3217 cujus

640 3224 744 3280 est
794 3212 1088 3301 pretiosa
1136 3232 1319 3279 mors
1382 3211 1447 3279 in
1490 3224 1862 3300 conspectu
1921 3211 2213 3291 Domini,
2260 3211 2376 3298 qui
2441 3212 2603 3280 vivit
2649 3223 2714 3280 et
2764 3226 3016 3304 regnat
3075 3238 3194 3306 per

645 3299 916 3369 infinita
964 3299 1197 3369 secula
1229 3299 1644 3379 seculorum,
1691 3302 1923 3368 Amen.

660 3512 661 3515 ¹
697 3498 723 3523 ⁸
750 3495 1022 3536 Beatissimi
1047 3493 1261 3545 Hagion-ii
1294 3496 1505 3539 exuviae.
1531 3504 1652 3536 anno
1684 3497 1776 3541 963,
1801 3497 1911 3536 dum
1937 3494 2193 3536 Not-manni
2212 3497 2261 3536 in
2281 3493 2436 3537 Gallia
2454 3497 2612 3537 omnin
2633 3498 2727 3537 iate
2747 3499 3018 3545 vastarent..
3040 3503 3192 3543 dirue·

644 3553 859 3600 remque.
884 3550 1105 3595 Parisios,
1130 3551 1211 3589 ubi
1241 3548 1383 3591 etiam
1411 3559 1535 3590 nunc
1568 3551 1618 3590 in
1642 3551 1850 3590 Ecclesia
1869 3550 1914 3590 8.
1934 3550 2096 3591 διοοὴί
2116 3552 2175 3591 de
2193 3551 2301 3592 Alto
2320 3552 2468 3592 Puau
2485 3552 2545 3600 (S.
2563 3550 3196 3608 Juque-amHm-petffiss

638 3605 892 3645 devotione
911 3604 1147 3649 coluntur,
1163 3604 1419 3645 transsatae
1439 3604 1587 3644 inere.
