3347 4999
285 319 462 385 OCT.
519 319 558 382 6
799 335 877 381 on:
924 334 980 382 s.
1034 335 1327 383 sanson
1375 334 1885 383 cAnTuthmNon.
1940 334 2334 383 PArmAiian
2619 321 2748 385 2¹5

291 422 549 512 pariter
587 419 1082 497 consedissent,
1121 441 1401 488 causam
1439 420 1774 488 adventus
1821 440 2054 494 eorum
2093 418 2459 510 diligenter
2505 420 2837 509 inquirit„

292 515 584 581 Sanctus
620 513 869 588 Bruno,
912 507 1076 594 quid
1122 508 1401 577 Parisiis
1452 509 1782 578 vidissent
1830 520 1894 576 et
1941 507 2346 588 audiissent,
2400 523 2466 579 et
2504 511 2840 597 quemad-

294 598 576 668 modum
617 597 749 687 ipsi
796 598 971 665 inter
1004 619 1074 666 se
1114 596 1198 665 de
1231 597 1363 665 vita
1405 597 1709 666 solitaria
1743 595 2258 684 complectenda
2300 611 2531 668 sancte
2563 599 2841 689 conspi-

290 700 581 768 rassent,
626 685 926 776 exponit,
981 699 1046 755 et
1097 685 1320 755 locum
1375 685 1833 776 poenitentiae
1878 697 2116 774 aptum
2156 686 2319 774 petit
2352 688 2439 755 ab
2475 689 2833 778 Episcopo.

289 782 365 846 At
418 776 530 844 ille
567 798 728 866 prae
771 775 864 843 rei
903 775 1196 844 novitate
1234 775 1534 863 primum
1570 774 2040 863 obstupescit;
2094 774 2208 841 sed
2263 786 2486 843 tamen
2521 790 2841 846 accurate

289 865 769 955 contemplans
804 885 1038 933 eorum
1080 864 1625 943 conversionem,
1667 863 1883 931 animi
1932 863 2413 943 constantiam,
2453 863 2650 932 ardui
2688 886 2841 954 pro-

294 955 519 1043 positi,
561 953 880 1043 pluribus
918 951 1334 1038 quandoque
1377 952 1740 1041 profuturi,
1772 964 1838 1020 et
1874 950 2115 1019 visioni
2145 973 2308 1020 suae
2342 954 2841 1022 accommodati

295 1064 616 1111 inan-nam
673 1041 1061 1121 utilitatem,
1118 1063 1278 1110 cum
1332 1042 1592 1132 ingenti
1645 1039 1900 1131 gaudio
1947 1061 2065 1108 eos
2104 1040 2558 1130 amplexatur,
2602 1054 2668 1111 et
2703 1063 2835 1111 non

295 1153 406 1200 mo
460 1153 497 1200 o
551 1131 862 1211 libenter,
919 1129 1033 1199 sed
1083 1131 1286 1200 etiam
1342 1142 1725 1199 reverenter
1770 1129 2022 1217 excipit
2072 1128 2247 1210 illos,
2302 1143 2365 1198 et
2406 1143 2645 1200 tractat
2687 1152 2841 1220 per-

290 1233 606 1289 amanter
651 1242 730 1288 ac
782 1219 1098 1309 benigne.
1158 1218 1397 1288 Divino
1442 1240 1718 1305 quoque
1767 1218 2017 1308 spiritu
2063 1238 2217 1286 eum
2271 1221 2581 1299 docente,
2639 1219 2839 1289 intel-

288 1308 604 1399 ligitjam
653 1308 1006 1389 visionem,
1071 1308 1307 1394 eisque
1356 1319 1559 1377 totam
1613 1318 2131 1386 commemorat,
2202 1306 2570 1393 locumque
2628 1330 2837 1396 quern

286 1409 701 1487 expeterent,
749 1398 878 1467 sibi
926 1396 1070 1484 jam
1125 1396 1460 1465 divinitus
1507 1395 2054 1466 demonstratum
2092 1394 2282 1464 dicit.
2331 1401 2598 1486 Septem
2650 1398 2836 1465 enim

289 1487 496 1568 viros,
552 1499 820 1556 terrena
870 1498 1310 1575 respuentes,
1363 1485 1629 1555 deserta
1680 1485 1826 1554 loca
1876 1484 2327 1570 inquirenteS,
2362 1499 2428 1554 et
2466 1507 2586 1575 pro
2618 1486 2839 1555 coele-

288 1576 498 1644 stium
533 1575 897 1655 desiderio,
937 1574 1162 1643 studio
1195 1595 1276 1645 ac
1314 1595 1566 1655 amore,
1608 1574 1827 1643 instar
1860 1573 2212 1644 stellarum
2257 1573 2614 1655 micantes,
2661 1574 2834 1643 nihil

289 1665 684 1754 ambigebat
717 1664 879 1743 illis,
926 1685 1100 1749 quas
1143 1663 1421 1742 viderat,
1477 1662 1694 1732 stellis
1742 1683 1891 1732 esse
1923 1661 2337 1752 designatos.

379 1756 415 1840 ξ
464 1758 619 1824 10.
676 1757 911 1838 ltaque
963 1751 1195 1821 volens
1242 1772 1357 1822 eos
1407 1752 1660 1821 hortari
1713 1753 1798 1820 ad
1837 1752 2438 1840 perseverantiam,
2532 1774 2660 1821 uae
2691 1752 2837 1822 sola

289 1842 551 1911 obtinet
598 1853 909 1910 aeternae
949 1840 1193 1910 salutis
1240 1840 1710 1941 amplissimas
1750 1862 2038 1910 coronas
2070 1893 2084 1917 ‚
2139 1861 2218 1908 ex
2260 1844 2504 1929 Aposto
2535 1862 2575 1908 o
2627 1841 2838 1911 Paulo

291 1929 516 1997 locum
562 1928 759 1998 illum
815 1929 1117 2018 protulit,
1165 1929 1281 1998 ubi
1323 1951 1423 1998 stc
1463 1929 1594 1998 ait:
1649 1931 1904 2008 Sancti,
1959 1931 2200 2012 quibus
2247 1930 2492 2032 diqnus
2524 1953 2655 1999 non
2695 1941 2842 2000 erat

286 2018 578 2086 mundus
612 2072 626 2096 ,
682 2028 987 2108 eyenteS,
1043 2021 1444 2108 angustiati,
1503 2019 1792 2108 afflicti,
1851 2020 2260 2087 circuierunt
2304 2042 2372 2087 m
2428 2021 2714 2100 melotis,
2772 2023 2838 2088 ιή

285 2107 577 2196 pellibus
637 2109 932 2197 caprinis
962 2162 977 2187 ,
1030 2109 1101 2175 in
1154 2109 1630 2176 solitudinibus
1687 2118 1987 2176 errantes
2013 2161 2031 2186 ,
2101 2109 2169 2175 in
2216 2109 2547 2198 montibus
2594 2118 2656 2177 et
2695 2130 2841 2199 spe-

291 2197 528 2273 ἰιιηοίε,
577 2205 638 2265 et
686 2198 757 2265 in
805 2197 1107 2264 cavernis
1156 2206 1377 2266 ter-rae
1407 2197 1599 2297 (Heb.
1656 2195 1775 2284 m).
1814 2217 1850 2262 «
1879 2201 2137 2264 Horum
2192 2217 2381 2266 exem
2442 2197 2530 2277 la,
2584 2197 2834 2283 inquit,

289 2284 506 2369 sequi,
560 2297 623 2353 et
674 2285 739 2353 in
791 2305 1024 2353 eorum
1064 2285 1368 2375 vestigiis
1419 2286 1757 2363 1nsistere,
1799 2284 2148 2354 laudabile
2196 2299 2261 2354 et
2303 2307 2380 2353 va
2414 2284 2498 2353 de
2531 2285 2837 2356 salutare

288 2386 411 2451 est,
455 2373 569 2441 sed
608 2372 908 2453 difficile,
944 2387 1146 2455 certe,
1192 2373 1260 2441 in
1300 2373 1408 2442 his
1448 2374 1846 2462 praesertim
1893 2373 2292 2463 regionibus
2326 2373 2622 2464 frigidis,
2661 2396 2839 2461 quae

291 2482 424 2531 non
470 2476 630 2531 sunt
667 2476 743 2532 ut
823 2467 1164 2553 Aegyptus
1196 2475 1259 2532 et
1301 2461 1705 2532 Palaestina.
1761 2462 1963 2531 Vobis
2005 2474 2231 2533 autem
2279 2462 2469 2533 locus
2505 2464 2840 2535 divinitus

288 2551 422 2619 assi
482 2565 703 2631 natus,
761 2564 863 2621 est
919 2554 1193 2621 eremus
1243 2551 1582 2638 quaedam
1637 2552 1705 2619 in
1758 2551 2117 2623 altissimis
2170 2553 2570 2634 montibus,
2625 2575 2834 2640 quam

289 2645 436 2709 Cart
495 2641 712 2709 usiam
763 2641 797 2674 *
846 2653 1127 2719 vocant,
1181 2640 1412 2730 ampla
1464 2640 1579 2708 illa
1632 2639 1957 2728 quidem,
2015 2640 2127 2711 sed
2185 2663 2469 2729 prorsus
2519 2641 2829 2721 inculta,

232 2762 241 2767 ·
286 2742 490 2814 atque
530 2752 567 2797 a
610 2730 885 2799 nemine
933 2728 1260 2809 habitata,
1317 2729 1483 2799 solis
1529 2728 1692 2799 feris
1744 2730 1997 2819 pervia,
2061 2730 2463 2799 hominibus
2515 2751 2669 2798 vero
2706 2784 2721 2811 ,
2774 2743 2840 2800 et

289 2818 574 2888 caeteris
624 2818 1020 2887 domesticis
1068 2817 1565 2897 animantibu5‚
1622 2832 1898 2908 propter
1953 2818 2084 2887 loci
2133 2841 2209 2887 as
2262 2819 2605 2900 eritatern,
2662 2840 2838 2908 pene

288 2907 636 2996 incognita
686 2920 751 2976 et
799 2908 1174 2976 inaccessa.
1228 2906 1408 2975 Altas
1439 2920 1502 2975 et
1538 2921 1884 2993 tamquam
1924 2907 2185 2976 excisas
2217 2842 2383 2976 hinc
2419 2905 2580 2976 inde
2629 2929 2837 2996 rupes

285 3007 350 3065 et
398 2995 757 3086 scopulosi,
813 2996 1227 3082 arboresque
1277 2995 1621 3066 silvestres
1667 3009 1732 3065 et
1780 2994 2220 3085 infrugiferas
2293 2995 2543 3075 habet;
2596 3009 2837 3083 estque

288 3106 502 3173 supra
540 3084 821 3154 modum
857 3083 1105 3174 frigida
1131 3139 1146 3165 ,
1195 3097 1260 3154 et
1300 3106 1553 3174 magna
1601 3085 1767 3153 anni
1806 3097 2001 3240 parte
2051 3084 2329 3154 nivibus
2363 3097 2624 3175 operta.
2664 3090 2836 3154 Tum

287 3194 562 3259 quoque
609 3174 778 3241 adeo
843 3186 1249 3262 praerupta,
1304 3174 1555 3243 sterilis
1602 3187 1667 3243 et
1730 3173 1795 3241 in
1837 3184 2156 3241 ructuosa
2209 3185 2360 3251 est,
2417 3186 2490 3243 ut
2539 3173 2712 3242 nihil
2765 3172 2837 3242 in

285 3283 365 3330 ea
420 3282 638 3347 neque
686 3261 869 3342 seri,
926 3283 1144 3349 neque
1206 3263 1365 3331 meti
1419 3262 1652 3348 possit.
1709 3260 1800 3329 Ad
1852 3282 2001 3330 eam
2057 3282 2211 3331 vero
2259 3264 2462 3331 etiam
2515 3284 2837 3333 accessus

286 3363 351 3419 et
409 3348 639 3419 aditus
685 3349 990 3419 difficilis
1055 3364 1120 3420 et
1188 3351 1627 3440 periculosus.
1680 3361 1827 3430 est,
1889 3363 2163 3439 propter
2220 3350 2397 3422 duas
2448 3352 2837 3441 praecelsas

287 3460 547 3526 rupes,
604 3460 781 3525 quae
845 3440 1327 3526 cumxdirecte
1377 3441 1444 3508 in
1507 3438 1806 3508 sublime
1863 3460 2009 3508 sese
2068 3439 2479 3527 subrigant,
2552 3440 2622 3509 in
2684 3441 2837 3530 ipso

290 3528 551 3627 vertice.
591 3528 1087 3627 propemodum
1138 3529 1520 3598 coalescere
1572 3527 1910 3608 videntur,
1969 3528 2058 3596 ita
2110 3542 2186 3597 ut
2228 3529 2741 3599 introeuntibus
2774 3541 2839 3598 et
2946 3538 2957 3551 '

288 3617 550 3686 horrori
607 3630 766 3696 sint,
819 3629 883 3686 et
935 3618 1196 3687 terrori.
1251 3623 1326 3687 In
1376 3617 1529 3703 ejus
1570 3615 1798 3685 medio
1833 3616 2156 3693 fluviolus
2189 3630 2313 3699 est,
2368 3619 2487 3704 qui
2527 3640 2608 3686 ex
2644 3639 2839 3686 mon-

289 3705 473 3774 tibus
524 3703 660 3777 illis
707 3704 1060 3787 collectus,
1114 3728 1274 3777 cum
1326 3706 1586 3796 ingenti
1627 3727 1984 3775 murmure
2025 3707 2243 3775 instar
2278 3707 2683 3776 torrentium
2721 3717 2841 3775 aut

286 3815 628 3877 aquarum
671 3794 1160 3864 inundantium
1214 3794 1541 3864 decurrit.
1596 3799 1673 3864 Et
1722 3806 1797 3863 ut
1849 3794 2065 3875 multa
2117 3795 2356 3884 paucis
2388 3793 2840 3883 comprehen-

286 3883 475 3963 dam,
535 3894 717 3951 tanta
748 3894 850 3951 est
896 3884 1048 3972 ejus
1101 3883 1312 3952 eremi
1363 3883 1697 3972 asperitas
1746 3895 1812 3952 et
1863 3884 2103 3953 horror
2135 3896 2389 3964 tantus,
2437 3895 2512 3952 ut
2543 3883 2841 3953 carceris

287 3970 648 4059 eujusdam
705 3971 955 4060 potius,
1009 3993 1217 4058 quam
1261 3971 1606 4041 humanae
1655 3971 2102 4041 habitationis
2154 3992 2400 4041 nomen
2449 3984 2836 4050 mereatur;

291 4081 414 4128 nec
462 4059 662 4129 facile
704 4081 868 4128 sane
925 4059 1237 4139 videtur,
1291 4072 1368 4129 ut
1415 4062 1783 4148 quisquam
1828 4060 1972 4130 illic
2025 4061 2287 4147 absque
2336 4060 2676 4150 singulari
2728 4059 2842 4145 Dei

295 4149 757 4248 praepotentis
806 4148 1140 4218 beneficio
1207 4148 1519 4219 habitare
1548 4204 1563 4230 ,
1609 4163 1728 4219 aut
1782 4163 1962 4220 certe
2006 4149 2129 4218 diu
2190 4149 2564 4237 perdurare
2609 4160 2837 4235 queat.

291 4241 513 4306 Nostis
562 4250 789 4308 autem
829 4237 1108 4327 vosipsi,
1148 4236 1407 4309 fratres
1458 4239 1616 4319 mei,
1671 4259 1880 4325 quam
1936 4251 2135 4326 turpe
2176 4240 2246 4307 'et
2280 4239 2686 4329 probrosum
2727 4236 2838 4320 sit,

294 4338 444 4412 post
498 4327 776 4397 missam
815 4348 1102 4396 manum
1139 4327 1223 4396 ad
1260 4341 1592 4409 aratrum,
1648 4338 1828 4397 retro
1876 4326 2257 4417 adspicere.
2310 4328 2531 4407 Nostis
2559 4347 2841 4396 uxorem

344 4449 369 4471 ⁴
399 4452 578 4494 Gallice
595 4454 874 4501 Char-ereuae,
889 4455 995 4495 12⁸1.
1018 4454 1209 4494 Cei-tosa.
