3347 4999
554 369 681 433 398
1200 386 1278 431 nn
1326 385 1381 432 s.
1438 382 1811 431 nnnanano
1861 381 2112 431 uanam.
2161 385 2254 430 ep.
2692 365 2864 431 OCT.
2922 342 2998 430 it

467 470 962 551 testimonium,
1020 470 1321 559 idipsum
1375 469 1703 537 nimirum
1739 523 1754 548 ‚
1817 468 2000 555 quod
2056 481 2189 537 tam
2243 489 2474 536 coram
2531 468 2838 557 principe
2892 467 3002 537 Pi-

466 561 671 649 pino,
724 580 930 646 quam
981 580 1211 627 coram
1280 557 1651 627 universali
1704 558 2136 627 sacerdotum
2192 557 2520 646 magistro
2581 579 2686 626 me
2733 568 3000 626 constat

465 648 897 738 perhibuisse
938 670 1158 736 nuper
1210 646 1276 714 in
1329 652 1637 716 Romano
1687 646 2004 724 concilio,
2039 646 2106 714 in
2144 646 2366 714 medio
2394 645 2685 715 fratrum
2739 659 3000 714 nostro-

466 758 644 815 rum,
699 735 1006 804 videlicet
1054 734 1234 821 quod
1291 735 1574 815 meritiS,
1619 736 1930 815 scientia,
1971 734 2362 803 conditione
2401 748 2464 804 et
2501 748 2737 814 aetate,
2774 735 3001 802 omni-

462 824 802 912 modaque
850 825 1385 903 conversatione,
1434 823 1810 913 pontificali
1850 837 1950 893 est
1999 822 2223 893 officio
2264 823 2517 913 dignus
2566 837 2629 891 et
2681 822 2992 904 idoneuS,

462 914 664 985 sicuti
706 916 974 1003 Justum
1024 926 1123 982 est
1172 913 1263 981 ita
1317 934 1423 980 me
1471 913 1724 981 sentire
1754 912 1837 980 de
1869 911 2277 1000 hujusmodi
2311 911 2827 990 collaboratore,
2882 911 2998 980 cui

460 1025 745 1072 securus
810 1004 942 1070 mei
995 1001 1246 1070 laboris
1310 1001 1662 1089 impertiar
1725 1023 1924 1069 onus.
2002 1002 2353 1069 Neminem
2405 1015 2633 1069 autem
2689 1015 2993 1069 vestrum

462 1091 610 1161 volo
647 1091 983 1181 ignorare,
1032 1089 1252 1171 filioli,
1289 1112 1571 1159 causam
1611 1089 1834 1170 istius,
1871 1089 2051 1175 quod
2096 1089 2293 1158 hodie
2330 1090 2394 1157 in
2432 1090 2710 1158 nomine
2743 1088 2991 1157 Christi

461 1180 751 1267 ejusque
812 1201 1103 1269 sponsae
1159 1178 1643 1267 conjunctione
1710 1178 2090 1258 initiamur,
2148 1177 2375 1246 officii.
2441 1178 2709 1247 Primus
2772 1178 2997 1264 itaque

457 1268 780 1339 fundator
830 1282 1085 1337 vestrae
1135 1267 1317 1348 fidei,
1376 1267 1711 1347 KilianuS,
1766 1267 1852 1336 ab
1894 1267 2274 1356 Apostolica
2305 1268 2494 1336 vobis
2529 1266 2996 1355 pastoralitate

460 1358 933 1435 transmissus,
989 1356 1218 1436 fidem,
1271 1378 1478 1443 quam
1534 1357 1755 1425 verbis
1810 1355 2065 1436 docuit,
2130 1355 2254 1424 hoc
2299 1356 2446 1444 ipso
2500 1355 2565 1422 in
2603 1354 2754 1424 loco
2808 1377 2995 1423 mar-

461 1446 619 1535 tyrii
685 1446 1071 1515 testimonio
1132 1445 1621 1531 comprobavit.
1695 1448 1862 1513 Ecce
1924 1444 2229 1533 idipsum
2293 1443 2673 1530 praesentis
2742 1443 2999 1513 tumuli

463 1534 765 1621 loquitur
811 1534 1169 1613 confessiO,
1221 1534 1340 1601 ubi
1380 1533 1463 1601 ad
1519 1533 1669 1622 ejus
1718 1534 2200 1620 sociorumque
2253 1531 2438 1602 illius
2487 1554 2774 1620 corpora
2804 1587 2819 1612 ‚
2878 1554 3000 1621 per

461 1624 785 1692 sanitates
831 1635 895 1691 et
946 1622 1301 1701 miracula,
1359 1620 1784 1691 credulitatis
1833 1635 2093 1692 vestrae
2140 1620 2474 1690 divinitus
2502 1634 2859 1690 exercetur
2888 1621 3002 1689 die

461 1724 802 1797 noctuque
847 1711 1299 1780 confirmatio,
1332 1714 1507 1778 Haec
1538 1709 1706 1778 mihi
1737 1710 2033 1798 primum
2079 1711 2297 1800 gratia
2324 1709 2571 1778 Christi
2606 1730 2724 1797 per
2754 1731 2999 1796 quem—

461 1800 620 1870 dam
683 1801 957 1869 fr'atrem
1027 1813 1335 1868 nostrum
1388 1799 1809 1869 innotescere
1869 1798 2129 1878 voluit,
2194 1797 2667 1866 Adelhelmum
2734 1797 3002 1867 scilicet

462 1889 965 1990 presbyterum,
1014 1888 1131 1972 qui
1174 1887 1406 1956 lumen
1459 1887 1845 1965 oculorum,
1898 1888 2004 1955 Dei
2037 1886 2301 1974 judicio
2337 1886 2468 1955 sibi
2504 1886 2841 1968 ablatum,
2882 1886 2996 1955 hic

450 1991 647 2067 Juxta
695 1977 930 2066 glebas
970 1981 1367 2064 Martyrum,
1411 1976 1670 2044 meritis
1703 1975 2098 2045 eorumdem
2137 1974 2410 2064 recepit.
2462 1975 2716 2043 Deinde
2758 1997 3001 2043 nume-

461 2067 636 2136 rosis
685 2078 870 2134 tanta
921 2063 1308 2132 sanctitudo
1357 2064 1575 2153 signis
1626 2067 1693 2133 in
1748 2078 1977 2132 nostra
2025 2064 2317 2133 dioecesi
2358 2063 2816 2145 manifestata,
2856 2064 3001 2132 visa

460 2168 561 2223 est
604 2167 736 2223 tam
791 2154 983 2233 mihi,
1016 2175 1221 2238 quam
1256 2153 1524 2222 cunctis
1572 2154 2112 2239 circumquaque
2161 2152 2488 2221 fratribus
2541 2152 2815 2231 nostris,
2857 2173 2995 2221 non

460 2264 609 2312 esse
651 2241 1083 2342 negligenda.
1138 2247 1329 2310 Nunc
1386 2264 1539 2310 vero
1591 2243 1812 2311 virum
1868 2244 2076 2321 hunc,
2120 2243 2310 2310 omni
2361 2241 2617 2310 honore
2666 2240 2986 2330 dignum,

372 2390 382 2400 .
460 2352 806 2400 consensu
853 2330 1245 2419 principum
1294 2329 1609 2410 electum,
1649 2330 2029 2419 Apostolica
2071 2329 2593 2399 confirmatione
2632 2350 2996 2398 consecra-

415 4469 421 4477 ι

372 4699 447 4752 ’τι

460 2433 634 2498 tum,
673 2418 815 2487 vice
867 2431 1093 2487 nostra
1141 2431 1205 2487 et
1255 2418 1587 2509 legatione
1622 2424 1951 2498 Romana,
1987 2441 2121 2506 qua
2153 2418 2531 2510 fungimur,
2570 2418 2760 2487 vobis
2790 2417 2994 2486 hodie

460 2508 818 2664 proprium
881 2508 1364 2577 constituimus
1427 2523 1489 2577 et
1556 2522 2073 2597 praesentamus
2135 2508 2588 2597 Episcopum:
2644 2520 2990 2593 quatenus

461 2598 549 2666 ab
636 2596 918 2665 odierna
980 2595 1090 2665 die
1137 2610 1200 2666 et
1260 2596 1585 2685 deinceps
1634 2597 1953 2666 universa
2005 2611 2435 2665 sacramenta
2483 2595 2990 2676 Ecclesiastica,

460 2685 530 2754 id
580 2697 702 2766 est,
751 2685 1055 2753 chrisma
1102 2696 1166 2754 et
1212 2685 1786 2764 consecrationes,
1845 2685 2301 2774 poenitentiae
2336 2708 2414 2753 ac
2466 2684 2939 2774 indulgentiae
2973 2737 2989 2764 ,

461 2797 582 2864 per
629 2774 816 2844 hunc
878 2789 1135 2862 patrem
1174 2788 1498 2853 vestrum,
1540 2796 1838 2861 suosque
1887 2776 2225 2862 subjectos
2275 2797 2353 2843 ac
2402 2794 2835 2842 successores
2883 2794 2998 2840 ca-

460 2863 705 2932 nonice
752 2862 1345 2944 administrentur,
1400 2884 1621 2948 neque
1661 2863 1828 2932 haec
1856 2862 2059 2943 ultra,
2098 2877 2175 2932 ut
2209 2863 2427 2952 priuS‚
2469 2862 2859 2952 Moguntiae
2887 2861 2988 2929 vel

457 2952 730 3041 uspiam
774 2951 963 3031 alibi,
1008 2974 1048 3020 a
1088 2951 1288 3020 nobis
1327 2973 1449 3020 seu
1487 2952 1775 3041 posteris
1813 2953 2060 3020 nostris
2111 2965 2540 3039 expetantur.
2605 2955 2803 3019 Hunc
2850 2949 2998 3018 vice

459 3040 728 3119 Christi,
784 3040 1361 3118 cui‘credidistis,
1423 3040 1773 3109 honorate.
1834 3041 2008 3109 Huic
2074 3040 2321 3109 Christi
2392 3040 2581 3108 vobis
2628 3051 2994 3128 praecepta

461 3129 776 3208 tradenti,
829 3150 908 3197 ac
955 3128 1039 3197 de
1086 3129 1294 3198 coelis
1335 3129 1547 3197 misso
1581 3128 1948 3217 diligenter
1981 3129 2397 3208 auscultate3
2439 3127 2570 3216 ipsi
2612 3128 2844 3206 etiam,
2887 3138 2998 3195 ut-

458 3230 614 3308 pote
696 3239 768 3286 ro
817 3217 1007 3286 vobis
1044 3217 1110 3284 in
1163 3218 1273 3285 die
1311 3216 1560 3305 judicii
1593 3219 1925 3287 rationem
1978 3217 2353 3296 redditum,
2399 3240 2517 3305 per
2550 3216 2783 3285 omnia
2821 3227 2886 3283 et
2925 3215 2994 3282 in

458 3306 648 3375 omni
704 3327 786 3374 us
816 3304 1107 3373 obedite.
1171 3307 1478 3375 Decimas
1517 3318 1582 3374 et
1620 3305 2026 3386 oblationes,
2069 3305 2436 3395 synodales
2471 3317 2869 3384 conventuS,
2909 3301 2994 3370 fe-

461 3394 790 3463 stivitates
823 3405 887 3461 et
924 3393 1213 3482 jejunia,
1254 3416 1332 3462 ac
1366 3393 1708 3481 quaslibet
1755 3395 1926 3464 alias
1991 3395 2517 3463 Christianitatis
2578 3392 2993 3463 observatio-

461 3504 608 3564 neS‚
671 3494 746 3550 ut
800 3502 952 3549 vere
1008 3481 1370 3551 Christiani
1429 3483 1812 3569 Christique
1867 3483 2301 3563 cohaeredeS,
2349 3505 2468 3572 per
2523 3482 2751 3571 ipsum
2803 3479 2995 3549 vobis

460 3570 807 3661 imposita,
852 3571 1049 3657 juxta
1090 3575 1439 3641 Canonum
1475 3571 1742 3639 decreta
1787 3571 2186 3661 persolvite:
2234 3571 2350 3639 sed
2401 3585 2464 3639 et
2512 3570 2594 3638 de
2631 3570 2740 3638 his
2772 3569 2993 3638 omni-

460 3659 594 3728 bus
635 3659 704 3728 in
756 3658 872 3726 illa
906 3672 1179 3728 aeterna
1214 3660 1345 3728 vita
1394 3660 1771 3728 mercedem
1824 3673 2170 3729 aeternam
2228 3683 2267 3728 a
2309 3660 2498 3746 justo
2545 3658 2821 3739 Judice,
2878 3679 2995 3726 eo-

460 3747 757 3833 demque
800 3747 909 3838 pio
959 3762 1492 3827 remuneratore,
1531 3749 1912 3817 certissime
1946 3762 2237 3838 sperate.
2282 3772 2316 3814 »

548 3839 584 3922 ἓ
630 3840 788 3910 11).
842 3841 1019 3905 Haec
1071 3837 1423 3923 multaque
1476 3837 1580 3904 his
1621 3837 1878 3906 similia
1941 3851 2297 3926 postquam
2357 3836 2737 3926 peroravit,
2808 3833 2996 3903 illico

461 3947 589 3993 vox
628 3925 940 3994 omnium
992 3927 1192 4012 quasi
1242 3947 1363 3994 vox
1415 3948 1551 3992 una
1604 3926 1669 3994 in
1711 3926 2110 3996 electionem
2162 3939 2226 3994 et
2260 3926 2766 4014 susceptionem
2831 3923 2999 3993 tanti

461 4013 809 4104 pontificis
835 4014 1258 4084 unanimiter
1287 4013 1746 4083 concordavit.
1782 4021 1970 4084 Tunc
2006 4014 2231 4086 senior
2266 4014 2492 4083 almus
2530 4013 2788 4082 litteras
2821 4015 2999 4100 Apo-

461 4101 737 4172 stolicas
786 4102 1371 4192 Wirceburgensis
1431 4103 1880 4194 Episcopatus
1925 4104 2418 4173 institutionem
2472 4101 2987 4179 confirmanteS,

459 4191 782 4280 plebique
848 4195 1210 4279 praesenti,
1266 4214 1528 4260 necnon
1593 4192 1662 4261 in
1725 4191 2032 4261 futurum
2087 4215 2306 4279 usque
2352 4190 2437 4260 ad
2491 4190 2727 4259 mundi
2780 4188 2992 4256 finem

466 4280 723 4349 ibidem
758 4279 1020 4349 Christo
1068 4280 1475 4360 crediturae,
1514 4281 2047 4351 consolationem
2092 4280 2526 4351 abundanter
2571 4278 2988 4355 exhibenteS,

468 4369 744 4458 publice
787 4369 1055 4437 recitari
1093 4370 1469 4458 praecepit:
1515 4370 1752 4456 sicque
1792 4383 1925 4438 tam
1963 4393 2002 4439 a
2035 4374 2187 4450 Deo,
2229 4392 2438 4455 quam
2475 4368 2560 4436 ab
2594 4365 2998 4436 hominibus

466 4457 756 4527 electum
816 4457 1187 4527 antistitem
1238 4456 1712 4529 Ecclesiastico
1763 4480 1947 4528 more
2004 4480 2164 4528 curn
2215 4457 2487 4528 infinita
2536 4469 2939 4527 cunctorum
2973 4506 2991 4533 ,
