3347 4999
206 312 379 380 OCT.
436 312 507 377 31
876 329 955 377 ns
1002 330 1059 376 s.
1101 328 1489 376 wanti-‚Anco
1528 330 1627 376 nr.
1667 327 2082 376 autsroucn.
2537 308 2666 373 763

205 413 467 502 inquit:
524 414 666 484 scio
712 412 879 500 quid
933 413 1136 483 velis:
1172 437 1209 481 »
1241 433 1754 499 conversusque
1783 411 1866 482 ad
1920 410 2441 481 vicedominum
2479 409 2758 501 Tagmi-

205 526 404 584 num,
461 503 592 572 ait:
656 524 694 568 «
726 501 992 592 Accipe,
1057 500 1287 583 frater,
1340 524 1592 589 aquam
1667 500 2144 581 benedictam,
2196 520 2375 587 quae
2421 511 2524 570 est
2568 497 2757 589 apud

207 592 536 663 lectulum
594 613 847 666 meum.
898 603 965 660 et
1011 590 1137 660 ads
1189 612 1347 680 erge
1382 594 1464 660 ea
1507 591 1902 670 hominem,
1952 589 2073 677 qui
2123 599 2258 658 stat
2304 587 2392 657 ad
2445 587 2757 659 cubiculi

208 681 410 751 fores.
451 704 488 748 »
539 680 723 750 Facit
783 678 920 761 ille,
973 701 1110 767 quo
1199 680 1409 768 jussit
1456 681 1560 750 vir
1609 680 1775 760 Dei,
1849 678 2339 769 adspergitque
2396 677 2753 747 miserum.

209 769 490 841 Interim
540 782 777 838 sancto
847 768 1183 858 Episcopo
1245 784 1485 838 contra
1557 769 1813 839 ostium
1879 768 2115 838 Crucis
2184 767 2240 835 si
2300 787 2463 835 num
2531 767 2757 854 expri-

208 872 460 938 mente,
495 871 560 928 et
591 856 927 945 quaedam
957 857 1287 927 salutaria
1317 858 1520 927 verba
1551 857 1954 946 proferente,
1993 857 2197 926 homo
2229 856 2246 923 i
2281 855 2413 924 lico
2446 868 2755 923 sanatur.

296 950 334 1036 ξ
384 949 539 1019 ²4.
589 947 739 1015 Jam
800 967 999 1034 porro
1046 944 1419 1016 dicendum
1472 946 1764 1029 videtur,
1828 967 2007 1033 quae
2051 945 2203 1034 ejus
2264 943 2471 1012 fuerit
2524 942 2756 1030 quoti-

207 1036 417 1106 diana
452 1035 624 1105 vitae
666 1035 836 1105 ratio
882 1047 949 1105 et
993 1035 1444 1106 consuetudo.
1481 1036 1819 1106 Nimirum
1864 1047 2054 1104 tanta
2092 1033 2156 1102 ei
2205 1032 2332 1102 fuit
2379 1054 2544 1103 cura
2584 1043 2760 1101 recte

209 1124 507 1205 vivendi,
562 1138 638 1194 ut
671 1124 803 1193 vita
850 1124 1005 1211 ejus
1044 1126 1204 1212 jure
1242 1126 1455 1212 possit
1483 1125 1813 1195 omnibus
1858 1121 2170 1214 exemplo
2202 1143 2376 1193 esse.
2430 1120 2569 1191 Etsi
2605 1140 2760 1191 vero

206 1232 449 1285 omnes
480 1213 632 1303 ejus
681 1234 788 1283 res
836 1227 1063 1303 gestas
1104 1214 1389 1283 minime
1435 1226 1824 1303 compertas
1876 1212 2250 1290 habemus,
2305 1224 2372 1280 et
2426 1231 2506 1280 ea
2572 1209 2750 1299 ipsa,

207 1325 388 1391 quae
419 1302 761 1382 novimus,
845 1324 916 1371 ro
955 1301 1290 1393 dignitate
1333 1301 1678 1393 explicare
1719 1304 2128 1388 nequimus:
2165 1312 2465 1370 attamen
2499 1298 2758 1369 damus

207 1413 514 1481 operam,
556 1404 630 1460 ut
660 1413 697 1460 e
748 1413 789 1480 p
826 1391 1065 1461 nribus
1101 1391 1197 1461 vel
1236 1413 1453 1481 pauca
1505 1391 1911 1461 referamus.
1951 1395 2311 1477 Postquam
2356 1388 2569 1478 igitur
2598 1387 2760 1476 Epi-

208 1480 398 1569 scopi
432 1479 833 1570 dignitatem
884 1479 1176 1568 adeptus
1214 1492 1338 1561 est,
1378 1501 1499 1549 nec
1550 1479 1953 1550 melioribus
1988 1478 2085 1548 uti
2136 1476 2585 1557 vestimentis,
2632 1497 2756 1546 nec

205 1569 384 1640 cibis
431 1568 842 1638 lautioribus
871 1570 1073 1649 vesci,
1119 1590 1339 1656 neque
1383 1568 1613 1640 cubile
1643 1568 1923 1638 mollius
1970 1567 2102 1637 sibi
2143 1565 2459 1637 adhiberi
2514 1564 2753 1647 voluit,

206 1679 416 1746 quarn
465 1671 624 1727 ante
661 1658 1152 1727 consuevisset.
1191 1657 1444 1728 Iisdem
1486 1658 1742 1748 vigiliis
1789 1670 1856 1727 et
1906 1656 2250 1748 precibus,
2302 1654 2558 1748 quibus
2598 1661 2780 1724 ante

207 1748 722 1836 Episcopatum,
778 1746 1053 1816 deditus
1101 1745 1253 1815 suit.
1306 1751 1448 1818 Non
1504 1768 1656 1816 raro
1714 1746 1901 1817 enim
1956 1746 2088 1816 sub
2145 1743 2440 1813 mediam
2485 1755 2753 1814 noctem

208 1836 301 1905 ita
343 1834 518 1905 clam
553 1835 845 1905 surrexit
876 1857 915 1904 e
953 1833 1149 1914 lecto,
1187 1847 1262 1906 ut
1298 1837 1417 1922 qui
1466 1836 1650 1925 apud
1702 1857 1863 1906 eum
1902 1846 2123 1914 erant,
2161 1832 2226 1902 id
2281 1833 2386 1902 vix
2436 1853 2749 1918 unquam

207 1925 665 2015 perciperent;
715 1938 923 2011 atque
981 1924 1051 1993 in
1111 1924 1444 2015 templum
1506 1926 1886 2024 ingressus,
1939 1921 2110 1993 adeo
2157 1921 2338 1991 sores
2383 1919 2751 2001 obseravit,

207 2025 288 2084 ut
330 2014 495 2101 quid
548 2013 735 2083 intus
769 2025 1019 2103 ageret,
1059 2012 1295 2082 nullus
1345 2012 1737 2082 mortalium
1790 2012 1967 2081 scire
2019 2023 2266 2102 posset.
2336 2009 2583 2080 Mansit
2630 2032 2760 2079 au-

208 2115 343 2172 tem
387 2102 530 2171 illic
591 2123 814 2188 usque
860 2101 943 2170 ad
988 2122 1220 2190 preces
1269 2102 1682 2171 matutinas:
1733 2100 1992 2187 quibus
2043 2099 2432 2190 persolutis,
2485 2099 2543 2168 si
2583 2119 2758 2168 non-

208 2190 377 2260 dum
430 2190 878 2271 illucesceret,
910 2202 988 2259 ut
1031 2188 1247 2260 sessos
1277 2189 1590 2259 nonnihil
1630 2189 1883 2260 foveret
1914 2201 2131 2269 artus,
2172 2188 2455 2258 vestitus
2508 2209 2755 2278 parum

209 2279 525 2368 capiebat
574 2280 843 2348 somni:
898 2278 1107 2364 idque
1152 2301 1313 2347 cum
1376 2300 1452 2347 ea
1519 2277 1775 2348 silentii
1831 2278 2199 2369 gravitate,
2250 2277 2393 2346 acsi
2459 2288 2638 2346 esset
2685 2276 2757 2345 in

213 2367 651 2436 monasterio,
692 2369 761 2437 Si
812 2366 1182 2436 necessitas
1219 2379 1493 2458 cogeret
1549 2366 1738 2454 loqui
1782 2380 1931 2457 post
1981 2366 2275 2458 primam
2341 2367 2579 2435 horam
2641 2387 2760 2434 ca-

213 2455 534 2525 nonicam
583 2456 773 2547 (nam
826 2468 983 2526 ante
1019 2454 1205 2525 illam
1236 2455 1506 2527 lectioni
1547 2456 1881 2539 vacabat),
1918 2456 1990 2526 in
2037 2454 2365 2526 familiari
2412 2453 2759 2543 colloquio

208 2543 340 2615 fuit
369 2544 807 2634 gratissimus
855 2558 921 2615 et
961 2545 1029 2613 in
1067 2545 1441 2616 tractandis
1486 2546 2078 2637 disponendisque
2121 2546 2325 2615 rebus
2372 2544 2754 2614 admodum

206 2646 454 2704 acutus
505 2633 831 2725 providus
878 2647 943 2704 et
976 2634 1574 2726 circumspectus.
1618 2639 1767 2718 Qua
1816 2656 1973 2705 vero
2021 2634 2394 2704 attentione
2443 2632 2758 2720 Corporis

203 2735 274 2792 et
322 2724 693 2824 Sanguinis
746 2723 1016 2794 Domini
1077 2741 1503 2794 sacramenta
1566 2725 1872 2795 tractarit
1923 2736 1989 2793 et
2053 2721 2448 2803 celebrarit,
2500 2720 2758 2809 quibus

207 2812 531 2901 suspiriis
575 2825 643 2881 et
691 2812 1041 2903 lacrymis,
1095 2827 1161 2882 et
1206 2835 1416 2901 quam
1471 2813 1721 2901 spiritu
1786 2811 2250 2882 contribulato
2299 2815 2583 2880 Summo
2632 2812 2787 2901 Sa<

207 2901 465 2971 cerdoti
517 2922 663 2971 sese
694 2902 1109 2981 mactaverit,
1158 2901 1225 2970 id
1261 2923 1537 2972 omnem
1591 2914 1893 2972 nostram
1917 2900 2182 2970 excedit
2213 2898 2489 2968 dicendi
2541 2896 2760 2967 facul-

207 3001 439 3058 tatem.
494 2996 659 3060 Cum
707 3003 885 3060 esset
930 2989 1013 3059 ad
1070 3012 1405 3072 mensam,
1444 3011 1578 3059 non
1630 3010 1704 3058 se
1751 2989 2130 3068 dumtaxat,
2168 2987 2284 3057 sed
2338 2987 2542 3056 etiam
2577 2986 2752 3057 alios

205 3099 247 3147 a
300 3091 462 3168 potu
512 3079 964 3149 immoderato
1005 3078 1411 3157 retrahebat,
1465 3078 1892 3165 caeterisque
1938 3076 2133 3147 avide
2185 3075 2748 3156 comedentibus,

207 3166 359 3256 ipse
405 3168 751 3257 gaudebat
816 3168 957 3237 cibi
1012 3168 1475 3257 parsimonia,
1535 3167 1759 3256 magis
1825 3167 2129 3235 intentus
2180 3165 2263 3235 ad
2334 3165 2694 3235 lectionem
2734 3218 2751 3243 .

203 3276 415 3340 quam
466 3274 740 3346 semper
784 3256 1001 3326 voluit
1031 3256 1115 3325 ad
1151 3278 1347 3326 suam
1387 3276 1696 3325 mensam
1726 3254 2065 3337 adhiberi,
2102 3275 2311 3342 quam
2353 3254 2438 3324 ad
2473 3253 2747 3343 epulaS.

205 3342 500 3411 Mendici
547 3356 613 3413 et
653 3344 929 3434 inopes,
985 3363 1159 3431 quos
1210 3344 1325 3413 ille
1393 3344 1679 3414 vocabat
1715 3343 2037 3414 dominos
2081 3356 2149 3413 et
2194 3342 2463 3424 fratres,
2515 3363 2749 3412 coram

205 3430 329 3499 illo
354 3431 685 3503 sedebant
723 3434 792 3501 in
821 3431 1195 3514 subselliis,
1226 3446 1304 3502 ut
1355 3446 1581 3523 posset
1621 3433 1770 3503 suis
1794 3433 2195 3522 conspicere
2224 3431 2472 3511 oculis,
2509 3452 2755 3519 quem-

203 3519 581 3590 admodum
634 3519 774 3591 illis
824 3521 1357 3591 ministraretur.
1411 3526 1488 3591 In
1530 3522 1789 3610 quibus
1838 3543 2005 3592 sane
2055 3521 2401 3592 Christum
2452 3542 2524 3589 se
2570 3518 2757 3590 exci—

207 3630 369 3698 pere
406 3630 537 3679 non
588 3608 943 3690 dubitanS,
990 3610 1216 3680 modis
1252 3611 1580 3681 omnibus
1616 3611 2070 3681 venerabatur
2109 3624 2175 3680 et
2215 3608 2565 3679 reficiebat
2610 3629 2751 3678 eos.

205 3697 399 3780 Quod
438 3696 494 3766 si
539 3697 780 3790 plures,
802 3711 1054 3779 essent,
1109 3700 1426 3770 omnium
1488 3699 1913 3789 pauperrimi
1968 3699 2055 3769 ad
2109 3699 2306 3769 illum
2360 3695 2757 3766 introduce-

205 3787 496 3856 bantur:
550 3808 675 3856 nec
725 3800 951 3856 tamen
986 3787 1355 3875 quisquam
1388 3809 1654 3869 eorum,
1698 3788 1816 3876 qui
1853 3787 2019 3878 foris
2059 3789 2455 3867 manebant,
2493 3788 2758 3872 absque

203 3875 635 3963 eleemosyna
667 3875 1165 3946 dimittebatur.
1207 3881 1298 3947 Ex
1341 3876 1427 3946 iis
1472 3877 1655 3945 enim
1706 3877 2058 3957 omnibus,
2093 3898 2272 3963 quae
2301 3896 2578 3946 mensae
2601 3874 2756 3961 ejus

203 3963 699 4065 inserebantur,
738 3977 925 4034 tanta
975 3966 1175 4054 copia
1221 3965 1647 4047 servabatur,
1687 3979 1765 4036 ut
1815 3987 1948 4035 non
2004 3965 2227 4036 solum
2283 3984 2622 4053 pauperes
2654 3962 2758 4032 so—

204 4074 305 4123 ris
355 4066 732 4135 manenteS,
772 4053 886 4124 sed
938 4054 1143 4124 etiam
1176 4054 1721 4142 circumquaque
1751 4054 2138 4125 habitantes
2165 4053 2326 4123 inde
2367 4072 2756 4122 recrearen-

207 4153 341 4211 tur.
396 4147 699 4234 Surgens
772 4156 999 4212 autem
1051 4165 1092 4213 a
1143 4143 1474 4234 prandi0,
1531 4143 1876 4232 reliquum
1957 4156 2231 4232 tempus
2293 4140 2569 4212 lectioni
2623 4137 2757 4219 im—

207 4228 573 4331 pendebat.
644 4236 800 4302 Post
863 4229 1105 4302 laudes
1169 4233 1640 4322 vespertinas,
1707 4232 1838 4301 nisi
1909 4232 2292 4322 legitimum
2363 4230 2757 4320 prohiberet

193 4317 571 4408 jejunium,
625 4333 1100 4412 propter-eos,
1154 4321 1275 4408 qui
1324 4320 1509 4410 apud
1575 4321 1805 4411 ipsum
1872 4320 2252 4412 degebant,
2314 4342 2474 4390 cum
2538 4317 2757 4389 multa

206 4407 585 4497 gravitate,
647 4410 840 4480 omni
886 4431 1174 4501 prorsus
1242 4410 1542 4480 vanitate
1602 4410 1930 4491 exclusA,
2002 4408 2207 4481 etiam
2281 4407 2637 4479 coenabat.
2704 4411 2758 4478 A
