3347 4999
707 325 838 388 686
1240 341 1732 388 ossuum
1779 341 2542 389 nn.nsocnszms
2869 325 3199 389 oct-25

624 429 990 496 virtutem:
1044 449 1081 490 «
1111 429 1247 494 Cur
1292 438 1475 493 tanta
1525 446 1624 504 es,
1684 425 1930 511 inquit,
1984 424 2302 505 audacia,
2337 446 2382 494 o
2415 440 2626 515 capnt
2671 427 3198 500 execrandum.

622 528 697 584 ut
746 517 815 584 in
867 529 1169 584 nostram
1217 513 1500 601 quidem
1554 515 1880 604 insurgas
1928 515 2328 604 potentiam,
2370 516 2486 584 toti
2517 531 2752 584 autem
2789 516 3104 592 civitati,
3141 531 3202 583 et

622 616 867 673 tantae·
896 602 1313 691 persuadeas
1359 603 1664 692 regioni,
1719 616 1797 670 ut
1841 617 1904 671 te
1949 602 2177 672 solum
2243 603 2474 672 eolant
2529 617 2900 690 tamquam
2958 619 3198 693 tyran-

622 713 787 762 uum
820 746 838 768 ,
888 705 955 761 et
1000 691 1228 761 verbis
1275 691 1413 761 tuis
1460 703 1749 760 utantur
1796 704 2148 778 tamquam
2201 693 2514 781 legibus:
2567 709 2988 762 nostrarum
3043 715 3196 763 vero

621 782 852 881 legum
900 794 967 849 et
1014 780 1378 849 verborum
1430 778 1696 848 nnllam
1746 778 2004 848 ducant
2055 781 2412 856 rationem,
2448 794 2515 849 et
2542 782 3042 852 execrandum
3081 782 3192 851 ho-

621 891 873 939 minem
916 874 1124 938 Deum
1160 866 1533 959 appellem,
1564 870 1688 955 qui
1720 890 1879 937 cum
1916 869 2049 939 sibi
2084 868 2424 938 auxilium
2457 869 2632 937 serre
2665 891 2807 940 non
2849 874 3184 959 potnerit,

618 980 737 1029 vos
783 978 942 1027 eum
996 956 1190 1026 vobis
1250 957 1672 1027 adhibuistis
1721 955 2154 1042 adjutorem:
2218 971 2284 1026 et
2336 978 2462 1027 nec
2526 972 2719 1027 tuum
2789 973 3080 1047 patrem
3125 983 3189 1028 es

619 1048 950 1127 imitatus,
1002 1046 1125 1133 qui
1173 1058 1331 1115 ante
1379 1060 1441 1114 te
1470 1046 1833 1134 imperavit
1879 1050 2181 1147 Nagrae:
2237 1046 2322 1116 iis
2368 1061 2598 1116 autern
2636 1047 2946 1133 quinos
3001 1071 3185 1137 prae-

615 1148 994 1214 cesserunt,
1039 1135 1344 1224 Regibus
1387 1134 1519 1203 fuit
1548 1134 2215 1205 obedientissimus?
2261 1135 2392 1204 Sed
2429 1137 2562 1205 nisi
2598 1149 2953 1218 mutatus,
2999 1151 3072 1207 et
3102 1139 3176 1205 ad

619 1240 681 1294 te
730 1224 1050 1303 rediens,
1108 1223 1287 1293 hanc
1335 1245 1582 1293 vanarn
1634 1220 1973 1313 repuleris
2017 1224 2413 1313 opinionem
2443 1278 2463 1304 ,
2521 1245 2658 1293 non
2713 1238 2781 1293 te
2832 1225 3180 1316 profunda

617 1326 960 1392 senectus,
1016 1333 1139 1381 nec
1187 1312 1560 1382 simulatus
1607 1312 1720 1382 hic
1768 1311 2046 1381 habitus
2073 1313 2467 1401 juvabunt:
2519 1313 2636 1382 sed
2691 1327 2768 1382 tu
2816 1329 2891 1383 et
2945 1337 3180 1384 omnes

619 1403 744 1482 tui,
796 1401 1035 1470 eadem
1087 1402 1468 1492 patiemini,
1502 1423 1682 1489 quae
1729 1400 1854 1468 viri
1901 1414 1968 1469 et
2015 1399 2313 1470 feminae
2349 1402 2543 1491 prius
2576 1402 2930 1471 interfecti
2961 1428 2979 1470 :
3015 1426 3174 1490 qnos

618 1504 956 1577 quantum
1009 1490 1268 1578 juverit
1328 1490 1578 1561 Mariae
1622 1504 1690 1558 et
1734 1488 1912 1559 fabri
1960 1488 2149 1559 filius
2183 1544 2200 1567 .
2259 1511 2502 1559 omnes
2555 1491 2813 1560 sciunt.
2857 1515 2901 1555 ιι
2972 1499 3177 1562 Senex

618 1593 846 1649 autem
899 1591 1093 1648 stans
1156 1578 1711 1669 cogitabundus,
1761 1590 1828 1646 et
1885 1592 2119 1668 aperte
2161 1579 2534 1648 ostendens
2592 1601 2664 1646 se
2725 1601 2950 1669 aegre
3013 1582 3177 1649 l'erre

618 1668 1017 1768 superbiam
1070 1667 1430 1737 verborum
1483 1668 1689 1757 Regis
1719 1721 1735 1746 ,
1796 1688 1957 1737 cum
2008 1687 2082 1736 se
2127 1669 2602 1746 sustinuisset,
2653 1680 2720 1738 et
2780 1669 3180 1759 collegisset

620 1757 968 1848 spiritum,
1019 1770 1085 1826 et
1131 1778 1211 1826 ex
1262 1756 1401 1826 imo
1447 1757 1901 1846 suspirasset:
1956 1779 1992 1820 «
2035 1761 2166 1824 Nos
2202 1778 2276 1824 es
2306 1812 2322 1832 ,
2378 1757 2622 1844 inquit,
2658 1778 2702 1826 o
2751 1762 2927 1838 Rex,
2977 1781 3178 1827 cansa

617 1866 855 1916 eorum
903 1867 1084 1932 quae
1126 1845 1460 1914 dicuntur
1505 1859 1624 1914 aut
1671 1844 1893 1914 fiunt:
1946 1843 2063 1913 sed
2119 1846 2331 1913 nostri
2383 1846 2559 1914 rives
2586 1847 2707 1932 qui
2744 1867 2992 1916 meam
3025 1869 3180 1917 eon·

622 1948 1053 2024 tempserunt
1089 1934 1497 2003 sententiam
1546 1955 1725 2020 quae
1774 1932 1894 2002 tibi
1946 1953 2080 2002 non
2142 1933 2573 2021 permittebat
2621 1935 2902 2025 ingredi
2949 1938 3182 2004 civita-

625 2039 800 2092 tem:
853 2036 1093 2092 contra
1124 2035 1380 2103 autem,
1418 2021 1749 2092 adversus
1799 2036 1860 2091 te
1905 2018 2307 2111 depugnare
2338 2023 2691 2103 incitabat,
2728 2036 2798 2091 et
2835 2046 3014 2093 cum
3057 2027 3184 2094 tuis

624 2128 758 2181 tam
814 2110 1051 2180 multis
1103 2110 1416 2180 millibus
1470 2133 1720 2181 manus
1772 2132 2174 2190 conserere,
2231 2125 2306 2179 ut
2350 2134 2509 2181 cum
2567 2111 2979 2181 Madianitis
3019 2115 3178 2182 olim

621 2199 889 2268 Gedeon
940 2221 1101 2269 cum
1137 2201 1402 2289 paucis,
1438 2214 1526 2278 et,
1566 2199 1856 2272 Christo.
1892 2199 2012 2286 qui
2058 2221 2244 2268 nunc
2280 2221 2318 2267 a
2363 2214 2424 2267 te
2457 2201 2966 2278 contemnitur,
3011 2204 3182 2271 vires

621 2287 915 2358 addente
959 2302 1025 2358 et
1069 2287 1546 2367 confirmante,
1600 2303 1663 2356 te
1706 2309 2105 2378 expugnare
2134 2342 2149 2367 ,
2201 2301 2267 2357 et
2313 2287 2692 2368 demetere,
2747 2303 2817 2357 et
2879 2293 3179 2359 omnino

620 2376 869 2455 delere,
911 2378 1131 2445 virum
1176 2376 1470 2464 impium
1521 2389 1587 2446 et
1633 2375 2149 2467 soedrffragnm,
2187 2390 2254 2445 et
2293 2377 2764 2447 immemorem
2805 2391 3178 2462 pactorum

620 2478 1136 2543 conventorum,
1166 2464 1423 2552 quibus
1456 2478 1517 2533 te
1545 2465 1886 2535 civitatem
1919 2479 1984 2535 et
2017 2487 2139 2535 nos
2174 2480 2602 2535 servaturum
2647 2465 3180 2552 pollicebaris.»

708 2558 746 2642 ξ
798 2558 928 2626 18.
982 2553 1275 2637 Quidam
1316 2566 1543 2623 autem
1593 2576 1673 2624 ex
1706 2556 1791 2624 iis
1835 2556 1954 2642 qui
2004 2577 2163 2624 cum
2208 2559 2388 2643 Rege
2418 2555 2901 2629 considebant.
2949 2558 3184 2627 volens

622 2644 691 2713 in
784 2643 978 2714 niose
1024 2643 1251 2712 Sancti
1304 2642 1505 2712 verba
1557 2643 2075 2732 reprehendere,
2129 2656 2194 2711 et
2243 2645 2531 2733 tempori
2581 2643 2776 2713 valde
2817 2649 3174 2715 serviens:

623 2757 658 2798 «
697 2666 823 2803 {gd
870 2754 1030 2811 non,
1086 2731 1346 2820 inquit.
1400 2733 1501 2801 sic
1550 2754 1667 2802 vos
1714 2732 1911 2801 docet
1962 2732 2064 2801 lex
2115 2732 2365 2821 Moysi,
2419 2732 2839 2803 contumelia
2901 2735 3179 2804 afficere

620 2821 961 2891 Christum
1017 2821 1309 2889 Domini.
1368 2821 1539 2891 Dicit
1582 2822 1767 2890 enim
1803 2844 1817 2888 ε
1871 2822 2176 2911 Principi
2213 2824 2457 2911 populi
2490 2825 2597 2892 tui
2637 2845 2766 2891 non
2805 2825 3180 2894 maledicet

617 2910 864 3000 (Εωοά.
903 2909 1088 2998 xxn).
1123 2915 1329 2980 Porro
1359 2921 1585 2979 autem
1629 2909 1778 2999 ipsa
1827 2930 2101 2997 quoque
2133 2911 2388 3000 scripta
2439 2924 2652 2979 vestra
2705 2910 2905 2980 vobis
2924 2914 3182 3002 Jubent

621 3003 870 3089 Regem
925 2998 1282 3076 honorare,
1336 3019 1458 3067 seu
1505 2999 1594 3068 sit
1643 2999 1889 3077 bonus,
1944 3020 2066 3066 seu
2115 3020 2336 3069 secuS.
2375 3023 2409 3064 »
2445 2999 2564 3067 Cui
2614 3004 2972 3069 Sanctus:
3032 3007 3178 3070 «Tu

617 3102 873 3166 autem,
919 3087 1190 3174 inquit,
1236 3088 1519 3156 fortasse
1567 3108 1702 3156 non
1754 3087 2032 3159 audisti.
2078 3086 2259 3174 quod
2311 3087 2400 3156 ab
2458 3086 2687 3156 Achab
2732 3087 3019 3157 dictum
3079 3104 3173 3161 est

622 3174 827 3254 Eliae,
866 3198 1025 3245 cum
1061 3175 1233 3245 dixit
1284 3196 1445 3245 eum
1502 3188 1799 3245 evertere
1848 3174 2081 3245 Israel.
2132 3176 2248 3244 Cui
2289 3175 2403 3244 ille
2451 3177 2548 3245 sic
2592 3177 3002 3265 respondit:
3047 3184 3182 3248 Nou

621 3287 742 3353 eqo
774 3274 1016 3344 ever-ta,
1069 3266 1186 3333 sed
1217 3275 1312 3343 lu,
1366 3275 1427 3333 et
1476 3265 1710 3334 domm
1744 3267 1964 3355 patris
1997 3266 2103 3333 tui
2131 3265 2225 3353 (3.
2271 3270 2427 3356 Περ.
2480 3266 2704 3353 xvu1):
2761 3286 2903 3335 non
2962 3289 3180 3355 usque

621 3353 704 3421 ad
756 3351 986 3421 Achab
1034 3352 1256 3421 solum
1309 3353 1558 3423 sistens
1604 3353 2120 3432 contumeliam,
2161 3352 2275 3421 sed
2313 3375 2430 3422 eos
2468 3354 2670 3422 etiam
2713 3358 3178 3445 comprehen-

619 3439 791 3510 dens
836 3441 957 3527 qui
1005 3454 1200 3510 erant
1236 3442 1301 3508 in
1338 3464 1415 3510 ea
1465 3440 1694 3511 domo.
1747 3442 2101 3524 Quomodo
2139 3463 2303 3532 ergo
2342 3463 2414 3510 se
2451 3442 2797 3532 quispiam
2847 3444 2919 3512 in
2969 3450 3173 3515 Deum

623 3529 733 3619 pie
779 3550 1070 3619 gerens,
1124 3543 1189 3599 et
1240 3534 1485 3620 Regem
1538 3552 1883 3620 arguens,
1943 3529 2126 3618 quod
2187 3552 2261 3599 se
2308 3531 2541 3617 inique
2583 3542 2797 3620 gerat,
2855 3554 3178 3622 unquam

618 3618 978 3689 offenderit
1023 3638 1103 3687 ac
1155 3618 1503 3688 violaverit
1552 3618 1796 3708 legem,
1850 3620 1971 3706 qui
2024 3640 2158 3688 non
2208 3632 2308 3689 est
2358 3620 2613 3690 veritus
2650 3642 2727 3689 os
2777 3620 2847 3689 in
2903 3622 3176 3692 coelunt

620 3729 872 3798 ponere
906 3762 922 3787 ,
973 3720 1038 3776 et
1084 3721 1455 3776 creatorem
1527 3719 1847 3797 appetere
1905 3707 2339 3777 maledictis?
2388 3709 2538 3790 Sed,
2593 3721 2665 3777 ut
2717 3708 2919 3778 video
2957 3763 2975 3795 ‚
3034 3713 3182 3801 ejus

621 3797 1016 3886 patientiam
1066 3808 1133 3865 et
1182 3796 1607 3866 tolerantiam
1658 3796 2121 3878 contemnitis,
2173 3809 2239 3865 et
2289 3819 2413 3866 nos
2445 3797 2665 3866 facere
2713 3797 2987 3868 similia
3030 3820 3178 3892 pro—

616 3886 897 3956 curatis.
952 3890 1051 3954 Tu
1099 3898 1352 3964 autem,
1395 3889 1554 3963 Rex,
1608 3907 1768 3954 cum
1821 3886 1916 3955 sis
1968 3888 2212 3954 natura
2262 3897 2397 3954 tam
2468 3886 2817 3973 injustus,
2878 3902 2949 3957 et
3005 3888 3178 3959 male

618 3972 837 4044 facere
888 3974 1391 4064 paratissimus,
1444 3987 1509 4043 et
1560 3995 1683 4042 nec
1732 3987 2011 4043 sanctus
2059 3975 2128 4043 in
2180 3973 2266 4043 iis
2318 3996 2494 4060 quae
2545 3974 2627 4042 ad
2691 3979 2910 4044 Deum
2969 3978 3182 4066 perti·

618 4075 805 4142 nent,
861 4084 983 4132 nec
1036 4064 1100 4131 in
1160 4063 1476 4131 homines
1514 4062 1882 4153 benignus.
1931 4076 2130 4151 putas
2164 4063 2328 4141 sore,
2375 4076 2452 4132 ut
2502 4062 2696 4131 illum
2738 4062 2958 4135 lateas
3017 4086 3182 4135 ocu·

618 4149 809 4229 lum,
859 4173 1065 4238 quem
1133 4151 1302 4221 nihil
1374 4151 1580 4221 latet?
1627 4152 1821 4238 Atqui
1878 4156 2130 4242 Regem
2194 4173 2344 4221 esse
2413 4163 2678 4240 oportet
2744 4173 3070 4223 veraeem
3119 4166 3180 4223 et

617 4240 1023 4330 benignum,
1086 4254 1161 4310 ut
1215 4241 1439 4311 verbis
1485 4240 1782 4310 attrahat
1830 4239 2372 4309 benevolentiam
2422 4261 2658 4309 eorum
2709 4241 2836 4327 qui
2886 4256 3064 4311 sunt
3111 4243 3176 4312 in

616 4349 745 4398 sua
792 4328 1090 4399 ditione:
1147 4350 1373 4399 rerum
1426 4341 1655 4399 autem
1705 4329 1843 4399 fine
1889 4342 1955 4397 et
2009 4341 2257 4398 eventu
2305 4328 2510 4397 fidem
2560 4328 2784 4399 facere
2831 4330 3172 4409 feritatis,

614 4428 681 4489 et
710 4416 894 4506 quod
931 4439 1004 4488 se
1033 4417 1264 4487 divine
1297 4429 1509 4508 gerat,
1564 4417 1854 4508 gloriam
1904 4417 2196 4488 habere:
2250 4416 2490 4505 quales
2522 4439 2647 4509 ego
2683 4418 2826 4489 vidi
2857 4419 2934 4488 in
2970 4418 3176 4491 India
