3347 4999
738 357 867 421 462
1423 375 1500 421 oz
1548 376 1603 421 s.
1657 373 1853 422 GALLO
1900 375 2042 422 Ana.
2098 375 2172 421 m
2219 373 2402 423 conr.
2863 357 3021 423 OCT.
3076 360 3138 423 16

650 481 860 548 super
904 474 1112 550 caput
1163 458 1471 552 puellae,
1548 459 1607 527 si
1666 459 1754 528 ab
1802 481 1878 529 ea
1932 482 2051 549 per
2110 462 2456 531 orationes
2502 475 2655 532 tuas
2720 460 2989 552 spiritus
3034 461 3140 530 im·

652 547 958 618 mundus
1006 549 1433 628 abscesserit,
1477 547 1542 615 in
1588 548 1748 617 sede
1809 550 2308 620 Constantiensi
2364 551 2803 639 pontificatus
2846 562 2906 619 te
2954 549 3141 619 subli-

652 637 865 706 mabit
898 638 1177 708 honore.
1237 666 1262 703 ι)
1322 642 1494 706 Dum
1551 636 1636 705 de
1685 636 2170 724 hujuscemodi
2220 637 2641 725 colloquium
2714 639 2912 709 rebus
2964 638 3139 707 habe·

649 739 818 806 rent,
859 727 1351 815 superveniens
1395 731 1696 795 Joannes
1743 726 2102 807 diaconuS‚
2158 728 2546 798 secundum
2610 726 3139 798 consuetudinem

645 813 892 884 obtulit
937 816 998 884 ei
1053 837 1261 905 panes
1310 836 1587 902 azymos
1633 829 1699 883 et
1731 814 2179 904 lagunculam
2225 817 2389 894 vini,
2426 816 2654 885 oleum
2703 829 2767 885 et
2814 816 3133 905 butyrum,

644 917 709 974 et
757 904 993 973 melin
1043 904 1344 976 vasculis
1391 925 1548 973 cum
1603 904 1914 992 piscibus
1954 905 2152 974 assis.
2206 906 2317 973 Vir
2367 905 2482 974 Dei
2532 928 2689 974 cum
2750 927 2901 973 eum
2942 904 3140 972 venire

643 994 1107 1084 cognovisset,
1162 992 1417 1084 gratias
1464 991 1602 1081 egit
1666 997 1820 1073 De0,
1887 992 2144 1082 gaudio
2203 991 2470 1084 plenus.
2540 993 3140 1079 Discubueruntque

645 1094 783 1151 tres
830 1081 1154 1153 convivae
1202 1080 1561 1161 fidissime,
1614 1094 1680 1150 et
1731 1103 1891 1155 cum
1943 1082 2322 1169 gratiarum
2365 1082 2631 1152 actione
2678 1082 2858 1152 dona
2908 1080 3136 1150 Domini

642 1186 1117 1261 perceperunt.
1174 1176 1358 1240 Inter
1407 1169 1574 1238 haec
1612 1170 1728 1239 Vir
1768 1184 2051 1240 sanctus
2152 1171 2523 1261 resbytem,
2562 1176 2728 1251 Duc,
2781 1172 2895 1250 ait,
2951 1170 3137 1239 nobis·

641 1281 801 1329 cum
852 1274 1117 1329 noctem
1168 1260 1561 1338 instantem,
1616 1271 1682 1327 et
1718 1259 2024 1328 crastina
2126 1260 2183 1329 ie
2231 1272 2483 1341 tecum,
2540 1261 2827 1329 Domino
2876 1259 3134 1337 volente,

644 1350 1067 1438 proficiscar.
1120 1354 1425 1436 Cumque
1473 1346 1635 1416 huic
1670 1368 2084 1418 consensum
2140 1348 2568 1439 persuasioni
2608 1347 3041 1439 praebuisset,
3066 1345 3137 1415 ad

641 1438 877 1507 Virum
928 1438 1043 1508 Dei
1090 1437 1425 1507 diaconus
1471 1435 1673 1505 dixit:
1729 1458 1765 1501 «
1796 1441 1987 1505 Mane
2031 1435 2252 1526 primo
2302 1436 2615 1507 diluculo
2665 1436 2805 1507 huc
2870 1437 3130 1512 veniam,

639 1541 704 1596 et
743 1526 1082 1596 adducam
1136 1526 1402 1595 mulum
1455 1546 1685 1594 meum
1737 1536 2026 1595 stratum
2064 1579 2080 1607 ,
2133 1538 2211 1596 ut
2264 1524 2473 1595 simul
2524 1525 2624 1595 ire
2675 1525 2973 1615 possitis.
3026 1529 3139 1613 Ego

642 1638 798 1685 vero
861 1614 1083 1685 cultor
1127 1635 1242 1684 ero
1290 1613 1658 1704 speluncae
1693 1667 1708 1692 ‚
1761 1625 1827 1681 et
1882 1635 2033 1682 eam
2082 1635 2251 1683 cura
2297 1613 2614 1704 diligenti
2662 1614 3060 1685 custodiam.
3109 1633 3137 1677 »

645 1709 934 1775 Sanctus
982 1703 1217 1775 Gallus
1266 1701 1654 1791 respondit:
1710 1706 1944 1770 «Bene
1993 1701 2262 1785 dixisti,
2301 1702 2437 1783 fili;
2471 1717 2536 1773 et
2565 1726 2694 1793 ego
2724 1703 2996 1791 quidem
3027 1700 3134 1780 via,

642 1813 779 1879 qua
828 1814 1169 1873 veneram,
1227 1813 1344 1880 per
1390 1792 1699 1860 eremum
1752 1790 2097 1881 regrediar
2145 1791 2230 1860 ad
2280 1791 2602 1862 cellulam
2659 1814 2880 1861 meam
2916 1846 2931 1873 ,
2966 1803 3025 1859 et
3059 1788 3140 1856 vi-

641 1882 861 1953 sitabo
906 1881 1186 1951 fratres:
1225 1878 1662 1969 postmodum
1714 1901 1892 1960 ver0,
1945 1901 2153 1967 quam
2204 1880 2534 1950 citissime
2589 1894 2895 1969 potuer0,
2929 1879 3009 1949 ad
3050 1898 3141 1947 ca-

642 1984 861 2040 strum
912 1968 1310 2059 properabo.
1351 1991 1385 2034 »
1421 1968 1775 2056 Presbyter
1802 1989 1963 2057 ergo
2011 1968 2441 2058 adJuratione
2491 1969 2715 2039 valida
2764 1964 3137 2039 constrinxit

639 2080 823 2136 euin,
864 2071 939 2126 ut
981 2078 1413 2143 nequaquam
1465 2055 1711 2125 faceret
1756 2058 2096 2127 contraria
2145 2057 2372 2128 dictis.
2412 2063 2488 2128 Et
2534 2059 3008 2128 abscesserunt
3044 2076 3138 2143 pa·

645 2147 831 2216 riter.
881 2147 1191 2215 Joannes
1229 2166 1503 2232 quoque
1533 2199 1548 2225 ‚
1602 2150 1880 2235 accepta
1929 2145 2402 2216 benedictione
2432 2201 2447 2227 ‚
2502 2146 2704 2216 rediit
2756 2148 2825 2216 in
2889 2145 3140 2214 domum

645 2257 869 2305 suam.
932 2239 1237 2321 Cumque
1284 2233 1395 2302 Vir
1443 2233 1682 2302 beatus
1731 2249 1911 2304 recto
1953 2235 2192 2304 itinere
2244 2236 2659 2324 pervenisset
2689 2235 2781 2304 ad
2820 2233 3137 2310 cellulam,

644 2322 978 2410 requievit
1027 2323 1120 2391 ibi
1172 2336 1362 2392 nocte
1397 2320 1514 2391 itta
1540 2344 1698 2392 cum
1733 2321 2083 2394 fratribuS.
2122 2329 2314 2393 Mane
2346 2338 2575 2393 autem
2604 2324 2939 2411 sequenti,
2977 2342 3134 2391 sum·

645 2413 782 2502 ptis
813 2433 1044 2480 secum
1077 2410 1353 2482 duobus
1391 2410 1745 2492 fratribuS,
1791 2412 2081 2495 perrexit
2103 2412 2188 2481 ad
2222 2425 2549 2492 castrum,
2585 2413 2970 2514 reperitque
2997 2404 3141 2478 inibi

637 2522 797 2570 cum
852 2499 1245 2590 presbytero
1296 2499 1498 2570 Ducis
1555 2501 1889 2581 missum,
1942 2501 2061 2589 qui
2109 2523 2224 2571 eos
2271 2524 2430 2572 cum
2480 2523 2673 2570 omni
2738 2499 3140 2572 festinatione

639 2590 740 2658 ire
788 2589 1214 2677 deposceret:
1259 2588 1380 2676 qui
1409 2588 1613 2657 etiam
1646 2588 1975 2658 indicavit
2011 2589 2308 2679 puellam
2344 2590 2744 2660 continuato
2770 2591 2914 2677 jam
2946 2586 3142 2658 triduo

641 2679 792 2747 sine
821 2677 1150 2748 alimonia
1177 2677 1574 2768 perdurare.
1612 2681 1690 2746 At
1728 2677 1853 2758 illi,
1900 2677 2218 2748 navicula
2250 2682 2651 2754 conscensa,
2700 2679 2860 2749 totis
2900 2676 3139 2747 nisibus

637 2766 735 2836 ire
768 2766 1194 2847 festinanteS,
1254 2765 1442 2853 ligno
1483 2765 1747 2835 natatili
1785 2766 2109 2856 profundi
2159 2779 2347 2858 terga
2408 2766 2743 2849 sulcante,
2786 2780 2978 2837 nocte
3013 2784 3143 2855 pro-

637 2857 825 2925 xima
876 2868 1330 2943 pervenerunt
1374 2854 1460 2923 ad
1513 2858 1789 2924 Ducem.
3082 2889 3089 2890 ἡ

723 2946 760 3031 ξ
790 2949 925 3016 1¹2.
964 2948 1268 3032 Cumque
1303 2941 1586 3013 devictis
1623 2943 2003 3043 profundae
2039 2943 2257 3014 noctis
2298 2943 2596 3013 tenebris
2630 2942 2731 3013 sol
2771 2945 2969 3015 terris
2999 2961 3138 3012 cum

625 3032 1063 3123 jucunditate
1111 3053 1429 3103 serenum
1480 3045 1864 3103 restitueret
1924 3033 2133 3113 diem,
2193 3032 2407 3122 jussit
2452 3053 2567 3102 eos
2620 3038 2763 3102 Dux
2816 3034 3036 3104 venire
3083 3029 3140 3096 in

632 3121 1058 3202 cubiculum,
1113 3122 1182 3190 in
1221 3143 1360 3209 quo
1418 3121 1769 3212 arreptitia
1825 3123 2245 3192 servabatur.
2297 3121 2586 3191 Jacebat
2618 3133 2850 3191 autem
2885 3135 3041 3192 tunc
3084 3117 3142 3184 in

635 3210 798 3280 sinu
833 3210 1070 3279 matris
1101 3231 1290 3290 suae,
1347 3210 1568 3281 oculis
1616 3209 1897 3291 clausiS,
1949 3231 2066 3279 ore
2098 3209 2340 3290 hianti.
2373 3210 2675 3279 Membra
2705 3232 2982 3299 quoque
3010 3206 3142 3295 ejus

632 3297 729 3367 ita
783 3310 977 3367 erant
1037 3297 1341 3385 disjecta,
1387 3312 1462 3368 ut
1506 3299 1707 3386 quasi
1757 3311 2027 3368 mortua
2082 3297 2446 3368 videretur.
2510 3305 2747 3369 Foetor
2809 3321 2965 3370 vero
3025 3311 3138 3366 tam

632 3386 863 3475 gravis
908 3385 1048 3456 oris
1083 3386 1397 3486 prorupit
1442 3409 1521 3457 ex
1569 3386 1797 3476 adyto,
1843 3399 1921 3456 ut
1967 3386 2300 3477 sulphure
2348 3387 2541 3457 locus
2590 3388 2739 3477 ipse
2795 3389 3181 3489 adspersus,

631 3485 1013 3564 putaretur.
1068 3479 1261 3544 Pater
1292 3486 1519 3562 itaque
1551 3497 1709 3545 cum
1761 3475 2158 3545 domesticis
2206 3475 2352 3544 suis
2402 3477 2699 3556 intravit,
2757 3490 2834 3546 ut
2882 3475 3135 3550 videret,

628 3561 797 3649 quid
830 3561 944 3630 Vir
991 3562 1107 3631 Dei
1154 3576 1331 3633 esset
1377 3578 1679 3634 acturus.
1734 3563 1858 3632 Ille
1905 3563 1989 3632 de
2038 3564 2304 3633 Domini
2349 3563 2660 3653 largitate
2706 3565 3139 3640 certissimuS,

630 3650 991 3742 humiliter
1046 3672 1118 3720 se
1166 3664 1627 3741 prosternens,
1683 3652 1808 3721 has
1859 3673 2093 3742 preces
2142 3652 2429 3722 Domino
2477 3675 2635 3723 cum
2698 3652 3022 3743 lacrymis
3053 3648 3144 3717 fu·

632 3739 780 3808 dit:
829 3762 864 3806 «
902 3740 1189 3810 Domine
1234 3741 1408 3810 Jesu
1455 3741 1739 3821 Christe,
1784 3741 1905 3828 qui
1952 3763 2072 3830 pro
2122 3741 2342 3810 salute
2388 3741 2677 3811 humani
2715 3742 2987 3832 generis
3015 3759 3144 3836 car·

630 3849 785 3898 nem
836 3850 1155 3910 sumere,
1223 3841 1288 3898 et
1346 3850 1465 3920 per
1533 3829 1880 3919 Virginem
1953 3830 2144 3899 nasci
2201 3829 2526 3917 dignatus
2585 3852 2702 3912 es;
2761 3831 2883 3918 qui
2947 3839 3143 3897 ventis

628 3927 694 3986 et
743 3918 916 3987 mari
966 3918 1356 4007 imperasti,
1409 3918 1763 3989 diabolum
1813 3916 2061 3999 etiam,
2119 3917 2513 3988 calliditatis
2573 3940 2739 3989 suae
2793 3915 3145 4012 fraudibus

628 4004 1080 4087 insistentem,
1115 4020 1291 4077 retro
1322 4007 1418 4078 ire
1441 4007 1739 4097 jussisti,
1777 4006 2034 4094 quique
2076 4007 2395 4096 passione
2434 4010 2552 4077 tua
2602 4007 2944 4078 mundum
2994 4002 3143 4101 red-i·

629 4114 853 4176 mere,
897 4108 961 4165 et
1009 4095 1304 4167 libertati
1353 4096 1705 4166 restituere
1753 4094 2081 4187 dignatus
2112 4117 2208 4176 eS,
2253 4095 2423 4185 jube
2458 4096 2642 4165 hunc
2677 4093 3141 4165 immundissi-

629 4203 819 4250 mum
863 4184 1179 4273 spiritum
1211 4184 1293 4254 de
1334 4185 1562 4274 puella
1599 4185 1726 4254 hac
1766 4207 1886 4275 pro
1938 4185 2035 4255 tui
2071 4184 2292 4276 gloria
2334 4185 2634 4255 nominis
2664 4185 2869 4255 exire:
2902 4197 2977 4252 ut
3011 4179 3142 4271 pla-

629 4291 778 4338 sma
811 4284 1001 4340 tuum
1053 4274 1394 4362 superbus
1444 4275 1731 4368 invasor·
1765 4273 2056 4354 deserat,
2102 4286 2167 4343 et
2201 4273 2323 4342 tibi
2356 4272 2652 4342 Creatori
2688 4297 2812 4344 suo
2843 4284 3142 4341 creatura

629 4369 746 4428 tua
810 4360 1119 4449 gaudens
1179 4361 1611 4432 deserviat.»
1663 4367 1740 4431 Et
1804 4384 1962 4433 cum
2023 4362 2430 4433 surrexisset
2482 4364 2568 4433 ab
2616 4362 2964 4440 oratione,
3027 4377 3142 4445 ap-

628 4446 966 4537 prehensa
1016 4448 1287 4520 dextera
1333 4449 1481 4539 ejus
1511 4505 1527 4533 ,
1591 4450 1903 4521 allevavit
1963 4473 2110 4522 eam
2150 4473 2165 4533 ;
2224 4451 2507 4541 spiritus
2566 4452 2751 4522 enim
2803 4447 3140 4539 malignus
