3347 4999
245 325 415 391 OCT.
473 329 549 391 14
907 346 985 391 na
1037 346 1090 392 s.
1146 344 1444 393 notumne
1495 346 1795 394 coch‘ro
1846 348 2117 395 annum
2560 331 2687 395 417

241 430 603 500 duodecim
639 428 719 497 ex
769 450 953 498 more
1005 429 1346 519 psalteriis
1398 443 1657 520 partem
1698 430 2157 509 decimitertii,
2197 453 2417 519 usque
2450 433 2532 501 ad
2599 433 2780 523 psal-

244 541 460 598 mum,
517 520 710 587 Beati
736 541 1040 607 quorum,
1082 518 1409 587 absolvi.»
1453 524 1654 588 Porro
1689 519 1869 606 quod
1915 521 2111 589 nobis
2145 520 2399 589 durum
2438 544 2640 612 saepe
2682 522 2778 590 vi-

244 607 447 677 detur
477 620 543 676 et
589 629 937 697 asperum,
976 629 1181 693 quam
1235 606 1350 675 ille
1399 607 1662 695 puerile
1713 607 1989 697 deputet
2037 631 2115 677 ac
2159 609 2582 697 despectum,
2634 632 2777 679 uno

245 697 616 766 doceamus
649 695 984 784 exempla
1032 701 1259 765 Frater
1288 696 1566 781 quidam
1602 718 1763 764 cum
1812 718 1852 765 a
1882 718 2247 786 scoparum
2285 698 2535 767 ictibus
2571 698 2778 768 nimis

242 785 663 864 abhorreret,
721 794 923 869 atque
965 784 1263 874 perferre
1302 784 1789 873 gravissimum
1818 784 2187 872 judicaret,
2230 784 2499 854 tandem
2551 797 2777 856 tamen

248 873 513 942 domini
567 872 898 942 Dominici
957 872 1265 941 crebrius
1315 872 1695 943 insistentis
1761 873 2355 944 adhortationibus
2403 876 2775 961 acquievit,

243 984 324 1031 ac
390 984 507 1049 per
557 960 1092 1030 modulationem
1144 962 1349 1031 totius
1402 962 1740 1050 psalterii,
1803 974 1867 1031 et
1935 963 2220 1051 insuper
2279 962 2783 1054 quinquaginta

249 1050 700 1141 psalmorum,
755 1050 1031 1119 sibimet
1088 1049 1257 1118 disci
1318 1048 1525 1118 linam
1582 1050 1829 1119 inferre
1888 1052 2186 1141 propriis
2259 1051 2580 1121 manibus
2642 1074 2775 1120 non

245 1138 559 1209 cessavit.
599 1143 755 1207 Erat
788 1151 1017 1208 autem
1056 1160 1181 1207 nox
1213 1137 1257 1206 il
1291 1161 1329 1206 a
1371 1138 1785 1228 praecedens
1814 1141 2233 1209 Dominicam
2270 1139 2476 1220 diem,
2507 1153 2571 1210 et
2605 1140 2786 1212 beati

249 1227 600 1296 Michaelis
635 1227 1085 1296 festivitatem.
1124 1232 1427 1313 Cumque
1476 1228 1651 1297 facto
1687 1250 1907 1309 mane,
1948 1229 2033 1298 ad
2074 1228 2497 1318 praedictum
2550 1250 2779 1298 senem

248 1315 455 1385 frater
504 1316 618 1383 ille
649 1316 963 1395 venisset,
1001 1315 1247 1387 timens
1289 1337 1371 1385 ne
1405 1315 1488 1384 de
1527 1316 2013 1386 indiscretione
2044 1318 2592 1406 redargueretur,
2626 1338 2781 1387 cum

245 1405 431 1492 quod
487 1417 753 1493 egerat,
825 1426 942 1494 per
990 1403 1300 1472 ordinem
1371 1403 1735 1485 retulisset,
1790 1406 1917 1474 hac
1990 1405 2102 1476 ille
2181 1428 2340 1475 voce
2392 1404 2781 1495 respondit:

250 1517 288 1561 «
327 1493 497 1573 Noli,
547 1493 774 1572 frater,
832 1492 1299 1579 pusillanimis
1346 1514 1515 1573 esse,
1557 1493 1657 1561 vel
1698 1516 1817 1582 pro
1870 1494 1993 1563 hac
2030 1506 2170 1574 tua,
2223 1516 2398 1580 quae
2433 1516 2616 1563 nunc
2660 1507 2782 1574 est,

251 1581 650 1650 infirmitate
698 1580 1044 1650 diffidere:
1101 1593 1318 1671 potest
1356 1582 1541 1649 enim
1596 1587 1770 1651 Deus
1799 1604 1878 1651 ex
1927 1583 2087 1652 imis
2126 1595 2184 1653 te
2233 1582 2313 1651 ad
2355 1582 2597 1652 altiora
2633 1604 2789 1673 pro-

251 1671 515 1750 vehere,
554 1683 619 1738 et
667 1669 874 1757 hujus
925 1669 1242 1738 lacteolae
1303 1682 1456 1738 tuae
1505 1672 2041 1741 conversationis
2091 1671 2478 1747 infantiam,
2525 1671 2606 1739 ad
2671 1670 2791 1758 ju-

253 1759 497 1828 venilis
549 1759 811 1828 roboris
863 1759 1280 1827 incrementa
1329 1758 1678 1827 firmare.»
1706 1765 1781 1829 Et
1811 1760 2141 1847 adjiciens
2191 1760 2321 1829 ait:
2364 1782 2399 1825 «
2434 1760 2788 1830 Nosetiam

253 1848 481 1938 primo
516 1847 927 1936 pedetentim
963 1848 1340 1936 coepimuS,
1396 1848 1792 1934 sensimque
1824 1849 1906 1917 ad
1938 1849 2120 1935 quod
2158 1871 2279 1919 nos
2309 1848 2544 1917 divina
2575 1849 2790 1937 pietas

256 1935 632 2024 perducere
680 1935 914 2004 voluit.
981 1935 1135 2004 licet
1209 1935 1585 2005 imbecilles
1633 1959 1713 2006 ac
1761 1936 2036 2025 fragiles
2070 1992 2084 2014 ,
2155 1936 2382 2006 educti
2443 1959 2710 2007 sumus.
2752 1958 2788 2002 »

257 2025 506 2111 Sicque
542 2024 794 2093 factum
847 2036 968 2103 est,
1013 2037 1087 2093 ut
1140 2046 1271 2093 non
1309 2047 1465 2093 eum
1496 2024 1581 2093 de
1631 2024 2082 2095 immoderato
2131 2025 2410 2107 fervore,
2451 2026 2625 2094 sicut
2675 2023 2788 2093 ille

260 2114 561 2193 timebat,
616 2126 966 2203 argueret,
1023 2112 1138 2181 sed
1201 2134 1283 2181 ne
1331 2112 1788 2201 desperationi
1865 2114 2379 2194 succumberet,
2439 2129 2789 2200 tamquam

253 2202 372 2289 qui
407 2202 772 2270 minimum
810 2201 975 2288 quid
1004 2201 1273 2291 egisset,
1311 2202 1619 2293 animum
1659 2200 2002 2271 refoveret.
2042 2205 2260 2290 Hujus
2303 2204 2527 2290 itaque
2563 2201 2790 2271 Sancti

260 2290 445 2361 senis
484 2290 794 2380 exemplo
843 2290 1193 2359 faciendae
1242 2290 1416 2358 disci
1472 2290 1652 2358 linae
1705 2312 1850 2360 mos
1877 2291 2046 2361 adeo
2081 2293 2147 2360 in
2188 2293 2436 2362 nostris
2480 2290 2789 2380 partibus

257 2377 560 2459 inolevit,
600 2391 677 2448 ut
728 2401 860 2447 non
905 2378 1106 2447 modo
1142 2378 1290 2456 viri,
1332 2400 1401 2447 se
1484 2379 1838 2447 etnobiles
1876 2380 2199 2449 mulieres
2236 2381 2360 2449 hoc
2408 2386 2543 2451 Pur
2593 2378 2791 2448 atorii

255 2489 481 2559 genus
532 2466 876 2537 inhianter
923 2466 1325 2557 arriperent.
1377 2473 1540 2537 Nam
1593 2480 1657 2537 et
1713 2468 1944 2538 relicta
1990 2469 2023 2503 '⁶
2056 2468 2420 2538 Techbaldi
2472 2491 2550 2538 su
2607 2467 2792 2538 limis

257 2559 498 2644 utique
538 2558 831 2646 generis,
871 2572 935 2626 et
984 2578 1115 2625 non
1168 2556 1448 2625 infimae
1480 2556 1857 2646 dignitatis,
1896 2559 2065 2627 mihi
2116 2557 2486 2645 aliquando
2534 2557 2786 2638 retulit,

262 2646 634 2745 praefixam
687 2646 898 2733 hujus
966 2643 1373 2733 disciplinae
1420 2657 1696 2714 centum
1757 2668 2098 2715 annorum
2157 2669 2250 2728 se,
2307 2646 2787 2737 poenitentiam

263 2755 629 2824 peregisse.

351 2825 385 2909 ἓ
435 2829 567 2895 n.
643 2827 716 2890 In
771 2822 1070 2910 Epistola
1123 2821 1325 2890 etiam
1386 2821 1468 2889 ad
1519 2828 1851 2891 Joannem
1904 2824 2203 2891 Priorem
2274 2822 2528 2902 eremi,
2613 2843 2792 2908 quae

253 2911 452 2999 juxta
503 2916 673 2979 Susa
709 2910 1011 2982 vicinum
1046 2911 1114 2944 ⁴*
1166 2922 1461 2978 montem
1513 2922 1613 2980 est
1661 2911 2050 2988 constituta,
2089 2932 2455 2989 cumeum,
2509 2910 2792 2998 ejusque

265 3000 607 3088 subjectos
656 2998 738 3068 ad
790 2999 1247 3068 extensionem
1288 2999 1353 3065 in
1391 2998 1817 3068 orationibus
1849 2999 2296 3067 exhortatorie
2330 3019 2787 3098 provocarem,

261 3087 404 3156 dixi
451 3089 643 3177 prius
678 3088 759 3156 de
807 3088 1102 3174 quodam
1147 3086 1644 3155 ferventissimo
1696 3087 1760 3154 in
1815 3109 2045 3157 amore
2105 3087 2350 3156 Christi
2410 3087 2611 3155 fratre
2676 3107 2794 3154 no-

262 3189 428 3257 str0,
470 3175 677 3245 Adam
737 3176 1037 3255 nomine,
1084 3175 1329 3245 deinde
1398 3175 1824 3244 Dominicum
1879 3175 1945 3244 in
1997 3175 2306 3264 exemplo
2365 3175 2649 3264 subjeci,
2706 3174 2793 3243 ita

273 3264 639 3351 inquiens:
686 3291 710 3326 u
749 3264 1097 3334 Habemus
1130 3277 1356 3332 autem
1400 3263 1766 3350 quemdam
1814 3263 2264 3351 juvenculum
2307 3264 2621 3342 fratrem,
2676 3263 2795 3349 qui

261 3353 628 3423 confessus
667 3365 789 3432 est,
835 3375 871 3420 a
907 3354 1126 3443 capite
1161 3375 1380 3438 usque
1414 3351 1496 3420 ad
1533 3352 1736 3421 finem
1777 3351 2078 3442 psalterii
2111 3352 2364 3422 elevata
2412 3375 2484 3422 se
2518 3352 2795 3421 brachia

268 3456 494 3512 tenere
555 3440 722 3508 dum
775 3442 1026 3530 psallit,
1083 3442 1171 3510 ita
1222 3454 1297 3509 ut
1367 3441 1647 3526 laquear
1698 3440 2073 3509 tabulatum
2142 3441 2427 3512 cellulae
2476 3441 2797 3510 manibus

266 3552 470 3620 saepe
518 3529 892 3618 contingat,
948 3530 1076 3599 hac
1118 3543 1342 3599 tamen
1379 3529 1787 3598 discretione
1840 3530 2123 3610 servata,
2163 3543 2239 3599 ut
2294 3554 2413 3621 per
2459 3529 2800 3618 quinqua-

272 3641 486 3710 genos
537 3617 839 3707 psalmos
875 3617 960 3686 ad
1013 3631 1436 3687 momentum
1496 3618 1771 3687 brachia
1822 3631 2085 3688 extenta
2149 3619 2463 3708 deponat,
2529 3631 2595 3686 et
2644 3640 2800 3708 pro-

274 3710 463 3777 tinus
497 3707 735 3796 erigat.
773 3708 1122 3776 Habemus
1171 3719 1234 3775 et
1285 3706 1572 3775 alterum
1630 3706 2070 3796 provectioris
2118 3709 2375 3788 aetatis,
2439 3708 2801 3775 incurvum

273 3796 588 3865 videlicet
623 3816 878 3876 senem,
917 3808 981 3864 et
1028 3808 1102 3863 ut
1143 3809 1392 3865 secrete
1432 3796 1550 3864 tibi
1583 3796 1932 3878 confitear,
1980 3795 2090 3865 hic
2142 3796 2537 3864 Dominicus
2568 3805 2693 3863 cst.
2736 3798 2801 3862 Is

269 3886 498 3972 itaque
545 3883 916 3971 quamdam
972 3883 1542 3973 scriptiunculam
1600 3886 1881 3974 reperit,
1921 3884 2040 3955 ubi
2090 3884 2464 3962 dicebatur,
2518 3882 2703 3970 quod
2746 3882 2805 3954 si

265 3974 431 4059 quis
479 3971 844 4041 duodecim
888 3970 1027 4039 illic
1079 3984 1342 4041 notatos
1393 3971 1697 4060 psalmos
1739 3973 1943 4043 vicies
1977 3986 2238 4061 quater,
2271 3974 2509 4041 erectis
2545 3973 2609 4039 in
2663 3993 2805 4039 mo-

275 4063 441 4131 dum
488 4062 713 4131 crucis
765 4059 1112 4140 manibus,
1159 4073 1453 4140 caneret,
1493 4083 1614 4149 pro
1647 4084 1789 4131 uno
1840 4075 2064 4151 posset
2091 4083 2271 4131 anno
2321 4059 2802 4152 poenitentiam

277 4170 349 4216 re
404 4148 684 4219 ulariter
731 4171 1198 4237 compensare.
1247 4149 1564 4218 Protinus
1618 4148 1735 4219 ille
1782 4151 1849 4218 in
1896 4150 2288 4219 exercitium
2350 4152 2412 4218 id
2464 4149 2646 4236 quod
2707 4148 2809 4216 di-

273 4172 581 4320 cebatur,
638 4239 955 4329 arripuit,
1009 4252 1071 4307 et
1119 4237 1484 4308 duodecim
1542 4236 1697 4307 illos
1762 4239 2064 4327 psalmos
2100 4240 2394 4309 extensis
2453 4237 2753 4307 brachiis
2787 4291 2802 4314 ,

265 4325 457 4394 ,sicut
489 4327 750 4396 dictum
804 4341 924 4408 cst,
978 4327 1183 4398 vicies
1233 4339 1473 4414 quater
1507 4326 1634 4396 sub
1688 4327 1877 4397 nullo
1928 4350 2209 4419 prorsus
2258 4327 2634 4406 intervalIO,
2691 4323 2807 4395 sed

328 4452 353 4479 ¹*
383 4452 694 4503 subintellige
716 4452 859 4495 vidua.
1341 4454 1394 4482 Μ
1428 4453 1698 4504 Legendum
1720 4452 1907 4504 proprie
1929 4457 2000 4496 est
2023 4455 2307 4496 Saevit-inum.

434 4537 671 4593 surius
702 4565 725 4578 -
762 4534 929 4596 Vitae
957 4538 1071 4598 SS.
1105 4567 1128 4583 -
1158 4534 1286 4598 Vol.
1319 4533 1394 4599 X.
2575 4528 2646 4589 ²7
