3347 4999
304 322 494 419 our(
540 355 621 418 49
2651 355 2776 417 555

459 585 1075 687 MARTYRlUM
1144 586 1282 684 SS.
1365 585 1599 687 vAttt
1685 586 1798 685 ET
1868 584 2379 686 SOClORUM
2454 587 2695 689 EJUS

674 843 957 891 AUCTORE
1007 842 1275 890 smssonss
1326 843 1796 889 METAPHRASTE.
1849 842 1929 889 EX
1977 842 2163 889 ‘roms
2212 842 2481 890 Atovsn.

783 1038 977 1096 Passi
1018 1042 1181 1094 sunt
1223 1038 1402 1093 circa
1445 1052 1704 1093 annum
1745 1039 1881 1092 307.
1916 1065 1991 1078 -
2033 1036 2375 1105 Aegyptii.

400 1256 436 1329 ἓ
485 1256 562 1321 1.
618 1254 783 1318 Cum
826 1247 1285 1316 Maximianus
1318 1248 1350 1278 ²*
1390 1252 1754 1335 Tyrannus
1799 1268 1916 1335 per
1981 1247 2382 1315 universum
2429 1247 2566 1315 fere
2621 1247 2858 1316 orbem

306 1351 527 1407 terrae
562 1338 855 1425 impium
892 1336 1219 1405 edidisset
1248 1335 1549 1404 edictum
1581 1359 1595 1415 ;
1644 1337 2081 1420 misissetque
2105 1335 2307 1404 etiam
2351 1336 2434 1403 ad
2471 1337 2851 1418 PraesideS,

310 1427 432 1513 qui
480 1439 672 1495 erant
713 1425 782 1494 in
848 1431 1170 1514 AegyptO,
1230 1440 1303 1492 ut
1349 1425 1445 1492 vel
1506 1446 1746 1493 omnes
1791 1424 1854 1492 in
1907 1446 1986 1492 ea
2033 1424 2396 1493 existentes
2463 1425 2853 1508 Christiani,

307 1516 688 1585 execranda
716 1527 1071 1603 gustarent
1104 1513 1465 1583 sacrificia.
1499 1527 1564 1581 et
1594 1536 1789 1581 suam
1822 1514 2223 1600 abjurarent
2249 1512 2478 1581 iidem:
2514 1515 2611 1582 vel
2644 1515 2851 1586 variis

312 1606 667 1675 tormentis
715 1617 779 1672 et
820 1603 1185 1692 suppliciis
1239 1604 1370 1670 vita
1409 1603 1508 1672 eis
1538 1602 1980 1681 adimeretur,
2016 1616 2080 1671 et
2116 1603 2241 1670 hac
2291 1603 2374 1670 de
2406 1625 2612 1672 causa
2653 1604 2856 1674 multi

309 1694 548 1763 fideles
583 1693 873 1762 fuissent
905 1692 1386 1780 comprehensi
1424 1715 1438 1769 ;
1492 1704 1557 1759 et
1604 1691 1721 1759 alii
1755 1691 2036 1777 quidem
2094 1714 2212 1780 pro
2263 1691 2526 1760 Christo
2563 1708 2857 1761 mortem

310 1783 603 1874 gloriose
653 1782 1168 1858 sustinuissent,
1223 1781 1342 1848 alii
1392 1795 1619 1848 autem
1661 1781 1725 1847 in
1780 1802 2086 1848 carceres
2127 1794 2190 1848 et
2243 1779 2513 1848 vincula
2564 1782 2859 1868 conjecti

311 1886 559 1945 essent.
645 1870 961 1956 fameque
1008 1883 1073 1938 et
1140 1869 1251 1939 siti
1323 1884 1841 1958 premerentur:
1900 1870 1999 1936 vir
2070 1869 2353 1955 quidam
2418 1893 2497 1937 ex
2570 1892 2858 1939 numero

315 1961 614 2028 militum
666 1960 1177 2049 Aegyptiorum,
1232 1960 1351 2045 qui
1420 1959 1485 2026 in
1561 1980 1813 2045 magno
1874 1957 2154 2044 quidem
2205 1972 2348 2027 erat
2399 1958 2614 2047 pretio
2673 1959 2857 2048 apud

315 2049 832 2125 Maximianum,
872 2062 936 2116 et
984 2048 1164 2135 apud
1221 2048 1449 2137 ipsum
1488 2048 1889 2123 exercitum,
1933 2063 2075 2115 erat
2105 2062 2332 2117 autem
2389 2048 2709 2116 terribilis
2746 2049 2859 2117 ho-

313 2138 537 2206 stibus
589 2137 865 2205 nomine
907 2142 1143 2216 Varus,
1197 2158 1446 2225 genere
1497 2136 1816 2224 insignis,
1875 2136 2094 2226 gloria
2132 2136 2579 2225 conspicuus,
2618 2160 2697 2205 ac
2732 2138 2860 2205 vir·

317 2239 457 2294 tute
508 2225 763 2295 clarus.
819 2231 884 2294 Is
916 2225 1092 2294 clam
1146 2226 1443 2315 singulis
1481 2226 1797 2295 noctibus
1830 2248 2172 2294 carcerem
2230 2226 2646 2313 ingrediens,
2707 2248 2859 2313 par-

320 2314 435 2381 tim
500 2313 780 2399 quidem
849 2337 966 2383 eos
1016 2315 1325 2394 curabat,
1388 2314 1507 2401 qui
1556 2327 1751 2382 erant
1801 2315 1867 2382 in
1935 2314 2276 2389 vinculis;
2332 2317 2576 2402 partim
2629 2329 2859 2383 autem

313 2423 429 2470 eos
464 2403 766 2491 rogabat,
812 2418 888 2472 ut
932 2425 1050 2492 pro
1095 2404 1241 2493 ipso
1283 2415 1578 2483 orarent,
1619 2425 1755 2489 quo
1790 2424 2028 2489 aeque,
2074 2417 2278 2491 atque
2314 2404 2469 2493 ipsi.
2514 2419 2857 2473 certamen

318 2506 690 2581 perageret.
730 2493 1037 2562 Timebat
1084 2493 1267 2561 enim
1329 2491 1559 2562 adhuc
1608 2515 1807 2561 suam
1861 2493 2126 2583 aperire
2189 2492 2615 2585 religionem,
2669 2493 2855 2580 quod

317 2580 644 2651 satellites
698 2583 1094 2670 impietatis,
1148 2581 1424 2650 caedem
1467 2597 1532 2650 et
1591 2581 1890 2651 furorem
1946 2583 2288 2672 spirarent
2339 2583 2667 2651 adversus
2715 2584 2859 2670 pios

312 2685 376 2739 et
410 2693 583 2756 quos
632 2669 1249 2758 deprehendissent
1288 2671 1734 2751 ChristianOS,
1774 2671 1946 2743 alios
1986 2673 2266 2758 quidem
2310 2672 2478 2760 igni,
2520 2672 2690 2740 alios
2738 2694 2859 2740 au-

315 2774 444 2828 tem
497 2759 656 2827 aliis
707 2761 1065 2829 tormentis
1098 2775 1163 2828 et
1199 2760 1398 2828 morti
1438 2759 1803 2830 traderent.

401 2851 437 2935 §
491 2854 577 2918 2.
633 2854 797 2918 Cum
844 2863 1069 2917 autem
1128 2848 1427 2918 Praesidi
1492 2851 1729 2919 fuisset
1773 2850 2280 2926 renunciatum,
2319 2847 2498 2934 quod
2572 2847 2854 2933 quidam

312 2959 392 3006 ex
442 2938 789 3018 fidelibus,
844 2939 962 3025 qui
1008 2939 1502 3009 habitabantin
1537 2938 1935 3016 solitudine,
1980 2960 2128 3007 com
2194 2938 2462 3005 rehensi
2512 2935 2783 3005 fuerant
2820 2959 2860 3005 a

314 3027 656 3095 ministris
699 3028 788 3096 im
851 3029 1098 3107 ietatiS,
1144 3029 1400 3097 nuncio
1459 3027 1771 3104 laetatus,
1837 3048 1953 3095 eos
1992 3027 2109 3112 qui
2165 3048 2271 3094 em
2306 3025 2504 3114 jubet
2542 3027 2606 3093 in
2662 3047 2858 3113 prae-

311 3115 530 3183 sentia
578 3115 763 3185 inclu
825 3117 842 3183 i
907 3118 972 3184 in
1049 3131 1190 3185 tuta
1239 3116 1594 3193 custodia;
1648 3116 1760 3184 die
1808 3128 2035 3184 autem
2088 3114 2399 3200 sequenti
2453 3117 2679 3203 parari
2732 3129 2859 3183 tor·

313 3218 564 3283 menta,
609 3220 674 3272 ct
709 3206 893 3292 ipsos
930 3206 1272 3275 introduci
1325 3204 1410 3273 ad
1456 3204 1844 3272 habendam
1883 3204 1967 3273 de
2005 3204 2106 3272 eis
2144 3204 2645 3289 quaestionem.
2692 3207 2857 3272 Cum

314 3312 421 3360 res
462 3315 625 3380 ergo
677 3294 970 3363 venisset
1004 3295 1089 3362 ad
1127 3316 1328 3362 aures
1369 3295 1541 3362 beati
1581 3293 1755 3371 Vari,
1797 3293 2088 3379 pecunia
2131 3293 2290 3362 data
2343 3292 2448 3371 iis,
2491 3293 2610 3380 qui
2717 3315 2859 3361 rae·

310 3393 506 3449 erant
546 3382 942 3461 custodiae,
1006 3396 1210 3451 noctu
1262 3382 1344 3450 ad
1402 3404 1517 3451 eos
1570 3380 1978 3471 ingreditur,
2016 3396 2080 3450 et
2118 3403 2236 3450 eos
2267 3381 2545 3469 quidem
2590 3404 2665 3451 so
2700 3383 2790 3450 vit
2821 3403 2858 3450 e

308 3469 626 3547 vinculis,
671 3469 874 3558 pedes
903 3486 1131 3539 autem
1182 3495 1217 3538 e
1272 3470 1477 3559 cippo
1525 3484 1819 3538 amovet.
1877 3477 2183 3557 Cumque
2232 3494 2347 3540 eos
2409 3485 2743 3550 curasset,
2793 3481 2859 3539 et

310 3573 386 3628 ut
443 3559 677 3627 cibum
757 3575 1109 3628 sumerent
1160 3559 1514 3635 effecisset,
1583 3559 1703 3645 qui
1756 3572 1929 3627 totos
1996 3575 2147 3630 octo
2202 3560 2351 3628 dies
2403 3561 2547 3646 jam
2619 3558 2852 3647 jejuni

308 3660 729 3724 manserant,
790 3649 1152 3735 procidens
1188 3648 1409 3727 humi,
1443 3649 1879 3717 obsecrabat:
1930 3671 1965 3714 «
1997 3655 2187 3738 Rogo
2220 3672 2358 3727 vos,
2404 3649 2666 3726 dicens,
2713 3669 2860 3738 ger·

310 3737 499 3805 mani
562 3758 641 3804 ac
700 3736 949 3805 sinceri
996 3737 1244 3805 Christi
1296 3736 1562 3814 famuli,
1635 3743 1766 3806 Deo
1836 3760 1956 3825 pro
2007 3760 2113 3807 me
2162 3738 2574 3827 supplicate,
2616 3751 2690 3806 ut
2750 3759 2857 3805 me

307 3846 583 3911 quoque
645 3824 909 3902 eadem,
953 3848 1092 3913 qua
1156 3848 1294 3906 VOS,
1378 3840 1564 3914 parte
1612 3826 1961 3914 dignetur,
2030 3843 2097 3895 et
2156 3827 2487 3895 adversus
2552 3826 2733 3894 mala
2792 3837 2859 3894 et

308 3937 550 4003 aspera
612 3913 725 3982 det
794 3914 962 3982 mihi
1043 3914 1536 3984 fortitudinem.
1592 3920 1758 3984 Nam
1837 3937 1964 4004 ego
2040 3938 2314 4002 quoque
2381 3937 2535 3983 sum
2617 3936 2857 3985 servus

310 4003 581 4084 Christi,
626 4017 691 4071 et
739 4002 887 4090 ejus
930 4009 1371 4072 Sanctorum:
1443 4003 1557 4073 sed
1614 4005 1802 4073 varia
1847 4021 1912 4073 et
1952 4005 2193 4073 acerba
2240 4004 2593 4094 supplicia
2631 4018 2696 4072 et
2742 4004 2857 4072 Ju-

306 4091 539 4160 dicum
578 4091 858 4163 saevitia
912 4115 1017 4160 me
1061 4093 1395 4162 volentem
1442 4092 1717 4182 prodire
1759 4095 1825 4162 in
1865 4093 2195 4172 medium,
2243 4093 2625 4164 abducunt.
2673 4107 2737 4161 et
2772 4092 2857 4161 ti-

312 4200 564 4249 morem
612 4181 979 4250 incutiunt.
1028 4186 1225 4250 Orate
1254 4204 1418 4272 ergo
1474 4204 1591 4270 pro
1636 4204 1765 4260 me,
1807 4184 2027 4251 sancti
2073 4188 2420 4269 Martyres,
2476 4197 2683 4250 orate.
2731 4187 2855 4251 Vos

310 4270 490 4338 enim
522 4292 674 4338 cras
707 4273 776 4337 in
820 4272 1104 4339 Domino
1134 4271 1825 4341 consummabimini.
1867 4295 1900 4336 »
1938 4271 2028 4339 Ad
2061 4271 2226 4340 haec
2256 4273 2509 4341 Sancti:
2558 4276 2849 4351 «NemO,

361 4433 382 4452 ”
414 4433 628 4472 Galerius
666 4434 990 4476 Maximianus.
1022 4435 1104 4482 qui
1141 4435 1196 4472 ab
1232 4443 1353 4474 aun-2
1393 4436 1469 4474 805
1508 4434 1566 4475 nd
1599 4445 1773 4475 annum
1806 4436 1880 4475 308
1904 4445 1950 4474 tn
1973 4436 2177 4487 Aegypto
2199 4436 2245 4477 et
2266 4435 2395 4486 Syria
2416 4445 2689 4485 surremum
2708 4430 2856 4475 domi-

307 4489 484 4528 natum,
506 4491 555 4523 nt
577 4487 626 4524 ir·
643 4491 835 4537 lvi-ator
856 4491 1078 4526 exercuit.
