3347 4999
188 312 364 378 OCT.
421 311 504 374 ’19
976 328 1053 373 nn
1099 327 1191 373 ss,
1246 325 1408 372 uno
1456 326 1532 372 m·
1578 324 1779 373 socns
1825 327 1941 372 nn.
2510 311 2625 376 56⁴

188 436 400 483 urens
450 412 662 481 multa
711 410 1071 490 odorifera,
1116 410 1177 478 id
1217 410 1507 479 babebat
1554 411 1623 478 in
1677 412 1864 478 omni
1900 410 2177 480 honore.
2218 416 2449 483 Postea
2485 413 2727 483 videns

191 525 513 593 magnam
581 501 940 569 hominum
1006 500 1516 568 multitudinem
1580 499 1963 569 venientem
2024 499 2107 567 ad
2175 499 2475 569 loculum
2531 503 2730 592 (erat

187 594 371 662 enim
426 592 482 660 is
529 592 659 673 iam
712 590 1021 657 omnium
1075 610 1387 658 sermone
1420 588 1827 669 celebratus,
1865 599 1930 657 et
1963 588 2133 656 odor
2163 590 2313 677 ejus
2348 592 2725 680 gratiarum

187 703 429 750 omnes
463 680 596 748 cito
633 678 935 758 vocabat,
978 691 1110 746 tam
1144 679 1262 763 qui
1297 679 1484 767 gravi
1513 677 1748 763 aliquo
1782 678 2023 746 morbo
2053 678 2475 758 laborabant,
2519 702 2727 766 quam

186 792 360 859 quos
393 768 677 858 maligni
705 768 991 857 spiritus
1029 769 1308 835 vexabat
1341 766 1688 855 operatio:
1733 788 1972 836 omnes
2006 768 2189 835 enim
2224 789 2342 856 per
2373 790 2727 839 accessum

187 859 268 928 ad
330 857 634 926 loculum
679 911 692 936 ,
750 879 905 925 mox
955 855 1426 924 liberabantur
1473 856 1560 924 ab
1609 856 1697 923 iis
1744 877 1921 942 quae
1968 856 2068 924 eis
2137 856 2516 926 molestiam
2566 859 2730 927 affe-

188 951 477 1027 rebant,
530 946 941 1014 existimavit
986 963 1297 1029 oportere
1345 944 1624 1034 Martyri
1676 947 2008 1033 templum
2060 947 2351 1014 excitare
2400 968 2729 1017 veneran-

184 1037 379 1116 dum,
444 1035 691 1104 mulier
738 1056 982 1104 amans
1031 1040 1432 1122 Martyrum.
1489 1037 1654 1102 Cum
1709 1047 1937 1102 autem
1992 1056 2242 1123 magno
2290 1049 2611 1124 sumptu,
2664 1047 2731 1106 et

185 1148 442 1215 magna
493 1124 926 1193 contentione
983 1137 1255 1213 urgeret
1318 1122 1863 1191 aedificationem
1914 1123 2384 1212 (quibusnam
2447 1125 2727 1212 quidem

184 1216 468 1306 gratiis,
521 1234 820 1299 quanam
873 1223 1099 1281 autem
1151 1234 1308 1280 cum
1362 1210 1708 1299 voluptate
1743 1265 1759 1289 ,
1812 1211 2151 1302 elegantia
2202 1225 2266 1281 et
2312 1214 2536 1301 specie
2587 1214 2730 1284 illic

184 1326 320 1372 non
373 1302 844 1385 arridenteP),
903 1301 1052 1390 ipsa
1102 1300 1344 1369 referta
1395 1300 1648 1369 laetitia
1694 1300 2016 1389 (laetatur
2061 1301 2244 1369 enim
2300 1302 2578 1383 anima,
2633 1303 2731 1372 rei

185 1394 475 1483 pulcrae
522 1412 758 1460 curam
810 1412 1077 1478 gerenS,
1132 1390 1382 1479 partim
1432 1389 1737 1476 quidem,
1790 1390 1969 1474 quod
2010 1389 2187 1458 bono
2222 1394 2464 1459 natura
2497 1392 2585 1460 sit
2625 1393 2732 1461 in-

184 1483 425 1559 situm,
481 1494 557 1549 ut
606 1480 688 1548 iis
737 1478 958 1566 quiid
994 1492 1388 1568 operantur,
1433 1477 1753 1547 conciliet
1803 1478 2166 1558 laetitiam;
2220 1479 2464 1569 partim
2498 1495 2730 1550 autem

185 1572 397 1640 etiam
450 1581 722 1658 propter
760 1590 936 1648 eam,
992 1589 1168 1654 quae
1217 1580 1553 1658 speratur,
1612 1568 2311 1650 remunerationem),
2364 1570 2729 1659 pecuniam

189 1660 400 1729 mittit
427 1658 511 1726 ad
555 1680 694 1737 θος,
748 1657 866 1742 qui
901 1678 1125 1726 rerum
1167 1656 1625 1746 potiebantur,
1682 1667 1914 1746 petens
1964 1670 2038 1726 ut
2085 1656 2341 1726 honore
2387 1680 2591 1727 suum
2628 1658 2733 1727 di-

185 1761 570 1838 gnarentur
597 1746 840 1815 silium.
885 1746 1119 1815 Statim
1157 1758 1382 1815 autem
1428 1745 1509 1813 ad
1548 1767 1701 1814 eam
1742 1757 1905 1814 sunt
1941 1746 2188 1815 missae
2223 1746 2483 1816 litterae
2508 1752 2731 1838 Impe-

187 1837 509 1917 ratoriae,
550 1835 953 1926 dignitatem
994 1834 1135 1903 filio
1172 1836 1567 1903 tribuentes

276 1929 312 2013 ξ
366 1933 492 1996 u.
547 1925 674 1994 Illa
724 1946 878 1993 vero
928 1945 1069 1992 rem
1120 1923 1400 2010 quidem
1450 1924 1677 1992 differt
1727 1922 2032 2003 interim,
2090 1936 2165 1993 ut
2212 1924 2497 2010 quaein
2542 1923 2731 1994 aedi-

190 2013 466 2083 ficando
515 2013 854 2083 laboraret
908 2012 1459 2101 diligentissime.
1513 2016 1679 2081 Cum
1732 2024 1958 2080 autern
2012 2012 2283 2080 finitum
2343 2026 2520 2082 esset
2565 2027 2732 2082 tem-

190 2102 387 2192 plum
428 2157 443 2181 ,
498 2103 705 2188 idque
769 2103 976 2171 staret
1022 2115 1403 2170 extructum
1460 2101 1524 2169 in
1592 2101 1919 2170 honorem
1990 2102 2352 2189 MartyriS‚
2404 2115 2733 2172 convocat

190 2190 472 2277 quidem
525 2190 914 2281 provinciae
949 2190 1321 2280 Episcopos
1368 2203 1430 2258 et
1481 2190 1914 2279 presbyteros
1953 2190 2037 2258 ad
2091 2190 2326 2280 templi
2373 2213 2732 2261 consecra-

193 2280 478 2348 tionem.
533 2285 865 2349 Convocat
912 2293 1141 2349 autem
1188 2279 1558 2348 monachos
1605 2280 1836 2358 etiam,
1890 2280 2009 2365 qui
2050 2279 2296 2349 virtute
2342 2279 2735 2371 resplende·

192 2367 385 2436 bant.
441 2373 517 2436 Et
564 2391 720 2437 cum
772 2390 809 2437 e
860 2367 1085 2437 loculo
1135 2390 1406 2438 sacrum
1458 2390 1712 2454 corpus
1759 2367 2069 2456 Martyris
2114 2368 2485 2449 extulisset,
2543 2369 2607 2438 id
2660 2369 2731 2438 in

194 2456 571 2546 magnifico
607 2456 774 2526 lecto
808 2457 1153 2547 praeclare
1183 2457 1526 2548 deposuit.
1567 2457 1905 2546 Imposuit
1933 2457 2134 2527 etiam
2168 2458 2630 2550 chlamydem,
2667 2470 2734 2530 et

191 2568 438 2615 zonam
474 2546 853 2636 dignitatiS,
907 2568 1112 2635 quam
1161 2548 1350 2615 silius
1398 2569 1568 2615 suus
1601 2560 1747 2616 erat
1780 2546 2177 2629 induturus,
2217 2548 2449 2617 volens
2488 2562 2563 2618 ut
2599 2549 2735 2636 pri-

193 2658 388 2704 mum
443 2634 1009 2705 benedicerentur
1037 2636 1123 2704 ab
1173 2636 1257 2706 iis
1296 2635 1416 2723 qui
1452 2636 1616 2705 illuc
1656 2647 2138 2718 convenerant,
2184 2636 2433 2706 deinde
2467 2651 2735 2706 utrum·

191 2746 327 2812 que
378 2724 712 2793 indueret.
768 2730 1000 2811 Itaque
1038 2746 1195 2793 cum
1241 2739 1630 2814 pernoctem
1684 2723 1892 2795 simul
1943 2747 2101 2793 cum
2154 2736 2287 2796 toto
2340 2725 2591 2813 populo
2644 2724 2735 2794 se-

192 2814 401 2884 cisset
447 2813 1039 2904 glorificationem,
1077 2814 1225 2903 ipsa
1260 2827 1325 2883 et
1359 2812 1546 2882 silius
1587 2813 1797 2882 simul
1840 2814 2212 2882 subeuntes
2245 2813 2447 2902 primi
2482 2834 2736 2902 corpus

192 2905 535 2992 Martyris,
573 2917 637 2972 et
664 2902 728 2971 id
762 2902 1071 2983 serente3‚
1105 2917 1534 2972 sacrosancte
1568 2902 1922 2991 deponunt
1953 2901 2019 2969 in
2053 2923 2243 2970 sacra
2293 2924 2405 2970 ara
2462 2901 2722 2991 templi.

191 2997 348 3062 Post
386 2993 552 3062 haec
592 3005 820 3061 autem
863 3014 1105 3060 amans
1157 2997 1321 3060 Mart
1377 3013 1526 3060 rum
1581 2992 1954 3080 Cleopatra,
2011 2989 2327 3060 ardenter
2367 2991 2632 3059 instans
2670 3002 2736 3060 et

194 3080 614 3171 lac'rymanS,
673 3081 816 3150 silio
865 3103 989 3150 suo
1036 3094 1101 3150 et
1150 3081 1278 3150 sibi
1379 3103 1511 3150 ona
1561 3079 1854 3148 fideliter
1904 3077 2167 3168 petebat
2197 3101 2234 3146 a
2269 3084 2578 3167 Martyre.
2626 3084 2734 3148 In·

193 3172 394 3240 terim
447 3183 673 3239 autem
717 3169 950 3239 divino
1002 3169 1382 3239 ministerio
1413 3180 1844 3237 sacrosancte
1882 3180 2171 3256 peracto,
2219 3169 2405 3236 varia
2451 3167 2730 3255 quidem

193 3272 259 3329 et
330 3257 698 3348 splendida
759 3261 992 3327 mensa
1064 3259 1327 3349 accepit
1391 3279 1507 3326 eos
1587 3257 1709 3343 qui
1774 3254 1939 3324 illuc
2008 3268 2485 3326 convenerant.
2549 3262 2737 3340 Quae

194 3361 428 3418 autern
481 3348 913 3438 pertinebant
960 3347 1043 3416 ad
1099 3348 1224 3416 hoc
1276 3346 1775 3423 ministerium,
1830 3343 1974 3414 filio
2020 3358 2084 3413 et
2131 3345 2263 3414 sibi
2313 3347 2730 3436 imponebat.

196 3438 368 3506 Filio
396 3457 551 3505 vero
579 3437 1135 3526 materjusserat‚
1171 3449 1247 3505 ut
1278 3457 1401 3504 nec
1432 3434 1693 3514 cibum,
1732 3455 1856 3502 nec
1889 3446 2122 3523 potum
2153 3449 2475 3516 sumeret,
2509 3435 2738 3523 prius-

193 3548 407 3612 quam
462 3524 731 3595 sinitum
785 3539 961 3595 esset
1008 3525 1419 3595 convivium.
1479 3523 1732 3592 Deinde
1762 3522 1955 3591 finito
1988 3524 2320 3606 convivio,
2358 3538 2423 3594 et
2455 3524 2565 3592 die
2590 3529 2737 3610 J‘am

196 3615 600 3684 inclinante.
651 3614 809 3704 (Sed
867 3615 959 3695 id,
1013 3614 1195 3701 quod
1262 3635 1446 3682 nunc
1494 3612 1867 3681 dicendum
1917 3623 2050 3692 est,
2109 3613 2409 3682 turbabit
2455 3614 2738 3700 quidem

195 3725 425 3785 aureS‚
480 3715 544 3773 et
582 3705 853 3773 animos
898 3724 1134 3774 eorum
1184 3703 1302 3788 qui
1338 3714 1500 3771 sunt
1533 3700 1769 3792 pusilli
1818 3713 1882 3770 et
1912 3701 2159 3789 abjecti
2193 3702 2451 3771 animi:
2493 3724 2735 3772 eorum

196 3806 453 3874 autem,
492 3794 637 3880 qui,
672 3793 895 3880 quoad
933 3794 1084 3883 ejus
1115 3791 1261 3861 steri
1299 3803 1535 3881 potest,
1571 3791 1684 3859 Dei
1724 3790 2003 3860 modum
2044 3803 2318 3872 norunt,
2350 3804 2414 3860 et
2447 3811 2738 3881 magnae

200 3880 390 3952 illius
429 3884 806 3971 sapientiae
847 3880 1337 3971 providentiam
1394 3879 1874 3948 admirabilem
1908 3934 1923 3959 ‚
1986 3880 2206 3969 magis
2265 3880 2559 3949 movebit
2605 3880 2739 3948 lin-

203 3990 407 4056 guam
466 3971 546 4040 ad
594 3971 1182 4051 benedicendum,
1239 3983 1303 4040 ct
1351 3969 1605 4038 factum
1647 3967 2153 4038 admittendum
2206 3981 2479 4058 propter
2531 3989 2679 4037 eam
2709 4022 2730 4048 ,

202 4076 374 4140 quae
422 4082 502 4145 ex
533 4083 611 4129 eo
643 4061 887 4142 evenit,
930 4058 1355 4146 utilitatem.)
1395 4064 1566 4127 Puer
1612 4057 1924 4127 defessus
1972 4058 2039 4125 in
2095 4078 2219 4127 suo
2253 4057 2426 4126 lecto
2469 4079 2740 4127 recum-

206 4141 449 4232 bebat3
512 4164 727 4219 mater
763 4164 990 4218 autem
1034 4147 1160 4217 filii
1194 4146 1499 4217 osculata
1534 4146 1813 4215 oculos:
1869 4168 1905 4211 «
1944 4151 2203 4235 Surge,
2260 4145 2383 4228 fili,
2428 4147 2734 4228 dicebat,

203 4244 271 4300 et
301 4254 455 4304 cum
496 4252 708 4308 matre
742 4239 974 4307 cibum
1015 4258 1233 4307 sume.
1269 4234 1622 4319 Quomodo
1660 4235 1844 4303 enim
1888 4234 2153 4304 defesso
2185 4235 2511 4326 etjcjuno
2541 4236 2741 4305 suerit

207 4342 493 4394 somnus
533 4327 1003 4414 jucundus‘P»
1055 4325 1176 4394 Ille
1222 4340 1447 4395 autem
1494 4346 1654 4394 cum
1710 4347 1749 4392 a
1796 4323 2177 4392 vehementi
2215 4339 2279 4394 et
2316 4329 2513 4395 acuta
2554 4324 2742 4396 febre

204 4408 667 4499 detineretur,
729 4439 813 4485 ne
865 4417 1065 4486 matri
1113 4415 1391 4502 quidem
1450 4426 1713 4506 poterat
1752 4413 2183 4506 respondere.
2245 4420 2414 4486 Tum
2473 4428 2737 4487 mater:

362 4535 602 4596 surius
630 4565 655 4580 -
693 4534 858 4597 Vuae
887 4533 991 4600 SS.
1022 4568 1046 4582 -
1072 4534 1199 4598 Vol.
1230 4533 1301 4596 X.
2505 4533 2581 4594 36
