3347 4999
234 347 408 414 OCT.
463 348 535 411 3⁴
908 360 986 409 na
1035 365 1089 410 s.
1131 361 1517 410 wotrcanco
1556 363 1653 409 nr.
1694 363 2103 411 aAnsromzu.
2554 348 2678 412 757

235 449 433 518 illum
468 447 656 538 eligi,
700 470 781 516 ac
811 446 1060 516 deinde
1110 447 1209 516 vel
1255 447 1539 516 invitum
1592 447 2114 518 Francosurtum
2145 500 2166 527 ,
2214 447 2336 517 ubi
2392 453 2774 539 Imperator

238 538 484 608 Christi
534 537 827 606 natalem
871 535 1342 605 celebraturus
1388 548 1554 615 erat,
1621 535 1926 625 perduci.
1979 536 2245 605 Abeunt
2293 536 2489 627 legati
2542 542 2770 627 Impe-

240 627 504 707 ratoriS,
543 626 904 695 inveniunt
936 624 1209 694 beatum
1253 625 1476 693 virum
1528 624 1714 714 apud
1773 625 2186 715 Episcopum
2239 625 2714 715 supradictum
2745 682 2763 708 ,

237 714 352 786 sed
392 715 538 805 jam
591 715 1000 805 cogitantem
1054 714 1123 782 in
1174 713 1491 802 patriam,
1530 714 1789 804 quippe
1841 714 1963 800 qui
2013 713 2185 783 nihil
2240 714 2481 783 horum
2534 714 2763 795 sciret,

233 805 506 892 alioque
552 804 866 872 animum
922 823 1127 871 suum
1179 801 1583 872 intenderet.
1638 803 1903 893 Legatis
1958 823 2115 872 vero
2166 802 2637 872 indicantibus
2700 804 2764 874 ei

229 915 513 965 causam
549 892 883 961 adventus
914 892 1047 972 sui,
1103 892 1405 982 primum
1457 890 1571 960 ille
1625 892 1914 961 recurrit
1963 892 2048 961 ad
2148 891 2476 961 enetralia
2539 892 2769 963 cordis

234 983 368 1062 sui,
411 996 615 1068 atque
651 980 792 1049 illic
821 1003 894 1049 se
939 993 1005 1049 et
1050 1003 1176 1050 sua
1221 984 1350 1049 Deo
1396 980 1869 1061 commendat;
1921 979 2076 1049 dein
2134 1002 2172 1050 e
2218 981 2553 1071 Episcopo
2609 980 2767 1050 Pili·

231 1071 454 1160 grino,
508 1070 716 1158 cujus
748 1069 1075 1138 charitate
1126 1068 1267 1137 illic
1323 1068 1778 1150 detinebatur,
1834 1070 1928 1139 ita
1984 1069 2191 1138 dicit:
2250 1095 2276 1133 α
2314 1075 2571 1140 Novum
2638 1070 2765 1140 hoc

234 1160 663 1239 mandatum,
706 1158 889 1246 quod
946 1157 1032 1227 ab
1065 1162 1482 1247 Imperatore
1536 1160 1618 1226 ad
1687 1181 1793 1228 me
1848 1158 2152 1239 affertur,
2211 1161 2352 1239 tufi,
2418 1159 2486 1227 ni
2534 1156 2758 1240 fallor,

231 1252 436 1339 opera
473 1248 911 1338 impetratum
944 1259 1068 1316 est.
1103 1246 1239 1315 Etsi
1271 1259 1498 1316 autem
1534 1248 1886 1338 exiguitati
1940 1269 2130 1317 meae
2164 1247 2473 1317 timorem
2511 1246 2759 1334 injicit,

231 1336 346 1406 sed
411 1350 639 1406 tamen
690 1337 907 1405 bonae
959 1334 1287 1404 voluntati
1337 1350 1534 1415 tuae,
1601 1359 1740 1423 qua
1802 1350 2059 1406 tantam
2127 1357 2266 1405 rem
2331 1334 2612 1406 molitus
2659 1358 2756 1417 es,

235 1430 409 1495 Deus
458 1426 840 1516 praemium
887 1424 1137 1495 reddet.
1175 1447 1211 1491 »

317 1517 353 1601 ξ
401 1520 539 1588 u.
597 1520 751 1584 Post
800 1514 965 1583 haec
998 1535 1154 1583 cum
1194 1512 1434 1603 legatis
1464 1515 1904 1603 Imperatoris
1938 1512 2221 1605 profecti
2253 1526 2416 1585 sunt
2449 1515 2763 1602 Ratispo·

229 1625 385 1671 nam
409 1603 466 1685 ¹⁶,
504 1603 624 1673 ubi
673 1602 904 1675 Clerus
950 1616 1014 1672 et
1067 1601 1388 1691 populus,
1425 1617 1503 1671 ut
1540 1606 1919 1694 Imperator
1968 1603 2256 1693 petebat,
2316 1624 2504 1672 more
2541 1603 2761 1674 eccle-

228 1692 504 1772 siastico
552 1706 866 1764 sanctum
903 1690 1381 1781 'wolfgangum
1432 1693 1853 1762 unanimiter
1898 1692 2275 1781 elegerunt,
2329 1692 2762 1779 electumque

226 1802 386 1866 cum
438 1781 878 1883 Imperatoris
917 1780 1195 1850 nunciis
1242 1779 1325 1849 ad
1372 1779 1519 1868 ejus
1569 1781 1800 1851 aulam
1850 1781 2288 1851 dimiserunt.
2333 1785 2640 1867 Cumque
2687 1782 2756 1850 in

226 1872 376 1957 ejus
415 1884 710 1941 venisset
748 1882 1218 1960 conspectum,
1262 1868 1345 1937 ad
1401 1869 1603 1958 pedes
1647 1871 1799 1961 ejus
1844 1870 2234 1951 advolutuS,
2300 1868 2638 1939 fatebatur
2691 1892 2763 1941 se

233 1958 643 2048 indignum,
719 1959 1111 2039 indoctum,
1166 1957 1582 2047 ignobilem,
1644 1974 1712 2028 et
1760 1960 2202 2029 monasticam
2320 1958 2760 2029 rofessionem

225 2060 756 2128 consectantem,
811 2047 983 2117 nihil
1034 2047 1295 2133 absque
1341 2047 1451 2116 sui
1506 2048 1782 2119 Abbatis
1839 2048 2182 2139 permissu
2289 2048 2488 2117 ebere
2536 2048 2760 2118 susci-

232 2158 410 2224 pere;
466 2136 816 2224 simulque
862 2135 1122 2216 orabat,
1169 2157 1253 2204 ne
1285 2149 1600 2206 sanctum
1664 2137 1890 2206 locum
1945 2137 2167 2227 ipsius
2228 2135 2543 2207 foeditate
2594 2158 2760 2206 con-

228 2227 613 2295 taminaret.
667 2231 1046 2315 Imperator
1082 2237 1338 2303 autem,
1372 2246 1662 2295 cernens
1696 2225 1894 2296 illum
1936 2226 2104 2295 adeo
2144 2227 2574 2305 renitentem,
2612 2247 2757 2296 cer-

147 2363 156 2373 .
231 2314 367 2382 tius
424 2313 583 2382 inde
627 2313 892 2404 colligit
952 2314 1405 2403 integritatem
1455 2314 1645 2403 ejuS,
1699 2328 1765 2384 et
1821 2336 2027 2402 quam
2067 2314 2267 2406 plane
2327 2315 2449 2385 illo
2506 2315 2761 2386 honore

225 2401 482 2558 dignus
529 2402 640 2472 sit.
684 2407 921 2489 Itaque
967 2400 1263 2491 speciale
1308 2402 1639 2489 quiddam
1699 2404 1767 2473 in
1824 2426 1904 2473 eo
1961 2425 2341 2494 agnoscens
2371 2459 2386 2484 ,
2438 2405 2758 2491 quamvis

231 2513 298 2558 re
335 2491 591 2561 uetanti
654 2491 1089 2578 multumque
1157 2491 1671 2582 ingemiscenti,
1742 2492 2225 2585 Episcopatum
2291 2493 2751 2565 commendat.

228 2578 457 2650 Multis
489 2580 650 2649 inde
682 2581 1030 2672 adjunctis
1059 2581 1124 2649 ei
1154 2580 1314 2651 fidis
1349 2582 1612 2651 itineris
1659 2583 2054 2665 comitibuS,
2102 2584 2545 2672 Ratisponam
2596 2602 2756 2652 eum

225 2669 527 2739 remittit.
589 2674 736 2752 Quo
792 2683 1151 2760 postquam
1206 2671 1531 2759 pervenit,
1583 2694 1743 2741 cum
1802 2672 2092 2743 canticis
2147 2672 2438 2741 laetitiae
2484 2684 2550 2740 et
2599 2692 2758 2741 voce

220 2757 660 2829 exultationis
707 2760 853 2829 exci
910 2760 1067 2840 itur,
1113 2770 1177 2828 et
1235 2782 1421 2830 more
1474 2761 1861 2830 antistitum
1927 2761 2423 2850 inauguratuS,
2480 2780 2756 2830 summo

224 2848 479 2937 pastori
512 2869 823 2917 commen
882 2860 1058 2929 atur,
1112 2860 1316 2935 atque
1348 2862 1497 2938 post
1543 2849 1690 2919 dies
1737 2848 1997 2937 aliquot
2038 2871 2077 2918 a
2111 2848 2454 2919 Friderico
2485 2847 2757 2918 Archie-

224 2935 505 3024 piscopo
542 2935 612 2972 ⁴*
646 2937 969 3025 illiusque
1016 2937 1471 3026 suffraganeis
1503 2951 1966 3008 consecratur.

308 3026 513 3110 §15
552 3025 849 3118 Adeptus
881 3026 1093 3117 igitur
1123 3039 1385 3096 tantum
1425 3026 1912 3106 ministerium,
1954 3024 2175 3096 noluit
2201 3025 2406 3095 inane
2438 3025 2754 3116 Episcopi

223 3113 472 3183 habere
522 3136 797 3198 nomen,
855 3115 970 3184 sed
1029 3114 1141 3183 die
1200 3127 1540 3201 noctuque
1609 3113 1777 3183 illud
1841 3114 2368 3205 diligentissime
2431 3114 2748 3195 excoluit,

222 3222 481 3301 munus
526 3225 731 3272 suum
797 3218 1113 3274 accurate
1159 3202 1497 3273 obeundo.
1562 3207 1692 3273 Nec
1736 3216 2012 3293 propter
2068 3204 2519 3294 Episcopatus
2565 3202 2758 3274 fasti-

219 3312 440 3379 gium,
494 3291 806 3360 habitum
846 3292 1303 3362 monasticum
1358 3306 1623 3361 mutare
1670 3292 1924 3362 voluit:
1972 3292 2088 3365 sed
2124 3314 2259 3379 qua
2315 3306 2459 3362 erat
2506 3293 2755 3362 intrin-

217 3399 417 3447 secus
450 3380 665 3448 animi
703 3380 1110 3461 humilitate,
1162 3401 1313 3449 eam
1349 3380 1552 3450 etiam
1589 3380 1758 3451 foris
1795 3403 1957 3471 prae
2004 3404 2076 3453 se
2119 3380 2376 3452 ferebat
2415 3382 2753 3452 bonorum

217 3487 502 3555 operum
574 3467 803 3538 studio
859 3482 1061 3553 atque
1121 3468 1338 3538 cultu.
1407 3474 1661 3539 Memor
1733 3492 2007 3558 quoque
2076 3473 2450 3541 sententiae
2510 3471 2747 3541 illius:

219 3556 593 3646 Principem
647 3567 709 3625 te
746 3559 1250 3637 constituerunt,
1313 3560 1460 3627 noli
1514 3562 1799 3629 eoetolli:
1847 3561 1965 3629 scd
2010 3570 2144 3630 esto
2209 3563 2278 3629 in
2329 3563 2496 3639 illis,
2556 3563 2759 3651 quasi

216 3666 391 3713 unus
437 3667 528 3713 em
582 3646 723 3714 illis
750 3646 987 3734 (Eccli.
1023 3645 1249 3733 xxxn),
1296 3668 1431 3715 non
1481 3648 1803 3749 cupiebat
1857 3648 2200 3719 dominari
2251 3649 2320 3717 in
2372 3648 2578 3728 clero,
2631 3648 2752 3718 sed

213 3732 597 3802 conabatur
635 3733 852 3804 forma
909 3756 1058 3804 esse
1105 3735 1294 3825 gregi
1332 3736 1707 3820 Dominico,
1772 3736 1944 3806 illud
2004 3737 2282 3808 assidue
2321 3753 2548 3807 mente
2606 3759 2755 3807 ver-

214 3843 400 3903 sanS,
459 3820 639 3909 quod
703 3844 823 3912 per
871 3823 1284 3893 Ezechielem
1345 3825 1744 3914 prophetam
1796 3825 2128 3896 adversus
2170 3826 2386 3897 malos
2446 3838 2751 3916 pastores

211 3909 379 3979 dicit
426 3910 792 3980 Dominus:
841 3917 971 3982 Vae
1015 3914 1416 4003 pastoribus,
1459 3917 1581 4005 qui
1618 3916 1981 4006 pascebant
2019 3918 2424 4007 semetipsos,
2475 3937 2753 4006 yrcycm

212 4009 438 4068 autem
491 4022 714 4070 meum
758 4023 888 4070 non
938 4003 1297 4092 pascebant
1340 4002 1630 4091 (Ezech.
1667 4026 1857 4073 xxnv
1883 4004 1931 4093 ).
1986 4005 2366 4093 Perspectis
2404 4017 2633 4075 autem
2685 4015 2751 4074 et

214 4088 510 4177 cognitis
547 4088 754 4158 rebus
800 4089 1252 4180 Episcopatus
1297 4090 1433 4172 sui,
1486 4113 1643 4160 cum
1701 4092 2272 4163 animadverteret
2307 4094 2373 4161 in
2411 4093 2581 4163 urbe
2620 4097 2750 4164 Ra·-

217 4175 634 4277 tispotnensis
691 4178 1108 4248 monasticae
1164 4179 1337 4248 vitae
1384 4179 1697 4271 religioni
1764 4180 2056 4252 multum
2113 4180 2464 4263 decedere,
2508 4182 2749 4253 crebro

215 4285 597 4353 suspirans,
656 4266 910 4339 dixisse
970 4266 1221 4338 fertur:
1269 4272 1387 4338 «O
1445 4270 1504 4337 si
1548 4270 1923 4341 monachos
1976 4270 2415 4353 haberemuS,
2480 4284 2751 4342 caetera

265 4425 291 4447 ⁸·
322 4424 615 4476 Germanice,
633 4430 948 4482 Ravennam-0,
967 4431 1015 4470 in
1036 4431 1260 4471 annrine
1278 4440 1437 4482 regno.

263 4478 319 4505 *⁸
347 4478 616 4523 Fridericus
635 4484 1029 4535 Archieplocopus
1049 4487 1150 4524 erat
1168 4485 1299 4526 urbia
1317 4486 1583 4535 Βαῐιιὸοκνφ.
