3347 4999
619 310 696 374 44
1380 323 1457 367 na
1506 322 1559 368 s.
1615 320 1874 368 nantem
1922 320 2214 369 Ancmar.
2792 305 2965 370 OCT.
3023 306 3047 368 »l

526 407 716 476 sedet
774 405 857 475 ad
922 404 1264 473 dexteram
1317 401 1695 490 majestatis
1745 402 1812 470 iu
1881 401 2167 471 excelsis
2199 458 2213 485 ,
2270 415 2454 472 tanto
2503 401 2744 471 melior
2790 403 3059 493 angelis

525 495 831 572 effectus,
883 506 1138 580 quanto
1171 490 1598 559 differentius
1639 512 1803 579 prae
1836 490 1973 559 illis
2024 512 2271 561 nomen
2324 491 2794 573 haereditavit,
2847 506 2923 562 ut
2971 493 3063 562 sit

527 596 593 654 et
640 594 917 652 vocetur
963 581 1150 650 filius
1192 580 1329 647 Dei.
1369 578 1493 648 Hic
1532 590 1630 648 est
1668 601 1865 647 verus
1903 584 2098 659 Deus,
2140 593 2203 649 et
2234 580 2369 650 vita
2400 593 2696 649 aeterna.
2729 580 2822 649 Ad
2854 601 3061 667 quem

528 673 597 741 in
649 672 779 741 hac
845 669 1389 761 peregrinatione
1460 666 1664 757 positi
1731 667 1964 736 anima
2010 667 2348 758 cujusque
2394 668 2619 738 fidelis
2668 669 3053 759 suspiranS‚

528 761 626 831 sic
667 759 1111 848 jocundatur,
1165 756 1331 824 dum
1386 777 1507 846 per
1552 755 1758 825 fidem
1798 769 2049 826 rectam
2086 770 2151 827 et
2185 770 2420 828 sancta
2457 755 2797 827 desideria
2830 780 2908 826 ac
2940 779 3062 848 per

528 850 709 919 bona
741 868 970 937 opera,
1015 847 1083 915 in
1120 844 1462 915 coelorum
1502 866 1711 934 regno
1746 846 2174 915 mansionem
2211 869 2407 916 suam
2451 846 2657 915 sentit
2690 867 2838 917 esse
2870 868 3064 936 prae-

527 951 878 1029 paratam:
931 936 1109 1005 sicut
1147 955 1384 1024 passer
1433 934 1500 1002 in
1545 932 1881 1003 foramine
1930 934 2208 1024 parietis
2255 935 2548 1004 exultat:
2593 934 2658 1003 id
2693 949 2816 1016 est,
2854 935 3062 1004 etiam

527 1026 854 1095 veraciter
879 1024 1103 1093 fidelis
1134 1023 1201 1091 in
1239 1021 1575 1091 foramine
1602 1023 1959 1105 maceriae,
1996 1022 2254 1093 scilicet
2289 1025 2356 1092 in
2393 1024 2654 1094 unitate
2694 1023 3056 1105 Ecclesiae,

523 1136 699 1202 quae
729 1114 815 1184 de
848 1113 1183 1203 perforato
1216 1111 1281 1178 in
1319 1133 1523 1180 cruce
1550 1110 1792 1180 Christi
1829 1111 2059 1196 latere,
2094 1113 2361 1183 lavacro
2392 1114 2653 1213 rigatur
2683 1124 2748 1181 et
2778 1113 3050 1202 poculo,

532 1225 573 1291 a
623 1202 915 1292 maligni
975 1201 1260 1291 spiritus
1323 1210 1389 1268 et
1450 1200 1917 1269 membrorum
1970 1201 2119 1269 e'us
2183 1201 2608 1291 malignltate
2657 1200 3066 1290 protectus*

486 1291 815 1383 ,exultau
866 1302 931 1360 et
976 1290 1094 1377 qui
1142 1310 1223 1357 ex
1270 1287 1754 1377 sanguinibus,
1803 1301 1867 1359 et
1913 1222 2260 1359 voluntate
2296 1290 2550 1371 carniS,
2601 1302 2667 1360 et
2714 1288 3062 1358 voluntate

526 1381 655 1448 viri
705 1392 930 1459 natuS,
992 1376 1109 1448 sed
1159 1376 1496 1467 sanguine
1540 1376 1713 1446 Jesu
1762 1377 1889 1446 filii
1947 1379 2058 1446 Dei
2110 1378 2194 1447 de
2244 1390 2568 1467 potestate
2618 1378 3056 1447 tenebrarum

525 1468 944 1558 redemptus,
980 1479 1047 1536 et
1088 1488 1168 1535 ex
1198 1487 1373 1552 aqua
1423 1477 1488 1534 et
1535 1466 1808 1555 spiritu,
1843 1488 1979 1553 quo
2011 1466 2188 1535 idem
2243 1468 2574 1537 Dominus
2615 1471 2790 1536 Deus
2826 1478 3057 1538 noster

527 1579 608 1625 ex
671 1556 970 1647 gloriosa
1028 1576 1299 1644 semper
1344 1553 1620 1643 Virgine
1667 1554 1877 1623 Maria
1927 1556 2211 1624 Domina
2264 1568 2491 1625 nostra
2539 1569 2641 1625 est
2688 1567 2891 1625 natus
2921 1612 2936 1637 ,
2991 1568 3060 1626 et

527 1645 676 1734 ipse
724 1667 761 1714 a
812 1644 1075 1733 virgine
1121 1654 1338 1712 matre
1387 1641 1709 1724 Ecclesia,
1753 1643 2199 1713 immaculato
2230 1643 2446 1713 divini
2488 1643 2695 1714 fontis
2732 1657 2926 1715 utero
2958 1659 3061 1715 est

529 1746 832 1814 renatuS,
889 1755 969 1802 ac
1018 1732 1281 1802 Christo
1329 1732 1828 1821 incorporatuS,
1881 1732 2134 1822 gaudio
2182 1732 2628 1803 inenarrabili
2679 1747 2744 1804 et
2796 1733 3058 1803 exulta-

526 1822 708 1893 tione
740 1822 1016 1892 exultat.

612 1914 649 1998 ὅ
693 1916 842 1983 12.
898 1915 1070 1980 Sunt
1115 1922 1180 1979 et
1225 1908 1384 1989 alia,
1423 1930 1601 1995 quae
1646 1908 1732 1978 de
1780 1908 1908 1978 hoc
1956 1908 2134 1979 beati
2178 1915 2591 1980 Francorum
2635 1910 2925 2001 apostoli
2960 1910 3054 1980 fa·

529 2011 638 2069 cto
684 2000 913 2089 (signa
961 1999 1143 2067 enim
1197 1997 1618 2088 apostolatus
1662 1998 1839 2084 ejuS,
1878 1998 2121 2066 Franci
2159 2011 2344 2079 sunt,
2384 1999 2562 2069 sicut
2608 2000 2675 2068 in
2730 2020 3054 2089 processu

532 2087 1099 2169 monstrabimus)
1123 2086 1207 2156 ad
1249 2098 1518 2156 nostrae
1550 2086 1865 2157 utilitatis
1897 2099 2343 2176 augmentum
2378 2088 2889 2157 considerantes
2922 2101 3060 2159 tra-

526 2176 687 2246 here
722 2197 1116 2266 possumuS‚
1151 2187 1627 2265 comparantes
1659 2174 1831 2245 illud
1868 2175 2115 2244 actioni
2143 2176 2429 2245 Joannis
2467 2177 2779 2267 apostoli.
2822 2182 3058 2248 Fertur

526 2266 708 2334 enim
764 2264 1089 2335 relatione
1135 2263 1494 2355 Malorum,
1546 2263 1709 2351 quia
1744 2285 1900 2334 cum
1932 2269 2002 2332 B.
2030 2264 2282 2333 Joanni
2314 2265 2619 2421 apostolo
2658 2266 2835 2346 avis,
2881 2287 3058 2352 quae

578 2355 770 2423 erdix
817 2364 1119 2433 vocatur,
1171 2353 1322 2421 viva
1370 2364 1436 2421 et
1482 2374 1649 2422 sana
1680 2375 1716 2421 a
1758 2352 2054 2439 quodam
2088 2351 2313 2422 oblata
2376 2354 2609 2436 uisset,
2655 2354 2876 2443 coepit
2903 2376 3056 2423 eam

552 2443 664 2513 eni
714 2464 927 2513 manu
973 2439 1431 2512 demulcendo
1478 2452 1792 2511 tractare.
1838 2440 2032 2524 Quod
2074 2441 2312 2512 videns
2340 2442 2620 2530 quidam
2663 2443 3057 2513 adolescen-

525 2533 723 2614 tium,
776 2531 860 2601 ad
912 2551 1195 2601 coaevos
1242 2553 1404 2602 suos
1450 2530 1738 2600 ridendo
1778 2528 1992 2601 dixit:
2039 2531 2266 2601 Videte
2304 2532 2648 2619 quomodo
2695 2532 2812 2602 ille
2851 2553 3058 2603 senex

525 2642 683 2691 cum
735 2619 1028 2701 avicula,
1083 2619 1261 2689 sicut
1307 2633 1373 2690 et
1420 2642 1613 2709 puer,
1669 2618 1867 2689 ludit.
1921 2624 2166 2692 Beatus
2205 2641 2361 2689 vero
2396 2621 2745 2711 apostolus
2778 2622 2907 2691 ista
2939 2644 3060 2712 per

525 2709 847 2801 spiritum
897 2730 1355 2799 cognoscens,
1412 2708 1672 2778 vocavit
1719 2707 1806 2776 ad
1866 2730 1937 2777 se
1985 2709 2356 2798 juvenem:
2411 2710 2840 2799 interrogans
2885 2709 3055 2797 quid

524 2820 741 2868 manu
790 2808 1069 2867 teneret.
1121 2798 1240 2866 Cui
1294 2797 1595 2877 'uveniS,
1648 2801 1921 2879 Arcum,
1975 2798 2225 2884 inquit.
2269 2802 2346 2866 Et
2384 2802 2456 2865 Β.
2493 2803 2824 2868 Joannes:
2862 2799 3056 2881 Quod

525 2886 729 2957 habet
775 2885 1077 2957 officium
1129 2820 1341 2966 illud,
1394 2885 1575 2972 quod
1627 2886 1695 2953 in
1750 2906 1966 2955 manu
2005 2888 2238 2956 tenes?
2283 2890 2360 2954 Et
2397 2886 2712 2976 juvenis:
2768 2891 2848 2955 Sa
2904 2887 3057 2956 itta-

524 2997 706 3056 mus,
761 2975 1008 3062 inquit,
1049 2975 1206 3044 inde
1253 2974 1531 3054 bestiaS,
1571 2973 1711 3044 sive
1744 2995 1925 3056 aves,
1970 2972 2072 3042 vel
2113 2973 2244 3043 alia
2280 2996 2615 3061 quaeque.
2647 2980 2723 3044 Et
2753 2980 2824 3043 B.
2891 2998 3059 3046 oan-

522 3085 677 3133 nes:
719 3064 1094 3145 Quomodo,
1143 3064 1389 3151 inquit,
1432 3063 1529 3132 vel
1579 3062 1770 3150 quali
1818 3062 2108 3132 ordine?
2140 3067 2216 3132 Et
2244 3063 2520 3151 juvenis
2552 3076 2841 3134 curvatu
2888 3087 3057 3134 arcu

522 3151 806 3221 tetendit
852 3152 1076 3232 illum,
1128 3165 1194 3221 et
1242 3166 1510 3222 tensum
1562 3150 1630 3220 in
1687 3172 1900 3220 manu
1948 3151 2190 3220 tenuit.
2245 3150 2370 3221 Sed
2421 3174 2579 3222 cum
2631 3158 2702 3221 B.
2753 3153 3050 3223 Joannes

526 3239 698 3309 nihil
748 3239 809 3308 ei
858 3239 1270 3310 subsecutus
1316 3240 1661 3327 loquendo
1710 3239 1859 3320 suit,
1918 3252 2069 3329 post
2106 3240 2384 3327 aliquod
2436 3241 2732 3330 spatium
2775 3242 3053 3332 juvenis

524 3350 763 3398 arcum
812 3327 1161 3397 distendit.
1216 3330 1336 3398 Cui
1373 3334 1443 3397 B.
1486 3334 1821 3399 Joannes:
1860 3332 2014 3408 Cur,
2055 3328 2300 3416 inquit,
2339 3350 2574 3399 arcum
2613 3330 3057 3399 distendisti?

522 3416 618 3487 Ad
666 3438 868 3503 quem
911 3414 1228 3503 juvenis:
1282 3417 1454 3500 Quia
1482 3417 1540 3486 si
1572 3417 1836 3487 diutius
1876 3430 2107 3486 tensus
2137 3429 2501 3498 teneretur,
2545 3417 2892 3488 infirmius
2922 3418 3056 3488 tela

445 3550 449 3555 ·
514 3506 826 3597 jactaret.
879 3510 958 3574 Et
1003 3504 1088 3573 ad
1139 3505 1305 3576 haec
1354 3518 1633 3576 sanctus
1681 3504 2070 3596 apostolus:
2128 3505 2235 3575 Sic
2269 3519 2333 3576 et
2364 3505 2671 3576 humana
2717 3506 3054 3597 fragilitas

523 3595 583 3665 si
632 3615 902 3683 semper
949 3593 1019 3662 in
1070 3594 1293 3685 rigore
1338 3594 1937 3685 contemplationis
1993 3594 2344 3684 persistat,
2396 3608 2462 3664 et
2522 3595 2653 3667 sibi
2703 3616 2839 3663 non
2889 3616 3052 3664 con-

520 3681 912 3763 descendat,
970 3682 1203 3753 minus
1248 3683 1633 3753 necessario
1681 3683 1907 3753 valida
1952 3682 2550 3772 contemplationis
2607 3686 2833 3774 penna
2881 3682 3049 3753 sub-

523 3771 805 3842 levatur.
861 3771 1052 3854 Quod
1154 3772 1219 3840 ia
1268 3771 1655 3861 provisione
1702 3772 2083 3842 Conditoris
2129 3783 2212 3841 et‘
2241 3770 2608 3841 Salvatoris
2656 3771 2871 3842 nostri
2904 3771 3054 3862 agi-

524 3872 659 3940 tur,
706 3873 784 3930 ut
831 3881 952 3949 per
996 3860 1098 3929 col
1131 3873 1311 3930 atam
1349 3859 1637 3949 gratiam
1688 3882 2079 3931 crescamus
2113 3859 2181 3929 in
2278 3859 2535 3930 rofectu
2582 3861 2939 3939 virtutum,
2988 3871 3056 3930 et

523 3971 646 4040 per
716 3948 1134 4018 infirmitatis
1218 3961 1489 4019 nostrae
1560 3950 2090 4040 recognitionem
2121 4003 2136 4030 ,
2263 3948 2568 4019 iscamus
2638 3946 3054 4018 humilitatis

523 4037 868 4109 custodire
919 4037 1258 4107 virtutem.
1312 4043 1458 4122 Quo
1504 4035 1683 4107 facto
1726 4049 1792 4107 et
1839 4059 2153 4108 sermone
2214 4035 2658 4109 audientibus
2723 4058 3048 4127 magnam

524 4126 997 4198 instructionis
1044 4127 1589 4197 aedificationem
1636 4138 1702 4195 et
1754 4127 2226 4214 praesentibus
2279 4126 2613 4206 contulit,
2668 4136 2733 4195 et
2797 4125 3054 4195 futuris

525 4236 733 4302 seque
780 4215 1225 4303 sequentibus
1272 4213 1659 4303 dereliquit.
1730 4214 1837 4285 Sic
1884 4227 1950 4285 et
1994 4214 2080 4285 de
2128 4215 2255 4286 hoc
2304 4215 2482 4287 beati
2531 4214 2827 4306 Remigii
2875 4214 3051 4283 facto

522 4303 893 4375 maximam
976 4304 1448 4376 instructionis
1535 4302 2083 4374 aedificationem
2115 4358 2131 4385 ,
2201 4318 2266 4375 et
2351 4305 2423 4374 in
2483 4325 2800 4375 carorum
2887 4324 3049 4374 cara

575 4432 602 4459 ⁸·
630 4428 717 4474 His
735 4430 876 4483 nugis
892 4430 970 4474 vel
987 4430 1159 4475 tabens
1175 4429 1340 4483 petitis
1356 4431 1680 4475 delectabatur
1700 4431 1939 4473 thcmm
1964 4438 2143 4473 aevum.
