3347 4999
182 367 355 434 OCT.
408 367 493 432 23
882 384 961 430 nn
1007 383 1063 430 s,
1117 382 1421 431 sssvtamo
1467 381 1799 430 commun.
1854 382 2054 431 cnse.
2523 366 2652 431 665

179 471 449 540 cunctis
494 469 642 539 suis
708 469 961 560 opibus
1036 483 1522 550 reservaverat,
1576 468 1948 538 dilexisset.
2023 468 2214 538 Unde.
2283 473 2414 539 Deo
2461 469 2733 560 gratias

178 581 414 651 agens,
468 559 553 629 ad
607 559 857 638 locuni,
912 558 1097 632 unde
1145 572 1455 636 venerat,
1532 557 2093 648 gratulabundus
2156 560 2477 636 recessit,
2535 574 2601 628 et
2651 569 2729 629 ut

181 648 599 738 promissum
644 649 1023 735 praemium
1056 668 1214 716 cum
1246 648 1564 716 Severino
1609 647 1720 715 Dei
1758 646 2015 716 famulo
2060 659 2455 726 mereretur,
2490 647 2721 734 quoad

177 738 362 814 vixit,
404 737 897 805 instantissime
932 736 1284 825 flagitavit.
1332 740 1512 805 Haec
1544 757 1709 825 ergo
1755 736 1894 805 duo
1938 735 2114 805 beati
2156 735 2456 804 Severini
2511 737 2723 805 virtu-

177 838 321 894 tum
360 825 680 916 insignia,
732 846 911 912 quae
963 825 1450 911 proposuimus
1499 823 1582 893 ad
1619 824 2147 914 exprimendum
2202 823 2530 893 bonitatis
2574 825 2727 912 ejus

177 914 526 996 mer-itum,
584 927 656 983 ut
694 928 878 998 puto,
933 912 1350 990 sufficerent,
1402 914 1673 982 etiamsi
1714 913 1907 998 plura
1954 935 2087 981 non
2140 912 2456 982 fuissent.
2512 917 2589 982 In
2620 913 2724 981 al·

175 1014 320 1071 tero
364 1003 549 1069 enim
607 1003 742 1082 Dei,
796 1004 867 1070 in
901 1002 1116 1071 altero
1166 1001 1621 1093 intelligimus
1666 1002 2105 1071 dilectionem
2175 1002 2494 1090 proximi.
2547 1006 2718 1071 Nam

170 1091 357 1176 quod
394 1091 765 1159 burrianum
813 1090 1333 1179 possibilitatem
1388 1091 1921 1170 transcendenS,
1984 1111 2446 1179 supernorum
2510 1089 2727 1178 spiri-

171 1192 370 1248 tuum
427 1179 663 1248 laudes
716 1180 780 1247 in
822 1180 997 1249 beati
1047 1180 1315 1248 Martini
1374 1180 1666 1249 transitu
1716 1179 2014 1256 audivit,
2068 1178 2365 1266 qualiter
2431 1180 2500 1248 in
2552 1177 2725 1248 dile·

171 1269 407 1338 ctione
457 1268 563 1336 Dei
620 1267 1051 1356 profecisset,
1113 1268 1434 1338 ostendit.
1491 1269 1628 1338 Soli
1691 1269 1873 1338 enim
1931 1267 2442 1350 sincerissimae
2496 1268 2726 1337 cbari-

168 1358 283 1425 tati
349 1370 752 1441 praestatur,
809 1372 883 1426 ut
934 1356 1086 1435 Dei,
1148 1357 1267 1444 qui
1340 1357 1641 1425 charitas
1697 1371 1820 1435 est,
1891 1357 2164 1426 arcanis
2218 1356 2713 1426 admisceatur.

173 1444 373 1528 Quod
421 1458 647 1513 autem
705 1446 1275 1536 contemplativae
1324 1446 1496 1514 vitae
1551 1445 1989 1515 dulcedinem
2042 1445 2125 1513 ad
2186 1456 2460 1534 tempus
2517 1445 2714 1515 dese-

176 1555 360 1606 rens.
419 1533 881 1621 prox-imorum
950 1534 1329 1603 infirmitati
1401 1535 1603 1603 etiarn
1657 1535 1725 1602 in
1778 1534 2245 1603 conviviorum
2285 1587 2300 1613 ,
2374 1548 2719 1624 apparatu

173 1622 687 1699 condescendit,
740 1645 947 1710 quam
985 1622 1139 1692 forti
1188 1622 1524 1692 fraternae
1571 1623 1927 1693 charitatis
1977 1621 2253 1691 vinculo
2286 1623 2718 1713 constringe-

177 1728 389 1788 retur,
432 1711 758 1780 insinuat.
814 1717 1135 1800 Magnum
1184 1725 1286 1780 est
1320 1712 1504 1780 enim
1571 1710 1738 1780 baec
1788 1711 2104 1781 habendo
2152 1710 2577 1798 dispensare,
2654 1723 2723 1780 et

176 1819 310 1867 non
348 1798 671 1886 diligere:
711 1815 773 1868 et
826 1798 1262 1869 manifestum
1304 1814 1429 1880 est,
1463 1800 1624 1886 quia
1682 1801 1846 1870 baec
1879 1800 1995 1887 qui
2050 1820 2180 1868 non
2218 1799 2470 1888 diligit,
2504 1800 2715 1870 etiam

177 1908 313 1955 non
362 1888 608 1956 babere
644 1889 822 1958 velit.
865 1888 988 1958 Sed
1038 1889 1204 1957 baec
1253 1887 1794 1958 discretissimus
1841 1901 2118 1958 sanctae
2167 1887 2508 1957 Ecclesiae
2560 1909 2719 1977 pro-

177 1975 362 2044 visor
411 1977 795 2056 SeverinuS,
851 1992 916 2046 et
950 1977 1359 2066 sibimetipsi
1398 1977 1554 2065 plus
1600 1978 1915 2046 coelestia
1946 1975 2373 2056 desiderans,
2413 1998 2547 2046 non
2594 1999 2716 2063 ap-

176 2064 394 2152 petiit,
433 2077 497 2132 et
542 2066 1072 2135 commissorum
1112 2065 1520 2144 necessitati,
1573 2065 1852 2152 quando
1901 2079 2174 2154 tempus
2221 2063 2373 2143 fuit,
2424 2065 2743 2135 sollicite·

178 2152 616 2230 ministravit,
668 2156 864 2240 quasi
916 2155 1063 2224 suis
1094 2154 1391 2224 subditis
1425 2154 1663 2222 dicens
1709 2177 1868 2225 cum
1907 2152 2257 2243 Apostolo:
2309 2156 2484 2225 Sive
2504 2164 2720 2223 mente

175 2241 567 2310 accedimus
597 2247 750 2322 Deo,
787 2245 926 2312 sive
955 2245 1179 2323 sobrii,
1224 2265 1455 2312 sumus
1490 2244 1672 2312 vobis
1707 2245 1802 2332 (2.
1837 2248 1983 2314 Cor.
2037 2243 2124 2330 v).
2165 2247 2312 2324 Qua
2371 2244 2439 2310 in
2504 2264 2574 2310 re
2625 2241 2714 2311 de

175 2330 564 2399 sanctitatis
631 2332 781 2418 ejus
844 2332 1084 2400 merito
1130 2332 1320 2411 certi,
1386 2331 1852 2402 coloniensem
1910 2330 2268 2421 populum,
2327 2336 2456 2400 Deo
2521 2330 2717 2400 auxi-

174 2414 410 2495 liante,
467 2418 728 2487 felicem
769 2419 908 2488 fore
941 2419 1315 2498 credimus,
1356 2421 1413 2490 si
1460 2420 1661 2509 cujus
1702 2420 1930 2490 studio
1966 2431 2324 2509 reparatus
2361 2434 2462 2490 est
2499 2419 2582 2488 ad
2639 2419 2719 2488 fi·-

171 2503 356 2585 dein,
402 2507 588 2609 illius
620 2530 779 2578 cuin
833 2512 1168 2580 bonorum
1218 2528 1502 2600 operum
1552 2511 1945 2580 executione
1997 2523 2232 2599 poscat
2278 2509 2566 2580 sedulus
2608 2510 2715 2578 in-

173 2605 685 2665 tercessionem.
2605 2678 2610 2682 ⁴

265 2691 304 2764 ἓ
353 2689 448 2753 9.
502 2686 942 2755 corroborata
1007 2686 1218 2776 igitur
1278 2698 1344 2755 et
1394 2687 1566 2756 bene
1639 2686 1968 2765 stabilita,
2024 2686 2138 2756 Dei
2201 2686 2466 2778 grana,
2523 2684 2717 2754 Colo-

176 2771 404 2841 niensi
446 2774 766 2855 Ecclesia,
821 2788 1101 2845 sanctus
1153 2775 1255 2844 vir
1309 2776 1694 2854 SeverinuS,
1750 2776 1815 2844 in
1872 2776 1982 2844 Dei
2046 2796 2248 2864 opere
2297 2773 2709 2854 indefessuS,

173 2880 295 2948 per
330 2863 659 2934 visionem
699 2878 1036 2943 monetur,
1082 2876 1155 2933 ut
1203 2864 1707 2956 Burdegalense
1739 2864 2074 2954 oppidum
2123 2877 2190 2931 ct
2237 2877 2460 2951 partes
2508 2862 2713 2948 Aqui-

174 2950 424 3031 taniae,
468 2951 649 3020 unde
685 2954 885 3021 etiam
911 2953 1167 3021 claram
1212 2955 1497 3022 traxisse
1546 2953 1761 3021 fertur
1792 2953 2155 3041 originem,
2185 2951 2498 3021 coelestis
2538 2950 2715 3019 lucri

173 3044 383 3108 rausa
425 3041 693 3109 visitare
744 3062 874 3110 non
925 3041 1293 3111 dubitaret.
1333 3041 1522 3124 Quod
1577 3042 1831 3120 statim,
1884 3039 2158 3131 cognita
2195 3040 2304 3108 Dei
2344 3040 2708 3118 voluntate,

176 3122 333 3195 licet
370 3129 515 3217 jam
568 3130 764 3198 senili
803 3145 1203 3220 gravaretur
1230 3144 1467 3210 aetate,
1513 3132 1837 3219 perlicere
1870 3149 2242 3219 aggressus
2273 3140 2396 3198 est.
2447 3132 2714 3197 Interea

173 3211 340 3283 dnm
399 3218 523 3285 iter
571 3231 822 3305 ageret,
858 3221 1225 3287 revelatum
1269 3231 1369 3287 est
1400 3241 1437 3286 a
1483 3219 1768 3288 Domino
1816 3217 2014 3286 beato
2046 3217 2350 3285 Amando
2396 3217 2709 3302 ejusdem

172 3300 470 3402 civitatis
505 3305 831 3393 praesuli,
886 3307 1281 3375 Severinum
1338 3306 1745 3407 magnificae
1793 3306 2172 3375 sanctitatis
2234 3305 2649 3395 Episcopum
2682 3358 2702 3385 ‚

173 3391 524 3460 visitatum
568 3394 1004 3480 Aquitanicos
1034 3395 1215 3463 cives
1246 3394 1588 3473 advenire,
1626 3407 1691 3463 et
1730 3416 1802 3463 se
1829 3395 1888 3463 ei
1917 3417 2074 3463 cum
2124 3393 2288 3463 cleri
2338 3394 2714 3486 populique

171 3480 484 3549 coetibus
515 3480 789 3551 obviare
834 3482 1106 3552 debere.
1174 3482 1365 3552 Unde
1411 3482 1714 3571 repletus
1763 3483 2017 3573 gaudio
2064 3482 2167 3551 vir
2209 3484 2367 3561 Dei,
2426 3504 2707 3575 congre·

170 3569 516 3655 gationem
570 3569 856 3639 fratrum
912 3571 1319 3660 plebemque
1368 3572 1715 3642 subditam
1759 3572 2176 3652 convocavit,
2227 3586 2291 3641 et
2347 3572 2414 3641 in
2471 3593 2713 3641 occur-

172 3676 326 3724 sum
360 3657 538 3726 beati
575 3659 917 3759 pontificis
949 3681 1107 3728 cum
1145 3661 1575 3730 veneratione
1601 3660 1831 3730 debita
1869 3660 2274 3750 properavit.
2312 3665 2522 3744 Quem
2557 3681 2711 3729 mox

169 3757 248 3813 nt
295 3747 753 3903 apfproptavit,
798 3748 984 3836 prior
1034 3748 1310 3838 proprio
1359 3751 1661 3830 nomine,
1700 3748 1882 3818 velut
1931 3771 2050 3839 per
2090 3749 2562 3818 revelationem
2591 3749 2712 3817 do-

168 3845 320 3903 ctus
368 3838 617 3914 uerat,
674 3835 973 3905 salutare
1019 3838 1307 3917 curavit,
1360 3854 1809 3926 prosequente
1861 3839 2075 3917 Clero,
2127 3851 2193 3907 et
2230 3838 2539 3906 dicentez
2592 3841 2711 3905 Be·

168 3922 475 3995 nedictus
522 3927 645 4014 qui
685 3927 866 3995 venit
918 3928 994 3994 in
1028 3928 1293 3996 nomine
1329 3929 1615 3996 Domini.
1650 3931 1819 3995 Tum
1869 3926 2042 3995 laeto
2079 3928 2507 4015 constipatus
2541 3924 2715 3993 utri-

171 4027 394 4095 usque
453 4035 657 4083 sexus
711 4015 1031 4105 agmine,
1100 4015 1182 4085 ad
1236 4016 1593 4084 ecclesiam
1654 4014 2030 4085 honorifice
2093 4037 2251 4083 cum
2317 4014 2602 4083 canticis
2649 4025 2716 4083 et

173 4092 453 4182 hymnis
491 4102 882 4183 deducitur,
933 4115 1001 4172 et
1044 4120 1370 4173 consueta
1420 4104 1972 4173 convenientium
2027 4102 2332 4172 fratrum
2367 4115 2512 4172 vota
2574 4101 2714 4171 sol-

174 4199 450 4259 vuntur.
505 4192 604 4260 lbi
650 4213 814 4260 sane
852 4192 1454 4262 constantissimus
1502 4192 1747 4262 Christi
1806 4191 2157 4262 confessor
2205 4191 2411 4260 veluti
2470 4212 2713 4279 repue-

177 4290 488 4358 rascens,
549 4280 703 4349 {idei
769 4281 1174 4367 virtutisque
1218 4281 1526 4371 exempla
1576 4281 1786 4349 simul
1846 4294 1911 4349 et
1968 4280 2377 4351 documenta
2443 4281 2714 4350 cunctis

178 4370 556 4452 proposuit,
595 4370 851 4456 quibus
901 4368 1294 4439 incredulos
1350 4370 1610 4439 salubri
1665 4369 2052 4439 credulitati
2113 4369 2427 4451 restitnit,
2480 4390 2714 4437 erran-

178 4460 276 4517 tes
322 4454 404 4522 ad
451 4458 626 4527 viam
681 4458 979 4529 veritatis
1027 4459 1318 4540 reduxit,
1373 4460 1545 4530 bene
1585 4473 1866 4551 agentes
1915 4459 1983 4528 in
2035 4459 2370 4530 bonorum
2419 4479 2707 4548 operum

470 4730 501 4753 d
