3347 4999
227 345 401 411 OCT.
456 344 526 408 24
1071 360 1150 407 nr.
1197 361 1252 407 s.
1299 360 1638 408 mmmmm
1685 361 1924 408 Anum
2380 305 2385 311 .
2540 345 2665 411 607

224 446 516 517 festinus
566 444 925 546 gladiator,
961 457 1025 514 et
1055 444 1268 514 latera
1305 443 1636 525 calcibus,
1675 445 2004 515 cervicem
2042 445 2313 532 flagello
2355 447 2751 518 verberans:

224 537 368 625 Eja,
409 535 654 621 inquit,
700 551 824 604 cur
856 534 1230 603 dormitas?
1275 534 1789 620 cachinansque
1836 531 2132 623 desuper
2176 557 2336 604 cum
2372 535 2750 620 defecisset,

225 647 313 695 an
366 623 700 694 hordeum
753 622 948 692 vellet
995 623 1329 711 accipere,
1386 622 1886 693 sciscitabatur.

312 715 348 800 ξ
396 716 480 784 4.
536 712 754 801 Igitur
802 734 843 781 a
890 711 1344 780 sextodecimo
1406 732 1624 797 usque
1686 710 1769 780 ad
1826 710 2228 781 vicesimum
2297 734 2468 782 suae
2522 713 2769 782 aetatis

225 824 513 881 annum,
552 814 780 870 aestus
807 811 870 870 et
900 800 1163 889 pluvias
1197 799 1383 869 brevi
1417 799 1912 889 tuguriunculo
1934 798 2321 879 declinavit,
2352 799 2529 886 quod
2546 801 2761 889 junco

224 903 288 959 et
320 890 542 960 carice
582 901 850 959 texerat.
888 890 1206 958 Extructa
1243 887 1567 978 deinceps
1611 888 1800 957 brevi
1824 887 2076 958 cellula
2102 911 2277 975 quae
2307 911 2526 976 usque
2563 889 2765 959 hodie

274 990 602 1057 ermanet‚
660 977 1021 1047 latitudine
1061 976 1311 1066 pedum
1347 988 1665 1064 quatuor,
1722 976 2084 1047 altitudine
2126 976 2377 1068 pedum
2428 976 2758 1065 quinque,

224 1000 352 1138 Eoc
385 1080 508 1144 est,
558 1069 818 1135 statura
852 1069 975 1135 sua
1010 1066 1401 1146 humiliore,
1446 1087 1646 1156 porro
1682 1065 2113 1156 longitudine
2155 1066 2358 1155 paulo
2398 1066 2758 1157 ampliore,

271 1178 428 1224 uam
467 1156 615 1245 ejus
657 1153 1146 1243 corpusculum
1202 1153 1606 1244 patiebatur,
1659 1166 1737 1224 ut
1784 1154 2178 1243 sepulcrum
2226 1154 2452 1243 potius
2483 1210 2497 1236 ,
2550 1177 2757 1240 quam

223 1177 508 1313 domum
551 1243 883 1312 crederes.
926 1242 1262 1332 Capillum
1305 1242 1512 1312 semel
1545 1244 1612 1311 in
1647 1265 1829 1312 anno
1871 1243 1980 1311 die
2022 1243 2319 1312 Paschae
2367 1244 2655 1313 totondit
2686 1243 2753 1307 *ε

225 1355 308 1402 su
362 1354 435 1401 er
491 1331 745 1401 nudam
800 1333 1138 1409 humum,
1187 1344 1614 1419 stratumque
1653 1332 1985 1421 junceum
2055 1353 2272 1419 usque
2332 1332 2416 1401 ad
2473 1345 2754 1402 mortem

224 1356 595 1491 cussitavit:
649 1442 953 1500 saccum,
1009 1418 1189 1505 quod
1242 1420 1447 1489 semel
1501 1420 1722 1489 fuerat
1755 1420 2062 1497 indutus,
2104 1442 2456 1507 nunquam
2489 1420 2747 1501 lavanS,

225 1522 289 1579 et
339 1509 772 1599 superfluum
829 1530 976 1579 esse
1035 1509 1318 1588 dicens,
1387 1509 1762 1578 munditias
1811 1509 1879 1577 in
1943 1508 2168 1578 cilicio
2228 1530 2590 1596 quaerere.
2629 1515 2759 1579 Nec

228 1598 518 1667 mutavit
576 1597 858 1666 alteram
924 1598 1224 1666 tunicam
1259 1651 1273 1672 ,
1329 1597 1462 1665 nisi
1512 1619 1668 1666 cum
1726 1598 1910 1686 prior
1961 1597 2232 1686 penitus
2293 1597 2502 1667 scissa
2554 1611 2756 1668 esset.

229 1687 617 1776 Scripturas
673 1708 945 1772 quoque
996 1690 1274 1755 Sanctas
1332 1686 1722 1755 memoriter
1774 1700 2055 1766 tenenS,
2113 1699 2259 1775 post
2311 1688 2647 1756 orationes
2695 1700 2761 1755 et

226 1774 554 1865 psalmos,
599 1774 798 1861 quasi
853 1780 979 1842 Deo
1031 1787 1382 1863 praesente
1425 1775 1773 1843 recitabat.
1828 1780 1904 1844 Et
1951 1775 2114 1861 quia
2168 1774 2449 1864 longum
2493 1788 2594 1844 est
2644 1797 2766 1864 per

225 1863 493 1932 diversa
544 1876 847 1952 tempora
894 1863 1183 1950 carptim
1230 1884 1591 1932 ascensum
1639 1864 1791 1950 ejus
1839 1863 2125 1941 edicere,
2179 1863 2755 1952 comprehendam

226 1952 540 2030 breviter,
585 1964 740 2020 ante
773 1950 1045 2020 lectoris
1077 1951 1309 2021 oculos
1351 1952 1552 2019 vitam
1597 1952 1745 2039 ejus
1785 1953 2035 2041 pariter
2063 1973 2431 2041 exponens,
2470 1966 2534 2022 et
2566 1951 2762 2020 dein-

225 2062 387 2130 ceps
435 2040 518 2109 ad
564 2039 889 2109 narrandi
923 2038 1231 2109 ordinem
1277 2039 1647 2129 regrediar.

314 2130 350 2214 ξ
397 2135 482 2200 5.
538 2132 584 2196 Α
643 2128 1190 2218 vicesimoprimo
1249 2150 1429 2197 anno
1485 2150 1704 2214 usque
1767 2128 1848 2197 ad
1917 2127 2696 2217 vicesimumseptimum
2737 2183 2755 2210 ,

227 2216 448 2285 tribus
481 2216 681 2286 annis
729 2217 1094 2285 dimidium
1141 2216 1343 2285 lentis
1379 2218 1746 2287 sextarium
1794 2216 2249 2286 madefactum
2291 2220 2468 2304 aqua
2509 2216 2760 2307 frigida

226 2304 544 2384 comedit,
596 2317 661 2373 et
691 2305 847 2392 aliis
899 2306 1115 2375 tribus
1152 2327 1397 2394 panem
1448 2304 1719 2374 aridum
1772 2327 1928 2375 cum
1966 2305 2107 2375 sale
2139 2319 2204 2375 et
2237 2327 2437 2392 aqua.
2478 2312 2681 2375 Porro
2720 2329 2761 2374 a

227 2393 847 2550 vigesimoseptimo
896 2414 1114 2479 usque
1162 2393 1244 2462 ad
1300 2394 1719 2462 tricesimum
1761 2394 1989 2464 herbis
2036 2396 2445 2483 agrestibuS,
2509 2407 2572 2463 et
2621 2394 2764 2464 vir-'

226 2505 316 2572 gu
354 2494 572 2551 torum
605 2482 1065 2570 quorumdam
1105 2481 1450 2552 radicibus
1472 2482 1708 2552 crudis
1730 2495 2151 2553 sustentatus
2185 2496 2308 2553 est.
2336 2489 2383 2552 Α
2411 2483 2761 2553 tricesimo

224 2583 450 2640 autem
490 2572 709 2660 primo
762 2593 981 2658 usque
1029 2571 1110 2639 ad
1169 2572 1915 2658 tricesimumquintum
1958 2595 2073 2642 sex
2113 2574 2353 2642 uncias
2395 2572 2758 2641 hordeacei

225 2660 447 2750 panis,
492 2671 555 2729 et
587 2671 855 2729 coctum
896 2659 1343 2730 modice'olus
1373 2660 1629 2746 absque
1660 2660 1808 2729 oleo
1847 2660 1916 2728 in
1954 2662 2106 2730 cibo
2143 2661 2405 2731 habuit.
2446 2662 2760 2730 Sentiens

224 2760 450 2818 autem
494 2748 621 2818 cali
677 2770 791 2818 are
838 2748 1075 2819 oculos
1129 2770 1334 2829 suos,
1388 2761 1452 2816 et
1501 2760 1714 2818 totum
1766 2770 2017 2838 corpus
2068 2749 2468 2839 impetigine
2520 2761 2585 2818 et
2634 2772 2762 2839 pu-

224 2837 443 2907 micea
481 2859 617 2925 qua
670 2859 780 2906 am
824 2836 1227 2906 scabredine
1259 2837 1597 2919 contrahi,
1636 2837 1723 2906 ad
1765 2838 2187 2927 superiorem
2225 2837 2475 2906 victum
2511 2837 2763 2927 adjecit

224 2925 477 3006 oleum,
517 2939 580 2995 et
628 2947 849 3012 usque
900 2926 983 2995 ad
1046 2948 1197 2995 sexa
1250 2925 1827 2995 esimumtertium
1880 2926 2053 2995 vitae
2101 2945 2267 2994 suae
2314 2948 2575 2994 annum
2630 2926 2760 2996 hoc

225 3014 684 3084 continentiae
732 3016 1037 3084 cucurrit
1069 3038 1188 3104 gra
1244 3037 1311 3094 u,
1371 3013 1536 3082 nihil
1590 3014 2009 3084 extrinsecus
2044 3026 2162 3082 aut
2214 3036 2599 3103 pomorum,
2640 3028 2758 3084 aut

225 3102 622 3192 leguminis,
663 3116 781 3171 aut
806 3103 1175 3194 cujuslibet
1215 3104 1311 3172 rei
1340 3116 1647 3192 gustans,
1696 3101 1860 3171 Inde
1894 3125 2053 3170 cum
2087 3124 2156 3171 se
2189 3103 2444 3173 videret
2475 3124 2762 3192 corpore

224 3191 695 3281 defatigatum,
740 3204 803 3260 et
841 3193 1292 3282 propinquam
1350 3203 1614 3281 putaret
1664 3190 2023 3259 imminere
2058 3204 2366 3271 mortem,
2413 3214 2453 3260 a
2487 3212 2761 3281 sexage-

225 3280 644 3366 simoquarto
680 3301 861 3349 anno
896 3303 1115 3366 usque
1145 3279 1227 3348 ad
1260 3279 1753 3367 octogesimum
1794 3300 1969 3369 pane
2002 3280 2333 3349 abstinuit
2369 3280 2760 3351 incredibili

223 3368 484 3438 fervore
526 3368 815 3448 mentiS‚
870 3381 944 3437 ut
995 3390 1073 3436 eo
1128 3381 1428 3457 tempore
1484 3367 1682 3453 quasi
1744 3388 1958 3437 novus
2007 3367 2357 3438 accederet
2410 3369 2495 3438 ad
2546 3370 2758 3438 servi-

227 3469 437 3527 tutem
480 3456 767 3535 Domini,
820 3477 956 3542 quo
1002 3456 1248 3525 caeteri
1290 3455 1508 3524 solent
1542 3454 1895 3525 remissius
1930 3457 2173 3525 vivere.
2217 3457 2496 3527 Fiebant
2527 3471 2756 3528 autem

223 3547 286 3616 ei
320 3544 405 3613 de
439 3543 657 3612 farina
699 3556 762 3612 et
802 3544 1223 3612 comminuto
1257 3543 1438 3613 olere
1478 3543 2063 3614 sorbitiunculae:
2118 3545 2269 3614 cibo
2317 3560 2382 3615 et
2439 3558 2601 3637 potu
2648 3545 2760 3615 vix

222 3635 530 3723 quinque
568 3632 809 3702 uncias
857 3632 1429 3733 appendentibus.
1486 3631 1729 3719 Sicque
1768 3634 2121 3724 complens
2168 3634 2477 3704 ordinem
2530 3634 2701 3702 vitae
2738 3688 2754 3715 ,

223 3743 580 3809 nunquam
634 3734 789 3789 anto
845 3720 1008 3791 solis
1058 3741 1421 3801 occasum,
1484 3743 1603 3791 nec
1646 3720 1892 3791 diebus
1939 3721 2149 3802 sestiS‚
2207 3744 2330 3792 nec
2381 3724 2447 3792 in
2497 3722 2761 3812 gravis-

224 3812 400 3883 sima
452 3809 839 3879 valetudine
881 3809 1078 3879 solvit
1107 3810 1481 3899 jejunium.
1539 3808 1660 3878 Sed
1707 3810 1851 3901 jam
1905 3821 2176 3902 tempus
2209 3822 2350 3891 est,
2400 3823 2475 3881 ut
2513 3810 2599 3879 ad
2649 3832 2760 3880 or-

224 3901 460 3970 dinem
500 3912 947 3968 revertamur.

311 3991 347 4075 ξ
396 3994 488 4061 6.
543 3993 706 4057 Cum
757 3987 1094 4058 habitaret
1139 3986 1368 4056 adhuc
1419 3987 1488 4055 in
1542 3986 1884 4077 tuguriolo
1925 4009 2146 4056 annos
2191 3998 2390 4056 natus
2430 3986 2663 4056 decem
2697 3998 2762 4056 et

223 4089 422 4156 octo,
477 4076 776 4146 latrones
823 4075 904 4146 ad
957 4096 1115 4145 eum
1181 4088 1373 4146 nocte
1423 4088 1792 4157 venerunt,
1846 4076 1947 4145 vel
2000 4076 2463 4146 existimantes
2514 4074 2766 4144 habere

226 4164 486 4251 aliquid
540 4165 717 4252 quod
767 4165 1098 4245 tollerent,
1138 4164 1234 4233 vel
1272 4164 1337 4232 in
1382 4176 1850 4256 contemptum
1904 4164 2013 4235 sui
2064 4173 2455 4255 reputantes
2486 4163 2659 4243 fieri,
2702 4164 2759 4233 si

225 4274 399 4344 puer
457 4255 805 4325 solitarius
869 4275 1105 4325 eorum
1157 4253 1454 4343 impetus
1515 4274 1647 4321 non
1707 4253 2233 4342 pertimesceret.
2301 4258 2536 4341 Itaque
2584 4253 2764 4322 inter

225 4363 415 4411 mare
462 4355 525 4411 et
574 4343 896 4434 paludem
945 4366 986 4412 a
1035 4362 1308 4432 vespere
1354 4363 1573 4429 usque
1620 4344 1706 4411 ad
1755 4341 1920 4411 solis
1968 4354 2193 4412 ortum
2243 4341 2706 4413 discurrentes
2738 4394 2759 4423 ,

278 4467 305 4495 ³⁸¹
332 4465 452 4507 Hinc
471 4465 639 4519 collige
658 4471 826 4521 capitis
846 4469 1123 4519 tonsionem,
1142 4468 1300 4511 seculo
1321 4468 1477 4517 tertio,
1497 4469 1704 4511 nondum
1722 4465 1869 4512 fuisse
1887 4469 2129 4514 monachis
2146 4470 2454 4522 praecept-m.
