3347 4999
733 322 857 387 ⁴84
1398 338 1476 385 ns
1509 337 1599 385 ss.
1640 332 1901 384 patemo
1947 336 2024 383 m
2071 332 2271 384 socns
2304 336 2421 384 uu.
2923 317 3138 383 OCT.
3198 322 3240 383 5

637 436 705 497 et
752 426 823 493 in
877 435 1167 512 utraque
1214 421 1405 492 curia
1455 423 1747 492 Romani
1797 421 2078 512 Imperii
2130 434 2280 511 post
2326 426 2668 510 Augustos
2717 421 2904 491 nulli
2947 443 3240 490 secun-

639 514 799 596 duS,
853 513 1059 582 homo
1109 511 1627 582 illustrissimus
1675 534 1754 581 ac
1802 509 2320 590 dilectissimuS‚
2376 511 2442 579 in
2487 511 2742 580 seniori
2801 516 3040 580 Roma
3100 533 3237 600 pa-

640 603 956 674 triciatus
998 602 1330 671 retinebat
1362 601 1691 670 habenas.
1730 600 1860 684 Qui
1894 623 1970 669 ex
2010 600 2401 669 Aniciorum
2440 601 2779 689 sanguine
2806 601 3236 669 stemmatis

641 691 894 761 lineam
946 691 1209 760 ducens
1243 745 1258 771 ‚
1312 689 1620 776 adeoque
1669 689 2047 778 sapientia,
2101 688 2502 758 fortitudine
2559 702 2764 776 atque
2815 687 3233 777 prudentia

640 781 882 870 viguit,
940 793 1016 848 ut
1063 781 1149 849 ab
1198 778 1744 868 Imperatoribus
1789 778 2119 865 omnique
2169 782 2475 847 Romano
2514 777 2767 867 populo
2815 783 3040 846 Pater
3099 801 3229 866 pa-

642 870 811 940 triae
859 881 1236 938 vocaretur.
1291 869 1416 936 Hic
1464 867 1547 935 de
1595 867 1909 936 Octaviae
1967 866 2190 956 gentis
2239 865 2501 935 familia
2549 867 2813 936 ducens
2875 888 3224 946 uxorem,

640 980 928 1048 corpore
974 980 1053 1026 ac
1105 957 1416 1026 moribus
1465 955 2076 1044 speciosissimam,
2112 954 2331 1025 bonae
2371 955 2637 1024 arboris
2670 957 2899 1025 bonos
2933 954 3230 1025 fructus

642 1070 724 1118 ex
761 1068 840 1115 ea
876 1047 1200 1136 suscepit.
1240 1045 1546 1114 Primum
1576 1066 1875 1131 namque
1901 1044 2282 1125 Placidum,
2311 1044 2694 1114 secundum
2737 1044 3223 1134 Eutychium‚

642 1136 916 1206 tertium
971 1136 1419 1214 Victorinum,
1455 1147 1700 1220 quarto
1738 1147 1964 1203 autem
2006 1133 2151 1203 loco
2200 1133 2367 1202 dum
2408 1132 2637 1223 puella
2676 1134 2881 1201 enixa
2924 1132 3219 1212 fuisset.

644 1246 771 1314 pro
838 1246 916 1292 eo
978 1224 1159 1311 quod
1229 1245 1309 1292 ex
1366 1222 1798 1292 Octaviorum
1847 1234 1912 1293 et
1975 1222 2357 1291 Flaviorum
2411 1222 2623 1312 stirpe
2667 1221 3218 1304 descendebat,

649 1312 944 1382 Flaviam
994 1313 1544 1381 nominaverunt.
1599 1315 1737 1380 Hos
1784 1333 1941 1381 cum
1994 1311 2177 1380 dicto
2227 1310 2515 1401 patricio
2567 1311 2983 1401 peperisset,
3033 1313 3224 1380 viam

646 1400 917 1472 Domini
969 1400 1122 1470 illos
1169 1400 1389 1470 colere
1436 1400 1695 1479 docuit,
1741 1400 1983 1468 sectari
2037 1400 2463 1490 patientiam,
2517 1399 3054 1479 humilitatem,
3108 1424 3220 1470 so·

644 1491 1028 1568 brietatem,
1068 1490 1444 1559 castitatem
1508 1501 1573 1557 et
1619 1489 2046 1570 charitatem.
2101 1494 2329 1558 Patres
2377 1489 2715 1576 siquidem
2766 1502 2987 1558 erant
3049 1512 3226 1579 pau-

647 1600 915 1669 perum,
947 1578 1222 1664 jndices
1272 1578 1676 1647 viduarum:
1731 1595 2010 1647 causam
2053 1591 2280 1647 autem
2331 1599 2539 1664 quam
2577 1578 3026 1658 nesciebant,
3066 1578 3222 1646 dili·

647 1668 1047 1758 gentissime
1114 1666 1641 1755 investigabant.
1713 1667 1940 1755 Ipsius
2011 1679 2238 1736 autem
2291 1666 2563 1735 Patricii
2622 1667 2914 1735 animus
2959 1721 2976 1748 ,
3070 1668 3221 1737 licet

655 1755 1142 1844 Imperialibus
1193 1755 1482 1846 negotiis
1532 1754 1912 1845 implicitus
1958 1768 2174 1835 esset,
2232 1777 2503 1844 semper
2565 1767 2788 1824 tamen
2841 1772 2980 1824 aut
3035 1757 3220 1825 circa

649 1844 998 1925 ecc'lesiaS,
1058 1856 1176 1912 aut
1223 1843 1407 1912 circa
1468 1844 1878 1913 monasteria
1926 1856 2091 1923 erat,
2149 1865 2442 1933 semper,
2482 1865 2558 1912 ea
2606 1865 2780 1930 quae
2835 1845 2965 1912 Dei
3024 1859 3214 1924 sunt,

646 1955 1010 2021 quaerens.
1067 1931 1317 2001 Eodem
1369 1943 1670 2022 tempore
1731 1933 2171 2002 beatissimus
2218 1955 2296 2002 ac
2346 1937 2478 2001 Deo
2525 1932 3054 2003 dilectissimus
3112 1940 3217 2004 Be·

648 2022 988 2100 nedictus,
1046 2020 1229 2090 velut
1279 2019 1543 2090 Lucifer
1591 2022 1768 2089 inter
1799 2035 2003 2099 astra,
2036 2020 2220 2111 apud
2253 2021 2624 2090 Sublacum
2665 2021 3026 2091 radiabat.
3066 2028 3214 2093 coe

702 2123 906 2180 erunt
954 2108 1204 2177 deinde
1254 2109 1320 2177 in
1371 2108 1606 2179 eodem
1661 2109 1808 2179 loco
1856 2110 1941 2178 ad
1991 2131 2148 2179 eum
2220 2109 2416 2177 multi
2485 2109 2834 2179 confluere
2871 2124 3032 2190 ,et
3093 2113 3212 2181 sub

650 2133 790 2268 leni
833 2197 1306 2287 Redemptoris
1345 2199 1516 2289 jugo
1563 2198 1793 2269 cordis
1841 2202 2139 2268 cervlces
2177 2197 2521 2279 edomare,
2570 2198 2920 2285 multique
2976 2201 3078 2269 ab
3110 2223 3209 2270 eo·

650 2288 805 2356 dem
861 2298 1049 2376 patre
1080 2288 1149 2354 in
1200 2286 1437 2356 eadem
1490 2288 1766 2376 regione
1814 2288 1896 2356 ad
1950 2287 2440 2377 omnipotentis
2483 2287 2593 2356 Dei
2632 2300 2792 2357 sunt
2829 2290 3205 2359 servitium

650 2375 1044 2455 coadunati,
1081 2376 1171 2443 ita
1204 2386 1279 2445 ut
1315 2375 1453 2444 illic
1483 2376 1847 2446 duodecim
1891 2376 2301 2445 monasteria
2331 2389 2775 2456 construeret,
2830 2377 2901 2444 in
2945 2379 3205 2465 quibus

652 2463 783 2537 sub
823 2464 1092 2535 statutis
1144 2465 1548 2554 praepositis
1580 2465 1937 2535 duodenos
1973 2463 2348 2535 monachos
2381 2464 2770 2556 deputavit:
2812 2468 3204 2537 nonnullos

651 2575 807 2621 vero
856 2575 1086 2622 secum
1142 2555 1441 2635 retinuit,
1496 2576 1672 2642 quos
1705 2554 1933 2623 adhuc
1976 2555 2044 2623 in
2077 2576 2202 2624 sua
2240 2555 2620 2644 praesentia
2659 2553 2896 2644 aptius
2932 2557 3201 2626 erudiri

618 2641 1022 2729 ‘judicabat

740 2739 776 2811 ἓ
826 2735 910 2802 4.
967 2733 1170 2799 Fama
1221 2731 1449 2817 itaque
1486 2730 1653 2799 tanti
1707 2730 1918 2820 patris
1970 2752 2087 2821 per
2137 2744 2348 2800 totum
2384 2736 2767 2800 Romanum
2804 2735 3200 2823 Imperium

649 2817 994 2899 volitante,
1049 2821 1290 2889 urbem
1346 2820 1565 2908 ipsam
1619 2823 1931 2900 Romam,
1973 2842 2150 2907 quae
2174 2821 2463 2890 Romani
2516 2820 2796 2909 Imperii
2839 2824 3206 2892 omnium-

647 2930 784 2993 que
832 2907 1108 2977 urbium
1180 2921 1391 2998 caput
1435 2920 1568 2989 est,
1621 2930 1750 2978 ceu
1797 2909 1894 2977 sol
1948 2909 2272 2989 radianS,
2328 2908 2610 2998 replevit
2665 2908 3036 2980 intan'tum
3072 2968 3089 2993 ,
3143 2926 3208 2981 ut

647 2996 926 3065 Tertulli
982 2997 1251 3085 patricii
1303 2996 1683 3086 perveniret
1730 2997 1812 3065 ad
1865 3020 2092 3067 aures,
2164 2997 2294 3080 Qui
2341 3019 2500 3066 cum
2555 2997 3033 3084 optimatibus
3087 3006 3204 3070 Ro—

649 3085 840 3152 mani
890 3085 1195 3173 Imperii,
1255 3085 1678 3175 temporibus
1723 3085 1759 3120 '⁴‘
1803 3086 1966 3155 Julii
2003 3091 2245 3174 Papae,
2285 3086 2558 3155 divinae
2596 3098 2825 3155 autem
2872 3089 3204 3158 incarna-

650 3172 858 3240 tionis
906 3194 1089 3241 anno
1136 3196 1265 3242 xxn
1313 3197 1392 3243 ac
1440 3174 2016 3263 quingentesimo,
2071 3175 2153 3243 ad
2210 3187 2469 3264 patrem
2523 3174 3064 3245 sanctissimum
3101 3183 3204 3246 Be·

649 3259 1000 3328 nedictum
1055 3263 1493 3349 pervenisset,
1534 3263 1636 3331 vir
1673 3262 2315 3345 excellentissimus,
2351 3277 2414 3332 et
2449 3264 2897 3352 Imperatoris
2927 3265 3006 3334 in
3044 3268 3204 3337 orbe

650 3352 959 3417 Romano
1003 3350 1392 3437 praecelsus
1440 3372 1518 3419 ac
1576 3351 1975 3440 singularis,
2019 3356 2345 3442 ,purpura
2394 3352 2679 3421 indutus
2711 3407 2725 3431 ,
2781 3356 3093 3442 gemmis
3138 3369 3200 3423 et

650 3458 818 3505 auro
868 3436 1168 3518 radians,
1227 3438 1516 3527 pedibus
1553 3441 1705 3530 ejus
1743 3439 2182 3529 provolvitur,
2216 3436 2427 3528 fitque
2461 3463 2579 3530 pro
2609 3441 2754 3511 suis
2790 3443 3199 3514 commissis

655 3523 921 3593 Domini
973 3526 1307 3615 flagitaret
1354 3526 1786 3597 clementiam
1823 3584 1838 3611 ,
1900 3551 2056 3598 cum
2120 3529 2443 3619 lacrymis
2508 3542 2713 3616 atque
2762 3530 3201 3619 singultibus

647 3613 1071 3703 exposcebat.
1117 3616 1230 3684 Vir
1283 3629 1509 3685 autem
1569 3618 1834 3687 Domini
1884 3618 2338 3698 Benedictus,
2406 3618 2673 3708 patricii
2726 3618 3196 3690 humilitatem

646 3702 1031 3784 advertens,
1085 3725 1121 3773 e
1173 3717 1349 3773 terra
1396 3726 1553 3774 eum
1607 3706 1873 3785 levavit,
1929 3719 1994 3776 et
2041 3706 2125 3775 de
2168 3706 2298 3785 his,
2344 3728 2520 3793 quae
2566 3706 2648 3775 ad
2701 3718 3062 3776 aeternam
3101 3710 3195 3776 vi-

646 3803 781 3860 tam
835 3792 1167 3872 attinent,
1222 3792 1643 3864 sufficienter
1712 3795 2059 3864 instruxit.
2132 3795 2321 3863 Idem
2376 3817 2530 3864 vero
2582 3792 2917 3885 patricius
2951 3851 2967 3875 ,
3022 3798 3197 3867 servi

647 3880 916 3948 Domini
989 3880 1300 3950 doctrina
1373 3882 1787 3964 delectatus,
1841 3904 1920 3952 eo
1985 3883 2094 3953 die
2143 3882 2392 3953 obtulit
2442 3889 2572 3952 Deo
2619 3896 2684 3952 et
2730 3884 2956 3952 eidem
3022 3887 3195 3974 patri

644 3968 1005 4038 Benedicto
1053 3970 1460 4052 Placidum,
1526 3972 1750 4041 filium
1803 3994 2014 4041 suum
2097 3986 2543 4062 septennem,
2608 3972 3067 4042 nutriendum
3133 3988 3197 4043 et

641 4055 1103 4127 erudiendum
1145 4115 1159 4140 ‚
1215 4060 1599 4130 secundum
1672 4061 2060 4150 regularem
2130 4082 2442 4130 normam
2499 4060 2997 4139 institutionis;
3054 4062 3188 4131 sic-

640 4166 775 4232 que
835 4146 1311 4218 benedictione
1374 4150 1727 4229 munitus,
1803 4148 1886 4218 ad
1954 4150 2200 4219 Urbem
2274 4170 2591 4219 reversus
2657 4161 2780 4219 est.
2855 4149 3188 4220 Placidus

644 4246 870 4332 autem
926 4237 1407 4307 sanctissimus
1465 4260 1625 4306 cum
1677 4237 1807 4306 sub
1859 4237 2239 4308 beatissimi
2291 4237 2634 4306 Benedicti
2687 4237 2992 4327 regulari
3047 4262 3190 4308 ma-

644 4323 926 4411 gisterio
973 4342 1349 4407 cresceret,
1412 4339 1721 4397 sanctam
1772 4338 1836 4395 et
1887 4331 2018 4395 Deo
2066 4327 2386 4416 placitam
2455 4327 2658 4396 vitam
2723 4327 2793 4395 in
2858 4328 3194 4398 omnibus

695 4447 724 4476 ⁸⁸
750 4450 884 4491 Anno
902 4452 981 4491 522
999 4451 1165 4499 nullus
1183 4453 1357 4493 Romae
1378 4452 1570 4494 sedebat
1588 4453 1760 4493 Julius.
1781 4453 2000 4494 Summus
2019 4453 2246 4502 Pontttex,
2266 4455 2378 4494 tunc
2398 4451 2637 4503 temporis,
2657 4455 2759 4494 erat
2778 4453 3074 4494 Hormisdur.
