3347 4999
665 316 788 381 ⁴94
1324 333 1401 379 na
1436 333 1527 380 ss.
1568 331 1833 380 amcino
1872 334 1947 379 m·
1997 332 2194 380 socus
2242 335 2356 380 nx.
2852 317 3026 383 OCT.
3079 322 3123 384 5

571 419 998 488 Victorinum
1032 430 1096 486 et
1129 418 1460 508 virginem
1502 418 1801 487 Flaviam
1831 440 1989 488 cum
2031 418 2234 488 sociis
2269 419 2334 486 in
2371 430 2618 486 terram
2655 440 2852 487 suam
2900 433 3120 490 trans-

571 509 746 577 ferre
794 507 1257 577 decreverant.
1321 512 1556 593 Itaque
1604 506 1771 575 dum
1830 507 2041 576 maris
2101 506 2543 575 inclementia
2588 507 2762 576 viam
2811 508 2949 577 illis
2996 510 3122 579 ob·-

570 598 911 676 trusisset,
964 595 1272 665 videntes
1320 607 1633 664 sanctum
1687 595 2044 664 Placidum
2092 616 2252 665 cum
2309 596 2515 666 sociis
2562 598 2823 682 absque
2862 597 3016 667 cibo
3054 613 3120 669 et

571 699 737 776 potu
780 685 1042 754 Christo
1092 683 1381 774 gloriam
1426 683 1621 765 ferre,
1670 685 1902 752 mirati
1941 697 2124 764 sunt,
2179 705 2528 771 cursuque
2574 686 2863 766 concito,
2919 687 3119 759 ducis

571 775 937 844 tentorium
991 773 1345 854 adeuntes,
1393 795 1570 860 quae
1609 786 1759 842 acta
1792 787 1856 842 et
1885 773 2066 842 dicta
2110 773 2402 854 fuerant,
2443 794 2563 862 per
2594 774 2903 843 ordinem
2949 798 3119 865 pan-

568 865 766 932 dunt.
821 863 950 945 Qui
1003 862 1308 932 belluina
1360 863 1548 931 rabie
1596 883 1969 942 accensuS,
2018 862 2231 949 jussit
2291 875 2564 931 sanctos
2625 864 2733 931 Dei
2786 879 3116 951 martyres

567 973 689 1042 per
737 951 1051 1052 singulos
1084 951 1231 1020 dies
1279 952 1612 1020 acerrime
1660 951 1959 1020 fustibus
1997 950 2214 1030 caedi,
2271 963 2334 1019 et
2368 952 2515 1021 sine
2555 952 2789 1038 aliquo
2822 954 2975 1022 cibo
3013 954 3111 1023 vel

569 1055 735 1131 potu
805 1040 1083 1111 d1mitti.
1140 1045 1217 1109 Et
1286 1039 1454 1108 dum
1503 1040 1990 1120 caederentur,
2044 1038 2436 1109 clamabant
2489 1043 2784 1131 pagani:
2866 1047 3114 1131 Negate

567 1130 916 1199 Christum
970 1143 1318 1210 vestrum,
1372 1142 1437 1198 et
1505 1128 1711 1198 dicite
1761 1129 1828 1197 in
1896 1149 2054 1198 eum
2119 1128 2452 1210 convicia,
2506 1144 2569 1197 et
2636 1131 3106 1201 dimittemini.

567 1219 795 1288 Sancti
846 1233 1074 1288 autem
1126 1223 1454 1307 Martyres
1486 1219 1687 1305 quasi
1733 1240 1813 1286 ex
1862 1240 2002 1286 uno
2041 1237 2156 1286 ore
2190 1216 2541 1287 dixerunt:
2583 1242 2617 1285 «
2654 1225 2879 1307 Neque
2919 1221 3112 1289 Chri-

564 1321 748 1377 stum
801 1307 1167 1377 Dominum
1222 1318 1530 1376 nostrum
1584 1328 1942 1397 negamus,
1999 1328 2219 1393 neque
2264 1307 2570 1376 convicia
2635 1309 2701 1376 in
2753 1331 2937 1389 eum,
2990 1310 3112 1396 qui

562 1409 827 1466 creator
873 1408 973 1466 est
1021 1396 1361 1477 omnium,
1419 1395 1805 1475 inferimuS,
1862 1395 2063 1464 facite
2111 1396 2290 1483 quod
2333 1396 2525 1465 vobis
2558 1396 2845 1466 videtur.
2887 1421 2920 1463 »
2955 1402 3114 1466 Bar-

561 1486 715 1554 bari
766 1508 921 1554 vero
969 1484 1053 1554 de
1108 1489 1513 1554 Sanctorum
1564 1485 1949 1554 constantia
2002 1483 2178 1553 ultra
2233 1484 2517 1554 modum
2571 1487 2839 1568 mirati,
2895 1509 3112 1558 cursu

562 1574 1007 1731 rapidissimo
1038 1574 1282 1642 ducem
1327 1573 1680 1654 adeuntes,
1716 1595 1856 1642 rem
1888 1586 2091 1664 prout
2119 1585 2263 1643 erat
2292 1587 2666 1663 exponunt.
2704 1581 2844 1644 Dux
2877 1588 3108 1645 autem

562 1685 637 1732 so
674 1664 763 1732 ita
805 1664 1277 1732 inflammatus
1320 1663 1646 1748 nequitia,
1679 1663 1890 1752 jussit
1924 1676 2237 1732 sanctum
2277 1662 2628 1731 Placidum
2672 1687 2829 1732 cum
2869 1665 3104 1746 sociiS,

561 1751 857 1842 pedibus
904 1751 1119 1820 versis
1170 1750 1502 1840 suspendi
1538 1805 1552 1831 ,
1616 1764 1683 1819 et
1722 1750 2013 1841 flagellis
2065 1751 2228 1820 hinc
2278 1752 2439 1819 inde
2478 1751 2960 1822 crudelissime
3009 1753 3110 1821 la-

559 1841 734 1909 niari
771 1895 786 1922 ,
840 1853 904 1909 et
952 1840 1083 1910 sub
1133 1840 1356 1928 capite
1413 1840 1969 1929 uniuscujusque
2018 1838 2288 1909 fumum
2352 1839 2708 1911 horridum
2763 1843 3114 1911 submini-

558 1930 785 2000 strari.
841 1928 1028 2012 Quod
1082 1928 1247 1997 dum
1312 1927 1566 1997 sactum
1617 1928 1883 2009 fuisset,
1937 1927 2333 1998 clamabant
2392 1950 2577 1998 more
2617 1929 2815 1999 solito
2864 1945 3105 1999 contra

559 2023 842 2087 Sanctos
894 2017 1184 2108 pagani:
1241 2022 1487 2107 Negate
1548 2018 1894 2087 Christum
1948 2031 2282 2099 vestrum,
2347 2031 2610 2107 negate.
2667 2020 2895 2088 Sancti
2948 2041 3105 2089 vero

557 2112 884 2196 Martyres
934 2127 1363 2194 paganorum
1425 2108 1685 2175 monita
1734 2106 1918 2175 velut
1987 2119 2287 2175 stercora
2343 2119 2901 2188 contemnenteS,
2960 2109 3106 2178 cla-

555 2197 837 2265 mabant
886 2194 966 2263 ad
1044 2195 1460 2277 Dominum,
1515 2194 1869 2264 dicentes:
1947 2196 2025 2264 Si
2088 2197 2500 2264 constiterint
2570 2197 2928 2265 adversum
2985 2221 3102 2267 nos

554 2295 823 2363 castra,
883 2307 1010 2353 non
1075 2285 1449 2353 timebimus
1495 2288 1721 2365 mala,
1792 2285 2111 2384 quoniam
2179 2294 2251 2352 tu
2301 2285 2638 2352 nobiscum
2686 2308 2777 2367 ες,
2829 2289 3108 2356 Domine

551 2374 766 2460 (Psal.
806 2375 942 2460 26).
999 2377 1306 2460 Cumque
1352 2393 1593 2443 omnes
1633 2373 2038 2463 singillatim
2100 2393 2286 2441 unus
2427 2387 2488 2442 st
2534 2395 2752 2443 unum
2816 2373 2941 2443 hoc
2990 2396 3106 2444 or-

552 2460 717 2530 dine
754 2462 1040 2532 cruciati
1091 2460 1406 2542 fuissent,
1443 2461 1655 2552 jussit
1704 2460 1843 2531 dux
1891 2461 2255 2532 Mamucha
2354 2462 2453 2531 ari
2505 2461 2883 2551 unicuique
2932 2467 3106 2533 San·

551 2563 819 2619 ctorum
873 2550 1214 2642 pugillum
1268 2573 1488 2620 unum
1528 2551 1766 2620 hordei
1800 2551 2000 2620 crudi
2035 2550 2120 2619 ad
2160 2551 2752 2632 manducandum,
2825 2564 2889 2621 et
2926 2574 3104 2642 pau-·

549 2638 773 2709 lulum
816 2662 1035 2727 aquae
1068 2640 1150 2708 ad
1191 2639 1593 2709 bibendum.
1635 2641 2095 2740 Dicebantque
2134 2639 2219 2708 ad
2264 2645 2584 2711 Sanctos:
2635 2641 2702 2709 Si
2737 2643 3102 2730 negaveris

548 2729 891 2799 Christum
929 2734 1141 2798 Deum
1178 2750 1350 2810 esse,
1395 2728 1731 2816 quicquid
1769 2729 2120 2818 petieritis,
2163 2727 2488 2800 dabimus
2526 2729 2741 2809 vobis,
2780 2743 2844 2798 et
2876 2752 3103 2801 annu-

547 2818 990 2887 merabimini
1030 2822 1205 2887 inter
1238 2819 1499 2907 primos
1542 2818 1804 2889 amicos
1843 2817 2043 2887 ducis
2079 2818 2290 2887 nostri
2328 2818 2751 2898 Mamuchae,
2792 2832 2857 2887 et
2903 2820 3101 2889 eritis

542 2908 740 2991 quasi
776 2906 1017 2976 fratres
1069 2906 1273 2997 Regis
1323 2906 1543 2976 nostri
1578 2906 1896 2988 Abdalae‚
1934 2929 2012 2976 ac
2043 2906 2306 2974 domini
2337 2906 2405 2973 in
2440 2907 2629 2975 omni
2666 2929 2874 2997 regno
2912 2908 3092 2995 ejus.

544 2996 774 3064 Sancti
821 3009 1049 3065 autem
1087 2995 1329 3065 fratres
1376 2994 1723 3076 Placidus,
1784 2995 2186 3085 Eutychius,
2241 2996 2629 3065 Victorinus
2678 3008 2739 3064 et
2802 2998 3099 3067 sanctis-

542 3085 717 3153 sima
769 3085 996 3154 Flavia
1041 3084 1231 3175 virgo
1281 3106 1475 3154 soror
1519 3105 1786 3165 eorum,
1839 3084 2039 3171 quasi
2069 3105 2150 3152 ex
2196 3105 2338 3153 uno
2377 3105 2492 3154 ore
2531 3083 2895 3155 dixerunt:
2949 3108 2984 3151 «
3026 3087 3096 3154 Si

540 3173 1046 3330 golliceremini
1097 3174 1296 3245 nobis
1342 3173 1646 3243 facturos
1694 3173 2015 3243 dominos
2047 3172 2234 3243 orbis
2277 3185 2638 3253 terrarum,
2697 3194 2828 3242 non
2883 3195 3094 3265 nega-

592 3261 775 3332 imus
802 3263 1167 3331 Dominum
1200 3277 1512 3332 nostrum
1547 3269 1787 3332 desum
1817 3261 2188 3340 Christum,
2223 3263 2343 3348 qui
2374 3284 2496 3352 pro
2540 3262 2738 3332 nobis
2772 3275 3088 3332 mortuus

541 3362 643 3421 est
675 3362 740 3418 et
771 3350 1087 3430 surrexit,
1123 3351 1643 3437 ascendensque
1687 3351 1753 3420 in
1790 3351 2084 3431 coelum,
2125 3351 2310 3421 vivos
2342 3365 2408 3420 et
2449 3364 2756 3420 mortuos
2788 3365 2856 3421 et
2884 3373 3094 3421 omne

542 3438 852 3508 seculum
966 3460 1040 3507 er
1101 3440 1330 3529 ignem
1379 3440 1827 3530 judicaturus
1879 3439 2215 3509 adveniet.
2270 3440 2670 3522 Quinimmo
2717 3462 2837 3510 vos
2881 3495 2896 3523 ‚
2963 3441 3086 3527 qui

538 3527 819 3596 miseria
869 3550 910 3618 p
942 3528 1053 3597 eni
1100 3529 1301 3608 estis,
1356 3529 1476 3616 qui
1524 3540 1840 3598 aeternae
1889 3529 2090 3598 morti
2138 3528 2440 3609 addicti,
2500 3550 2616 3597 vos
2667 3529 2894 3630 potius
2939 3550 3087 3597 cre-

538 3614 676 3685 dite
724 3616 793 3685 in
847 3618 1214 3686 Dominum
1280 3630 1591 3687 nostrum
1662 3618 2003 3687 Christum
2052 3623 2290 3688 Jesum
2330 3672 2345 3698 ‚
2407 3629 2472 3687 et
2520 3617 2691 3686 salvi
2752 3618 2940 3687 e'ritis
3008 3617 3082 3685 in

536 3718 916 3775 aeternum.
958 3730 993 3773 »
1042 3706 1448 3776 Dirissimus
1480 3718 1709 3777 autem
1749 3707 2112 3777 Mamucha
2140 3728 2221 3775 ex
2263 3706 2443 3776 beati
2477 3705 2734 3775 Placidi
2769 3727 2884 3775 ore
2916 3705 3086 3775 talia

533 3792 701 3863 dum
752 3797 956 3865 verba
1006 3795 1355 3879 audisset,
1400 3818 1480 3865 ac
1520 3818 1716 3866 saeve
1756 3796 2154 3887 indignam,
2193 3795 2404 3884 jussit
2457 3817 2617 3869 eum
2667 3816 2825 3865 cum
2877 3794 3090 3865 sociis

532 3884 788 3953 carceri
827 3883 1028 3954 tradi.
1613 3906 1621 3935 ⁰

619 3974 657 4059 ξ
702 3978 854 4046 18.
907 3979 1109 4045 Nocte
1159 3996 1313 4044 vero
1361 3974 1791 4057 adveniente,
1845 3973 2233 4045 Gordianus
2259 3972 2405 4060 jam
2442 3972 2694 4056 dictus,
2738 3974 2859 4060 qui
2912 3986 3088 4042 tem-

530 4081 695 4151 pore
733 4083 871 4149 quo
922 4064 1162 4133 beatus
1210 4064 1532 4134 Placidus
1579 4077 1824 4155 captus
1878 4063 2141 4144 fuerat,
2196 4062 2470 4152 fugiens
2517 4075 2844 4141 evaserat,
2903 4062 3092 4131 venit

530 4149 616 4218 ad
657 4171 815 4220 eum
850 4152 921 4220 in
957 4174 1249 4236 carcere,
1308 4153 1814 4244 procidensque
1861 4152 1946 4221 ad
1980 4152 2188 4241 pedes
2220 4152 2396 4241 ejus,
2433 4151 2860 4221 confortabat
2891 4172 3078 4231 eum,

528 4237 814 4311 dicens:
869 4263 905 4307 «
941 4246 1273 4313 Constans
1312 4256 1477 4323 esto,
1516 4243 1798 4312 domine
1830 4243 1925 4310 mi
1975 4240 2269 4321 Placide,
2315 4253 2382 4309 et
2432 4239 2572 4309 noli
2616 4241 2876 4320 timere,
2916 4239 3087 4326 quia

528 4339 756 4398 tecum
806 4342 907 4400 est
958 4352 1206 4403 manus
1256 4333 1550 4412 Domini,
1604 4331 1729 4420 qui
1778 4330 1904 4401 tibi
1952 4330 2381 4400 mansionem
2426 4328 2494 4397 in
2546 4328 2822 4399 coelesti
2869 4350 3090 4417 regno

528 4416 775 4490 locavit
796 4418 1150 4511 lapidibus
1176 4422 1493 4513 pretiosis
1522 4423 1953 4494 instructam.
1982 4424 2132 4489 Jam
2163 4439 2474 4509 pugnare
2507 4418 2814 4509 coepisti,
2843 4438 3088 4507 pugna
