3347 4999
707 298 834 363 744
1279 316 1358 361 mr.
1405 314 1498 361 ss.
1543 313 1811 362 zanomo
1860 315 1933 360 ετ
1982 315 2250 362 ziz-nonu
2298 314 2488 361 mn.
2851 295 3009 361 OCT.
3054 299 3124 364 30

615 399 1124 480 revelationem,
1177 398 1200 466 i
1255 399 1350 468 sis
1412 398 1649 467 itidem
1706 411 1911 469 noctu
1946 399 2212 468 visam:
2265 420 2444 486 quae
2491 398 2771 486 quidem
2815 420 2968 468 voce
3010 401 3122 468 evi·

617 488 1021 558 deotissime
1074 510 1195 577 pro
1226 510 1374 569 usa,
1419 488 1519 556 eis
1566 487 1687 573 qui
1735 499 1930 557 erant
1978 487 2156 556 inter
2206 486 2360 558 illos
2406 487 2495 557 ob
2536 488 2851 556 virtutem
2900 502 3123 578 specta·

620 576 896 657 tissimi,
951 576 1316 677 perspicue
1374 575 1814 666 significavit,
1877 589 1951 645 ut
2011 589 2490 666 extra.portas
2538 576 2830 646 civitatis
2868 578 3114 667 egressi,

619 688 778 736 eum
844 670 1260 755 Episcopum
1328 664 1816 746 admitterent,
1876 663 1998 752 qui
2056 664 2223 754 ipsis
2266 687 2305 733 a
2362 669 2494 733 Deo
2546 677 2705 735 ante
2762 665 3127 766 designatus

619 766 787 825 erat.
840 757 987 837 Quo
1050 754 1134 824 ad
1192 754 1378 823 hunc
1437 753 1638 824 modo
1699 769 1911 854 gestO,
1977 753 2537 842 Jerosolymitani
2591 775 2945 824 commum
2999 756 3124 842 Epi·

621 864 986 945 scoporum
1035 864 1403 922 consensu,
1439 842 1561 929 qui
1619 841 1953 912 finitimas
1993 841 2331 911 Ecclesias
2381 844 2871 932 procurabant,
2934 864 3124 912 neces-

622 954 806 1002 sario
854 931 1052 1001 illum
1105 931 1288 1021 apud
1342 953 1415 1000 se
1465 953 1743 1000 manere
1792 933 2184 1021 coegerunt.

713 1023 749 1110 ξ
790 1024 883 1091 Β.
923 1020 1110 1090 Idem
1164 1020 1312 1110 ipse
1360 1019 1736 1089 Alexander
1766 1019 1834 1088 in
1879 1022 2025 1090 suis
2071 1018 2405 1109 epistoliS,
2457 1042 2632 1107 quas
2663 1020 2748 1089 ad
2792 1018 3129 1089 Antinoites

625 1109 927 1199 scripsit,
981 1131 1294 1197 quaeque
1341 1108 1572 1177 adhuc
1619 1108 1802 1198 apud
1875 1131 2001 1177 nos
2045 1120 2299 1190 extant,
2351 1108 2647 1180 Narcissi
2695 1108 2990 1198 collegae
3042 1109 3123 1177 sui

624 1199 695 1267 in
750 1196 1178 1289 praefectura
1226 1196 1568 1267 Ecclesiae
1612 1197 2230 1287 Jerosolymitanae
2277 1197 2573 1287 gerenda
2628 1198 3030 1266 mentionem
3059 1195 3124 1264 fa·

625 1287 738 1362 cit,
797 1287 924 1356 ista
975 1287 1044 1355 in
1089 1299 1389 1356 extrema
1433 1285 1552 1355 illa
1591 1286 1877 1375 epistola
1928 1285 2011 1355 ad
2069 1287 2353 1355 verbum
2414 1286 2768 1356 scribens:
2823 1309 2859 1353 α
2906 1284 3127 1354 Salutat

624 1398 746 1446 vos
793 1375 1180 1456 NarcissuS,
1224 1375 1339 1462 qui
1384 1375 1496 1444 hic
1528 1388 1684 1444 ante
1734 1397 1841 1444 me
1882 1376 2333 1467 Episcopatus
2383 1374 2609 1445 locum
2661 1374 3035 1465 occupavit,
3079 1387 3125 1442 et

621 1476 896 1533 eentum
931 1464 1076 1552 jam
1124 1477 1191 1533 et
1239 1463 1578 1533 sexdecim
1631 1486 1851 1533 annos
1887 1477 2460 1553 praetergressuS,
2500 1485 2776 1534 meeum
2815 1464 2882 1532 in
2921 1461 3119 1532 eodem

623 1552 1003 1622 ministerio
1032 1552 1468 1640 quorundam
1501 1553 1823 1642 precibus
1850 1553 2272 1641 conjunctus
2308 1551 2475 1622 fuit:
2513 1553 2635 1639 qui
2664 1553 2978 1623 obsecrat
3004 1571 3118 1628 vos,

620 1654 697 1710 ut
745 1641 925 1710 idem
978 1663 1246 1711 mecum
1285 1641 1617 1723 sentiam,
1670 1641 2047 1729 eademque
2097 1642 2247 1712 sitis
2295 1641 2664 1711 voluntate.
2704 1664 2742 1708 »

854 1967 1469 2068 MARTYRlUM
1539 1969 1678 2067 SS.
1753 1968 2155 2069 ZENOBll
2236 1969 2353 2068 ET
2426 1969 2936 2069 ZENOBlAE

1593 2191 1789 2256 Erus
1840 2189 2193 2256 sonorus

984 2401 1267 2450 AUCTORE
1315 2403 1443 2450 sm.
1500 2404 1971 2451 nmAPnttAs‘m.
2014 2403 2126 2450 1381·
2173 2402 2240 2450 m
2286 2402 2472 2450 roms
2518 2402 2797 2450 ALOst.

1298 2595 1494 2651 Pessi
1536 2599 1700 2650 sunt
1739 2609 1918 2652 anno
1959 2597 2088 2651 280
2118 2625 2192 2635 —
2222 2593 2486 2651 Asiani.

712 2793 853 2952 {t
908 2799 1124 2884 Aegae
1156 2792 1190 2827 ²*
1235 2805 1337 2863 est
1384 2794 1646 2875 civitas,
1679 2815 1855 2881 quae
1884 2794 2016 2864 sita
2046 2795 2328 2882 quidem
2364 2804 2465 2864 est
2500 2793 2567 2862 iu
2603 2794 2773 2864 sinu
2807 2787 3116 2863 sonico*⁸.

624 2883 709 2952 ha
766 2884 976 2953 itatur
1020 2895 1247 2953 autem
1299 2905 1338 2952 a
1387 2883 1757 2953 Cilicibus:
1809 2883 2013 2973 cujus
2050 2905 2129 2952 ea
2173 2905 2329 2973 pars
2374 2882 2680 2970 quidem,
2722 2903 2901 2969 quae
2948 2877 3121 2977 vergit

623 2972 706 3042 ad
759 2973 1245 3049 continentem,
1300 2994 1434 3040 non
1504 2987 1605 3041 est
1653 2994 1941 3062 magna:
1997 2971 2201 3042 latam
2253 2985 2483 3041 autem
2530 2985 2596 3041 et
2653 2984 3023 3063 porrectam
3065 2986 3118 3033 in

627 3061 793 3130 satis
855 3083 1177 3151 magnam
1230 3059 1664 3130 latitudinem
1737 3061 2108 3150 propinqui
2163 3060 2374 3130 maris
2443 3073 2679 3149 portus
2747 3059 3007 3149 excipit.
3052 3059 3120 3122 Ea

626 3149 782 3219 tulit
829 3149 1104 3219 beatum
1153 3149 1551 3231 zenobium,
1600 3160 1835 3220 natum
1884 3172 1965 3219 ex
2018 3150 2149 3239 piis
2187 3149 2614 3240 parentibuS,
2651 3149 2905 3219 radicis
2943 3147 3120 3217 bonae

628 3260 700 3306 re
749 3260 904 3307 vera
956 3239 1209 3308 bonum
1275 3260 1582 3330 germen.
1635 3239 1765 3321 Qui
1827 3260 1984 3308 cum
2049 3237 2547 3320 decessissent,
2599 3238 2659 3307 is
2707 3237 2982 3307 relictus
3021 3230 3121 3301 fuit

625 3326 810 3427 apud
863 3339 1211 3417 patruum.
1258 3332 1552 3397 Patruus
1599 3349 1780 3403 vero,
1834 3350 1992 3397 cum
2043 3338 2219 3398 esset
2268 3349 2338 3396 re
2387 3348 2544 3396 vera
2592 3327 2696 3396 vir
2745 3325 3030 3401 divinus,
3054 3332 3121 3420 ‘et

626 3416 897 3486 virtutis
944 3415 1320 3497 studiosu8‚
1376 3415 1616 3485 videns
1665 3437 1958 3506 puerum
2011 3417 2135 3485 rite
2184 3427 2576 3503 sequentem
2631 3429 2977 3505 paternam
3011 3428 3121 3507 ple·

627 3516 856 3583 tatem,
910 3516 976 3572 et
1021 3504 1368 3590 quomodo
1409 3505 1774 3574 universae
1811 3505 1961 3595 ejus
2009 3505 2472 3587 haereditatis,
2512 3505 2603 3574 ita
2636 3505 2842 3573 etiam
2895 3502 3119 3570 virtutis

623 3593 879 3662 factum
940 3613 1088 3662 esse
1137 3592 1543 3673 haeredem,
1597 3592 1789 3663 affini
1855 3616 2021 3663 suae
2085 3593 2320 3663 Teclae
2366 3614 2524 3663 eum
2585 3592 2976 3683 despondit,
3025 3604 3121 3676 pat·

627 3687 756 3753 Deo
804 3695 1079 3772 gratum
1116 3695 1391 3771 propter
1425 3682 1771 3772 pietatem,
1806 3696 1871 3751 et
1906 3682 2178 3773 insigne
2211 3682 2409 3753 bonis
2440 3682 2770 3753 omnibus
2808 3677 3113 3773 operibus-

626 3776 718 3840 Ex
751 3771 852 3841 eis
907 3792 1072 3859 ergo
1122 3782 1323 3839 natus
1356 3784 1458 3841 est
1489 3771 1863 3842 Zenobius:
1912 3771 2161 3840 deinde
2198 3771 2403 3840 etiam
2455 3792 2647 3841 soror
2694 3772 2845 3861 ejus
2875 3763 3117 3838 Zenobia

621 3862 782 3950 (hoc
822 3861 1009 3929 enim
1046 3859 1145 3928 eis
1188 3881 1431 3929 nomen
1473 3860 1875 3949 impositum
1910 3858 2039 3930 suit
2071 3882 2112 3930 a
2151 3859 2608 3950 parentibus),
2655 3873 2966 3930 sanctum
2998 3869 3112 3943 par,

627 3950 798 4019 rami
850 3947 1107 4018 fertiles
1156 3948 1587 4038 spiritalibus
1633 3947 1984 4038 operibus,
2992 4030 3004 4042 ⁶

718 4046 756 4119 ἓ
810 4044 897 4109 ².
953 4042 1119 4107 Cum
1171 4049 1399 4106 autem
1435 4037 1756 4127 egregius
1804 4036 2139 4107 Zenobius
2164 4037 2307 4125 jam
2348 4037 2436 4107 ad
2467 4036 2713 4126 ephebi
2753 4034 3119 4128 pervenisset

629 4138 941 4208 aetatem,
979 4127 1078 4196 eis
1126 4123 1404 4214 quidem
1461 4128 1854 4196 moriuntur
1905 4138 2260 4215 parentes3
2311 4137 2821 4197 consumuntur
2850 4141 2992 4191 vero
3039 4112 3117 4184 fn·

627 4214 942 4297 cultates,
998 4216 1246 4306 partim
1289 4213 1569 4303 quidem
1605 4214 1676 4283 in
1719 4227 1985 4286 ventres
2036 4236 2446 4305 pauperum,
2501 4216 2748 4305 partim
2799 4224 3006 4283 autem
3047 4199 3112 4271 nd

681 4380 708 4407 ¹·
736 4379 1209 4420 Animadvertendum
1234 4382 1305 4419 est
1326 4377 1438 4420 olim
1458 4380 1619 4430 plures
1644 4380 1794 4421 finisse
1814 4380 2035 4421 civitates
2057 4380 2202 4429 hujus
2221 4381 2439 4421 neminis.

681 4433 738 4460 *¹¹
767 4433 857 4483 Qut
877 4443 1000 4473 nuno
1023 4432 1200 4474 dicitur
1220 4435 1350 4483 Golso
1367 4434 1763 4485 d'Alesrandr-ma,
1783 4435 1833 4475 in
1851 4435 1960 4474 Asia
1979 4434 2166 4474 Minori.
