<?xml version="1.0" encoding="UTF-8"?>
<!DOCTYPE html PUBLIC "-//W3C//DTD XHTML 1.0 Transitional//EN"
    "http://www.w3.org/TR/xhtml1/DTD/xhtml1-transitional.dtd">
<html xmlns="http://www.w3.org/1999/xhtml" xml:lang="en" lang="en">
 <head>
  <title>
</title>
<meta http-equiv="Content-Type" content="text/html;charset=utf-8" />
  <meta name='ocr-system' content='tesseract 3.04.00' />
  <meta name='ocr-capabilities' content='ocr_page ocr_carea ocr_par ocr_line ocrx_word'/>
</head>
<body>
  <div class='ocr_page' id='page_1' title='image "./historiaeseuvit03lippgoog_0427.png"; bbox 0 0 3347 4999; ppageno 0'>
   <div class='ocr_carea' id='block_1_1' title="bbox 161 301 2623 368">
    <p class='ocr_par' dir='ltr' id='par_1_1' title="bbox 161 301 2623 368">
     <span class='ocr_line' id='line_1_1' title="bbox 161 301 2623 368; baseline 0 -1"><span class='ocrx_word' id='word_1_1' title='bbox 161 302 337 368; x_wconf 86' lang='lat' dir='ltr'>OCT.</span> <span class='ocrx_word' id='word_1_2' title='bbox 395 301 478 365; x_wconf 74' lang='lat'>⁴3</span> <span class='ocrx_word' id='word_1_3' title='bbox 1077 319 1153 363; x_wconf 73' lang='lat' dir='ltr'>ns</span> <span class='ocrx_word' id='word_1_4' title='bbox 1202 318 1255 366; x_wconf 92' lang='lat' dir='ltr'>s.</span> <span class='ocrx_word' id='word_1_5' title='bbox 1310 317 1601 365; x_wconf 71' lang='lat' dir='ltr'>numano</span> <span class='ocrx_word' id='word_1_6' title='bbox 1654 318 1812 365; x_wconf 74' lang='lat' dir='ltr'>arcs</span> <span class='ocrx_word' id='word_1_7' title='bbox 2497 302 2623 368; x_wconf 87' lang='grc'>369</span> 
     </span>
    </p>
   </div>
   <div class='ocr_carea' id='block_1_2' title="bbox 161 401 2727 4299">
    <p class='ocr_par' dir='ltr' id='par_1_2' title="bbox 161 401 2717 759">
     <span class='ocr_line' id='line_1_2' title="bbox 164 401 2717 493; baseline 0.001 -19"><span class='ocrx_word' id='word_1_8' title='bbox 164 403 457 493; x_wconf 86' lang='lat' dir='ltr'>Scripsit</span> <span class='ocrx_word' id='word_1_9' title='bbox 518 402 748 488; x_wconf 87' lang='lat' dir='ltr'>itaque</span> <span class='ocrx_word' id='word_1_10' title='bbox 797 423 1002 471; x_wconf 81' lang='lat' dir='ltr'><strong>senex</strong></span> <span class='ocrx_word' id='word_1_11' title='bbox 1041 402 1276 470; x_wconf 92' lang='lat' dir='ltr'>omnia</span> <span class='ocrx_word' id='word_1_12' title='bbox 1326 401 1599 481; x_wconf 91' lang='lat' dir='ltr'>audita,</span> <span class='ocrx_word' id='word_1_13' title='bbox 1656 414 1721 470; x_wconf 91' lang='lat' dir='ltr'>et</span> <span class='ocrx_word' id='word_1_14' title='bbox 1756 402 1923 492; x_wconf 85' lang='lat' dir='ltr'><strong>Regi</strong></span> <span class='ocrx_word' id='word_1_15' title='bbox 1970 402 2238 472; x_wconf 84' lang='lat' dir='ltr'>direxit.</span> <span class='ocrx_word' id='word_1_16' title='bbox 2293 405 2542 474; x_wconf 90' lang='lat' dir='ltr'>Eadem</span> <span class='ocrx_word' id='word_1_17' title='bbox 2590 429 2717 477; x_wconf 88' lang='lat' dir='ltr'>au-</span> 
     </span>
     <span class='ocr_line' id='line_1_3' title="bbox 162 490 2706 580; baseline 0 -18"><span class='ocrx_word' id='word_1_18' title='bbox 162 504 295 562; x_wconf 91' lang='lat' dir='ltr'>tem</span> <span class='ocrx_word' id='word_1_19' title='bbox 342 493 556 572; x_wconf 74' lang='lat' dir='ltr'>hora,</span> <span class='ocrx_word' id='word_1_20' title='bbox 609 491 780 560; x_wconf 91' lang='lat' dir='ltr'>lecto</span> <span class='ocrx_word' id='word_1_21' title='bbox 829 495 1048 580; x_wconf 80' lang='lat' dir='ltr'>Papae</span> <span class='ocrx_word' id='word_1_22' title='bbox 1098 491 1425 579; x_wconf 83' lang='lat' dir='ltr'>rescripto</span> <span class='ocrx_word' id='word_1_23' title='bbox 1457 545 1472 571; x_wconf 95' lang='lat'>,</span> <span class='ocrx_word' id='word_1_24' title='bbox 1538 490 1716 560; x_wconf 91' lang='lat' dir='ltr'>beati</span> <span class='ocrx_word' id='word_1_25' title='bbox 1767 490 1951 559; x_wconf 91' lang='lat' dir='ltr'>senis</span> <span class='ocrx_word' id='word_1_26' title='bbox 2004 492 2234 580; x_wconf 81' lang='lat' dir='ltr'>apices</span> <span class='ocrx_word' id='word_1_27' title='bbox 2308 494 2706 565; x_wconf 77' lang='lat' dir='ltr'>recitantur.</span> 
     </span>
     <span class='ocr_line' id='line_1_4' title="bbox 161 578 2710 669; baseline 0.002 -21"><span class='ocrx_word' id='word_1_28' title='bbox 161 587 353 651; x_wconf 89' lang='lat' dir='ltr'>Tunc</span> <span class='ocrx_word' id='word_1_29' title='bbox 404 585 545 649; x_wconf 85' lang='lat' dir='ltr'>Rex</span> <span class='ocrx_word' id='word_1_30' title='bbox 592 579 811 648; x_wconf 90' lang='lat' dir='ltr'>laetus</span> <span class='ocrx_word' id='word_1_31' title='bbox 855 591 919 647; x_wconf 91' lang='lat' dir='ltr'>et</span> <span class='ocrx_word' id='word_1_32' title='bbox 966 578 1236 659; x_wconf 80' lang='lat' dir='ltr'>alacris,</span> <span class='ocrx_word' id='word_1_33' title='bbox 1292 578 1655 668; x_wconf 86' lang='lat' dir='ltr'>pecuniam</span> <span class='ocrx_word' id='word_1_34' title='bbox 1705 601 1912 664; x_wconf 89' lang='lat' dir='ltr'>quam</span> <span class='ocrx_word' id='word_1_35' title='bbox 1950 578 2035 646; x_wconf 92' lang='lat' dir='ltr'>ad</span> <span class='ocrx_word' id='word_1_36' title='bbox 2090 581 2710 669; x_wconf 78' lang='lat' dir='ltr'>peregrinationem</span> 
     </span>
     <span class='ocr_line' id='line_1_5' title="bbox 163 667 2554 759; baseline 0 -21"><span class='ocrx_word' id='word_1_37' title='bbox 163 681 549 759; x_wconf 90' lang='lat' dir='ltr'>paraverat,</span> <span class='ocrx_word' id='word_1_38' title='bbox 598 667 1020 757; x_wconf 89' lang='lat' dir='ltr'>pauperibus</span> <span class='ocrx_word' id='word_1_39' title='bbox 1067 667 1441 746; x_wconf 85' lang='lat' dir='ltr'>distribuit,</span> <span class='ocrx_word' id='word_1_40' title='bbox 1484 680 1548 735; x_wconf 92' lang='lat' dir='ltr'>et</span> <span class='ocrx_word' id='word_1_41' title='bbox 1600 668 2096 737; x_wconf 89' lang='lat' dir='ltr'>monasterium</span> <span class='ocrx_word' id='word_1_42' title='bbox 2148 668 2554 740; x_wconf 88' lang='lat' dir='ltr'>aedificavit.</span> 
     </span>
    </p>

    <p class='ocr_par' dir='ltr' id='par_1_3' title="bbox 162 754 2723 3583">
     <span class='ocr_line' id='line_1_6' title="bbox 252 754 2707 846; baseline -0.001 -15"><span class='ocrx_word' id='word_1_43' title='bbox 252 761 288 845; x_wconf 69' lang='grc' dir='ltr'>ἓ</span> <span class='ocrx_word' id='word_1_44' title='bbox 334 764 491 831; x_wconf 65' lang='lat'>12.</span> <span class='ocrx_word' id='word_1_45' title='bbox 546 763 877 845; x_wconf 80' lang='lat' dir='ltr'>Tempore</span> <span class='ocrx_word' id='word_1_46' title='bbox 924 778 1060 842; x_wconf 89' lang='lat' dir='ltr'>quo</span> <span class='ocrx_word' id='word_1_47' title='bbox 1110 778 1224 825; x_wconf 83' lang='lat' dir='ltr'>rex</span> <span class='ocrx_word' id='word_1_48' title='bbox 1272 754 1702 825; x_wconf 86' lang='lat' dir='ltr'>Ethelbertus</span> <span class='ocrx_word' id='word_1_49' title='bbox 1727 756 1784 836; x_wconf 68' lang='lat'>⁴⁸,</span> <span class='ocrx_word' id='word_1_50' title='bbox 1820 756 1939 842; x_wconf 89' lang='lat' dir='ltr'>qui</span> <span class='ocrx_word' id='word_1_51' title='bbox 1989 757 2294 846; x_wconf 90' lang='lat' dir='ltr'>regnavit</span> <span class='ocrx_word' id='word_1_52' title='bbox 2342 758 2409 825; x_wconf 92' lang='lat' dir='ltr'>in</span> <span class='ocrx_word' id='word_1_53' title='bbox 2454 761 2707 842; x_wconf 89' lang='lat' dir='ltr'>Cantia,</span> 
     </span>
     <span class='ocr_line' id='line_1_7' title="bbox 165 843 2715 937; baseline 0.002 -23"><span class='ocrx_word' id='word_1_54' title='bbox 165 848 614 936; x_wconf 81' lang='lat' dir='ltr'>praedicante</span> <span class='ocrx_word' id='word_1_55' title='bbox 662 847 857 915; x_wconf 90' lang='lat' dir='ltr'>beato</span> <span class='ocrx_word' id='word_1_56' title='bbox 897 846 1277 935; x_wconf 81' lang='lat' dir='ltr'>Augustino</span> <span class='ocrx_word' id='word_1_57' title='bbox 1328 843 1484 914; x_wconf 83' lang='lat' dir='ltr'>fidei</span> <span class='ocrx_word' id='word_1_58' title='bbox 1553 856 1985 914; x_wconf 88' lang='lat' dir='ltr'>sacramenta</span> <span class='ocrx_word' id='word_1_59' title='bbox 2033 866 2230 914; x_wconf 85' lang='lat' dir='ltr'>susce</span> <span class='ocrx_word' id='word_1_60' title='bbox 2283 858 2447 926; x_wconf 89' lang='lat' dir='ltr'>erat,</span> <span class='ocrx_word' id='word_1_61' title='bbox 2502 869 2715 937; x_wconf 91' lang='lat' dir='ltr'>nepos</span> 
     </span>
     <span class='ocr_line' id='line_1_8' title="bbox 164 932 2712 1023; baseline 0 -19"><span class='ocrx_word' id='word_1_62' title='bbox 164 936 315 1022; x_wconf 87' lang='lat' dir='ltr'>ejus</span> <span class='ocrx_word' id='word_1_63' title='bbox 387 936 736 1014; x_wconf 77' lang='lat' dir='ltr'>SebertuS,</span> <span class='ocrx_word' id='word_1_64' title='bbox 791 934 910 1019; x_wconf 90' lang='lat' dir='ltr'>qui</span> <span class='ocrx_word' id='word_1_65' title='bbox 958 934 1412 1003; x_wconf 81' lang='lat' dir='ltr'>orientalibus</span> <span class='ocrx_word' id='word_1_66' title='bbox 1469 933 1704 1023; x_wconf 78' lang='lat' dir='ltr'>Anglis</span> <span class='ocrx_word' id='word_1_67' title='bbox 1766 932 2106 1023; x_wconf 87' lang='lat' dir='ltr'>praefuit,</span> <span class='ocrx_word' id='word_1_68' title='bbox 2171 933 2215 1002; x_wconf 84' lang='lat' dir='ltr'>si</span> <span class='ocrx_word' id='word_1_69' title='bbox 2268 957 2410 1016; x_wconf 90' lang='lat' dir='ltr'>em,</span> <span class='ocrx_word' id='word_1_70' title='bbox 2474 937 2712 1006; x_wconf 89' lang='lat' dir='ltr'>eodem</span> 
     </span>
     <span class='ocr_line' id='line_1_9' title="bbox 168 1021 2716 1114; baseline 0.002 -22"><span class='ocrx_word' id='word_1_71' title='bbox 168 1025 415 1112; x_wconf 89' lang='lat' dir='ltr'>Episco</span> <span class='ocrx_word' id='word_1_72' title='bbox 471 1046 512 1092; x_wconf 96' lang='lat' dir='ltr'>o</span> <span class='ocrx_word' id='word_1_73' title='bbox 561 1022 1094 1111; x_wconf 84' lang='lat' dir='ltr'>evangelizante,</span> <span class='ocrx_word' id='word_1_74' title='bbox 1148 1021 1473 1111; x_wconf 88' lang='lat' dir='ltr'>suscepit.</span> <span class='ocrx_word' id='word_1_75' title='bbox 1526 1025 1651 1091; x_wconf 89' lang='lat' dir='ltr'>Hic</span> <span class='ocrx_word' id='word_1_76' title='bbox 1693 1022 2081 1102; x_wconf 90' lang='lat' dir='ltr'>Londoniis‚</span> <span class='ocrx_word' id='word_1_77' title='bbox 2129 1043 2305 1108; x_wconf 89' lang='lat' dir='ltr'>quae</span> <span class='ocrx_word' id='word_1_78' title='bbox 2363 1025 2552 1114; x_wconf 89' lang='lat' dir='ltr'>regni</span> <span class='ocrx_word' id='word_1_79' title='bbox 2604 1026 2716 1095; x_wconf 91' lang='lat' dir='ltr'>sui</span> 
     </span>
     <span class='ocr_line' id='line_1_10' title="bbox 162 1110 2710 1203; baseline 0.002 -23"><span class='ocrx_word' id='word_1_80' title='bbox 162 1125 375 1203; x_wconf 87' lang='lat' dir='ltr'>caput</span> <span class='ocrx_word' id='word_1_81' title='bbox 459 1111 845 1192; x_wconf 87' lang='lat' dir='ltr'>abebatur,</span> <span class='ocrx_word' id='word_1_82' title='bbox 903 1111 1082 1179; x_wconf 88' lang='lat' dir='ltr'>intra</span> <span class='ocrx_word' id='word_1_83' title='bbox 1133 1132 1367 1180; x_wconf 87' lang='lat' dir='ltr'>muros</span> <span class='ocrx_word' id='word_1_84' title='bbox 1415 1110 1776 1180; x_wconf 88' lang='lat' dir='ltr'>ecclesiam</span> <span class='ocrx_word' id='word_1_85' title='bbox 1832 1110 2009 1179; x_wconf 90' lang='lat' dir='ltr'>beati</span> <span class='ocrx_word' id='word_1_86' title='bbox 2082 1111 2273 1180; x_wconf 91' lang='lat' dir='ltr'>Pauli</span> <span class='ocrx_word' id='word_1_87' title='bbox 2315 1110 2710 1197; x_wconf 87' lang='lat' dir='ltr'>fabricavit,</span> 
     </span>
     <span class='ocr_line' id='line_1_11' title="bbox 162 1198 2708 1290; baseline 0 -22"><span class='ocrx_word' id='word_1_88' title='bbox 162 1214 229 1268; x_wconf 89' lang='lat' dir='ltr'>et</span> <span class='ocrx_word' id='word_1_89' title='bbox 267 1200 651 1290; x_wconf 89' lang='lat' dir='ltr'>episcopali</span> <span class='ocrx_word' id='word_1_90' title='bbox 721 1200 1001 1280; x_wconf 83' lang='lat' dir='ltr'>honore,</span> <span class='ocrx_word' id='word_1_91' title='bbox 1057 1199 1387 1269; x_wconf 85' lang='lat' dir='ltr'>Mellitum</span> <span class='ocrx_word' id='word_1_92' title='bbox 1448 1200 1848 1289; x_wconf 90' lang='lat' dir='ltr'>episcopum</span> <span class='ocrx_word' id='word_1_93' title='bbox 1910 1198 2276 1269; x_wconf 89' lang='lat' dir='ltr'>instituens</span> <span class='ocrx_word' id='word_1_94' title='bbox 2333 1200 2708 1272; x_wconf 90' lang='lat' dir='ltr'>honoravit.</span> 
     </span>
     <span class='ocr_line' id='line_1_12' title="bbox 168 1287 2716 1377; baseline 0 -18"><span class='ocrx_word' id='word_1_95' title='bbox 168 1295 367 1359; x_wconf 84' lang='lat' dir='ltr'>Extra</span> <span class='ocrx_word' id='word_1_96' title='bbox 407 1311 645 1358; x_wconf 90' lang='lat' dir='ltr'>muros</span> <span class='ocrx_word' id='word_1_97' title='bbox 677 1310 831 1357; x_wconf 90' lang='lat' dir='ltr'>vero</span> <span class='ocrx_word' id='word_1_98' title='bbox 872 1288 940 1355; x_wconf 91' lang='lat' dir='ltr'>in</span> <span class='ocrx_word' id='word_1_99' title='bbox 992 1287 1398 1357; x_wconf 88' lang='lat' dir='ltr'>occidentali</span> <span class='ocrx_word' id='word_1_100' title='bbox 1451 1300 1662 1377; x_wconf 89' lang='lat' dir='ltr'>parte,</span> <span class='ocrx_word' id='word_1_101' title='bbox 1704 1289 1771 1355; x_wconf 90' lang='lat' dir='ltr'>in</span> <span class='ocrx_word' id='word_1_102' title='bbox 1823 1287 2081 1356; x_wconf 87' lang='lat' dir='ltr'>honore</span> <span class='ocrx_word' id='word_1_103' title='bbox 2131 1288 2308 1358; x_wconf 92' lang='lat' dir='ltr'>beati</span> <span class='ocrx_word' id='word_1_104' title='bbox 2358 1290 2533 1358; x_wconf 91' lang='lat' dir='ltr'>Petri</span> <span class='ocrx_word' id='word_1_105' title='bbox 2576 1313 2716 1360; x_wconf 91' lang='lat' dir='ltr'>mo-</span> 
     </span>
     <span class='ocr_line' id='line_1_13' title="bbox 167 1375 2717 1467; baseline 0.001 -20"><span class='ocrx_word' id='word_1_106' title='bbox 167 1378 553 1447; x_wconf 89' lang='lat' dir='ltr'>nasterium</span> <span class='ocrx_word' id='word_1_107' title='bbox 593 1377 864 1467; x_wconf 88' lang='lat' dir='ltr'>insigne</span> <span class='ocrx_word' id='word_1_108' title='bbox 895 1376 1230 1456; x_wconf 86' lang='lat' dir='ltr'>fundavit,</span> <span class='ocrx_word' id='word_1_109' title='bbox 1269 1389 1334 1446; x_wconf 91' lang='lat' dir='ltr'>et</span> <span class='ocrx_word' id='word_1_110' title='bbox 1370 1376 1605 1446; x_wconf 85' lang='lat' dir='ltr'>multis</span> <span class='ocrx_word' id='word_1_111' title='bbox 1643 1375 2193 1466; x_wconf 85' lang='lat' dir='ltr'>possessionibus</span> <span class='ocrx_word' id='word_1_112' title='bbox 2219 1377 2476 1446; x_wconf 87' lang='lat' dir='ltr'>ditavit.</span> <span class='ocrx_word' id='word_1_113' title='bbox 2513 1384 2717 1449; x_wconf 84' lang='lat' dir='ltr'>Nocte</span> 
     </span>
     <span class='ocr_line' id='line_1_14' title="bbox 172 1464 2717 1554; baseline 0 -18"><span class='ocrx_word' id='word_1_114' title='bbox 172 1480 431 1546; x_wconf 89' lang='lat' dir='ltr'>autem,</span> <span class='ocrx_word' id='word_1_115' title='bbox 490 1465 986 1534; x_wconf 88' lang='lat' dir='ltr'>dedicationem</span> <span class='ocrx_word' id='word_1_116' title='bbox 1022 1465 1332 1554; x_wconf 88' lang='lat' dir='ltr'>ejusdem</span> <span class='ocrx_word' id='word_1_117' title='bbox 1361 1465 1687 1535; x_wconf 90' lang='lat' dir='ltr'>ecclesiae</span> <span class='ocrx_word' id='word_1_118' title='bbox 1719 1464 2186 1554; x_wconf 87' lang='lat' dir='ltr'>praecedente,</span> <span class='ocrx_word' id='word_1_119' title='bbox 2223 1465 2539 1553; x_wconf 87' lang='lat' dir='ltr'>piscatori</span> <span class='ocrx_word' id='word_1_120' title='bbox 2573 1469 2717 1537; x_wconf 86' lang='lat' dir='ltr'>cui-</span> 
     </span>
     <span class='ocr_line' id='line_1_15' title="bbox 163 1553 2716 1642; baseline 0 -18"><span class='ocrx_word' id='word_1_121' title='bbox 163 1555 327 1624; x_wconf 87' lang='lat' dir='ltr'>dam</span> <span class='ocrx_word' id='word_1_122' title='bbox 383 1555 791 1623; x_wconf 89' lang='lat' dir='ltr'>Tbamensis</span> <span class='ocrx_word' id='word_1_123' title='bbox 820 1554 886 1589; x_wconf 64' lang='lat'>*³*</span> <span class='ocrx_word' id='word_1_124' title='bbox 935 1554 1151 1634; x_wconf 89' lang='lat' dir='ltr'>fluvii,</span> <span class='ocrx_word' id='word_1_125' title='bbox 1197 1553 1317 1640; x_wconf 89' lang='lat' dir='ltr'>qui</span> <span class='ocrx_word' id='word_1_126' title='bbox 1359 1554 1537 1621; x_wconf 91' lang='lat' dir='ltr'>idem</span> <span class='ocrx_word' id='word_1_127' title='bbox 1592 1554 2082 1623; x_wconf 88' lang='lat' dir='ltr'>monasterium</span> <span class='ocrx_word' id='word_1_128' title='bbox 2121 1555 2565 1642; x_wconf 86' lang='lat' dir='ltr'>praeterfluit,</span> <span class='ocrx_word' id='word_1_129' title='bbox 2606 1556 2716 1626; x_wconf 92' lang='lat' dir='ltr'>ul-</span> 
     </span>
     <span class='ocr_line' id='line_1_16' title="bbox 168 1642 2711 1733; baseline 0 -20"><span class='ocrx_word' id='word_1_130' title='bbox 168 1645 406 1713; x_wconf 87' lang='lat' dir='ltr'>teriori</span> <span class='ocrx_word' id='word_1_131' title='bbox 462 1643 612 1733; x_wconf 90' lang='lat' dir='ltr'>ripa</span> <span class='ocrx_word' id='word_1_132' title='bbox 653 1643 720 1710; x_wconf 92' lang='lat' dir='ltr'>in</span> <span class='ocrx_word' id='word_1_133' title='bbox 761 1642 1000 1711; x_wconf 89' lang='lat' dir='ltr'>babitu</span> <span class='ocrx_word' id='word_1_134' title='bbox 1033 1642 1391 1731; x_wconf 91' lang='lat' dir='ltr'>peregrino</span> <span class='ocrx_word' id='word_1_135' title='bbox 1426 1642 1666 1712; x_wconf 90' lang='lat' dir='ltr'>beatus</span> <span class='ocrx_word' id='word_1_136' title='bbox 1698 1647 1936 1712; x_wconf 87' lang='lat' dir='ltr'>Petrus</span> <span class='ocrx_word' id='word_1_137' title='bbox 1976 1663 2337 1731; x_wconf 82' lang='lat' dir='ltr'>apparenS,</span> <span class='ocrx_word' id='word_1_138' title='bbox 2379 1645 2711 1732; x_wconf 70' lang='lat' dir='ltr'>promissa</span> 
     </span>
     <span class='ocr_line' id='line_1_17' title="bbox 169 1730 2717 1821; baseline 0.001 -19"><span class='ocrx_word' id='word_1_139' title='bbox 169 1732 512 1813; x_wconf 87' lang='lat' dir='ltr'>mercede,</span> <span class='ocrx_word' id='word_1_140' title='bbox 570 1731 923 1819; x_wconf 89' lang='lat' dir='ltr'>transponi</span> <span class='ocrx_word' id='word_1_141' title='bbox 964 1752 1034 1799; x_wconf 89' lang='lat' dir='ltr'>se</span> <span class='ocrx_word' id='word_1_142' title='bbox 1067 1731 1151 1800; x_wconf 91' lang='lat' dir='ltr'>ab</span> <span class='ocrx_word' id='word_1_143' title='bbox 1200 1730 1435 1800; x_wconf 89' lang='lat' dir='ltr'>eodem</span> <span class='ocrx_word' id='word_1_144' title='bbox 1469 1743 1534 1799; x_wconf 90' lang='lat' dir='ltr'>et</span> <span class='ocrx_word' id='word_1_145' title='bbox 1582 1731 1797 1820; x_wconf 91' lang='lat' dir='ltr'>petiit,</span> <span class='ocrx_word' id='word_1_146' title='bbox 1842 1743 1906 1800; x_wconf 90' lang='lat' dir='ltr'>et</span> <span class='ocrx_word' id='word_1_147' title='bbox 1953 1731 2351 1819; x_wconf 87' lang='lat' dir='ltr'>promeruit.</span> <span class='ocrx_word' id='word_1_148' title='bbox 2388 1736 2717 1821; x_wconf 88' lang='lat' dir='ltr'>Egressus</span> 
     </span>
     <span class='ocr_line' id='line_1_18' title="bbox 166 1818 2718 1909; baseline 0.001 -19"><span class='ocrx_word' id='word_1_149' title='bbox 166 1835 401 1891; x_wconf 89' lang='lat' dir='ltr'>autem</span> <span class='ocrx_word' id='word_1_150' title='bbox 444 1820 531 1889; x_wconf 91' lang='lat' dir='ltr'>de</span> <span class='ocrx_word' id='word_1_151' title='bbox 565 1820 906 1900; x_wconf 86' lang='lat' dir='ltr'>navicula,</span> <span class='ocrx_word' id='word_1_152' title='bbox 951 1819 1336 1899; x_wconf 89' lang='lat' dir='ltr'>ecclesiam,</span> <span class='ocrx_word' id='word_1_153' title='bbox 1394 1818 1727 1908; x_wconf 89' lang='lat' dir='ltr'>piscatore</span> <span class='ocrx_word' id='word_1_154' title='bbox 1760 1831 2118 1898; x_wconf 81' lang='lat' dir='ltr'>cernente,</span> <span class='ocrx_word' id='word_1_155' title='bbox 2174 1819 2581 1909; x_wconf 89' lang='lat' dir='ltr'>ingreditur.</span> <span class='ocrx_word' id='word_1_156' title='bbox 2639 1828 2718 1892; x_wconf 89' lang='lat' dir='ltr'>Et</span> 
     </span>
     <span class='ocr_line' id='line_1_19' title="bbox 166 1905 2717 1996; baseline 0.001 -18"><span class='ocrx_word' id='word_1_157' title='bbox 166 1930 326 1979; x_wconf 90' lang='lat' dir='ltr'>ecce</span> <span class='ocrx_word' id='word_1_158' title='bbox 378 1909 611 1980; x_wconf 92' lang='lat' dir='ltr'>subito</span> <span class='ocrx_word' id='word_1_159' title='bbox 661 1908 777 1976; x_wconf 86' lang='lat' dir='ltr'>lux</span> <span class='ocrx_word' id='word_1_160' title='bbox 835 1907 1145 1977; x_wconf 88' lang='lat' dir='ltr'>coelestis</span> <span class='ocrx_word' id='word_1_161' title='bbox 1192 1907 1515 1988; x_wconf 87' lang='lat' dir='ltr'>emicuit,</span> <span class='ocrx_word' id='word_1_162' title='bbox 1575 1909 1886 1994; x_wconf 86' lang='lat' dir='ltr'>miroque</span> <span class='ocrx_word' id='word_1_163' title='bbox 1935 1905 2299 1996; x_wconf 90' lang='lat' dir='ltr'>splendore</span> <span class='ocrx_word' id='word_1_164' title='bbox 2362 1908 2717 1981; x_wconf 89' lang='lat' dir='ltr'>illustrans</span> 
     </span>
     <span class='ocr_line' id='line_1_20' title="bbox 170 1995 2716 2085; baseline 0 -18"><span class='ocrx_word' id='word_1_165' title='bbox 170 1999 432 2080; x_wconf 90' lang='lat' dir='ltr'>omnia,</span> <span class='ocrx_word' id='word_1_166' title='bbox 491 2008 756 2066; x_wconf 90' lang='lat' dir='ltr'>noctem</span> <span class='ocrx_word' id='word_1_167' title='bbox 807 1998 1137 2066; x_wconf 86' lang='lat' dir='ltr'>convertit</span> <span class='ocrx_word' id='word_1_168' title='bbox 1168 1996 1238 2064; x_wconf 90' lang='lat' dir='ltr'>in</span> <span class='ocrx_word' id='word_1_169' title='bbox 1273 1996 1478 2065; x_wconf 90' lang='lat' dir='ltr'>diem.</span> <span class='ocrx_word' id='word_1_170' title='bbox 1528 1995 1755 2065; x_wconf 79' lang='lat' dir='ltr'>Adfuit</span> <span class='ocrx_word' id='word_1_171' title='bbox 1786 2018 1948 2065; x_wconf 86' lang='lat' dir='ltr'>cum</span> <span class='ocrx_word' id='word_1_172' title='bbox 1982 1995 2298 2085; x_wconf 81' lang='lat' dir='ltr'>Apostolo</span> <span class='ocrx_word' id='word_1_173' title='bbox 2349 1997 2716 2069; x_wconf 90' lang='lat' dir='ltr'>multitudo</span> 
     </span>
     <span class='ocr_line' id='line_1_21' title="bbox 169 2084 2712 2175; baseline 0.001 -21"><span class='ocrx_word' id='word_1_174' title='bbox 169 2088 429 2156; x_wconf 89' lang='lat' dir='ltr'>civium</span> <span class='ocrx_word' id='word_1_175' title='bbox 468 2107 925 2175; x_wconf 89' lang='lat' dir='ltr'>supernorum</span> <span class='ocrx_word' id='word_1_176' title='bbox 970 2085 1531 2174; x_wconf 89' lang='lat' dir='ltr'>ingredientium,</span> <span class='ocrx_word' id='word_1_177' title='bbox 1575 2085 2005 2171; x_wconf 88' lang='lat' dir='ltr'>melodiaque</span> <span class='ocrx_word' id='word_1_178' title='bbox 2039 2084 2351 2153; x_wconf 88' lang='lat' dir='ltr'>coelestis</span> <span class='ocrx_word' id='word_1_179' title='bbox 2385 2086 2712 2170; x_wconf 90' lang='lat' dir='ltr'>insonuit,</span> 
     </span>
     <span class='ocr_line' id='line_1_22' title="bbox 173 2173 2717 2264; baseline 0.001 -22"><span class='ocrx_word' id='word_1_180' title='bbox 173 2175 560 2244; x_wconf 88' lang='lat' dir='ltr'>indicibilis</span> <span class='ocrx_word' id='word_1_181' title='bbox 607 2173 838 2244; x_wconf 91' lang='lat' dir='ltr'>odoris</span> <span class='ocrx_word' id='word_1_182' title='bbox 884 2174 1259 2264; x_wconf 87' lang='lat' dir='ltr'>fragrantia</span> <span class='ocrx_word' id='word_1_183' title='bbox 1312 2195 1513 2242; x_wconf 86' lang='lat' dir='ltr'>nares</span> <span class='ocrx_word' id='word_1_184' title='bbox 1586 2174 2060 2262; x_wconf 86' lang='lat' dir='ltr'>perfundebat.</span> <span class='ocrx_word' id='word_1_185' title='bbox 2128 2175 2426 2243; x_wconf 90' lang='lat' dir='ltr'>Peractis</span> <span class='ocrx_word' id='word_1_186' title='bbox 2487 2187 2717 2245; x_wconf 87' lang='lat' dir='ltr'>autem</span> 
     </span>
     <span class='ocr_line' id='line_1_23' title="bbox 166 2261 2718 2351; baseline 0.001 -19"><span class='ocrx_word' id='word_1_187' title='bbox 166 2265 504 2334; x_wconf 88' lang='lat' dir='ltr'>omnibus</span> <span class='ocrx_word' id='word_1_188' title='bbox 550 2284 727 2349; x_wconf 91' lang='lat' dir='ltr'>quae</span> <span class='ocrx_word' id='word_1_189' title='bbox 759 2262 842 2331; x_wconf 90' lang='lat' dir='ltr'>ad</span> <span class='ocrx_word' id='word_1_190' title='bbox 894 2263 1220 2331; x_wconf 87' lang='lat' dir='ltr'>ecclesiae</span> <span class='ocrx_word' id='word_1_191' title='bbox 1269 2261 1766 2331; x_wconf 88' lang='lat' dir='ltr'>dedicationem</span> <span class='ocrx_word' id='word_1_192' title='bbox 1809 2273 2139 2351; x_wconf 87' lang='lat' dir='ltr'>spectant,</span> <span class='ocrx_word' id='word_1_193' title='bbox 2195 2262 2576 2346; x_wconf 82' lang='lat' dir='ltr'>solemniiS‚</span> <span class='ocrx_word' id='word_1_194' title='bbox 2613 2287 2718 2335; x_wconf 90' lang='lat' dir='ltr'>re-</span> 
     </span>
     <span class='ocr_line' id='line_1_24' title="bbox 172 2350 2718 2441; baseline 0.002 -23"><span class='ocrx_word' id='word_1_195' title='bbox 172 2351 271 2421; x_wconf 91' lang='lat' dir='ltr'>dit</span> <span class='ocrx_word' id='word_1_196' title='bbox 302 2352 386 2421; x_wconf 93' lang='lat' dir='ltr'>ad</span> <span class='ocrx_word' id='word_1_197' title='bbox 431 2352 835 2441; x_wconf 88' lang='lat' dir='ltr'>piscatorem</span> <span class='ocrx_word' id='word_1_198' title='bbox 878 2352 1170 2438; x_wconf 88' lang='lat' dir='ltr'>piscium</span> <span class='ocrx_word' id='word_1_199' title='bbox 1210 2352 1506 2440; x_wconf 90' lang='lat' dir='ltr'>piscator</span> <span class='ocrx_word' id='word_1_200' title='bbox 1530 2350 1852 2441; x_wconf 89' lang='lat' dir='ltr'>egregius</span> <span class='ocrx_word' id='word_1_201' title='bbox 1880 2351 2268 2419; x_wconf 88' lang='lat' dir='ltr'>hominum.</span> <span class='ocrx_word' id='word_1_202' title='bbox 2306 2355 2519 2432; x_wconf 88' lang='lat' dir='ltr'>Quem</span> <span class='ocrx_word' id='word_1_203' title='bbox 2549 2353 2718 2422; x_wconf 91' lang='lat' dir='ltr'>dum</span> 
     </span>
     <span class='ocr_line' id='line_1_25' title="bbox 175 2438 2720 2531; baseline 0.001 -21"><span class='ocrx_word' id='word_1_204' title='bbox 175 2439 397 2510; x_wconf 91' lang='lat' dir='ltr'>divini</span> <span class='ocrx_word' id='word_1_205' title='bbox 448 2440 737 2511; x_wconf 92' lang='lat' dir='ltr'>luminis</span> <span class='ocrx_word' id='word_1_206' title='bbox 784 2438 1049 2530; x_wconf 84' lang='lat' dir='ltr'>fulgore</span> <span class='ocrx_word' id='word_1_207' title='bbox 1108 2440 1568 2531; x_wconf 88' lang='lat' dir='ltr'>perterritum,</span> <span class='ocrx_word' id='word_1_208' title='bbox 1621 2452 1687 2509; x_wconf 91' lang='lat' dir='ltr'>et</span> <span class='ocrx_word' id='word_1_209' title='bbox 1745 2438 2116 2508; x_wconf 89' lang='lat' dir='ltr'>alienatum</span> <span class='ocrx_word' id='word_1_210' title='bbox 2182 2461 2352 2529; x_wconf 90' lang='lat' dir='ltr'>pene</span> <span class='ocrx_word' id='word_1_211' title='bbox 2401 2443 2720 2513; x_wconf 89' lang='lat' dir='ltr'>sensibus</span> 
     </span>
     <span class='ocr_line' id='line_1_26' title="bbox 176 2527 2720 2619; baseline 0.001 -21"><span class='ocrx_word' id='word_1_212' title='bbox 176 2531 569 2619; x_wconf 86' lang='lat' dir='ltr'>reperisset,</span> <span class='ocrx_word' id='word_1_213' title='bbox 645 2528 899 2598; x_wconf 90' lang='lat' dir='ltr'>blanda</span> <span class='ocrx_word' id='word_1_214' title='bbox 968 2527 1432 2599; x_wconf 90' lang='lat' dir='ltr'>consolatione</span> <span class='ocrx_word' id='word_1_215' title='bbox 1490 2528 1711 2597; x_wconf 90' lang='lat' dir='ltr'>reddit</span> <span class='ocrx_word' id='word_1_216' title='bbox 1778 2529 2126 2597; x_wconf 90' lang='lat' dir='ltr'>hominem</span> <span class='ocrx_word' id='word_1_217' title='bbox 2181 2529 2349 2611; x_wconf 91' lang='lat' dir='ltr'>sibi,</span> <span class='ocrx_word' id='word_1_218' title='bbox 2405 2531 2720 2601; x_wconf 88' lang='lat' dir='ltr'>animum</span> 
     </span>
     <span class='ocr_line' id='line_1_27' title="bbox 177 2617 2713 2709; baseline 0 -21"><span class='ocrx_word' id='word_1_219' title='bbox 177 2620 453 2688; x_wconf 87' lang='lat' dir='ltr'>rationi.</span> <span class='ocrx_word' id='word_1_220' title='bbox 492 2617 1326 2709; x_wconf 21' lang='lat' dir='ltr'>Ingredientestcymbam</span> <span class='ocrx_word' id='word_1_221' title='bbox 1377 2617 1583 2687; x_wconf 90' lang='lat' dir='ltr'>simul</span> <span class='ocrx_word' id='word_1_222' title='bbox 1613 2629 1897 2703; x_wconf 90' lang='lat' dir='ltr'>uterque</span> <span class='ocrx_word' id='word_1_223' title='bbox 1949 2617 2270 2706; x_wconf 85' lang='lat' dir='ltr'>piscator,</span> <span class='ocrx_word' id='word_1_224' title='bbox 2326 2618 2421 2686; x_wconf 91' lang='lat' dir='ltr'>ait</span> <span class='ocrx_word' id='word_1_225' title='bbox 2453 2624 2713 2688; x_wconf 90' lang='lat' dir='ltr'>Petrus:</span> 
     </span>
     <span class='ocr_line' id='line_1_28' title="bbox 178 2704 2716 2796; baseline 0.002 -24"><span class='ocrx_word' id='word_1_226' title='bbox 178 2729 214 2772; x_wconf 87' lang='lat'>«</span> <span class='ocrx_word' id='word_1_227' title='bbox 253 2706 582 2794; x_wconf 89' lang='lat' dir='ltr'>Nunquid</span> <span class='ocrx_word' id='word_1_228' title='bbox 651 2705 1191 2796; x_wconf 86' lang='lat' dir='ltr'>pulmentarium</span> <span class='ocrx_word' id='word_1_229' title='bbox 1243 2728 1377 2774; x_wconf 93' lang='lat' dir='ltr'>non</span> <span class='ocrx_word' id='word_1_230' title='bbox 1454 2706 1785 2776; x_wconf 75' lang='lat' dir='ltr'>habes?»</span> <span class='ocrx_word' id='word_1_231' title='bbox 1843 2710 1918 2773; x_wconf 90' lang='lat' dir='ltr'>Et</span> <span class='ocrx_word' id='word_1_232' title='bbox 1976 2704 2110 2785; x_wconf 92' lang='lat' dir='ltr'>ille,</span> <span class='ocrx_word' id='word_1_233' title='bbox 2168 2707 2716 2791; x_wconf 87' lang='lat' dir='ltr'>«Inconsultae,</span> 
     </span>
     <span class='ocr_line' id='line_1_29' title="bbox 176 2793 2713 2950; baseline 0.001 -87"><span class='ocrx_word' id='word_1_234' title='bbox 176 2795 428 2882; x_wconf 90' lang='lat' dir='ltr'>inquit,</span> <span class='ocrx_word' id='word_1_235' title='bbox 501 2794 678 2863; x_wconf 91' lang='lat' dir='ltr'>lucis</span> <span class='ocrx_word' id='word_1_236' title='bbox 713 2793 1119 2950; x_wconf 56' lang='lat' dir='ltr'>(perfusione</span> <span class='ocrx_word' id='word_1_237' title='bbox 1161 2795 1506 2883; x_wconf 90' lang='lat' dir='ltr'>stupidus,</span> <span class='ocrx_word' id='word_1_238' title='bbox 1564 2807 1626 2862; x_wconf 92' lang='lat' dir='ltr'>et</span> <span class='ocrx_word' id='word_1_239' title='bbox 1682 2794 2180 2883; x_wconf 90' lang='lat' dir='ltr'>exspectatione</span> <span class='ocrx_word' id='word_1_240' title='bbox 2230 2793 2327 2860; x_wconf 91' lang='lat' dir='ltr'>tui</span> <span class='ocrx_word' id='word_1_241' title='bbox 2377 2793 2713 2876; x_wconf 83' lang='lat' dir='ltr'>detentuS,</span> 
     </span>
     <span class='ocr_line' id='line_1_30' title="bbox 176 2882 2719 2973; baseline -0.001 -21"><span class='ocrx_word' id='word_1_242' title='bbox 176 2885 349 2953; x_wconf 89' lang='lat' dir='ltr'>nihil</span> <span class='ocrx_word' id='word_1_243' title='bbox 406 2883 580 2973; x_wconf 90' lang='lat' dir='ltr'>cepi,</span> <span class='ocrx_word' id='word_1_244' title='bbox 639 2905 708 2951; x_wconf 93' lang='lat' dir='ltr'>se</span> <span class='ocrx_word' id='word_1_245' title='bbox 808 2884 1216 2971; x_wconf 90' lang='lat' dir='ltr'>promissam</span> <span class='ocrx_word' id='word_1_246' title='bbox 1270 2906 1309 2951; x_wconf 93' lang='lat' dir='ltr'>a</span> <span class='ocrx_word' id='word_1_247' title='bbox 1359 2896 1419 2952; x_wconf 89' lang='lat' dir='ltr'>te</span> <span class='ocrx_word' id='word_1_248' title='bbox 1468 2882 1850 2951; x_wconf 89' lang='lat' dir='ltr'>mercedem</span> <span class='ocrx_word' id='word_1_249' title='bbox 1889 2902 2175 2950; x_wconf 87' lang='lat' dir='ltr'>securus</span> <span class='ocrx_word' id='word_1_250' title='bbox 2222 2884 2625 2971; x_wconf 82' lang='lat' dir='ltr'>exspectavi.</span> <span class='ocrx_word' id='word_1_251' title='bbox 2684 2907 2719 2950; x_wconf 87' lang='lat'>»</span> 
     </span>
     <span class='ocr_line' id='line_1_31' title="bbox 173 2969 2723 3061; baseline 0 -20"><span class='ocrx_word' id='word_1_252' title='bbox 173 2973 266 3041; x_wconf 83' lang='lat' dir='ltr'>Ad</span> <span class='ocrx_word' id='word_1_253' title='bbox 319 2973 490 3041; x_wconf 86' lang='lat' dir='ltr'>haec</span> <span class='ocrx_word' id='word_1_254' title='bbox 541 2969 899 3061; x_wconf 78' lang='lat' dir='ltr'>Apostolus</span> <span class='ocrx_word' id='word_1_255' title='bbox 947 2973 1076 3040; x_wconf 88' lang='lat' dir='ltr'>ait:</span> <span class='ocrx_word' id='word_1_256' title='bbox 1134 2995 1168 3038; x_wconf 90' lang='lat'>«</span> <span class='ocrx_word' id='word_1_257' title='bbox 1206 2976 1379 3041; x_wconf 81' lang='lat' dir='ltr'>Laxa</span> <span class='ocrx_word' id='word_1_258' title='bbox 1432 2993 1616 3040; x_wconf 91' lang='lat' dir='ltr'>nunc</span> <span class='ocrx_word' id='word_1_259' title='bbox 1668 2971 1836 3039; x_wconf 87' lang='lat' dir='ltr'>retia</span> <span class='ocrx_word' id='word_1_260' title='bbox 1877 2971 1943 3037; x_wconf 91' lang='lat' dir='ltr'>in</span> <span class='ocrx_word' id='word_1_261' title='bbox 1990 2981 2372 3058; x_wconf 89' lang='lat' dir='ltr'>capturam.</span> <span class='ocrx_word' id='word_1_262' title='bbox 2416 2993 2450 3036; x_wconf 86' lang='lat'>»</span> <span class='ocrx_word' id='word_1_263' title='bbox 2500 2972 2723 3041; x_wconf 87' lang='lat' dir='ltr'>Paruit</span> 
     </span>
     <span class='ocr_line' id='line_1_32' title="bbox 174 3058 2722 3151; baseline 0.001 -24"><span class='ocrx_word' id='word_1_264' title='bbox 174 3060 550 3150; x_wconf 87' lang='lat' dir='ltr'>imperanti</span> <span class='ocrx_word' id='word_1_265' title='bbox 603 3060 920 3150; x_wconf 86' lang='lat' dir='ltr'>piscator,</span> <span class='ocrx_word' id='word_1_266' title='bbox 974 3072 1039 3129; x_wconf 91' lang='lat' dir='ltr'>et</span> <span class='ocrx_word' id='word_1_267' title='bbox 1088 3082 1241 3129; x_wconf 78' lang='lat' dir='ltr'>mox</span> <span class='ocrx_word' id='word_1_268' title='bbox 1291 3059 1599 3151; x_wconf 89' lang='lat' dir='ltr'>implevit</span> <span class='ocrx_word' id='word_1_269' title='bbox 1637 3073 1772 3128; x_wconf 88' lang='lat' dir='ltr'>rete</span> <span class='ocrx_word' id='word_1_270' title='bbox 1829 3058 2122 3146; x_wconf 89' lang='lat' dir='ltr'>piscium</span> <span class='ocrx_word' id='word_1_271' title='bbox 2178 3058 2475 3127; x_wconf 82' lang='lat' dir='ltr'>maxima</span> <span class='ocrx_word' id='word_1_272' title='bbox 2544 3060 2722 3129; x_wconf 87' lang='lat' dir='ltr'>mul-</span> 
     </span>
     <span class='ocr_line' id='line_1_33' title="bbox 179 3147 2722 3238; baseline 0 -20"><span class='ocrx_word' id='word_1_273' title='bbox 179 3149 427 3218; x_wconf 91' lang='lat' dir='ltr'>titudo.</span> <span class='ocrx_word' id='word_1_274' title='bbox 468 3152 717 3218; x_wconf 91' lang='lat' dir='ltr'>Omnes</span> <span class='ocrx_word' id='word_1_275' title='bbox 766 3160 960 3217; x_wconf 90' lang='lat' dir='ltr'>erant</span> <span class='ocrx_word' id='word_1_276' title='bbox 993 3149 1300 3238; x_wconf 85' lang='lat' dir='ltr'>ejusdem</span> <span class='ocrx_word' id='word_1_277' title='bbox 1331 3149 1600 3238; x_wconf 89' lang='lat' dir='ltr'>generis</span> <span class='ocrx_word' id='word_1_278' title='bbox 1643 3147 1890 3235; x_wconf 90' lang='lat' dir='ltr'>pisces,</span> <span class='ocrx_word' id='word_1_279' title='bbox 1931 3158 2195 3234; x_wconf 90' lang='lat' dir='ltr'>praeter</span> <span class='ocrx_word' id='word_1_280' title='bbox 2233 3167 2454 3214; x_wconf 90' lang='lat' dir='ltr'>unum</span> <span class='ocrx_word' id='word_1_281' title='bbox 2509 3148 2722 3218; x_wconf 89' lang='lat' dir='ltr'>mirae</span> 
     </span>
     <span class='ocr_line' id='line_1_34' title="bbox 174 3234 2717 3326; baseline -0.001 -21"><span class='ocrx_word' id='word_1_282' title='bbox 174 3237 613 3307; x_wconf 87' lang='lat' dir='ltr'>enormitatis</span> <span class='ocrx_word' id='word_1_283' title='bbox 651 3238 983 3306; x_wconf 90' lang='lat' dir='ltr'>esocium.</span> <span class='ocrx_word' id='word_1_284' title='bbox 1039 3238 1303 3318; x_wconf 87' lang='lat' dir='ltr'>Quibus</span> <span class='ocrx_word' id='word_1_285' title='bbox 1352 3237 1438 3305; x_wconf 91' lang='lat' dir='ltr'>ad</span> <span class='ocrx_word' id='word_1_286' title='bbox 1474 3237 1692 3326; x_wconf 90' lang='lat' dir='ltr'>ripam</span> <span class='ocrx_word' id='word_1_287' title='bbox 1736 3234 2076 3313; x_wconf 80' lang='lat' dir='ltr'>extractiS,</span> <span class='ocrx_word' id='word_1_288' title='bbox 2123 3234 2294 3302; x_wconf 83' lang='lat' dir='ltr'>dixit</span> <span class='ocrx_word' id='word_1_289' title='bbox 2331 3237 2717 3321; x_wconf 80' lang='lat' dir='ltr'>Apostolus:</span> 
     </span>
     <span class='ocr_line' id='line_1_35' title="bbox 186 3322 2723 3423; baseline 0.002 -32"><span class='ocrx_word' id='word_1_290' title='bbox 186 3332 449 3396; x_wconf 74' lang='lat' dir='ltr'>&lt;Hunc</span> <span class='ocrx_word' id='word_1_291' title='bbox 496 3327 616 3412; x_wconf 91' lang='lat' dir='ltr'>qui</span> <span class='ocrx_word' id='word_1_292' title='bbox 680 3347 838 3415; x_wconf 90' lang='lat' dir='ltr'>prae</span> <span class='ocrx_word' id='word_1_293' title='bbox 895 3326 1178 3394; x_wconf 88' lang='lat' dir='ltr'>caeteris</span> <span class='ocrx_word' id='word_1_294' title='bbox 1232 3326 1443 3415; x_wconf 88' lang='lat' dir='ltr'>pretio</span> <span class='ocrx_word' id='word_1_295' title='bbox 1500 3339 1562 3394; x_wconf 90' lang='lat' dir='ltr'>et</span> <span class='ocrx_word' id='word_1_296' title='bbox 1605 3322 2082 3423; x_wconf 89' lang='lat' dir='ltr'>magnitudine</span> <span class='ocrx_word' id='word_1_297' title='bbox 2135 3322 2503 3412; x_wconf 90' lang='lat' dir='ltr'>praecellit,</span> <span class='ocrx_word' id='word_1_298' title='bbox 2561 3326 2723 3395; x_wconf 87' lang='lat' dir='ltr'>Mel-</span> 
     </span>
     <span class='ocr_line' id='line_1_36' title="bbox 182 3412 2722 3504; baseline 0.001 -22"><span class='ocrx_word' id='word_1_299' title='bbox 182 3414 325 3496; x_wconf 93' lang='lat' dir='ltr'>lito,</span> <span class='ocrx_word' id='word_1_300' title='bbox 380 3436 461 3483; x_wconf 82' lang='lat' dir='ltr'>ex</span> <span class='ocrx_word' id='word_1_301' title='bbox 512 3435 661 3483; x_wconf 90' lang='lat' dir='ltr'>mea</span> <span class='ocrx_word' id='word_1_302' title='bbox 711 3426 921 3504; x_wconf 89' lang='lat' dir='ltr'>parte,</span> <span class='ocrx_word' id='word_1_303' title='bbox 992 3412 1179 3482; x_wconf 89' lang='lat' dir='ltr'>defer</span> <span class='ocrx_word' id='word_1_304' title='bbox 1250 3414 1553 3503; x_wconf 91' lang='lat' dir='ltr'>piscem,</span> <span class='ocrx_word' id='word_1_305' title='bbox 1637 3433 1981 3502; x_wconf 78' lang='lat' dir='ltr'>episcopo.</span> <span class='ocrx_word' id='word_1_306' title='bbox 2050 3416 2176 3481; x_wconf 90' lang='lat' dir='ltr'>Pro</span> <span class='ocrx_word' id='word_1_307' title='bbox 2229 3413 2502 3483; x_wconf 89' lang='lat' dir='ltr'>nautica</span> <span class='ocrx_word' id='word_1_308' title='bbox 2567 3436 2722 3485; x_wconf 89' lang='lat' dir='ltr'>vero</span> 
     </span>
     <span class='ocr_line' id='line_1_37' title="bbox 184 3502 1245 3583; baseline -0.001 -11"><span class='ocrx_word' id='word_1_309' title='bbox 184 3502 520 3583; x_wconf 89' lang='lat' dir='ltr'>mercede,</span> <span class='ocrx_word' id='word_1_310' title='bbox 575 3513 840 3572; x_wconf 87' lang='lat' dir='ltr'>caetera</span> <span class='ocrx_word' id='word_1_311' title='bbox 890 3502 1011 3571; x_wconf 91' lang='lat' dir='ltr'>tibi</span> <span class='ocrx_word' id='word_1_312' title='bbox 1062 3502 1245 3571; x_wconf 90' lang='lat' dir='ltr'>tolle.</span> 
     </span>
    </p>

    <p class='ocr_par' dir='ltr' id='par_1_4' title="bbox 184 3589 2727 4299">
     <span class='ocr_line' id='line_1_38' title="bbox 270 3589 2721 3682; baseline -0 -20"><span class='ocrx_word' id='word_1_313' title='bbox 270 3594 306 3678; x_wconf 67' lang='grc' dir='ltr'>ξ</span> <span class='ocrx_word' id='word_1_314' title='bbox 355 3595 501 3662; x_wconf 71' lang='lat'>13.</span> <span class='ocrx_word' id='word_1_315' title='bbox 558 3613 594 3656; x_wconf 91' lang='lat'>«</span> <span class='ocrx_word' id='word_1_316' title='bbox 645 3592 869 3678; x_wconf 86' lang='lat' dir='ltr'>Hujus</span> <span class='ocrx_word' id='word_1_317' title='bbox 904 3591 1173 3679; x_wconf 88' lang='lat' dir='ltr'>generis</span> <span class='ocrx_word' id='word_1_318' title='bbox 1213 3589 1412 3678; x_wconf 89' lang='lat' dir='ltr'>copia</span> <span class='ocrx_word' id='word_1_319' title='bbox 1458 3589 1849 3659; x_wconf 90' lang='lat' dir='ltr'>abundabis</span> <span class='ocrx_word' id='word_1_320' title='bbox 1899 3589 1967 3658; x_wconf 94' lang='lat' dir='ltr'>in</span> <span class='ocrx_word' id='word_1_321' title='bbox 2020 3589 2154 3658; x_wconf 89' lang='lat' dir='ltr'>vita</span> <span class='ocrx_word' id='word_1_322' title='bbox 2205 3601 2352 3670; x_wconf 91' lang='lat' dir='ltr'>tua,</span> <span class='ocrx_word' id='word_1_323' title='bbox 2405 3602 2471 3659; x_wconf 89' lang='lat' dir='ltr'>et</span> <span class='ocrx_word' id='word_1_324' title='bbox 2519 3591 2721 3682; x_wconf 91' lang='lat' dir='ltr'>longo</span> 
     </span>
     <span class='ocr_line' id='line_1_39' title="bbox 185 3678 2725 3779; baseline 0.001 -31"><span class='ocrx_word' id='word_1_325' title='bbox 185 3691 492 3768; x_wconf 90' lang='lat' dir='ltr'>tempore</span> <span class='ocrx_word' id='word_1_326' title='bbox 528 3691 676 3766; x_wconf 87' lang='lat' dir='ltr'>post</span> <span class='ocrx_word' id='word_1_327' title='bbox 725 3692 786 3747; x_wconf 89' lang='lat' dir='ltr'>te</span> <span class='ocrx_word' id='word_1_328' title='bbox 836 3680 1194 3779; x_wconf 88' lang='lat' dir='ltr'>progenies</span> <span class='ocrx_word' id='word_1_329' title='bbox 1247 3692 1392 3748; x_wconf 86' lang='lat' dir='ltr'>tua:</span> <span class='ocrx_word' id='word_1_330' title='bbox 1435 3690 1724 3759; x_wconf 90' lang='lat' dir='ltr'>tantum,</span> <span class='ocrx_word' id='word_1_331' title='bbox 1765 3701 1850 3748; x_wconf 90' lang='lat' dir='ltr'>ne</span> <span class='ocrx_word' id='word_1_332' title='bbox 1897 3678 2078 3747; x_wconf 89' lang='lat' dir='ltr'>ultra</span> <span class='ocrx_word' id='word_1_333' title='bbox 2121 3678 2371 3767; x_wconf 86' lang='lat' dir='ltr'>piscari</span> <span class='ocrx_word' id='word_1_334' title='bbox 2404 3680 2725 3751; x_wconf 90' lang='lat' dir='ltr'>audearis</span> 
     </span>
     <span class='ocr_line' id='line_1_40' title="bbox 185 3766 2725 3857; baseline 0.002 -23"><span class='ocrx_word' id='word_1_335' title='bbox 185 3768 255 3836; x_wconf 92' lang='lat' dir='ltr'>in</span> <span class='ocrx_word' id='word_1_336' title='bbox 290 3768 677 3838; x_wconf 88' lang='lat' dir='ltr'>celebritate</span> <span class='ocrx_word' id='word_1_337' title='bbox 730 3769 1101 3836; x_wconf 80' lang='lat' dir='ltr'>Dominica.</span> <span class='ocrx_word' id='word_1_338' title='bbox 1157 3773 1291 3857; x_wconf 93' lang='lat' dir='ltr'>Ego</span> <span class='ocrx_word' id='word_1_339' title='bbox 1342 3790 1497 3836; x_wconf 90' lang='lat' dir='ltr'>sum</span> <span class='ocrx_word' id='word_1_340' title='bbox 1550 3773 1808 3848; x_wconf 89' lang='lat' dir='ltr'>Petrus,</span> <span class='ocrx_word' id='word_1_341' title='bbox 1862 3766 1982 3854; x_wconf 92' lang='lat' dir='ltr'>qui</span> <span class='ocrx_word' id='word_1_342' title='bbox 2021 3767 2261 3853; x_wconf 90' lang='lat' dir='ltr'>loquor</span> <span class='ocrx_word' id='word_1_343' title='bbox 2310 3780 2555 3852; x_wconf 90' lang='lat' dir='ltr'>tecum,</span> <span class='ocrx_word' id='word_1_344' title='bbox 2601 3770 2725 3856; x_wconf 88' lang='lat' dir='ltr'>qui</span> 
     </span>
     <span class='ocr_line' id='line_1_41' title="bbox 185 3855 2726 3927; baseline 0.002 -4"><span class='ocrx_word' id='word_1_345' title='bbox 185 3877 346 3924; x_wconf 89' lang='lat' dir='ltr'>cum</span> <span class='ocrx_word' id='word_1_346' title='bbox 384 3857 552 3925; x_wconf 91' lang='lat' dir='ltr'>meis</span> <span class='ocrx_word' id='word_1_347' title='bbox 601 3855 1002 3925; x_wconf 88' lang='lat' dir='ltr'>concivibus</span> <span class='ocrx_word' id='word_1_348' title='bbox 1033 3867 1495 3925; x_wconf 87' lang='lat' dir='ltr'>constructam</span> <span class='ocrx_word' id='word_1_349' title='bbox 1550 3856 1619 3924; x_wconf 93' lang='lat' dir='ltr'>in</span> <span class='ocrx_word' id='word_1_350' title='bbox 1675 3878 1822 3924; x_wconf 91' lang='lat' dir='ltr'>meo</span> <span class='ocrx_word' id='word_1_351' title='bbox 1873 3856 2156 3923; x_wconf 91' lang='lat' dir='ltr'>nomine</span> <span class='ocrx_word' id='word_1_352' title='bbox 2205 3855 2563 3924; x_wconf 88' lang='lat' dir='ltr'>Basilicam</span> <span class='ocrx_word' id='word_1_353' title='bbox 2610 3858 2726 3927; x_wconf 92' lang='lat' dir='ltr'>de-</span> 
     </span>
     <span class='ocr_line' id='line_1_42' title="bbox 184 3942 2727 4034; baseline 0.002 -24"><span class='ocrx_word' id='word_1_354' title='bbox 184 3942 433 4024; x_wconf 88' lang='lat' dir='ltr'>dicavi,</span> <span class='ocrx_word' id='word_1_355' title='bbox 470 3943 1067 4034; x_wconf 90' lang='lat' dir='ltr'>episcopalemque</span> <span class='ocrx_word' id='word_1_356' title='bbox 1133 3944 1673 4013; x_wconf 88' lang='lat' dir='ltr'>benedictionem</span> <span class='ocrx_word' id='word_1_357' title='bbox 1729 3966 1919 4013; x_wconf 88' lang='lat' dir='ltr'>meae</span> <span class='ocrx_word' id='word_1_358' title='bbox 1988 3943 2556 4013; x_wconf 84' lang='lat' dir='ltr'>sanctificationis</span> <span class='ocrx_word' id='word_1_359' title='bbox 2603 3969 2727 4015; x_wconf 91' lang='lat' dir='ltr'>au-</span> 
     </span>
     <span class='ocr_line' id='line_1_43' title="bbox 185 4031 2718 4122; baseline 0.001 -23"><span class='ocrx_word' id='word_1_360' title='bbox 185 4033 491 4102; x_wconf 88' lang='lat' dir='ltr'>ctoritate</span> <span class='ocrx_word' id='word_1_361' title='bbox 562 4033 903 4122; x_wconf 82' lang='lat' dir='ltr'>praeveni.</span> <span class='ocrx_word' id='word_1_362' title='bbox 965 4033 1106 4101; x_wconf 66' lang='lat' dir='ltr'>&#39;Dic</span> <span class='ocrx_word' id='word_1_363' title='bbox 1155 4054 1317 4121; x_wconf 83' lang='lat' dir='ltr'>ergo</span> <span class='ocrx_word' id='word_1_364' title='bbox 1367 4033 1718 4121; x_wconf 80' lang='lat' dir='ltr'>pontifici,</span> <span class='ocrx_word' id='word_1_365' title='bbox 1771 4054 1947 4119; x_wconf 85' lang='lat' dir='ltr'>quae</span> <span class='ocrx_word' id='word_1_366' title='bbox 1997 4031 2229 4100; x_wconf 87' lang='lat' dir='ltr'>vidisti</span> <span class='ocrx_word' id='word_1_367' title='bbox 2278 4044 2341 4101; x_wconf 88' lang='lat' dir='ltr'>et</span> <span class='ocrx_word' id='word_1_368' title='bbox 2411 4034 2664 4104; x_wconf 88' lang='lat' dir='ltr'>audisti</span> <span class='ocrx_word' id='word_1_369' title='bbox 2705 4058 2718 4102; x_wconf 91' lang='lat'>:</span> 
     </span>
     <span class='ocr_line' id='line_1_44' title="bbox 189 4120 2725 4211; baseline 0.002 -24"><span class='ocrx_word' id='word_1_370' title='bbox 189 4132 442 4207; x_wconf 88' lang='lat' dir='ltr'>tuoque</span> <span class='ocrx_word' id='word_1_371' title='bbox 477 4120 775 4191; x_wconf 88' lang='lat' dir='ltr'>sermoni</span> <span class='ocrx_word' id='word_1_372' title='bbox 824 4122 1022 4209; x_wconf 88' lang='lat' dir='ltr'>signa</span> <span class='ocrx_word' id='word_1_373' title='bbox 1059 4122 1436 4209; x_wconf 88' lang='lat' dir='ltr'>parietibus</span> <span class='ocrx_word' id='word_1_374' title='bbox 1486 4122 1823 4211; x_wconf 90' lang='lat' dir='ltr'>impressa</span> <span class='ocrx_word' id='word_1_375' title='bbox 1880 4120 2351 4191; x_wconf 87' lang='lat' dir='ltr'>testimonium</span> <span class='ocrx_word' id='word_1_376' title='bbox 2406 4122 2725 4211; x_wconf 89' lang='lat' dir='ltr'>perhibe-</span> 
     </span>
     <span class='ocr_line' id='line_1_45' title="bbox 184 4206 2720 4299; baseline 0.002 -23"><span class='ocrx_word' id='word_1_377' title='bbox 184 4206 383 4278; x_wconf 86' lang='lat' dir='ltr'>bunt.</span> <span class='ocrx_word' id='word_1_378' title='bbox 438 4209 886 4299; x_wconf 79' lang='lat' dir='ltr'>supersedeat</span> <span class='ocrx_word' id='word_1_379' title='bbox 926 4209 1136 4299; x_wconf 87' lang='lat' dir='ltr'>igitur</span> <span class='ocrx_word' id='word_1_380' title='bbox 1167 4209 1634 4290; x_wconf 89' lang='lat' dir='ltr'>dedicatione;</span> <span class='ocrx_word' id='word_1_381' title='bbox 1692 4208 2051 4299; x_wconf 85' lang='lat' dir='ltr'>suppleat,</span> <span class='ocrx_word' id='word_1_382' title='bbox 2100 4208 2284 4294; x_wconf 90' lang='lat' dir='ltr'>quod</span> <span class='ocrx_word' id='word_1_383' title='bbox 2333 4211 2720 4293; x_wconf 76' lang='lat' dir='ltr'>omisimuS,</span> 
     </span>
    </p>
   </div>
   <div class='ocr_carea' id='block_1_3' title="bbox 242 4369 2386 4474">
    <p class='ocr_par' dir='ltr' id='par_1_5' title="bbox 242 4369 2386 4474">
     <span class='ocr_line' id='line_1_46' title="bbox 242 4369 2386 4474; baseline 0.004 -66"><span class='ocrx_word' id='word_1_384' title='bbox 242 4369 346 4463; x_wconf 54' lang='lat'>:⁸1³1</span> <span class='ocrx_word' id='word_1_385' title='bbox 351 4371 584 4464; x_wconf 42' lang='lat' dir='ltr'>3151?er</span> <span class='ocrx_word' id='word_1_386' title='bbox 592 4371 833 4474; x_wconf 47' lang='lat' dir='ltr'>³129}th</span> <span class='ocrx_word' id='word_1_387' title='bbox 852 4371 1010 4423; x_wconf 74' lang='lat' dir='ltr'>(Kent).</span> <span class='ocrx_word' id='word_1_388' title='bbox 1032 4380 1153 4412; x_wconf 73' lang='lat' dir='ltr'>anno</span> <span class='ocrx_word' id='word_1_389' title='bbox 1172 4373 1275 4419; x_wconf 72' lang='lat'>85⁷3</span> <span class='ocrx_word' id='word_1_390' title='bbox 1294 4369 1485 4422; x_wconf 67' lang='lat' dir='ltr'>Angtim</span> <span class='ocrx_word' id='word_1_391' title='bbox 1510 4374 1667 4413; x_wconf 75' lang='lat' dir='ltr'>autem</span> <span class='ocrx_word' id='word_1_392' title='bbox 1690 4383 1831 4422; x_wconf 82' lang='lat' dir='ltr'>regno</span> <span class='ocrx_word' id='word_1_393' title='bbox 1857 4371 2040 4423; x_wconf 74' lang='lat' dir='ltr'>potitus</span> <span class='ocrx_word' id='word_1_394' title='bbox 2059 4377 2132 4416; x_wconf 76' lang='lat' dir='ltr'>est</span> <span class='ocrx_word' id='word_1_395' title='bbox 2155 4383 2275 4415; x_wconf 74' lang='lat' dir='ltr'>anuo</span> <span class='ocrx_word' id='word_1_396' title='bbox 2296 4376 2386 4416; x_wconf 76' lang='lat'>860.</span> 
     </span>
    </p>
   </div>
   <div class='ocr_carea' id='block_1_4' title="bbox 347 4503 2571 4569">
    <p class='ocr_par' dir='ltr' id='par_1_6' title="bbox 347 4503 2571 4569">
     <span class='ocr_line' id='line_1_47' title="bbox 347 4503 2571 4569; baseline 0.003 -7"><span class='ocrx_word' id='word_1_397' title='bbox 347 4506 585 4563; x_wconf 77' lang='lat' dir='ltr'>Sul-ius</span> <span class='ocrx_word' id='word_1_398' title='bbox 617 4535 641 4548; x_wconf 92' lang='lat'>-</span> <span class='ocrx_word' id='word_1_399' title='bbox 676 4504 844 4566; x_wconf 78' lang='lat' dir='ltr'>Vitae</span> <span class='ocrx_word' id='word_1_400' title='bbox 873 4507 987 4567; x_wconf 88' lang='lat' dir='ltr'>SS.</span> <span class='ocrx_word' id='word_1_401' title='bbox 1022 4537 1043 4550; x_wconf 92' lang='lat'><strong>·</strong></span> <span class='ocrx_word' id='word_1_402' title='bbox 1074 4503 1203 4567; x_wconf 83' lang='lat' dir='ltr'>Vol.</span> <span class='ocrx_word' id='word_1_403' title='bbox 1235 4504 1309 4567; x_wconf 88' lang='lat' dir='ltr'>X.</span> <span class='ocrx_word' id='word_1_404' title='bbox 2493 4507 2571 4569; x_wconf 75' lang='lat'>24</span> 
     </span>
    </p>
   </div>
  </div>
 </body>
</html>
