3347 4999
691 238 819 302 272
1488 255 1566 301 m:
1614 254 1668 300 S.
1725 252 2015 300 ntaeirn
2064 251 2256 301 vionti
2874 237 3046 303 OCT.
3098 242 3140 306 8

601 351 766 418 erat,
819 360 955 425 quo
1005 337 1416 427 probareris.
1470 342 1545 407 At
1594 359 1781 407 nunc
1832 337 2114 428 probata
2163 339 2351 419 satis,
2391 338 2681 428 procede
2711 352 2776 409 et
2811 343 2972 428 prae
3023 365 3140 413 ara

604 439 687 498 te.
743 433 1038 518 Tempus
1086 438 1188 496 est
1232 428 1443 506 enim,
1498 440 1573 495 ut
1628 427 1806 497 sicut
1856 427 2203 517 pollicitus
2255 427 2377 496 tibi
2427 448 2608 509 sum,
2662 449 2889 498 coram
2943 454 2981 499 a
3016 433 3140 503 tari

603 537 754 586 meo
816 516 1192 586 monastico
1231 515 1474 584 habitu
1523 515 1884 596 induariS,
1937 528 2001 585 et
2054 515 2382 605 deinceps
2439 538 2574 585 non
2630 518 2831 587 modo
2880 541 3134 609 sponsa

601 627 775 686 mea,
822 604 937 674 sed
979 605 1184 674 etiam
1224 604 1559 673 monacha
1606 616 1670 673 et
1723 618 1940 673 mater
1986 605 2054 673 in
2108 605 2472 677 Wasthena
2516 606 2796 677 voceris.
2829 611 3135 680 Attamen

600 694 777 764 scias
851 706 913 763 te
975 715 1229 784 corpus
1288 693 1399 762 hic
1447 698 1703 762 Romae
1754 693 2183 782 posituram,
2238 695 2455 764 donec
2503 694 2729 764 veniat
2774 695 2856 764 ad
2913 696 3140 768 locum

598 782 617 851 i
674 783 729 853 si
782 795 1293 874 praeparatum.
1348 782 1573 851 Placet
1614 788 1769 861 Deo,
1830 804 2105 871 parcere
2156 783 2278 851 tibi
2329 805 2368 852 a
2430 781 2817 853 laboribus:
2885 787 3136 877 accipit

597 804 714 941 ille
772 872 1187 942 voluntatem
1242 883 1426 941 tuam
1484 892 1605 960 pro
1653 892 1879 960 opere.
1943 894 1976 937 »
2030 871 2282 941 Deinde
2332 871 2732 959 subjunxit:
2788 896 2823 938 «
2884 876 3135 957 Quinto

598 961 685 1030 ab
734 960 895 1030 hinc
928 960 1040 1030 die
1068 982 1293 1041 mane,
1335 961 1632 1049 sumptis
1660 960 2143 1041 SacramentiS‚
2176 983 2473 1030 convoca
2509 961 2938 1051 singulatim,
2967 986 3141 1051 quas

598 1049 721 1118 tibi
756 1050 1078 1131 indicavi,
1131 1062 1196 1118 et
1245 1048 1558 1118 facienda
1610 1048 1746 1119 illis
1796 1048 2173 1130 demanda;
2225 1064 2430 1137 atque
2474 1049 2569 1119 ita
2613 1052 2844 1120 venias
2876 1051 2957 1121 ad
3002 1075 3140 1122 mo-

600 1139 976 1208 nasterium
1029 1150 1249 1219 tuum,
1285 1136 1349 1205 id
1385 1150 1509 1219 est,
1569 1138 1637 1206 i'n
1689 1136 2023 1227 gaudium
2067 1160 2334 1208 meum:
2395 1160 2597 1228 porro
2645 1161 2898 1229 corpus
2943 1153 3140 1211 tuum

598 1227 667 1295 in
718 1228 1086 1297 Wasthena
1137 1240 1600 1317 reponetur.»
1660 1231 1752 1295 Ex
1793 1226 1901 1295 his
1952 1226 2106 1296 licet
2152 1226 2631 1310 animadverti,
2689 1228 2953 1299 beatam
3005 1231 3141 1300 Bir-

650 1316 863 1398 ittam‚
924 1315 1089 1384 dum
1147 1327 1322 1385 esset
1387 1316 1455 1384 in
1506 1337 1832 1405 corpore,
1904 1316 2282 1387 monastico
2344 1316 2587 1387 habitu
2635 1316 2950 1387 indutam
3004 1340 3140 1388 non

597 1338 854 1487 fiisse,
912 1427 1131 1494 neque
1180 1403 1370 1475 illius
1432 1404 1709 1475 Ordinis
1760 1404 2107 1486 vestibus,
2162 1426 2364 1492 quem
2420 1407 2568 1495 ipsa
2617 1406 2961 1476 instituit:
3014 1407 3131 1477 sed

597 1495 1050 1594 emigrantem
1101 1518 1141 1563 a
1180 1515 1489 1583 corpore,
1544 1516 1582 1562 a
1639 1493 1902 1563 Christo
1951 1514 2204 1594 sponso
2252 1516 2378 1563 suo
2414 1495 2759 1581 accepisse
2797 1495 3142 1584 ejusmodi

599 1584 911 1652 habitum
965 1582 1598 1672 incorruptibilem,
1654 1583 1833 1651 sicut
1870 1583 1934 1650 ei
1994 1605 2060 1650 in
2116 1581 2651 1674 revelationibus
2685 1584 2832 1654 suis
2883 1584 3142 1674 promi-

597 1686 797 1740 serat.
845 1677 1082 1758 Itaque
1125 1672 1437 1760 pingitur
1486 1671 1895 1771 plerumque
1934 1684 2007 1739 ut
2056 1671 2416 1740 monacha.
2456 1677 2646 1751 Nam,
2694 1674 2964 1744 tametsi
2999 1694 3131 1742 non

597 1759 727 1829 fuit
778 1760 1139 1840 monacha,
1177 1760 1341 1828 dum
1377 1760 1564 1842 vixit,
1603 1770 1901 1829 attamen
1941 1758 2131 1848 petiit
2163 1773 2343 1829 veste
2376 1760 2714 1850 ejusmodi
2745 1761 2970 1844 indui,
3004 1784 3143 1849 qua

597 1870 785 1919 nunc
835 1861 1126 1919 utuntur
1177 1848 1512 1917 moniales
1561 1849 1839 1918 Ordinis
1887 1848 2061 1938 ejus;
2117 1848 2234 1920 sed
2275 1871 2424 1919 eam
2462 1850 2725 1939 accepit
2777 1851 2849 1919 in
2901 1851 3138 1923 coelis.

684 1939 722 2025 ξ
769 1944 918 2010 18.
977 1936 1092 2005 Die
1139 1937 1403 2023 quinto,
1445 1938 1574 2006 sub
1622 1950 1846 2006 ortum
1902 1936 2089 2015 solis,
2146 1938 2454 2008 Christus
2505 1940 2750 2009 iterum
2800 1940 2864 2008 ei
2925 1962 3142 2030 appa-

600 2047 781 2106 renS‚
834 2026 1324 2096 consolabatur
1369 2048 1543 2094 eam.
1593 2026 1797 2096 Missa
1829 2024 2192 2107 celebrata,
2235 2028 2710 2116 perceptisque
2745 2032 3140 2098 Sacramen-

599 2115 706 2193 tis‚
763 2117 940 2183 inter
989 2136 1238 2183 manus
1285 2135 1549 2195 earum,
1587 2136 1762 2201 quas
1814 2115 2020 2203 paulo
2065 2128 2225 2184 ante
2263 2115 2591 2197 diximus,
2631 2116 2950 2205 spiritum
2989 2118 3143 2187 red-

597 2203 773 2272 didit
824 2202 1135 2292 piissimo
1176 2202 1530 2285 Salvatori,
1571 2225 1775 2290 quem
1835 2217 1965 2272 toto
2017 2217 2284 2293 pectore
2314 2206 2591 2274 amavit.
2633 2208 2683 2274 O
2716 2205 3138 2275 ineffabilem

599 2293 938 2361 increatae
989 2292 1374 2381 Sapientiae
1424 2292 1940 2381 benignitatem,
1979 2313 2118 2373 eoS,
2166 2293 2287 2380 qui
2337 2293 2560 2382 ipsam
2596 2294 3126 2384 concupiscunt,

599 2394 1242 2471 praeoccupantem,
1302 2392 1379 2450 ut
1429 2381 1568 2450 illis
1622 2381 1806 2469 prior
1853 2379 2165 2450 hilariter
2216 2404 2286 2450 se
2342 2381 2706 2453 ostendatl
2761 2386 2812 2452 O
2848 2404 3144 2469 sponsae

598 2468 1019 2559 singularem
1079 2469 1395 2561 gloriam,
1448 2491 1657 2557 quam
1719 2490 2019 2560 sponsus
2059 2470 2127 2539 in
2181 2469 2313 2540 fide
2372 2482 2438 2540 et
2489 2469 2959 2541 misericordia
3008 2472 3144 2542 sibi

596 2557 1049 2647 desponsans,
1101 2560 1324 2628 verbis
1372 2558 1852 2628 blandissimis
1899 2560 2317 2630 consolaturi
2373 2563 2424 2629 O
2472 2558 2737 2629 felicem
2793 2560 3135 2643 nimium,

594 2670 771 2735 quae
822 2662 970 2737 post
1019 2647 1439 2737 multiplices
1476 2648 1794 2718 toleratos
1845 2646 2112 2718 labores
2160 2661 2224 2717 et
2276 2648 2613 2731 miseriaS,
2660 2648 2807 2736 jam
2848 2649 3037 2721 sedet
3071 2652 3140 2720 in

600 2735 1064 2826 pulcritudine
1115 2737 1303 2828 pacis
1350 2748 1414 2806 et
1462 2738 1699 2824 requie
1732 2735 2094 2826 opulental
2151 2737 2329 2806 Felix
2363 2737 2593 2809 obitus
2627 2739 2805 2826 erS,
2847 2761 2982 2809 non
3018 2741 3143 2810 ob-

602 2824 827 2894 scuris
876 2825 1305 2916 argumentis
1352 2825 1743 2896 declaratus
1790 2837 1914 2895 est.
1982 2826 2274 2908 Quidam
2326 2827 2510 2895 enim
2564 2826 2783 2896 bonae
2832 2839 2898 2896 et
2946 2850 3146 2898 vene·

594 2913 834 2983 rabilis
879 2915 1056 2984 vitae
1104 2913 1271 2983 vidit
1300 2914 1669 3000 quemdam
1713 2915 1938 2999 parari
1976 2913 2250 2996 lectum,
2281 2925 2346 2983 et
2379 2938 2419 2984 a
2452 2916 2768 3004 personis
2808 2915 2990 2986 albis
3029 2938 3146 2986 ve-

595 3003 817 3073 stibus
866 3002 1170 3084 indutis,
1223 3001 1384 3072 ferri
1446 3003 1513 3072 in
1572 3002 1907 3083 sublime;
1958 3002 2361 3091 dictumque
2407 3017 2510 3073 est
2558 3003 2658 3073 illi
2722 3005 3128 3075 admiranti:

595 3114 630 3158 «
671 3113 962 3182 persona
999 3091 1139 3172 illa,
1194 3113 1403 3178 quam
1454 3092 1522 3160 in
1574 3091 1706 3162 hoc
1742 3089 1914 3161 lecto
1949 3092 2160 3173 videS,
2216 3114 2470 3250 sdponsa
2509 3093 2620 3162 Dei
2671 3107 2799 3174 est,
2841 3116 3016 3180 quae
3070 3095 3145 3163 in

598 3180 860 3249 mundo
901 3193 1290 3269 contempta
1339 3203 1378 3250 a
1426 3175 1689 3260 m'ulti5‚
1732 3202 1917 3249 nunc
1954 3180 2196 3251 transit
2278 3204 2313 3251 e
2364 3196 2580 3252 morte
2611 3182 2679 3251 in
2716 3183 2920 3252 vitam
2957 3203 3145 3251 sem—

600 3269 962 3358 piternam.
1024 3290 1059 3334 »
1108 3267 1360 3337 Eadem
1424 3281 1652 3339 autern
1726 3268 1897 3339 hora
1970 3269 2087 3339 illa
2134 3271 2327 3340 obiit.
2390 3275 2596 3341 Porro
2664 3292 2917 3360 corpus
2983 3271 3146 3360 ejus

596 3359 872 3426 summa
928 3379 1088 3425 cum
1132 3355 1336 3426 laude
1383 3357 1465 3426 ad
1528 3357 2023 3428 monasterium
2078 3364 2141 3429 S.
2198 3359 2620 3429 Laurentii*
2672 3359 3140 3451 deportatum,

594 3458 654 3514 et
705 3443 848 3515 illic
885 3444 1262 3515 honorifice
1310 3447 1656 3536 sepultum
1683 3460 1807 3517 est.
1863 3447 2044 3518 Obiit
2091 3449 2159 3482 *¹*
2206 3469 2390 3517 anno
2442 3448 2687 3519 salutis
2739 3447 3140 3529 millesimO,

597 3533 1084 3613 tricentesimo,
1125 3536 1633 3625 septuagesimo
1672 3537 1891 3618 tertio,
1919 3536 2189 3607 decimo
2224 3536 2565 3607 Kalendas
2597 3537 2905 3626 Augusti.
2945 3543 3148 3607 Anno

594 3634 842 3691 autem·
879 3622 1210 3712 proximo,
1269 3638 1419 3713 post
1462 3624 1834 3693 multorum
1889 3625 2384 3695 miraculorum
2447 3627 3021 3708 coruscationem,
3077 3637 3150 3697 et

591 3711 853 3782 ossium
901 3712 1051 3801 ejus
1099 3712 1400 3782 subitam
1440 3725 1506 3782 et
1553 3712 1736 3782 ultra
1788 3713 2071 3783 modum
2115 3713 2499 3784 mirabilem
2542 3716 3022 3805 purgationem
3075 3727 3152 3785 et

593 3800 1142 3883 exsiccationem,
1181 3801 1268 3871 ab
1317 3802 1487 3873 urbe
1535 3807 1848 3871 Romana
1873 3802 2000 3884 *ἢ
2047 3803 2287 3873 multis
2339 3804 2404 3872 in
2462 3804 2702 3873 itinere
2750 3803 2953 3875 editis
3005 3804 3149 3873 mi-

596 3888 874 3972 raculiS‚
929 3889 1012 3959 ad
1049 3890 1541 3961 monasterium
1594 3891 2003 3961 Wasthenae
2042 3891 2457 3962 duodecimo
2490 3892 2660 3962 Julii
2692 3891 2802 3960 die
2837 3914 2993 3961 cum
3036 3892 3153 3960 in-

594 3978 776 4069 genti
833 3978 1243 4069 populorum
1305 3978 1684 4066 frequentia
1733 3991 1797 4049 et
1845 3980 2100 4069 gaudio
2158 4002 2280 4083 per
2340 3993 2646 4051 sanctam
2722 3980 2936 4050 filiam
2988 3981 3155 4070 ejus

595 4067 1025 4138 catharinam
1064 4068 1391 4138 translata
1423 4081 1566 4138 est:
1607 4069 1728 4138 ubi
1765 4069 1960 4138 miris
1994 4070 2215 4161 signis
2243 4082 2307 4139 et
2342 4070 2755 4140 multivariis
2784 4069 3156 4140 miraculis

591 4177 741 4226 eam
793 4171 988 4226 ornat
1035 4170 1099 4227 et
1147 4158 1449 4231 illustrat
1489 4158 1819 4228 Dominus
1865 4164 2070 4231 Jesus
2105 4159 2439 4231 Christus
2480 4165 2869 4231 P—raestatur
2914 4160 3160 4231 caecis

646 4320 673 4346 ¹⁸¹
704 4317 1014 4361 Clarissarum
1031 4321 1219 4361 Meum.
1240 4323 1283 4361 S.
1305 4321 1551 4361 Laurentii
1573 4322 1623 4361 in
1641 4321 1930 4371 Pantsperna
1950 4321 2184 4363 vocatum.

648 4372 703 4400 ³¹¹*
731 4376 890 4414 Annos
910 4381 1019 4414 nata
1041 4377 1227 4420 circiter
1252 4381 1566 4425 septuaginta.
1652 4400 1665 4414 .
1926 4375 2009 4403 W*
2037 4375 2236 4419 Brachio
2256 4384 2350 4419 uno
2372 4376 2582 4427 excepto.
