3347 4999
214 362 386 428 OCT.
441 365 481 426 9
945 380 1022 425 ΒΕ
1071 380 1162 426 ss.
1217 378 1509 425 monvsm
1556 380 1631 424 ET
1683 377 1879 425 socns
1927 380 2040 425 un.
2434 410 2437 414 »
2538 363 2663 429 287

216 464 749 534 misericorditer
780 464 1149 552 excepisse,
1189 462 1497 532 calcibus
1535 461 1814 549 quidem
1870 474 2249 531 reverenter
2287 464 2749 549 accedentem,

212 568 792 642 peccatorumque
845 552 1145 621 remedia
1195 551 1580 620 verecunde
1627 564 2065 637 quaerentem
2097 604 2116 631 ,
2190 551 2471 622 adstans
2529 570 2756 624 extur-

205 644 416 723 bavit,
457 664 535 711 ac
584 655 821 711 contra
870 641 1282 731 disciplinae
1338 639 1646 709 ordinem
1706 640 1983 730 rejecit3
2038 639 2457 710 sacerdotem
2522 659 2750 712 autem

207 732 551 820 optimum
606 753 739 799 non
801 731 1054 800 veritus
1103 742 1203 799 est
1270 729 1568 798 lacerare
1617 729 1988 807 conviciis,
2062 729 2524 798 miserabilem
2593 754 2750 801 eum

208 821 472 901 dicenS,
539 820 658 906 qui
710 820 1002 909 impium
1049 818 1520 907 justificasset.
1573 822 1662 887 Ac
1712 817 2014 891 tandem,
2068 820 2225 898 Emi,
2290 819 2611 905 inquiens
2651 842 2757 888 sa-

205 908 492 987 cerdoti,
533 933 682 977 cum
729 910 1062 977 similibus
1113 910 1266 988 cuia,
1322 921 1558 991 contra
1593 906 1694 976 sas
1728 928 1932 975 omne
1988 906 2237 996 irrupit
2286 907 2352 974 in
2406 907 2635 993 adyta,
2692 921 2757 977 et

207 1012 450 1068 sancta
501 1009 897 1066 sanctorum
953 996 1312 1086 profanare
1373 1019 1586 1065 ausus
1635 1009 1759 1065 est.
1808 1000 2156 1065 Caeterum
2222 996 2526 1084 pontifici
2598 996 2753 1064 Dio-

206 1088 434 1178 nysiO,
493 1100 840 1173 tamquam
897 1108 1226 1174 magnum
1265 1086 1429 1172 quid
1475 1085 1810 1155 effecisset
1857 1084 1941 1153 ad
1996 1085 2362 1159 virtutem,
2425 1084 2752 1154 describit

204 1175 393 1263 quod
444 1175 700 1244 factum
745 1174 985 1254 fuerat,
1032 1197 1287 1260 susque
1323 1174 1540 1260 deque
1570 1174 1844 1264 jactans
1894 1174 1959 1241 in
2001 1172 2113 1240 illa
2157 1174 2401 1243 audaci
2436 1174 2745 1262 epistola,

204 1266 394 1352 quod
448 1270 658 1332 Deum
713 1263 900 1332 ultus
956 1276 1153 1342 esset,
1211 1263 1531 1349 quodque
1583 1277 1843 1342 sancta,
1898 1284 2055 1330 cum
2126 1262 2440 1331 violanda
2499 1278 2748 1342 essent,

207 1374 488 1424 summa
522 1355 688 1420 cura
726 1375 805 1421 ac
854 1352 1208 1441 diligentia
1246 1353 1558 1430 servavit,
1608 1365 1812 1438 atque
1858 1350 2114 1419 illibata
2149 1351 2538 1420 custodivit.
2576 1351 2747 1433 Quid

210 1465 380 1531 ergo
415 1441 576 1511 ille-⁵?
614 1446 813 1517 Num,
854 1455 929 1509 ut
975 1441 1226 1531 vulgus
1275 1440 1465 1521 solet,
1506 1439 1633 1509 suit
1688 1441 1919 1509 animo
1973 1440 2451 1527 perturbatus?
2499 1454 2615 1508 aut
2653 1462 2754 1507 re-

207 1543 495 1622 putatus
555 1543 656 1599 est
706 1529 805 1597 vel
858 1551 1100 1619 parurn
1162 1530 1326 1616 quid
1379 1530 1661 1599 omnino
1728 1529 2093 1597 mutavisse
2147 1528 2359 1597 de‘ea
2398 1528 2698 1597 bonitate
2732 1582 2746 1607 ,

206 1642 389 1707 quae
438 1620 498 1688 ei
549 1614 942 1687 coaluerat?
999 1624 1139 1688 Hoc
1191 1618 1475 1687 minime
1545 1618 1678 1686 dici
1746 1629 1983 1706 potest.
2042 1623 2263 1703 Neque
2334 1618 2517 1686 enim
2580 1616 2755 1686 facto

202 1709 403 1778 ultus
455 1721 556 1777 est
602 1730 757 1776 euni
798 1708 912 1793 qui
969 1721 1404 1795 peccaverat:
1443 1706 1558 1775 sed
1603 1705 1789 1774 facto
1819 1721 1883 1775 et
1913 1728 2227 1774 sermone
2277 1706 2561 1777 salutari
2596 1729 2753 1775 eru-

206 1798 362 1877 diit,
408 1818 586 1883 quae
618 1796 827 1864 simul
874 1795 954 1864 ad
1004 1797 1317 1865 virtutem
1369 1811 1433 1864 et
1481 1818 1753 1863 ornnem
1829 1794 2358 1863 moderationem
2431 1794 2755 1863 informat

205 1900 272 1955 et
322 1885 696 1973 componit,
748 1883 930 1951 illam
993 1886 1304 1954 scribens
1367 1883 1763 1973 Epistolam‚
1809 1896 1872 1951 et
1923 1882 2311 1971 exemplum
2361 1897 2756 1952 mansuetu-

209 1974 402 2042 dinis
452 1979 698 2053 Aaron,
745 1974 978 2053 David,
1032 1988 1095 2042 et
1143 1973 1314 2043 alios
1371 1973 1747 2041 adducens.
1806 1971 2017 2059 Cujus
2065 1986 2139 2040 ut
2186 1972 2492 2041 omittam
2546 1971 2749 2040 aliam

213 2061 302 2131 ad
357 2061 615 2131 bonurn
654 2060 1215 2141 exhortationem,
1266 2062 1641 2130 meminero
1692 2074 1869 2129 certe
1919 2061 2202 2129 visionis
2244 2083 2451 2147 quam
2490 2060 2548 2129 ei
2592 2083 2750 2129 nar—

211 2164 360 2230 rat,
416 2165 488 2218 ut
535 2172 712 2236 quae
784 2165 1018 2220 sancto
1068 2156 1280 2240 Carpo
1337 2150 1754 2239 apparuerit.
1828 2150 1934 2218 Sic
2002 2163 2229 2219 autem
2296 2172 2366 2220 se
2417 2150 2618 2219 habet
2667 2148 2751 2217 ad

205 2241 493 2309 verbum
530 2263 542 2305 :
1766 2314 1771 2322 ,

305 2330 342 2415 ξ
391 2332 472 2399 S.
528 2351 562 2393 «
600 2332 762 2396 Cum
797 2327 1170 2414 aliquando
1202 2328 1267 2395 in
1301 2332 1558 2397 Cretam
1599 2327 1962 2406 venissem,
1999 2349 2103 2396 me
2144 2340 2424 2396 sanctus
2460 2326 2754 2417 hospitio

210 2418 479 2507 excepit
527 2421 786 2506 Carpus
818 2417 874 2495 ’ζ
933 2419 1033 2485 vir
1068 2471 1082 2497 ,
1138 2416 1195 2484 si
1248 2415 1433 2485 ullus
1489 2415 1694 2491 alius,
1746 2430 2017 2505 propter
2076 2417 2442 2485 maximam
2506 2416 2754 2484 mentis

162 2526 165 2530 ’
211 2506 608 2597 puritatem,
656 2505 740 2574 ad
778 2508 891 2574 Dei
938 2505 1582 2595 contemplationem
1640 2528 1680 2574 a
1737 2506 2066 2574 tissimus,
2120 2511 2185 2575 Is
2226 2527 2577 2592 nunquam
2627 2529 2747 2594 ag-

261 2594 654 2663 rediebatur
716 2609 1018 2663 sanctam
1081 2595 1560 2683 mysteriorum
1605 2616 1681 2662 ce
1712 2595 2159 2674 ebrationem‚
2225 2593 2357 2662 nisi
2409 2595 2476 2661 in
2534 2595 2752 2682 preci·
2820 2601 2835 2608 “

205 2619 342 2754 ἕης
400 2706 576 2770 quae
635 2682 822 2751 illam
876 2683 1317 2772 praecedunt,
1351 2684 1411 2751 ei
1452 2683 1643 2771 prius
1692 2697 2049 2771 appareret
2083 2705 2273 2753 sacra
2318 2695 2383 2750 et
2428 2682 2752 2751 benevola

206 2773 404 2842 visio.
442 2778 677 2862 Ipsum
715 2773 924 2862 igitur
954 2772 1062 2861 (ut
1102 2770 1461 2860 referebat)
1497 2771 1796 2840 infidelis
1828 2773 2174 2861 quispiam
2212 2770 2584 2858 aliquando
2614 2793 2754 2839 mo-

205 2862 407 2931 lestia
453 2861 699 2930 affecit.
769 2860 1070 2930 Molestia
1105 2873 1331 2930 autem
1367 2872 1532 2940 erat,
1587 2860 1770 2948 quod
1823 2861 1934 2930 ille
1975 2859 2345 2948 quemdam
2380 2877 2476 2928 *ex
2524 2859 2753 2928 Eccle-

208 2951 313 3021 sia
364 2950 776 3019 traduxisset
834 2950 916 3018 ad
969 2950 1413 3039 impietatem.
1473 2954 1777 3036 Cumque
1825 2950 1978 3036 ejus
2037 2947 2491 3028 celebritatis,
2535 2971 2745 3035 quam

208 3039 461 3129 vulgus
495 3038 791 3107 Hilarias
841 3053 1056 3119 vocat,
1095 3039 1242 3108 dies
1291 3051 1692 3128 agerentur,
1738 3039 1859 3124 qui
1911 3038 2241 3107 debuerat
2313 3037 2631 3127 benigne,
2676 3050 2752 3108 ut

208 3128 433 3197 virum
490 3129 745 3196 bonum
801 3127 1014 3206 decet,
1071 3150 1195 3217 pro
1242 3141 1534 3214 utroque
1597 3127 1884 3215 precari,
1929 3139 1992 3194 et
2054 3126 2168 3193 Dei
2218 3126 2587 3195 Salvatoris
2636 3148 2750 3194 ac-

208 3232 405 3305 cepto
439 3215 718 3295 auxilio,
764 3216 1053 3285 alterum
1087 3217 1366 3303 quidem
1404 3229 1816 3293 convertere,
1853 3214 2141 3282 alterum
2186 3229 2411 3283 autern
2454 3215 2751 3305 bonitate

208 3306 505 3382 vincere,
555 3319 619 3373 et
671 3327 802 3374 non
855 3327 1123 3374 cessare
1185 3328 1299 3375 eos
1363 3305 1735 3384 admonere
1787 3326 1906 3392 per
1955 3315 2159 3372 totam
2205 3303 2409 3372 vitam
2442 3359 2457 3385 ,
2531 3303 2749 3374 donec

209 3393 667 3484 poenitentiae
719 3407 988 3482 tempus
1027 3406 1437 3482 superesset,
1476 3406 1540 3461 et
1588 3394 1687 3461 sic
1721 3393 1907 3480 ipsos
1940 3391 2023 3460 ad
2061 3391 2366 3460 divinam
2410 3392 2752 3462 deducere

209 3482 697 3573 cognitionem,
755 3494 829 3550 ut
859 3483 1002 3571 jam
1046 3483 1312 3552 tandem
1364 3495 1428 3550 et
1465 3502 1640 3567 quae
1689 3480 1829 3549 illis
1876 3493 2071 3556 erant
2118 3482 2449 3572 ambigua
2515 3494 2579 3550 et
2626 3482 2750 3550 ob-

209 3594 436 3652 scura,
485 3583 946 3659 patescerent,
999 3584 1061 3640 et
1109 3571 1195 3640 ab
1246 3571 1329 3640 iis
1377 3592 1553 3657 quae
1606 3583 1869 3659 praeter
1909 3570 2238 3639 rationem
2268 3569 2597 3639 audacter
2628 3569 2752 3638 ad-

209 3660 562 3738 miserant,
595 3659 995 3747 resipiscere
1036 3660 1338 3750 legitima
1377 3659 1728 3728 severitate
1762 3671 2190 3749 cogerentur;
2232 3659 2312 3738 is,
2353 3660 2580 3728 nescio
2610 3681 2749 3745 quo

204 3761 400 3835 pacto
447 3748 655 3837 (cum
719 3747 899 3816 intra
948 3749 1394 3838 semetipsum
1448 3747 1516 3815 id
1568 3761 1768 3817 antea
1802 3770 2047 3837 passus
2089 3770 2222 3816 non
2273 3747 2526 3836 esset),
2583 3760 2749 3817 tunc

203 3837 673 3906 vehementem
712 3836 1258 3924 indignationem
1282 3850 1485 3922 atque
1518 3837 2055 3907 amaritudinem
2083 3836 2450 3905 imbiberat
2483 3836 2743 3904 animo.

207 3928 283 3993 Et
332 3927 431 3995 sic
479 3923 760 4012 quidem
798 3925 1081 3994 affectus
1136 3924 1545 3994 obdormiit:
1589 3939 1733 3995 erat
1780 3926 1963 3994 enim
2005 3946 2305 4014 vespera.
2364 3925 2553 3993 Circa
2596 3946 2751 3994 vero

210 4013 505 4082 mediam
550 4026 840 4092 noctem,
895 4034 1033 4100 quo
1085 4027 1386 4104 ternpore
1420 4027 1866 4083 consueverat
1922 4014 2069 4103 ipse
2109 4035 2380 4102 semper
2427 4012 2613 4100 apud
2680 4035 2751 4082 se

209 4098 290 4166 ad
342 4101 611 4173 divinos
647 4101 942 4190 hymnos
977 4101 1283 4190 vigilare,
1321 4103 1819 4192 expergiscitur
1866 4101 2173 4189 quidem,
2208 4115 2273 4171 et
2311 4102 2556 4191 surgit,
2588 4125 2748 4172 cum

213 4207 488 4261 somnos
540 4213 780 4280 parum
849 4191 1137 4278 quietOS,
1191 4204 1256 4260 et
1311 4191 1550 4260 crebro
1600 4192 2044 4279 interruptOS,
2102 4212 2225 4259 nec
2281 4190 2541 4277 absque
2597 4212 2752 4279 per-

216 4275 594 4371 turbatione
643 4281 955 4368 cepisset.
1017 4284 1214 4349 Stans
1275 4280 1490 4370 igitur
1524 4280 1607 4348 ad
1659 4280 1962 4349 divinam
2020 4301 2285 4369 precem
2336 4291 2400 4348 et
2455 4279 2753 4350 collocu-

220 4371 466 4432 tionem
504 4390 635 4436 non
701 4370 866 4438 satis
927 4369 1206 4450 intente,
1265 4369 1646 4459 irreligiose
1707 4368 2088 4460 angebatur
2143 4370 2400 4450 animo,
2446 4381 2509 4437 et
2549 4389 2751 4457 aegre

271 4482 295 4509 ²⁸¹
324 4483 610 4529 Recensetur
630 4501 655 4531 a
674 4492 913 4542 Max-tyrol.
935 4501 1018 4532 xm
1041 4492 1140 4542 huj.
