3347 4999
144 328 322 394 OCT.
380 327 466 390 ⁴3
1059 345 1137 390 nn
1186 345 1241 391 s.
1295 343 1585 391 EDUARno
1633 344 1793 390 REGE
2474 330 2589 394 38⁴

231 432 269 517 ξ
322 434 398 499 ί.
455 429 738 498 Nunciis
785 428 1015 514 itaque
1060 428 1146 497 ab
1185 428 1566 515 Apostolica
1621 427 1782 496 sede
1835 430 2203 517 regressis,
2262 432 2694 532 saepedictus

142 518 376 587 Abbas
416 572 432 598 ‚
488 516 873 586 convocatis
935 515 1441 586 venerabilibus
1492 516 1802 605 personis
1833 570 1848 595 ,
1902 529 2037 586 tam
2081 519 2435 608 Episcopis
2481 543 2692 608 quam

140 606 575 686 AbbatibuS,
628 606 700 674 in
751 604 1049 674 Ecclesia
1098 604 1794 675 westmonasteriensi
1844 605 1924 685 ⁴,
1985 606 2207 694 primo
2263 630 2493 676 coram
2545 631 2691 677 om-

143 695 359 765 nibus
412 695 683 763 recitari
717 693 874 762 fecit
913 692 1170 763 litteras
1219 692 1637 781 Apostolicae
1685 693 2107 763 auctoritatis
2147 694 2232 764 de
2273 695 2447 765 beati
2488 700 2694 787 Regis

146 782 716 863 canonizatione;
771 782 1031 867 sicque,
1086 781 1425 851 universis
1473 781 2077 871 applaudentibuS‚
2133 785 2689 867 assentientibuS‚

146 886 211 941 et
246 878 466 942 Deum
522 892 770 961 magna
804 892 965 939 voce
1012 869 1480 950 laudantibuS,
1533 870 1617 938 de
1659 870 1956 959 glorioso
2006 872 2276 940 Domini
2310 873 2696 943 confessore

147 961 353 1031 Missa
397 959 798 1029 solemniter
830 959 1167 1028 celebrata
1200 971 1342 1028 est:
1394 981 1602 1045 quam
1642 972 1867 1028 tamen
1900 959 2226 1030 dominus
2258 966 2440 1051 Papa
2473 962 2696 1051 primo

146 1049 219 1117 in
255 1048 567 1118 Ecclesia
615 1054 917 1117 Romana
971 1048 1218 1117 fecerat
1254 1069 1372 1137 per
1404 1070 1621 1116 unum
1659 1046 1744 1116 de
1783 1048 2262 1118 Cardinalibus
2294 1050 2692 1132 honorifice,

151 1138 331 1207 sicut
383 1137 680 1228 dignum
732 1135 951 1205 fuerat
981 1191 997 1217 ,
1050 1136 1420 1206 decantari.
1478 1136 1605 1206 Sed
1654 1136 1865 1222 quia,
1918 1137 2148 1208 causis
2209 1138 2638 1228 exigentibus
2675 1194 2692 1221 ‚

149 1248 267 1296 rex
314 1227 386 1262 *⁴*
427 1226 657 1296 adhuc
707 1226 775 1294 in
827 1225 1310 1295 transmarinis
1359 1225 1669 1315 partibus
1733 1227 2010 1315 agebat,
2047 1226 2244 1316 juxta
2293 1228 2697 1297 mandatum

151 1314 378 1404 ipsius
429 1327 496 1384 et
537 1313 954 1383 desiderium
1005 1313 1216 1382 dilata
1264 1326 1364 1382 est
1402 1335 1620 1400 usque
1655 1314 1723 1381 in
1762 1314 2054 1383 reditum
2109 1337 2339 1394 suum,
2376 1330 2441 1385 et
2476 1317 2698 1385 eidem

153 1419 424 1474 servata
485 1403 662 1472 sacri
710 1403 1016 1492 corporis
1070 1401 1406 1472 revelatio.
1466 1403 1783 1472 Decursis
1828 1424 1987 1471 vero
2039 1402 2176 1473 sere
2230 1404 2526 1474 duorum
2579 1426 2698 1474 an-

152 1514 406 1563 norum
446 1490 853 1571 curriculiS,
909 1512 1066 1579 rege
1112 1514 1151 1560 a
1199 1492 1645 1561 Nortmannia
1704 1491 1773 1558 in
1814 1491 2125 1581 Angliam
2166 1493 2310 1583 jam
2361 1515 2694 1582 regreSSO,

150 1582 451 1671 cupiens
501 1580 740 1656 Abbas
786 1591 1184 1669 susceptum
1255 1579 1602 1669 negotium
1656 1579 1742 1647 ad
1798 1580 2109 1649 effectum
2163 1581 2583 1670 perducere,
2637 1592 2701 1650 et

151 1668 328 1739 illud
383 1691 665 1739 sacrum
715 1690 989 1757 corpuS,
1028 1667 1209 1755 quod
1234 1668 1380 1757 jam
1431 1667 1555 1736 diu
1602 1668 1673 1736 in
1726 1680 1905 1737 terra
1939 1668 2250 1747 latuerat,
2296 1670 2365 1738 in
2402 1671 2700 1739 eminen-

152 1759 309 1827 tiori
338 1772 404 1827 et
434 1756 808 1827 honestiori
851 1756 996 1825 loco
1029 1756 1385 1837 collocare,
1432 1777 1589 1825 cum
1629 1778 1786 1847 rege
1826 1770 2160 1827 secretum
2197 1770 2261 1827 et
2299 1759 2697 1849 diligentem

149 1846 236 1916 de
282 1845 701 1917 celebranda
747 1845 924 1914 beati
977 1845 1180 1935 Regis
1228 1844 1668 1914 translatione
1718 1857 2077 1915 tractatum
2139 1846 2404 1928 habuit,
2465 1859 2697 1936 postu-

151 1934 306 2005 lans
356 1949 436 2006 ut
469 1936 645 2004 bono
677 1934 1019 2024 principio
1048 1956 1330 2003 manum
1362 1933 1629 2002 debitae
1662 1934 2282 2004 consummationis
2312 1936 2693 2018 adhiberet,

206 2024 563 2094 raesertim
607 2045 765 2092 cum
818 2044 897 2091 ex
949 2024 1098 2111 ejus
1160 2021 1481 2091 mandato
1536 2024 1924 2112 acceperit,
1981 2025 2433 2113 praesentiam
2480 2025 2700 2115 ipsius

152 2046 320 2183 lluic
352 2112 624 2203 negotio
644 2133 790 2180 esse
816 2111 1367 2201 exspectandam.
1391 2111 1647 2179 Annuit
1677 2132 1790 2180 rex
1816 2112 2004 2201 justa
2029 2114 2357 2201 poscenti,
2381 2113 2701 2200 diemque

154 2216 450 2283 certum,
496 2201 692 2290 juxta
739 2199 922 2287 quod
972 2200 1246 2285 utrique
1294 2199 1653 2269 videbatur
1699 2213 2206 2289 opportunum,
2261 2202 2529 2271 indixit.
2585 2208 2699 2271 In-

156 2290 354 2359 terim
410 2311 590 2370 vero,
644 2299 921 2378 accepto
969 2289 1189 2359 Abbas
1237 2311 1276 2356 a
1327 2288 1887 2377 prudentioribus
1935 2290 2099 2359 viris
2132 2290 2420 2361 consilio
2452 2347 2467 2374 ,
2520 2291 2701 2361 beati

158 2379 472 2468 corporis
505 2377 772 2467 glebam
818 2377 1041 2466 primo
1072 2376 1400 2446 secretius
1434 2377 1774 2466 inspicere
1812 2377 2130 2459 decrevit,
2171 2390 2246 2448 ut
2279 2380 2378 2449 sic
2425 2380 2703 2470 expedi-

159 2467 298 2537 tius
346 2468 433 2537 ad
486 2466 860 2536 solemnem
914 2466 1202 2535 transire
1260 2477 1484 2556 posset
1550 2465 2054 2536 revelationem.
2120 2467 2246 2537 Sed
2298 2469 2461 2555 quia
2522 2491 2698 2560 opus

159 2555 289 2626 lioc
339 2569 658 2627 sanctum
698 2568 761 2623 et
798 2555 1088 2645 dignum
1138 2576 1287 2624 esse
1333 2555 1611 2634 sciebat,
1650 2577 1845 2626 suam
1898 2556 2278 2626 formidans
2328 2558 2702 2648 indignita-

162 2657 322 2724 tem,
380 2644 593 2714 semel
642 2655 707 2712 et
754 2642 998 2712 iterum
1051 2644 1335 2713 accessit
1366 2654 1430 2713 et
1478 2644 1798 2724 tentavit;
1852 2644 1968 2714 sed
2020 2645 2214 2714 toties
2253 2647 2527 2716 conscia
2568 2646 2703 2715 sibi

162 2754 359 2803 mens
414 2732 837 2802 infirmitatis
887 2753 1049 2802 suae
1083 2787 1098 2813 ‚
1153 2754 1435 2801 manum
1489 2732 1597 2822 pia
1649 2732 1948 2820 quadam
2000 2733 2446 2803 haesitatione
2498 2735 2704 2823 trepi-

161 2820 439 2892 dantem
486 2820 781 2890 retraxit.
820 2824 896 2888 At
929 2832 1272 2890 crescente
1322 2819 1586 2902 timore,
1631 2822 1840 2891 crevit
1885 2834 1950 2890 et
1997 2821 2303 2891 devotio:
2357 2835 2702 2891 crescente

165 2909 546 2992 devotione,
601 2909 821 2978 adfuit
868 2909 1283 2979 confidentia
1328 2931 1484 2979 cum
1538 2931 1792 2991 amore,
1844 2910 1964 2997 qui
2014 2931 2218 2998 saepe
2264 2909 2445 2979 foras
2495 2911 2703 2980 mittit

164 2997 504 3068 timorem.
560 3003 651 3067 Ex
700 2999 850 3087 ipso
900 2998 1127 3084 itaque
1174 2999 1417 3068 timore
1463 2998 1918 3067 confidentior
1965 2999 2287 3079 effectus,
2351 3012 2414 3067 et
2464 3000 2698 3068 minus

164 3086 477 3167 timiduS‚
510 3098 781 3176 tempus
806 3086 1209 3168 observavit,
1234 3099 1535 3174 quotam
1564 3099 1901 3156 secretum
1937 3086 2285 3176 negotium
2313 3100 2701 3177 opportune

167 3185 508 3246 tractaret.

253 3267 290 3351 ξ
343 3272 433 3336 2.
489 3262 795 3345 Quadam
848 3264 1076 3350 itaque
1125 3276 1362 3343 nocte,
1434 3262 1762 3332 fratribus
1812 3274 1962 3352 post
2010 3262 2494 3332 matutinas'vi
2550 3263 2703 3334 ilias

170 3351 249 3419 ad
294 3364 506 3423 strata
555 3352 864 3433 reversis,
911 3352 1150 3441 januis
1197 3352 1523 3421 ecclesiae
1556 3350 1836 3436 clausiS‚
1883 3352 2475 3439 servientibusque
2534 3354 2705 3423 aicis

169 3441 468 3511 exclusis
497 3495 511 3522 ,
567 3441 894 3511 remansit
942 3442 1011 3509 in
1062 3440 1351 3510 ecclesia
1398 3439 1588 3508 solus
1646 3441 1871 3509 Abbas
1918 3462 2080 3509 cum
2131 3442 2383 3523 Priore,
2438 3454 2503 3511 et
2549 3443 2706 3529 qui-

169 3525 465 3598 busdam
502 3528 587 3597 de
618 3528 945 3598 fratribus
993 3529 1077 3598 ad
1130 3528 1259 3598 hoc
1308 3528 1609 3607 delectis,
1666 3528 1787 3614 qui
1837 3550 1906 3598 se
1945 3550 2026 3598 ex
2069 3530 2389 3600 mandato
2429 3531 2705 3599 Abbatis

162 3614 447 3702 jeiuniis
492 3631 557 3685 et
595 3617 1022 3687 orationibus
1070 3618 1155 3686 ad
1193 3630 1326 3687 tam
1361 3628 1680 3685 sanctum
1715 3639 1890 3707 opus
1923 3618 2353 3688 tractandum
2397 3619 2705 3688 devotius

172 3720 765 3796 praeparaverant.
821 3706 1083 3788 Quibus
1130 3705 1457 3775 omnibus
1508 3704 1683 3776 albis
1718 3705 2003 3786 indutis,
2041 3719 2105 3776 et
2138 3708 2344 3777 nudis
2380 3707 2697 3797 pedibuS,

172 3794 687 3880 praemissaque
733 3794 1084 3874 oratione,
1138 3807 1203 3863 et
1264 3815 1423 3862 cum
1491 3793 1776 3882 psalmis
1839 3795 2197 3864 decantata
2247 3795 2485 3864 litania
2545 3808 2704 3865 ante

172 3879 406 3963 altare,
447 3882 776 3972 processit
807 3882 893 3950 ad
937 3882 1284 3952 tumulum
1322 3881 1544 3952 Abbas
1581 3905 1744 3952 cum
1785 3883 2014 3953 Priore
2061 3896 2125 3952 et
2171 3883 2444 3953 duobus
2478 3883 2708 3953 fratri-

175 3965 330 4052 bus,
384 3971 667 4041 caeteris
715 3982 871 4039 ante
919 3970 1129 4039 altare
1176 3971 1246 4039 in
1300 3970 1626 4059 lacrymis
1682 3983 1747 4039 et
1799 3973 2105 4041 oratione
2154 3973 2702 4062 persistentibus,

179 4057 481 4146 Cumque
506 4059 829 4149 lapidem,
862 4059 979 4145 qui
1008 4060 1430 4149 sarcophago
1455 4061 1930 4149 superpositus
1965 4059 2206 4143 fuerat,
2238 4060 2702 4143 sustulissent,

177 4143 468 4216 admotis
512 4149 793 4237 propius
825 4148 1150 4227 lucernis,
1190 4160 1694 4237 conspexerunt
1728 4149 1949 4217 virum
1980 4148 2316 4235 jacentem
2360 4150 2430 4216 in
2464 4151 2708 4220 vestitu

181 4229 525 4317 deauratO,
580 4236 957 4306 calceatum
1019 4237 1259 4325 caligis
1311 4236 1678 4326 purpureis
1717 4248 1781 4305 et
1826 4235 2309 4306 calceamentis
2362 4238 2700 4328 pretiosis,

174 4335 382 4409 caput
455 4338 519 4394 et
583 4325 829 4395 faciem
900 4338 1212 4415 cooperta
1286 4325 1487 4394 mitra
1556 4325 1898 4406 rotunda,
1969 4347 2137 4394 auro
2189 4327 2355 4396 satis
2425 4347 2710 4417 operose

228 4445 254 4472 *¹
274 4447 480 4498 Anglice,
506 4450 811 4492 ll’estminster.
1469 4450 1519 4477 *³
1540 4451 1773 4492 Ποτιτίους
1792 4452 1850 4499 11,
1871 4451 2189 4503 Psamaqeneea.
