3347 4999
678 328 807 392 360
866 304 869 307 ’
2824 326 2995 392 ocr.
3059 328 3160 393 :3

1537 570 2193 652 MARTYmUM

864 801 1003 900 SS.
1074 799 1467 914 FAUSTt
1537 799 2031 902 JANUARtt
2107 797 2225 899 ET
2299 797 2852 900 MARTlALlS

1309 1052 1592 1100 Auc‘roiuz
1639 1052 1823 1100 Lucio
1871 1050 2150 1100 mutuno
2199 1051 2418 1101 smum

950 1174 1137 1221 aneio
1176 1171 1428 1223 msron.
1485 1156 1577 1222 De
1622 1152 1817 1220 rebus
1855 1152 2249 1241 Hispaniae,
2304 1172 2486 1221 mano
2524 1172 2781 1229 emmo.

776 1382 1110 1450 martyrio
1153 1382 1482 1452 coronati,
1529 1382 1837 1439 verosim.
1886 1384 2046 1438 ante
2087 1391 2339 1438 annum
2379 1384 2493 1438 312
2524 1413 2598 1423 —
2636 1381 2944 1450 Hispani.

677 1567 712 1651 ξ
761 1569 836 1636 1.
875 1564 1049 1633 Olim
1086 1586 1243 1633 cum
1287 1585 1559 1654 praeses
1606 1562 1956 1652 Eugenius
2007 1562 2392 1632 Cordubam
2428 1562 2462 1596 *
2496 1562 2814 1643 venisset,
2853 1562 2915 1631 ei
2967 1567 3142 1633 Fau·

585 1665 759 1733 stuS,
794 1653 1170 1723 ‚Ianuarius
1203 1658 1266 1721 e't
1300 1651 1625 1721 Martialis
1675 1664 2125 1721 occurrerunt
2164 1651 2500 1720 dicentes:
2549 1673 2585 1717 «
2622 1651 2798 1734 Quid
2844 1651 2968 1721 tibi
3004 1651 3133 1729 vis,

587 1742 872 1833 Eugeni,
946 1741 1064 1829 qui
1142 1741 1252 1810 Dei
1321 1740 1532 1810 servis
1609 1741 1826 1810 mavis
1881 1740 2188 1809 invidere
2235 1761 2443 1827 quam
2495 1740 2823 1809 credere?
2858 1764 2892 1806 »
2943 1746 3138 1811 Tunc

588 1829 961 1922 Eugenius,
1019 1830 1118 1898 ira
1183 1830 1503 1918 percitus,
1569 1828 1771 1898 dixit:
1827 1852 1863 1897 «
1907 1833 1955 1898 Ο
2021 1827 2324 1898 infelices
2390 1829 2728 1910 homines,
2782 1829 2949 1916 quid
3013 1851 3136 1901 vos

585 1941 737 1990 esse
769 1918 1024 1988 vultis?
1060 1942 1094 1983 »
1148 1922 1437 1987 Faustus
1489 1917 1878 2006 respondit:
1935 1942 1970 1983 «
2013 1922 2143 1988 Nos
2192 1917 2881 2009 ChristianiNsumus,
2936 1917 3138 1987 Chri-

587 2020 769 2077 stum
820 2007 1144 2086 fatenteS‚
1198 2007 1317 2093 qui
1388 2007 1717 2076 Dominus
1779 2029 1963 2076 unus
2013 2018 2132 2079 est,
2191 2028 2310 2096 per
2358 2027 2561 2092 quem
2614 2007 2850 2075 omnia
2896 2020 2962 2075 et
3011 2028 3140 2077 nos

591 2118 708 2185 per
755 2097 983 2185 ipsum
1027 2094 1186 2163 facti
1237 2116 1504 2165 sumus.
1549 2118 1584 2161 »
1634 2094 1984 2182 Eugenius
2019 2094 2228 2164 dixit:
2283 2118 2319 2161 «
2364 2094 2556 2163 Unde
2590 2092 2782 2164 vobis
2829 2108 2931 2165 est
2966 2094 3138 2164 haec

588 2199 723 2253 tam
789 2183 1145 2272 desperata
1201 2184 1533 2253 societas?
1583 2206 1618 2249 »
1699 2188 1988 2253 Faustus
2045 2183 2434 2273 respondit:
2509 2206 2545 2250 «
2607 2184 2997 2274 Desperatio
3058 2184 3136 2252 in

587 2273 787 2342 nobis
861 2294 995 2340 non
1064 2285 1200 2352 est,
1274 2272 1407 2341 nisi
1482 2273 1549 2341 in
1604 2286 1662 2341 te
1713 2272 1880 2352 solo,
1936 2272 2054 2359 qui
2124 2294 2247 2340 nos
2312 2277 2520 2342 Deum
2576 2293 2828 2362 negare
2878 2271 3137 2341 frustra

588 2360 970 2447 compellis.
1020 2384 1054 2426 »

672 2451 709 2536 ξ
760 2454 847 2520 2.
902 2454 1041 2519 Hoc
1080 2472 1236 2519 cum
1267 2449 1546 2520 dixisset
1596 2455 1910 2531 Faustus,
1946 2449 2165 2538 magis
2199 2449 2414 2519 iratus
2462 2454 2772 2520 Praeses:
2828 2472 2864 2517 «
2901 2454 3138 2539 Impo-

589 2538 751 2619 nite,
776 2539 966 2620 dixit,
991 2543 1314 2608 Faustum
1347 2540 1411 2608 in
1434 2538 1694 2619 eculeo,
1726 2539 1842 2626 qui
1871 2554 2005 2609 tam
2029 2540 2474 2609 irreverenter
2497 2539 2665 2608 mihi
2688 2538 3063 2629 respondit.
3097 2562 3136 2605 ι»

592 2632 780 2696 Tunc
826 2628 1203 2697 ‚Ianuarius
1270 2634 1513 2698 Fausto
1575 2627 1767 2697 dixit:
1823 2651 1860 2694 «
1894 2632 1943 2698 Ο
1992 2628 2372 2707 carissime,
2446 2640 2521 2697 tu
2591 2651 2709 2718 pro
2760 2628 2956 2697 nobis
3006 2628 3141 2698 hoc

593 2716 870 2805 pateriS,
894 2717 1013 2803 qui
1036 2716 1294 2786 meritis
1324 2730 1754 2806 peccatorum
1804 2729 2192 2786 nostrorum
2220 2730 2281 2785 te
2304 2718 2564 2786 socium
2595 2738 2743 2787 esse
2763 2716 3062 2786 voluisti.
3099 2741 3140 2783 »

589 2805 707 2874 Cui
741 2810 1033 2875 Faustus
1075 2806 1465 2895 respondit:
1520 2828 1555 2871 «
1592 2806 1890 2874 Societas
1930 2818 2183 2886 nostra,
2219 2805 2529 2885 Januari,
2568 2806 2821 2875 mansit
2855 2805 2922 2873 in
2956 2818 3140 2874 terra

586 2915 877 2981 semper,
910 2907 974 2962 et
1000 2894 1497 2983 inperpetuum
1524 2894 1827 2963 manebit
1855 2894 1922 2962 in
1957 2894 2167 2964 caelo.
2203 2917 2238 2961 »
2276 2899 2416 2963 Hoc
2463 2915 2624 2963 cum
2660 2894 2966 2964 audisset
2997 2898 3131 2963 Eu-

584 2982 854 3072 geniuS,
881 2982 1265 3052 admiratus
1292 2982 1484 3051 dixit:
1525 3005 1560 3048 «
1595 2986 1779 3064 Quae
1811 2995 1912 3052 est
1939 2982 2066 3051 ista
2118 3005 2303 3052 nunc
2329 2981 2652 3052 allocutio
2676 2996 2920 3062 vestra,
2943 2983 3128 3069 quod

586 3084 720 3140 tam
756 3070 966 3227 impie
993 3071 1302 3141 voluistis
1329 3069 1741 3172 respondere
1770 3071 1973 3140 mihi?
2001 3094 2035 3138 »
2061 3071 2439 3141 Januarius
2465 3070 2633 3140 dixit
2654 3095 2716 3139 z«
2741 3071 2945 3141 Nobis
2975 3093 3144 3140 con-

582 3159 786 3230 fessio
815 3164 856 3228 C
914 3160 1083 3237 risti‚
1117 3172 1181 3228 et
1212 3159 1398 3228 nulla
1441 3160 1759 3248 impietas
1790 3171 1912 3229 est.
1947 3185 1973 3225 ι
2007 3165 2195 3229 Tunc
2228 3159 2599 3250 Eugenius,
2638 3160 2721 3229 ad
2758 3159 3134 3229 Martialem

584 3269 978 3328 conversuS,
1033 3247 1226 3317 dixit:
1282 3247 1525 3319 «Vides
1559 3249 1847 3317 istorum
1883 3249 2095 3317 animi
2148 3248 2589 3328 dementiam,
2636 3262 2868 3336 quate
2911 3249 2973 3316 in
3015 3269 3138 3316 so-

582 3336 892 3405 cietatem
945 3357 1142 3404 suam
1193 3348 1712 3406 contraxerunt:
1772 3335 1906 3406 noli
1945 3336 2275 3408 maleficis
2309 3338 2540 3407 istiset
2588 3338 2824 3428 impiis
2874 3349 2934 3407 te
2978 3357 3135 3405 cre-

534 3440 538 3445 ·
584 3425 766 3493 dere.
807 3447 842 3490 »
873 3425 993 3495 Cui
1024 3424 1349 3493 Martialis
1374 3424 1565 3495 dixit:
1602 3449 1637 3492 «
1665 3425 1864 3495 Solus
1908 3431 2082 3496 Deus
2114 3425 2528 3496 immortalis
2556 3441 2681 3507 est,
2712 3427 2834 3513 qui
2861 3425 3132 3496 coelum

584 3512 743 3583 fecit
789 3524 855 3581 et
906 3525 1177 3593 terram,
1234 3514 1379 3603 ipse
1429 3535 1551 3603 pro
1600 3514 1738 3583 tuis
1790 3514 1991 3583 malis
2040 3515 2366 3604 operibus
2416 3528 2477 3584 te
2520 3515 2781 3603 puniet.
2837 3541 2860 3576 ¹·

674 3603 825 3688 §R
852 3600 1035 3679 Quod
1062 3601 1352 3672 audiens
1380 3603 1755 3694 Eugenius:
1793 3608 1923 3672 «Et
1950 3603 2084 3684 hic,
2119 3604 2364 3690 inquit,
2402 3617 2700 3693 ponatur
2725 3605 2795 3673 in
2822 3600 3138 3673 eculeo.»

586 3689 779 3771 Quod
814 3712 973 3759 cum
1008 3690 1158 3760 fieri
1192 3691 1470 3761 vidisset
1527 3691 1888 3760 Martialis:
1945 3714 1981 3758 «
2020 3695 2071 3762 Ο
2121 3693 2339 3773 beata,
2394 3692 2586 3773 dixit,
2643 3691 3134 3761 immortalitas

583 3776 841 3868 gloriae
869 3779 1139 3858 Christi,
1195 3801 1332 3866 qua
1369 3801 1493 3848 nos
1527 3780 1649 3849 tibi
1680 3779 1884 3850 frater
1925 3785 2167 3849 Fauste
2195 3780 2490 3850 sociasti.
2534 3804 2568 3847 »
2597 3786 2763 3849 Tum
2795 3780 2966 3849 dixit
3000 3784 3139 3849 Eu-

584 3868 832 3955 genius
865 3868 1279 3938 satellitibus
1302 3868 1471 3939 suis:
1502 3892 1527 3931 ι
1550 3873 1879 3955 Torquete
1898 3891 2013 3938 eos
2036 3869 2253 3937 donec
2273 3869 2556 3939 adorent
2589 3869 2753 3938 deos
2778 3881 3068 3938 nostros.
3096 3892 3139 3934 »

583 3960 876 4026 Faustus
909 3969 1136 4027 autem
1181 3957 1346 4027 dum
1389 3969 1857 4044 torqueretur:
1913 3981 1949 4026 «
1989 3957 2275 4028 Difficile
2320 3971 2462 4038 est,
2532 3958 2792 4045 inquit,
2858 3956 3015 4037 tibi,
3068 3970 3142 4026 et

581 4045 761 4134 patri
812 4060 949 4126 tun,
1003 4047 1124 4133 qui
1173 4045 1493 4117 diabolus
1542 4058 1665 4126 est,
1724 4068 1848 4115 nos
1896 4069 1935 4115 a
1988 4047 2290 4137 paternis
2340 4047 2633 4135 legibus,
2689 4046 2773 4115 ad
2827 4046 3138 4115 mortali-

582 4143 786 4201 tatem
825 4146 1008 4203 tuam
1044 4147 1459 4204 convertere.
1502 4159 1537 4202 »
1572 4139 1856 4224 Propter
1896 4134 2078 4222 quod
2117 4135 2468 4225 Eugenius
2511 4135 2719 4204 dixit:
2775 4158 2810 4201 «
2846 4134 3141 4204 Abscin-

582 4221 841 4291 dantur
911 4223 969 4291 ei
1023 4244 1223 4293 nares
1283 4237 1348 4293 et
1406 4223 1797 4303 auriculae,
1873 4224 2244 4314 supercilia
2322 4224 2691 4304 radantur,
2756 4224 3144 4309 dentesque

628 4385 655 4411 ¹·
675 4380 835 4424 ltaltce
855 4385 1066 4430 corstona,
1084 4386 1197 4424 urbs
1217 4383 1472 4434 episcopali
1495 4387 1605 4425 sede
1627 4386 1866 4430 exornata.
1883 4388 2023 4435 atque
2044 4386 2228 4433 horum,
2247 4388 2295 4428 et
2319 4385 2518 4428 aliorum
2536 4365 2851 4437 plurimorum
2871 4385 3144 4435 atu-tyrum

573 4438 671 4487 qul.
691 4437 853 4477 seculo
873 4447 999 4478 nono
1023 4448 1050 4477 a
1071 4439 1247 4480 Mauris
1267 4441 1422 4479 necati
1440 4442 1567 4485 aunt,
1588 4437 1817 4488 sunguine
1838 4440 2096 4481 illustrata.
