3347 4999
735 330 756 391 ‘l
788 330 859 392 18
1506 342 1583 387 ΒΕ
1633 342 1688 386 s.
1745 339 2085 387 rnANeisco
2134 339 2318 387 coar.
2943 320 3112 385 OCT.
3157 325 3185 384 4

643 429 1068 499 Dominicam
1100 433 1428 505 Crucem,
1464 447 1692 495 vocem
1746 424 1830 492 de
1879 425 2028 515 ipsa
2057 429 2267 493 Cruce
2297 424 2637 514 dilapsam
2691 423 2780 490 ad
2823 444 3025 500 eum,
3065 445 3187 492 cor-

645 519 871 608 poreis
918 516 1178 586 audivit
1226 515 1514 585 auribus
1546 528 1645 584 ter
1677 514 2060 582 dicentem:
2104 539 2129 576 ε
2169 515 2547 593 Francisce,
2587 511 2783 590 vade,
2846 524 2917 580 et
2971 514 3186 601 repara

644 607 926 676 domum
973 625 1244 684 meam,
1298 625 1497 691 quae,
1552 616 1629 672 ut
1677 603 1942 682 cerniS,
2002 614 2132 670 tota
2187 602 2658 672 destruitur.»
2725 599 3188 670 Tremesactus

644 694 1075 774 FranciscuS,
1115 714 1273 763 cum
1324 706 1502 762 esset
1549 693 1619 760 in
1655 691 1945 760 ecclesia
1994 689 2205 770 soluS,
2244 703 2470 793 stupet
2509 691 2591 760 ad
2644 704 2782 760 tam
2849 689 3187 759 mirandae

644 785 830 854 vocis
879 782 1236 852 auditum:
1274 781 1616 868 cordeque
1651 779 2039 870 percipiens
2068 779 2281 848 divini
2321 792 2634 849 virtutem
2678 779 2985 867 eloquii,
3034 801 3192 847 men-

645 874 732 942 tis
765 871 1107 942 alienatur
1143 893 1449 942 excessu.
1509 874 1580 938 In
1622 891 1692 938 se
1742 867 2016 938 tandem
2071 890 2404 950 reversuS‚
2462 868 2548 938 ad
2598 868 3086 939 obediendum
3138 890 3190 936 se

644 974 863 1052 parat,
902 974 967 1031 et
1002 973 1216 1030 toturn
1268 982 1341 1029 se
1388 957 1726 1047 recolligit
1771 957 1854 1026 ad
1910 957 2410 1046 perficiendum
2462 958 2883 1027 mandatum
2955 956 3044 1024 de
3076 978 3192 1024 nia-

645 1050 867 1120 teriali
917 1049 1208 1119 ecclesia
1240 1047 1621 1205 reparanda
1665 1047 1821 1116 licet
1861 1046 2313 1135 principalior
2343 1047 2628 1116 intentio
2676 1047 2879 1116 verbi
2936 1045 3024 1115 ad
3067 1067 3188 1113 eain

644 1141 961 1220 ferretur,
1016 1160 1223 1226 quam
1268 1143 1311 1207 C
1367 1137 1577 1206 ristus
1610 1157 1738 1205 suo
1770 1135 2110 1225 sanguine
2139 1135 2523 1222 acquisivit,
2564 1137 2741 1205 sicut
2774 1158 2957 1204 eum
3007 1135 3189 1222 Spiri-

644 1243 756 1298 tus
808 1234 1101 1298 Sanctus
1134 1227 1431 1305 edocuit,
1470 1239 1536 1294 et
1586 1225 1735 1314 ipse
1770 1224 2204 1314 postmodum
2259 1224 2587 1294 fratribus
2653 1224 3019 1293 revelavit.
3060 1227 3186 1291 Sur·

643 1317 815 1386 rexit
849 1315 1384 1407 proinde,‘signo
1418 1315 1653 1383 Crucis
1686 1334 1758 1382 se
1794 1313 2136 1390 muniens,
2165 1328 2227 1383 et
2257 1314 2635 1403 assumptis
2669 1313 2942 1403 pannis
2963 1312 3185 1380 venali-

645 1406 824 1484 buS‚
879 1404 965 1474 ad
1016 1405 1412 1474 civitatem.
1470 1424 1646 1490 quae
1704 1401 2110 1492 Fulgineum
2156 1402 2186 1435 ⁴
2224 1402 2516 1480 dicitur,
2584 1401 2932 1471 accessit:
2990 1401 3187 1484 ibique

644 1495 967 1575 venditis,
1020 1514 1196 1579 quae
1249 1503 1653 1582 portaverat,
1707 1512 1960 1576 equum
1995 1491 2107 1559 cui
2160 1504 2323 1560 tunc
2373 1489 2740 1573 insederat,
2815 1490 2995 1561 felix
3044 1510 3186 1557 mer·

646 1596 858 1664 cator,
925 1593 1282 1672 assumpto
1334 1581 1582 1672 preti0‚
1636 1579 2026 1665 dereliquit.
2090 1580 2521 1668 Rediensque
2569 1580 2952 1660 Assisium,
3008 1576 3186 1647 eccle·

647 1674 846 1751 siam,
905 1670 989 1740 de
1036 1672 1235 1758 cujus
1322 1669 1751 1828 reparatione
1788 1668 2190 1738 mandatum
2239 1680 2616 1759 acceperat,
2671 1681 3076 1739 reverenter
3109 1667 3184 1734 in·

648 1760 869 1842 travit,
922 1772 987 1829 et
1036 1759 1310 1830 invento
1375 1758 1517 1828 ilic
1568 1756 1916 1827 sacerdote
1967 1759 2422 1847 paupercu10,
2476 1761 2534 1828 ei
2587 1758 3056 1828 reverentiam
3104 1754 3187 1822 de

650 1864 919 1919 centem
959 1848 1296 1926 exhibuit,
1334 1863 1399 1917 et
1445 1847 1531 1916 ad
1565 1847 2065 1936 reparationem
2093 1847 2419 1918 ecclesiae
2453 1862 2517 1918 et
2545 1869 2947 1937 pauperum
2979 1866 3180 1914 usum.
3233 1857 3234 1866 ¹

672 1939 1017 2008 ‘ecuniam
1070 1936 1343 2018 obtulit,
1396 1951 1461 2006 et
1495 1950 1569 2006 ut
1617 1957 1851 2005 secum
1911 1957 1982 2002 se
2032 1937 2283 2005 morari
2350 1949 2693 2027 pateretur
2739 1936 2826 2004 ad
2887 1949 3027 2003 tem
3082 1953 3180 2027 us..

646 1963 1007 2097 bumiliter
1043 2027 1419 2113 requisivit.
1473 2025 1822 2112 Aequievit
1870 2024 2189 2096 sacerdos
2237 2026 2320 2093 de
2374 2048 2564 2095 mora
2614 2026 2883 2115 ipsum,
2944 2044 3018 2091 se
3122 2035 3181 2085 tt·
3233 2041 3234 2054 ²

651 2138 837 2186 more
911 2128 1274 2205 parentum
1360 2115 1721 2204 pecuniam
1776 2113 2137 2182 recusavit.
2196 2119 2413 2196 Quam
2482 2136 2681 2184 verus
2744 2111 3183 2203 pecuniarum

645 2218 1075 2294 contemptor
1136 2205 1203 2272 in
1268 2203 1645 2292 quamdam
1716 2202 2080 2271 fenestram
2155 2203 2559 2293 projiciens,
2615 2202 2962 2292 abjectam
3031 2196 3178 2266 velut

646 2293 997 2383 pulverem
1052 2292 1435 2384 vilipendit.

737 2385 772 2469 ξ
821 2385 901 2452 8.
959 2387 1210 2451 Moram
1263 2395 1490 2451 autem
1542 2380 1832 2449 faciente
1905 2385 2109 2450 Servo
2153 2381 2262 2449 Dei
2312 2402 2470 2449 cum
2524 2379 2883 2449 sacerdote
2938 2374 3173 2468 praedi·

646 2485 777 2551 ct0‚
817 2493 973 2541 cum
1028 2471 1156 2540 hoc
1206 2471 1650 2542 intellexisset
1713 2483 1901 2559 pater
1963 2471 2208 2561 ipsius,
2269 2469 2710 2560 perturbatus
2758 2468 3043 2543 animo,
3091 2485 3179 2530 cu·

646 2561 864 2629 currit
913 2560 996 2628 ad
1049 2561 1306 2629 locum.
1344 2566 1421 2629 At
1483 2560 1651 2649 ipse,
1707 2560 1870 2645 quia
1927 2581 2145 2629 novus
2202 2559 2447 2630 Christi
2513 2573 2658 2630 erat
2705 2557 2996 2635 athleta,
3048 2573 3174 2622 cum
3233 2580 3234 2585 ¹

647 2649 917 2718 audiret
951 2649 1509 2738 persequentium
1561 2649 1809 2727 minim,
1865 2660 1929 2717 et
1975 2670 2211 2718 eorum
2276 2651 2723 2738 praesentiret
2770 2646 3170 2738 adventum.-

646 2738 811 2807 dare
859 2738 1087 2808 locum
1141 2738 1282 2808 irae
1331 2737 1586 2816 volens,
1640 2738 1710 2806 in
1760 2737 2058 2823 quadam
2110 2738 2378 2806 occulta
2423 2738 2613 2808 fovea
2666 2759 2738 2807 se
2800 2729 3172 2805 abscondit:

646 2828 715 2894 in
764 2850 902 2914 qua
949 2827 1197 2896 diebus
1235 2827 1587 2914 aliquibus
1623 2825 1976 2905 latitandO,
2017 2825 2298 2917 rogabat
2336 2828 2701 2897 Dominum
2737 2827 3170 2895 incessanter,

647 2916 1114 3005 lacrymarum
1168 2916 1387 2985 imbre
1428 2914 1775 3005 perfusus,
1810 2929 1886 2985 ut
1924 2915 2243 2985 liberaret
2282 2915 2365 2984 de
2400 2916 2728 2984 manibus
2777 2926 3171 3004 persequen-

648 3006 819 3072 tium
871 3006 1175 3074 animam
1210 3027 1435 3083 suam,
1492 3017 1555 3072 et
1608 3004 1741 3091 pia,
1796 3026 1972 3090 quae
2018 3006 2499 3095 inspiraverat,
2554 3018 2704 3074 vota
2755 3003 3060 3092 benigno
3101 2994 3170 3062 fa-

646 3115 803 3162 vore
836 3094 1232 3183 compleret.
1289 3094 1509 3184 Igitur
1555 3094 1901 3163 excessiva
1948 3093 2244 3181 quadarn
2281 3094 2670 3185 completus
2722 3092 3010 3168 laetitia,
3053 3103 3171 3154 coe·

644 3182 751 3338 pit
797 3181 882 3250 de
931 3182 1527 3271 pusillanimitatis
1580 3182 1852 3272 ignavia
1911 3184 2361 3273 semetipsum
2423 3203 2756 3274 arguere:
2828 3180 3167 3259 relictaque

673 3273 882 3351 ovea,
936 3284 1001 3340 et
1049 3271 1311 3359 abJecto
1371 3292 1639 3361 pavore,
1680 3270 2020 3341 civitatem
2074 3272 2309 3341 Assisii
2362 3294 2597 3342 versus
2650 3272 2776 3340 iter
2825 3277 3165 3361 aggressus

647 3373 771 3429 est.
812 3363 1026 3440 Quem
1067 3381 1227 3429 cum
1278 3359 1460 3429 cives
1508 3373 1865 3429 cernerent
1915 3359 2086 3430 facie
2122 3360 2544 3447 squalidum,
2590 3374 2656 3430 et
2706 3373 2932 3428 mente
2980 3361 3162 3424 muta·

648 3462 822 3526 tum,
881 3470 960 3517 ac
1004 3470 1122 3537 per
1152 3448 1279 3518 hoc
1329 3447 1704 3517 alienatum
1758 3464 2076 3536 putarent
2140 3472 2178 3518 a
2228 3471 2459 3530 sensu,
2515 3451 2656 3519 luto
2708 3447 3084 3538 platearum
3122 3446 3165 3533 {21

649 3536 1002 3625 lapidibus
1038 3536 1479 3625 impetebant,
1531 3551 1596 3607 et
1656 3551 2009 3625 tamquam
2083 3539 2327 3607 insano
2374 3551 2439 3607 et
2512 3538 2814 3607 dementi
2880 3535 3163 3605 clamosis

648 3626 935 3695 vocibus
985 3626 1437 3695 insultabant.
1493 3626 1824 3697 Famulus
1873 3641 2102 3696 autem
2160 3628 2428 3695 Domini
2486 3627 2680 3697 nulla
2757 3624 3017 3695 fractus
3078 3624 3162 3683 ³11¹

650 3727 959 3784 mutatus
1007 3715 1289 3805 injuria,
1344 3729 1420 3785 ut
1488 3714 1746 3785 surdus
1812 3715 1880 3783 in
1946 3715 2277 3785 omnibus
2362 3715 2844 3805 pertransibat.
2900 3716 3162 3791 Cumque

650 3801 1020 3872 clamorem
1089 3804 1488 3893 hujusmodi
1543 3816 1733 3893 pater
1779 3804 2134 3885 audisset,
2200 3804 2429 3874 statim
2509 3824 2881 3875 accurrens
2935 3818 3059 3869 non
3101 3785 3160 3858 ad

651 3890 1086 3961 liberandum
1147 3915 1333 3973 eum,
1415 3892 1530 3962 sed
1586 3894 1815 3984 potius
1874 3893 1959 3962 ad
2013 3893 2466 3983 perdendum,
2520 3894 2713 3963 omni
2765 3884 3163 3960 miseratione

652 3981 1023 4063 subtracta,
1079 3995 1523 4071 pertractum,
1578 3981 1768 4050 domi
1871 3984 2044 4051 rimo
2095 3982 2343 4061 verbis,
2398 3981 2649 4052 deinde
2697 3977 3085 4051 verberibus
3117 3976 3162 4033 Θί

654 4070 950 4140 vinculis
979 4071 1194 4161 angit.
1254 4076 1408 4161 Ipse
1463 4083 1692 4140 autem
1756 4093 1794 4139 a
1892 4071 2369 4158 exequendum
2424 4073 2754 4151 Domino,
2814 4064 2997 4157 quod
3045 4075 3161 4151 coe·

554 4160 559 4169 ¹
656 4171 869 4246 perat,
923 4160 1306 4250 promptior
1352 4173 1415 4229 et
1451 4158 1745 4228 validior
1777 4159 2213 4241 reddebatur,
2273 4162 2580 4231 recolens
2634 4159 2809 4229 illud
2853 4143 3161 4251 Evangeli-

653 4268 811 4315 cum
851 4248 1130 4318 verbum
1169 4272 1181 4315 :
1229 4250 1425 4318 Beati
1446 4250 1569 4339 qui
1591 4251 2116 4337 persecutionem
2141 4251 2501 4339 patiuntur
2528 4260 2806 4341 propter
2827 4234 3155 4338 justiliam.

654 4338 972 4426 quoniam
1020 4340 1316 4428 ipsorum
1348 4348 1443 4407 est
1488 4359 1773 4426 reqnum
1823 4341 2180 4407 coelorum.

710 4462 735 4488 ¹⁸
764 4463 867 4503 Ital.
895 4464 1089 4513 Forsque».
