3347 4999
183 317 380 384 OCT.
445 317 528 382 214
885 335 964 381 nn
1012 335 1067 382 s.
1125 334 1422 384 commeo
1471 335 1773 383 comeam
1824 336 2095 383 aarum
2539 320 2667 386 4⁴9

181 420 278 491 ad
339 420 575 488 imum
628 418 936 489 defluant
973 418 1473 509 pavimentum,
1529 420 1655 489 hoc
1705 419 1909 489 etiam
1950 419 2150 489 nobis
2190 420 2258 488 in
2308 443 2388 490 eo
2437 421 2758 491 intolera-

180 510 340 580 bile
389 507 782 590 videbatur,
817 508 983 594 quia
1028 530 1185 577 cum
1236 509 1307 576 in
1348 511 1577 578 eremo
1623 522 1689 577 et
1735 529 1968 578 ocreas
2014 509 2308 578 nesciret
2353 523 2418 579 et
2462 510 2752 593 calceOS,

178 612 430 669 vestes
487 610 709 666 tamen
759 596 910 685 ejus
953 596 1042 665 ad
1098 597 1300 667 tibias
1350 597 1459 666 vix
1513 596 1773 666 medias
1839 596 2372 667 descendebant.
2444 600 2756 670 Nudatus

182 700 441 759 autem
507 685 593 754 ad
662 685 1177 775 suscipiendam
1230 687 1299 754 in
1350 685 1653 775 capitulo
1704 684 2191 775 disciplinam,
2258 685 2443 773 quod
2495 688 2757 758 scilicet

181 797 572 863 nunquam
623 775 934 844 omittere
993 774 1308 855 volebat,
1362 775 1579 845 exesis
1619 774 1883 862 ,iejunio
1944 773 2271 844 membris
2309 830 2324 855 ‚
2378 788 2442 845 et
2489 787 2757 846 amatae

187 866 473 937 loricae
511 862 689 933 mole
736 862 1024 945 detritis
1063 863 1525 953 Aethiopicam
1555 862 1980 933 contraxisse
2014 862 2446 954 nigredinem
2482 862 2758 933 videba-

182 969 333 1026 tur.
397 953 818 1022 Vestimenta
857 974 1010 1022 vero
1045 951 1273 1022 lurida
1304 964 1369 1021 et
1396 952 1688 1033 cariosa,
1722 965 1797 1021 ut
1832 953 1922 1021 ita
1956 951 2271 1034 dixerim,
2330 951 2748 1022 videbantur

184 1054 547 1113 vetustate
591 1055 1028 1198 consumpta.
1069 1045 1210 1111 Hoc
1250 1040 1420 1109 mihi
1455 1063 1657 1130 saepe
1680 1041 1995 1111 dicebat:
2035 1065 2072 1109 «
2102 1046 2177 1110 In
2206 1041 2367 1111 boc,
2454 1041 2758 1111 almodia

186 1130 532 1224 provenit
576 1130 710 1199 cito
763 1152 884 1217 psa
917 1129 1105 1209 lenti,
1160 1130 1216 1201 si
1249 1129 1454 1199 corde
1502 1130 1707 1199 verba
1758 1145 2000 1211 teneat,
2055 1130 2113 1199 si
2159 1153 2335 1218 quae
2409 1124 2623 1220 in‘gua
2658 1129 2757 1200 lo-

185 1222 474 1310 quitur,
519 1240 717 1289 mens
785 1219 1114 1289 veraciter
1159 1218 1722 1308 comprehendat.
1774 1218 2091 1306 Alioquin
2143 1220 2204 1289 si
2251 1241 2369 1289 cor
2418 1233 2704 1309 vagatur
2733 1275 2750 1301 ,

187 1309 648 1401 psalmorum
699 1328 951 1376 cursus
998 1306 1080 1376 ad
1133 1306 1339 1377 finem
1370 1361 1385 1387 ,
1431 1306 1670 1398 lingua
1730 1329 1919 1377 nunc
1982 1307 2283 1388 fallente,
2339 1329 2523 1376 nunc
2574 1321 2756 1397 tepe-

186 1411 469 1477 scente,
527 1396 714 1465 tarde
767 1395 1187 1483 perducitur.
1232 1419 1265 1462 »
1315 1397 1554 1483 Ajebat
1585 1396 1822 1477 etiam,
1868 1397 2032 1484 quia
2072 1417 2396 1466 somnum
2465 1419 2753 1467 somnus

185 1488 517 1565 adescat,
573 1498 639 1553 et
687 1483 956 1575 vigilias
997 1484 1270 1573 vigiliae
1321 1485 1621 1574 pariunt.
1676 1490 1841 1555 Nam
1894 1507 2146 1575 corpus
2211 1485 2625 1565 humanum,
2683 1485 2754 1555 in

181 1599 331 1664 quo
391 1572 733 1664 paulatim
786 1574 979 1664 prius
1012 1574 1380 1656 enutritur,
1422 1575 1490 1642 in
1520 1574 1647 1644 hoc
1692 1595 1810 1664 per
1848 1574 2273 1643 incrementa
2313 1574 2753 1663 postmodum

186 1666 598 1737 roboratur.

280 1762 321 1835 ἓ
377 1757 527 1824 14.
584 1749 710 1820 Sed
765 1749 873 1819 hic
925 1772 1033 1819 me
1080 1751 1431 1908 quis-[piam
1484 1750 1771 1827 fortasse
1813 1751 2211 1841 redarguat,
2264 1751 2387 1838 qui
2439 1749 2755 1820 videlicet

188 1866 337 1913 non
387 1855 560 1919 tam,
599 1860 803 1925 quem
842 1839 1113 1908 vivendi
1153 1862 1228 1909 or
1282 1840 1462 1909 inem
1501 1840 1613 1909 Vir
1647 1854 1930 1911 sanctus
1965 1840 2302 1921 habuerit,
2342 1839 2460 1909 sed
2501 1840 2759 1926 quibus

189 1928 580 2000 miraculis
627 1929 697 1996 in
734 1927 864 1996 hac
912 1927 1048 1997 vita
1095 1927 1443 1998 claruerit.
1498 1930 1740 1999 audire
1777 1929 2075 1999 festinat.
2140 1930 2258 1998 Cui
2306 1951 2416 1998 me
2464 1928 2759 1998 breviter

185 2022 329 2091 hoc
386 2016 808 2106 respondere
858 2016 1197 2086 sufficiat:
1245 2018 1572 2104 quoniam
1621 2031 1686 2087 et
1734 2018 1966 2100 Maria,
2011 2030 2075 2087 et
2116 2024 2420 2088 Joannes
2454 2017 2756 2107 Baptista

189 2106 637 2179 miraculum
686 2104 928 2175 fecisse
976 2128 1112 2175 non
1167 2106 1439 2195 legitur,
1485 2129 1644 2176 cum
1699 2119 1924 2177 tamen
1967 2129 2204 2177 eorum
2257 2107 2392 2175 vita
2422 2128 2556 2175 non
2584 2128 2754 2192 qua-

190 2197 371 2269 libet
430 2194 799 2283 scriptura‚
835 2193 950 2264 sed
987 2195 1351 2284 Evangelio
1386 2207 1669 2265 testante
1699 2210 2037 2265 narretur.
2071 2201 2505 2282 Quamquam
2542 2194 2755 2263 Maria

192 2287 266 2356 in
325 2284 485 2356 solo
538 2296 763 2373 partu,
802 2304 1009 2370 quem
1058 2283 1295 2365 edidit,
1332 2284 1646 2353 omnium
1687 2284 2145 2375 proculdubio
2182 2290 2584 2354 Sanctorum
2624 2283 2755 2352 vir-

193 2384 387 2445 tutes
445 2394 525 2441 ac
576 2372 774 2461 signa
844 2371 1213 2461 praecellit.
1280 2377 1421 2442 Hoc
1480 2373 1683 2441 etiam
1763 2373 2099 2452 inferam,
2156 2374 2320 2461 quia
2369 2372 2754 2442 uberiorem

196 2464 524 2535 fructum
576 2459 856 2550 praebet
903 2460 1346 2531 audientibus
1396 2466 1798 2532 Sanctorum
1852 2463 2152 2532 virorum
2191 2461 2532 2532 mirabilis
2588 2462 2747 2544 vita,

197 2575 426 2642 quam
485 2565 761 2621 osten-sa
836 2549 1200 2619 miracula.
1256 2550 1381 2619 Illa
1431 2551 1770 2637 siquidem
1837 2552 2043 2641 exigit
2092 2551 2570 2631 imitationem,
2628 2551 2758 2621 ista

197 2642 435 2712 solam
509 2640 836 2728 ingerunt
900 2637 1456 2709 admirationem.
1511 2639 1840 2709 Miracula
1904 2640 2179 2718 docent,
2241 2639 2586 2726 quomodo
2652 2638 2757 2707 illi

195 2729 438 2801 sancti
486 2727 710 2808 fuere3
765 2727 900 2795 vita
960 2749 1117 2797 veno
1167 2727 1500 2806 insinuat,
1558 2729 1852 2816 qualiter
1899 2742 1964 2799 et
2004 2751 2195 2798 nunc
2244 2729 2559 2797 homi-nes
2612 2726 2756 2795 fieri

194 2819 484 2889 valeant
518 2816 761 2887 sancti..
813 2820 1175 2905 Propterea
1221 2817 1342 2903 qui
1391 2817 1809 2888 miraculum
1852 2817 2150 2906 quaeriS‚
2197 2838 2331 2885 non
2384 2839 2470 2885 ne
2506 2815 2626 2884 tibi
2661 2815 2756 2883 vi-

160 2907 415 2991 detu-r
449 2927 599 2975 esse
640 2904 980 2984 mirabile,
1026 2905 1373 2974 bominem
1426 2906 1656 2996 fragili
1705 2907 1931 2976 adbuc
1965 2927 2169 2976 carne
2217 2903 2749 2983 circumdatum,

196 2994 567 3087 Angelitus
612 2993 721 3084 (ut
752 2995 845 3062 ita
876 2992 1152 3082 loquar)
1188 2995 1457 3076 vivere,
1513 2995 1682 3064 adeo
1731 3009 1808 3065 ut
1853 2995 2030 3064 inter
2069 2993 2586 3083 quamplurima
2634 2992 2757 3061 ho-

199 3087 483 3154 minum
529 3082 757 3151 millia
788 3136 803 3161 ‚
857 3082 967 3179 vix
1013 3105 1231 3152 unum
1284 3083 1344 3151 ei
1403 3084 1702 3154 similem
1777 3083 1998 3153 valeas
2055 3083 2400 3172 reperire?
2448 3086 2524 3150 Et
2569 3093 2752 3150 certe

202 3171 670 3261 quamplures
724 3170 925 3241 bodie
985 3184 1146 3241 sunt
1207 3171 1548 3241 inferioris
1617 3173 1789 3241 vitae
1825 3226 1840 3251 ‚
1897 3194 2015 3262 per
2075 3193 2249 3258 quos
2316 3176 2488 3241 Deus
2535 3171 2757 3239 omni·

203 3276 462 3351 potens
508 3259 579 3328 di
631 3273 837 3330 natur
905 3260 1226 3330 virtutem
1276 3260 1653 3330 ostendere.

299 3354 335 3438 ἓ
389 3351 531 3421 15.
621 3369 746 3417 esu
796 3361 982 3429 teste,
1013 3370 1151 3418 non
1186 3349 1500 3429 mentior,
1538 3349 1702 3436 quia
1735 3348 2026 3419 necdum
2064 3362 2198 3420 tres
2235 3370 2504 3419 menses
2537 3347 2755 3437 elapsi

209 3452 422 3515 sunt,
475 3458 556 3505 ex
603 3457 739 3523 quo
785 3436 870 3505 ad
947 3459 1056 3506 me
1103 3437 1171 3506 in
1230 3439 1560 3527 Samugni
1613 3436 1925 3507 videlicet
1971 3439 2199 3508 eremo
2247 3438 2705 3507 diversantem
2734 3491 2749 3516 ‚

207 3527 352 3597 duo
405 3525 871 3594 adolescentes
923 3526 1241 3594 monachi
1298 3539 1654 3604 venerunt,
1713 3548 2006 3613 quorum
2059 3527 2229 3595 alter
2276 3528 2358 3596 de
2408 3526 2757 3616 Spoletina

205 3613 663 3694 monarchia,
719 3613 890 3683 alter
937 3636 1092 3684 vero
1140 3614 1223 3683 de
1272 3616 1584 3684 Venetiae
1632 3615 1940 3685 dominio
1972 3669 1987 3697 ‚
2040 3615 2305 3684 Polensi
2357 3616 2389 3649 *
2440 3615 2758 3684 videlicet

199 3704 403 3782 urbe,
456 3701 790 3773 oriundos
838 3723 910 3770 se
949 3724 1100 3772 esse
1147 3703 1492 3774 dixerunt.
1548 3704 1673 3772 Sed
1713 3709 2025 3784 VenetuS,
2067 3703 2397 3774 vocabulo
2428 3702 2742 3785 Michael,

201 3793 388 3862 sicut
438 3791 635 3861 nobis
685 3791 755 3864 in
805 3789 1234 3861 confessione
1285 3792 1656 3882 perbibuit,
1724 3793 1796 3860 in
1869 3794 2017 3882 ipso
2067 3815 2234 3861 suae
2283 3792 2751 3861 conversionis

201 3879 428 3962 initio,
482 3880 743 3950 circulo
792 3878 1010 3948 ferreo
1037 3881 1168 3950 sub
1205 3882 1330 3950 hac
1361 3880 1686 3951 desiderii
1724 3881 1830 3951 sui
1865 3881 2179 3971 pactione
2211 3903 2283 3950 se
2316 3880 2744 3959 constrinxit,

204 3988 463 4056 rogans
515 3970 628 4038 Dei
677 3968 1170 4058 omnipotentis
1218 3970 1464 4040 obnixe
1514 3970 1977 4050 clementiam,
2033 3982 2106 4038 ut
2154 3991 2313 4038 cum
2366 3967 2594 4036 locum
2647 3990 2753 4036 sa-

204 4053 339 4122 luti
371 4080 536 4128 suae
570 4079 956 4149 congruum
997 4058 1343 4147 reperiret,
1385 4058 1742 4128 confestim
1790 4057 1903 4128 ille
1943 4058 2252 4127 circulus
2293 4058 2745 4146 frangeretur.

209 4145 424 4239 Porro
469 4159 697 4216 autem
750 4146 899 4237 ipso
939 4145 1072 4226 die,
1107 4170 1244 4236 quo
1292 4149 1599 4217 eremum
1655 4170 1872 4217 novus
1924 4147 2170 4236 hospes
2221 4148 2578 4234 ingressus
2625 4158 2746 4224 est,

211 4251 323 4298 le
377 4249 525 4323 post
572 4236 778 4305 trium
833 4235 1158 4305 horarum
1213 4239 1533 4325 spatium,
1589 4235 1753 4304 dum
1808 4237 1984 4306 beati
2034 4235 2378 4305 Benedicti
2414 4233 2748 4324 regu-lam,

216 4392 655 4495 figtcfioffizffilititff:
682 4403 794 4444 urbs
825 4406 895 4444 est
925 4396 1146 4448 nnn-ize,
1175 4411 1200 4441 a
1234 4400 1432 4447 Colchis,
1458 4401 1511 4439 ut
1540 4400 1705 4446 fertur,
1734 4401 1939 4444 sumata.
1973 4403 2110 4449 atque
2143 4408 2170 4439 a
2200 4396 2423 4441 Runanfs
2445 4396 2757 4447 scriptoribus:
