3347 4999
140 234 334 300 OCT.
399 234 489 298 44
933 254 1011 300 na
1059 255 1114 301 s.
1169 253 1543 300 anacaaano
1592 256 1841 301 namur.
1893 257 1990 302 Er.
2512 238 2626 302 391

151 351 305 405 tum
363 337 662 425 sibiipsi
700 338 1149 427 propriaeque
1183 337 2013 420 voluntati‘renunciavit,
2049 340 2416 427 nudusque
2465 340 2722 410 nudam

142 424 594 514 complexus
641 448 942 505 crucem,
986 447 1133 494 eam
1190 438 1337 515 post
1386 426 1726 496 Christum
1786 427 2090 513 quotidie
2147 427 2503 514 bajulavit.
2560 435 2727 499 Con-

146 514 500 582 siderans
553 525 782 583 autem
833 515 899 582 in
953 514 1081 582 hac
1128 514 1274 603 ipsa
1311 513 1482 584 vitae
1533 515 1939 604 perfectione
1977 515 2311 585 nonnulla
2349 528 2726 586 tentamen-

150 616 396 672 torum
457 602 794 671 scandala
827 603 979 671 »sibi
1028 603 1325 693 opponi,
1395 615 1556 692 puta
1604 624 1768 691 opes
1823 616 1887 671 et
1933 603 2216 673 delicias
2269 605 2562 694 patriae,
2617 628 2728 706 ge-

150 692 356 761 neris
389 691 816 771 claritatem,
870 692 1155 761 affectus
1204 691 1610 771 amicorum,
1664 705 2046 777 spretorum
2099 692 2360 779 objecta
2418 693 2728 781 praedio-

150 802 350 859 rum,
402 779 730 867 aliasque
797 780 1043 849 mundi
1092 779 1422 849 fumantis
1506 780 1833 860 nebulaS,
1886 782 2103 849 aciem
2176 802 2370 851 verae
2433 781 2728 851 theoriae

146 868 711 938 obnubilantes:
783 867 947 955 quid
1000 868 1083 937 de
1130 869 1281 955 ipso
1332 868 1476 936 fieri
1550 868 1748 937 vellet
1817 870 2251 959 omnipotens
2319 875 2537 949 Deus,
2595 870 2725 938 sibi

151 957 466 1026 revelari
527 971 644 1026 aut
702 957 1026 1046 inspirari
1090 956 1439 1026 continuis
1489 957 1808 1045 precibus
1857 959 2226 1028 ambiebat.
2289 958 2726 1043 Tandemque

153 1046 432 1135 spiritu
461 1044 739 1114 consilii
769 1058 833 1114 et
880 1045 1302 1114 fortitudinis
1329 1045 1710 1127 roboratuS,
1751 1060 2114 1136 perpetuae
2160 1046 2726 1137 peregrinationis

152 1134 498 1203 studium
558 1134 780 1202 modis
810 1135 1135 1203 omnibus
1183 1133 1501 1223 amplecti
1538 1134 1960 1204 deliberavit.
2003 1137 2303 1224 Denique
2340 1135 2548 1205 natali
2582 1134 2726 1204 solo

157 1245 290 1323 pro
345 1237 545 1291 terra
589 1223 958 1291 viventium
1010 1221 1268 1301 relicto,
1316 1244 1399 1291 ne
1431 1222 1846 1310 quandoque
1883 1223 2079 1293 illum
2122 1223 2421 1314 pericula
2475 1222 2725 1292 inferni

155 1312 630 1391 invenirent,
688 1310 1109 1401 periculosos
1158 1311 1522 1399 allicientis
1585 1311 1712 1380 sali
1764 1312 2014 1383 fluctus
2094 1312 2592 1392 transfretavit,
2664 1323 2729 1380 et

158 1399 445 1469 Galliae
475 1405 790 1468 Comatae
822 1400 855 1435 ⁴²
891 1399 1174 1469 limitem
1213 1400 1578 1489 attingens,
1630 1401 1697 1469 in
1731 1400 2029 1486 quodam
2061 1402 2224 1472 satis
2258 1400 2507 1470 humili
2544 1400 2715 1481 locO,

156 1510 325 1557 vere
365 1510 515 1558 non
555 1488 816 1557 habens
856 1488 968 1557 hic
1003 1499 1386 1557 manentem
1424 1488 1790 1570 civitatem,
1831 1489 1944 1558 sed
1999 1489 2298 1559 futuram
2338 1490 2719 1577 inquirenS‚

154 1575 630 1663 aliquamdiu
677 1577 805 1645 sub
839 1577 1078 1645 habitu
1131 1577 1469 1667 peregrini
1519 1576 1811 1646 delituit.

256 1668 295 1752 ξ
365 1671 470 1737 3.
539 1665 887 1734 Rutilabat
938 1665 1048 1733 his
1098 1665 1521 1754 temporibus
1570 1666 1763 1734 stella
1814 1687 1965 1735 vere
2013 1666 2285 1737 coelesti
2333 1665 2634 1754 fulgore,
2690 1688 2730 1735 a

165 1753 456 1834 multis,
514 1775 690 1840 quae
741 1767 901 1823 tunc
952 1755 1276 1842 temporis
1317 1753 1743 1835 videbantur,
1785 1753 1998 1823 stellis
2066 1755 2410 1834 disserena,
2457 1753 2729 1822 Winfri-

157 1842 334 1923 duS‚
386 1843 721 1931 indigena
774 1841 990 1910 nihilo
1029 1843 1260 1910 minus
1290 1842 1591 1930 Angliae,
1645 1844 1766 1928 qui
1815 1842 2078 1911 dudum
2119 1844 2338 1932 patria
2386 1855 2450 1912 et
2490 1864 2730 1931 paren-

165 1932 395 2011 tibus,
438 1932 655 2000 immo
703 1930 971 2001 cunctis
1008 1930 1413 1999 transitoriis
1454 1952 1576 2021 pro
1609 1931 1870 2003 Christo
1901 1931 2264 2013 derelictiS,
2318 1955 2396 2001 ac
2447 1953 2566 2020 per
2596 1931 2720 1999 hoc

169 2020 422 2088 Sancti
479 2019 775 2107 Spiritus
825 2040 984 2108 prae
1023 2019 1470 2108 participibus
1520 2020 1664 2087 suis
1716 2034 1967 2089 unctus
2015 2020 2185 2103 oleo,
2241 2020 2502 2091 semina
2543 2018 2731 2089 verbi

170 2109 322 2188 Dei,
367 2109 461 2177 ab
498 2107 877 2197 Apostolica
917 2108 1072 2179 sede
1120 2108 1251 2176 sibi
1292 2108 1560 2187 tradita,
1606 2109 1750 2196 jam
1800 2108 2241 2198 Evangelicae
2290 2129 2729 2197 summopere

174 2197 539 2265 insudans
586 2197 1072 2285 agriculturae,
1131 2218 1249 2287 per
1294 2196 1679 2265 vastissima
1731 2218 2094 2286 regnorum
2147 2198 2551 2268 Germaniae
2612 2195 2730 2266 de-

171 2298 362 2354 serta
422 2285 815 2384 spargebat.
852 2286 974 2354 Hic
1012 2285 1279 2354 Domini
1328 2286 1608 2363 electuS,
1639 2297 1703 2353 et
1737 2286 1913 2353 inter
1952 2307 2113 2355 suos
2165 2287 2386 2374 primo
2422 2308 2540 2375 per
2585 2307 2731 2354 om-

175 2375 297 2441 nia
343 2373 901 2454 laudatissimuS,
953 2372 1536 2459 quemadmodum
1591 2373 1832 2442 litteris
1867 2374 2235 2464 Anglorum
2288 2375 2473 2464 apud
2509 2372 2733 2443 Eccle-

80 2513 91 2523 .
172 2462 362 2531 siam
427 2467 803 2532 Romanam
878 2462 1440 2542 commendatuS,
1508 2461 1956 2551 ejusdemque
2013 2475 2420 2533 cunctarum
2495 2462 2734 2531 matris

179 2551 657 2622 Ecclesiarum
699 2552 1147 2621 contubernio
1187 2552 1272 2619 sit
1301 2552 1611 2640 junctuS,
1651 2551 1819 2621 adeo
1852 2565 1925 2621 ut
1975 2552 2171 2623 bonis
2203 2574 2282 2621 ex
2330 2551 2526 2621 factis
2558 2551 2727 2630 suiS,

182 2651 463 2709 mutato
513 2639 829 2720 nomine,
886 2662 1005 2727 per
1054 2641 1453 2729 Gregorium
1528 2644 1778 2727 Papam
1830 2640 2220 2709 Bonifacius
2290 2639 2724 2730 appellatuS,

182 2741 252 2797 et
307 2726 615 2818 pontifex
664 2728 752 2797 sit
789 2741 1227 2798 consecratus
1262 2781 1276 2806 ,
1326 2741 1526 2814 atque
1580 2733 1868 2817 Legatus
1916 2728 2338 2817 Apostolicus
2386 2729 2453 2795 in
2509 2740 2733 2815 partes

184 2817 643 2886 Germanicas
691 2816 1094 2896 destinatus,
1162 2816 1539 2905 plurimum
1592 2817 1851 2885 Christo
1904 2817 2234 2906 populum
2285 2814 2726 2902 acquisierit,

191 2910 468 2995 Regum
506 2927 583 2973 ac
645 2906 1034 2995 principum
1079 2904 1367 2994 adeptus
1417 2905 1991 2984 benevolentiam,
2046 2904 2297 2974 nobilis
2347 2902 2734 2990 Moguntiae

192 2993 797 3083 metropolitanam
849 2994 1221 3082 susceperit
1273 2993 1707 3072 cathedram,
1760 2994 2119 3080 ipsamque
2171 3004 2397 3080 postea
2463 2990 2734 3059 Archie-

194 3083 600 3182 piscopatus
650 3081 856 3172 pallio
906 3083 1412 3162 sublimaverit,
1467 3080 1948 3172 gener-aliaque
2010 3079 2299 3149 concilia
2373 3078 2734 3167 cisalpinis

162 3192 265 3261 ⁴ln
320 3170 645 3239 Ecclesiis
692 3171 1241 3260 congregaverit,
1300 3171 1530 3257 ibique
1591 3168 1804 3238 multa
1863 3168 2267 3258 corrigenda
2320 3166 2727 3246 correxerit,

196 3258 315 3327 sed
385 3272 450 3328 et
498 3258 950 3348 multiplicem
1005 3281 1285 3348 prorsus
1339 3270 1697 3345 quaestum
1766 3258 2048 3326 Domino
2122 3279 2245 3326 suo
2311 3255 2395 3325 de
2457 3269 2736 3345 accepto

200 3347 458 3417 talento
490 3347 692 3438 longo
726 3359 1024 3437 tempore
1054 3347 1485 3416 villicationis
1517 3368 1681 3414 suae
1714 3345 2020 3416 lucratus
2044 3347 2153 3427 sit;
2195 3346 2383 3426 haec,
2420 3346 2731 3431 inquam,

200 3436 563 3521 multaque
611 3436 746 3505 alia
799 3438 922 3504 Deo
970 3436 1202 3525 digna,
1246 3437 1555 3521 scituque
1604 3435 2011 3516 necessaria,
2052 3435 2120 3503 in
2166 3434 2511 3525 plurimis,
2560 3454 2736 3519 quae

198 3523 553 3615 eleganter
592 3525 678 3593 de
708 3546 786 3594 eo
820 3525 1069 3614 scripta
1106 3523 1566 3613 reperiuntur,
1602 3522 1966 3623 diligenter
2006 3525 2248 3593 investi
2305 3544 2419 3591 are
2444 3522 2741 3608 quisque

206 3625 449 3700 potest.
505 3614 1006 3702 cooperabatur
1053 3614 1291 3699 utique
1318 3613 1385 3679 in
1426 3611 1531 3679 his
1579 3612 1905 3681 omnibus
1946 3611 2109 3681 huic
2144 3611 2276 3681 fide
2312 3613 2326 3679 i
2365 3631 2557 3679 servo
2584 3631 2734 3690 suc,

205 3703 512 3789 satisque
565 3701 884 3790 prudenti
932 3699 1385 3790 dispensatori
1436 3698 1738 3770 clemens
1786 3700 1903 3768 ille
1962 3698 2457 3770 Paterfamilias
2504 3709 2570 3766 et
2617 3703 2743 3767 Do-

210 3790 466 3870 minus,
524 3790 592 3857 in
643 3789 843 3878 cujus
894 3811 1105 3859 manu
1153 3800 1557 3857 cunctarum
1612 3789 1919 3880 gentium
1971 3802 2102 3858 stat
2161 3788 2372 3867 salus,
2427 3786 2496 3853 in
2541 3787 2743 3875 cujUs

208 3878 829 3965 praedestinatione
865 3878 1234 3947 miserendi
1271 3897 1509 3946 earum
1562 3876 1863 3968 singulis
1912 3900 2114 3946 suum
2160 3874 2551 3966 disponitur
2578 3886 2745 3943 tem-

210 3986 366 4053 pus.
446 3971 531 4035 De
593 3988 730 4054 quo
779 3965 1202 4035 verissimam
1284 3965 1579 4052 legimus
1630 3965 2093 4065 prophetiam:
2153 3966 2365 4033 immo
2408 3963 2552 4049 jam
2608 3984 2743 4032 non

216 4055 671 4144 prophetiam,
737 4053 850 4123 sed
903 4053 1248 4123 evidenter
1296 4052 1646 4123 cernimus
1709 4053 2105 4122 historiam:
2167 4052 2520 4121 Descendec
2575 4053 2747 4120 sicut

207 4142 446 4230 pluvia
493 4147 562 4212 in
616 4147 870 4223 vellica,
943 4153 1005 4211 et
1050 4145 1221 4212 sicut
1266 4143 1621 4210 stillicidia
1686 4143 2029 4210 stillantia
2106 4163 2308 4231 super
2357 4151 2631 4220 terram,
2684 4150 2750 4208 et

209 4244 474 4301 caetera
523 4254 738 4319 usque
794 4230 876 4300 ad
927 4253 1084 4301 eum
1165 4231 1433 4301 locum:
1486 4235 1567 4299 Et
1640 4231 2015 4301 adorabunt
2073 4252 2226 4299 eum
2286 4251 2506 4297 omnes
2560 4249 2748 4317 reyes

265 4356 292 4383 ⁸*
327 4357 453 4406 Quae
474 4358 548 4399 est
565 4358 759 4402 Frmt'a
776 4358 967 4410 proprie
986 4358 1129 4403 diets.
