3347 4999
679 305 798 370 136
1446 323 1522 369 na
1572 323 1627 370 s.
1685 287 2029 371 raanctsco
2078 320 2261 369 conr.
2872 301 3076 368 OCT.
3144 304 3185 365 4

578 408 996 486 deservienS,
1038 407 1372 476 voluntati
1405 421 1470 475 et
1511 406 1801 496 impessio
1849 407 2001 496 eJ'us
2066 403 2476 475 mirabiliter
2538 405 2952 494 subjaceret.
3013 403 3186 472 Alio

577 497 782 566 etiam
819 509 1122 584 ternpore
1158 495 1343 583 apud
1392 497 1706 565 eremum
1749 496 1970 564 sancti
2021 494 2278 564 Urbani
2310 494 2368 575 ⁸,
2415 497 2617 563 Servo
2668 495 2782 562 Dei
2831 494 3182 581 aegritu-

579 585 740 654 dine
775 584 1179 675 gravissima
1218 585 1595 666 laborante,
1644 607 1806 653 cum
1868 584 2015 674 ipse
2074 595 2359 653 naturae
2416 581 2754 652 defectum
2800 583 3177 661 sentienS,

581 675 722 743 vini
762 672 1088 763 poculum
1131 674 1565 762 postulasset,
1626 673 1940 760 nihilque
1970 671 2054 741 de
2082 672 2263 753 vino,
2299 671 2484 759 quod
2522 671 2653 741 sibi
2686 671 2840 740 dari
2885 684 3175 761 posset,

578 762 1110 852 responderetur
1143 762 1406 842 adesse,
1438 760 1652 848 jussit
1688 785 1726 831 a
1779 783 1942 831 uam
1980 761 2233 841 afferri,
2261 774 2326 830 et
2355 759 2633 829 allatam
2672 760 2875 850 signo
2905 760 3181 829 Crucis

577 852 759 922 edito
809 851 1179 920 benedixit.
1222 857 1366 919 Mox
1403 853 1640 918 vinum
1694 873 1729 920 e
1784 851 1991 920 icitur
2038 851 2408 941 optimum,
2462 848 2647 937 quod
2698 848 2926 918 fuerat
2962 870 3177 934 aqua

578 963 778 1042 pura,
807 954 867 1009 et
903 939 1088 1027 quod
1117 939 1368 1010 deserti
1404 939 1534 1008 loci
1569 953 1940 1028 paupertas
1972 961 2107 1009 non
2148 939 2390 1028 potuit,
2427 939 2566 1017 Viri
2607 939 2829 1007 sancti
2876 939 3178 1027 puritas

579 1031 993 1120 impetravit.
1050 1027 1141 1097 Ad
1193 1029 1397 1118 cujus
1445 1041 1727 1119 gustum
1785 1040 1968 1097 tanta
2022 1028 2336 1118 protinus
2384 1026 2708 1097 facilitate
2756 1025 3168 1103 convaluit,

580 1133 656 1188 ut
705 1119 971 1209 saporis
1026 1117 1312 1196 novitaS,
1360 1129 1425 1186 et
1475 1117 1819 1187 innovatio
1853 1116 2188 1197 sanitatiS,
2243 1116 2586 1207 gustabile
2614 1139 2692 1186 ac
2741 1128 3170 1207 gustantem

582 1207 1043 1296 supernaliter
1093 1206 1519 1285 innovantes,
1562 1204 1927 1295 perfectam
1965 1206 2033 1274 in
2079 1206 2228 1306 ipso
2275 1205 2839 1294 exspoliationem
2896 1204 3173 1274 veteris

582 1297 911 1374 hominis,
979 1308 1044 1362 et
1101 1295 1558 1364 induitionem
1614 1296 1811 1372 novi,
1869 1294 2133 1385 duplici
2183 1295 2613 1365 attestatione
2662 1295 3067 1363 firmarent.

671 1388 706 1472 ξ
754 1390 917 1456 36.
976 1389 1116 1452 Non
1153 1384 1375 1452 solum
1428 1399 1741 1453 creatura
1788 1388 1990 1453 Servo
2026 1384 2141 1453 Dei
2189 1384 2526 1453 serviebat
2572 1382 2653 1452 ad
2701 1396 2986 1464 nutum,
3036 1381 3166 1460 sed

581 1487 646 1543 et
682 1474 1016 1543 creatoris
1052 1473 1310 1560 ubique
1394 1472 1767 1542 rovidentia
1804 1472 2395 1544 condescendebat
2435 1472 2519 1540 ad
2559 1471 2923 1562 placitum.
2973 1477 3163 1541 Cum

583 1564 765 1632 enim
823 1575 1124 1650 tempore
1172 1584 1309 1648 quo
1362 1583 1470 1630 am
1523 1583 1602 1629 ex
1645 1560 2018 1631 multarum
2065 1561 2546 1631 infirmitatum
2584 1582 2965 1640 concursu,
3033 1582 3167 1649 ag-

582 1663 862 1742 gravato
922 1672 1229 1740 corpore,
1284 1650 1368 1719 ad
1406 1649 1919 1737 jucunditatem
1972 1650 2259 1740 spiritus
2304 1650 2763 1728 excitandam,
2834 1649 3167 1738 alicujus

583 1738 913 1809 audiendi
944 1739 1092 1810 soni
1129 1739 1558 1808 harmoniaci
1599 1738 2020 1808 desiderium
2057 1739 2435 1821 habuisset,
2481 1761 2606 1808 nec
2658 1738 2719 1807 id
2760 1739 3168 1808 honestatis

582 1828 894 1898 decentia
944 1850 1062 1919 per
1095 1827 1557 1896 ministerium
1610 1828 1756 1898 fieri
1812 1840 2153 1917 pateretur
2207 1828 2622 1908 humanum,
2674 1827 2871 1896 affuit
2923 1833 3167 1917 Ange-

585 1917 806 1987 lorum
860 1917 1270 2003 obsequium
1331 1916 1414 1984 ad
1468 1916 1599 1986 Viri
1655 1918 1878 1987 sancti
1934 1917 2265 2007 placitum
2317 1916 2871 2006 adimplendum.
2935 1921 3164 1985 Nocte

582 2007 833 2075 etenim
876 2006 1203 2093 quadam,
1258 2005 1583 2094 vigilante
1635 2007 1806 2095 ips0,
1845 2020 1910 2076 et
1959 2005 2332 2077 meditante
2377 2006 2463 2075 de
2505 2007 2814 2082 Domino,
2861 2019 3166 2093 repente

587 2094 896 2165 insonuit
942 2094 1206 2163 cithara
1277 2094 1619 2180 quaedam
1692 2095 2093 2165 harmoniae
2160 2094 2501 2164 mirabilis
2546 2108 2610 2164 et
2682 2095 3166 2164 suavissimae

585 2183 943 2253 melodiae.
991 2188 1130 2252 Non
1184 2183 1543 2252 videbatur
1590 2183 1868 2270 aliquis,
1908 2183 2024 2253 sed
2065 2184 2428 2253 transitum
2466 2197 2531 2253 et
2570 2182 2866 2252 reditum
2921 2183 3166 2252 citha-

584 2273 798 2348 roedi,
835 2273 981 2361 ipsa
1006 2272 1167 2340 hinc
1201 2271 1363 2342 inde
1394 2272 1676 2342 auditus
1708 2273 2097 2343 volubilitas
2134 2273 2489 2342 innuebat.
2523 2272 2779 2362 Spiritu
2813 2273 2882 2339 in
2928 2277 3160 2341 Deum

585 2362 867 2440 direct0‚
910 2372 1097 2430 tanta
1144 2361 1273 2429 fuit
1324 2363 1389 2429 in
1430 2360 1547 2441 illo
1583 2361 1943 2432 dulcisono
1992 2362 2300 2432 carmine
2347 2362 2678 2431 suavitate
2728 2360 3158 2449 perfruitus,

584 2464 662 2521 ut
713 2448 900 2519 aliud
947 2472 1018 2521 se
1068 2461 1335 2539 putaret
1377 2450 1688 2521 seculum
1742 2464 2228 2522 commutasse.
2283 2455 2425 2521 Hoc
2472 2464 2538 2520 et
2570 2450 2809 2520 fratres
2860 2449 3002 2520 sibi
3055 2450 3163 2519 fa-

586 2539 892 2609 miliares
943 2562 1074 2609 non
1113 2539 1333 2620 latuit,
1386 2541 1505 2626 qui
1557 2562 1681 2629 per
1726 2554 1908 2609 certa
1957 2540 2347 2628 frequenter
2393 2522 2916 2631 conspiciebant
2966 2540 3161 2608 indi—

584 2630 713 2707 cia,
751 2651 907 2698 eum
964 2642 1099 2697 tarn
1148 2628 1496 2698 excessius
1541 2642 1606 2698 et
1645 2629 1906 2699 crebris
1959 2629 2548 2699 consolationibus
2615 2651 2652 2697 a
2697 2628 2995 2697 Domino
3054 2630 3162 2697 vi-

585 2718 801 2793 sitari,
837 2731 910 2786 ut
947 2740 1068 2785 nec
1105 2718 1290 2807 ipsas
1315 2718 1597 2787 omnino
1630 2719 1977 2788 occultare
2008 2719 2280 2788 valeret.
2320 2718 2465 2788 Alio
2494 2739 2766 2805 quoque
2800 2729 2936 2786 tem
3002 2739 3156 2793 ore,

583 2808 738 2875 Viro
782 2807 920 2885 Dei,
986 2806 1517 2896 praedicationis
1562 2810 1816 2888 causa,
1887 2809 2061 2877 inter
2115 2807 2593 2883 Lombardiam
2644 2819 2709 2876 et
2759 2812 2944 2875 Marc
3010 2806 3158 2875 iam

583 2896 999 2965 Tervisinam
1053 2896 1178 2963 iter
1215 2910 1458 2987 agente
1505 2917 1664 2965 cum
1702 2895 1906 2966 fratre
1940 2895 2125 2966 socio
2149 2897 2349 2987 juxta
2407 2895 2705 2975 Padum,
2776 2898 3158 2965 tenebrosa

584 2985 804 3054 noctis
839 2984 1235 3072 supervenit
1281 2985 1688 3054 obscuritas.
1736 2991 2040 3072 Cumque
2078 2986 2187 3054 via
2226 2997 2404 3054 esset
2449 2984 2753 3073 exposita
2807 2984 3154 3073 periculis

587 3072 860 3164 magnis
915 3074 1288 3152 etmultis,
1348 3088 1623 3164 propter
1687 3074 2000 3144 tenebras
2033 3130 2048 3156 ,
2118 3075 2407 3144 fluvium
2459 3084 2524 3142 et
2572 3072 2912 3161 paludes,
2972 3073 3154 3143 dixit

586 3166 814 3231 socius
854 3162 937 3229 ad
974 3162 1204 3230 Virum
1243 3177 1586 3231 sanctum:
1623 3185 1660 3228 «
1686 3167 1840 3242 Ora,
1929 3176 2095 3244 ater,
2125 3175 2203 3233 ut
2235 3162 2319 3232 de
2355 3162 2772 3232 instantibus
2807 3161 3151 3251 periculis

588 3252 1058 3319 liberemur.»
1109 3250 1226 3318 Cui
1282 3254 1391 3320 Vir
1440 3251 1554 3320 Dei
1602 3272 1763 3320 cum
1806 3252 1849 3321 si
1908 3252 2062 3322 ucia
2112 3251 2330 3322 multa
2363 3250 2760 3340 respondit:
2816 3273 2852 3315 «
2892 3255 3150 3320 Potens

585 3353 686 3410 est
723 3343 919 3415 Deus,
962 3339 1015 3407 si
1074 3338 1293 3426 placet
1341 3362 1505 3408 suae
1553 3339 1934 3419 dulcedini,
1990 3342 2426 3411 tenebrarum
2467 3340 2764 3429 effugata
2805 3337 3141 3429 caligine,

584 3427 1000 3499 beneficium
1041 3426 1240 3497 nobis
1280 3428 1678 3517 impendere
1728 3429 1976 3500 lucis.»
2027 3430 2147 3500 Vix
2195 3451 2582 3499 sermonem
2642 3427 3139 3517 compleverat,

584 3530 648 3586 et
694 3536 851 3586 ecce
899 3527 1084 3585 tanta
1126 3516 1241 3585 lux
1284 3517 1467 3586 illico
1514 3519 1738 3607 coepit
1783 3519 1967 3588 circa
2015 3540 2132 3588 eos
2179 3540 2478 3609 superna
2525 3517 2791 3587 radiare
2859 3516 3139 3596 virtute,

586 3619 663 3676 ut
705 3618 898 3673 nocte
946 3603 1103 3674 aliis
1141 3606 1467 3677 existente
1500 3607 1821 3687 obscura,
1878 3607 2008 3697 ipsi
2061 3607 2214 3678 luce
2262 3608 2449 3677 clara
2491 3606 2796 3675 viderent
2845 3627 2984 3674 non
3030 3628 3144 3676 so-

585 3694 728 3765 lum
770 3692 973 3773 viam,
1022 3714 1254 3762 verum
1307 3695 1509 3764 etiam
1565 3695 1865 3785 plurima
1915 3697 2321 3783 circumqua
2377 3718 2486 3765 ue.
2542 3696 2750 3784 Cujus
2793 3694 2972 3763 lucis
3008 3695 3144 3763 du-

584 3795 742 3853 catu
783 3781 1231 3872 corporaliter
1277 3783 1543 3866 directi,
1595 3797 1660 3855 et
1708 3785 2158 3876 spiritualiter
2205 3807 2330 3854 con
2366 3785 2588 3856 ortati.
2644 3805 2863 3870 usque
2912 3783 2996 3852 ad
3044 3782 3143 3852 lo-

583 3892 743 3941 cum
780 3871 1055 3959 hospitii
1094 3891 1214 3961 per
1252 3894 1387 3943 non
1433 3873 1782 3944 modicum
1825 3874 1970 3943 viae
2003 3875 2301 3963 spatium
2345 3896 2504 3943 cum
2548 3873 2803 3942 divinis
2852 3871 3143 3961 hymnis

583 3974 649 4029 et
680 3958 1011 4030 laudibus
1061 3960 1443 4032 incolumes
1496 3976 1974 4053 pervenerunt.
2028 3962 2379 4054 Perpende
2426 3975 2724 4049 quantae
2771 3959 2977 4031 fuerit
3026 3962 3142 4029 Vir

582 4051 710 4120 iste
747 4048 1149 4129 munditiae,
1202 4066 1639 4140 quantaeque
1686 4051 1981 4131 virtutis,
2010 4052 2094 4121 ad
2142 4054 2347 4142 cujus
2392 4065 2663 4131 nutum,
2717 4072 2922 4121 suum
2954 4050 3140 4138 ignis

583 4137 900 4236 ardore-m
952 4151 1441 4231 contemperat,
1481 4162 1661 4227 aqua
1696 4162 2011 4241 saporem
2041 4143 2444 4221 commutat,
2485 4139 2808 4229 Angelica
2858 4140 3139 4228 praebet

586 4225 884 4296 melodia
933 4225 1300 4308 solatium,
1356 4242 1419 4297 et
1469 4228 1585 4298 lux
1653 4228 1888 4298 divtna
1953 4229 2323 4299 ducatum:
2378 4242 2454 4300 ut
2526 4228 2625 4298 sic
2688 4228 3139 4297 sanctificatis

583 4316 725 4384 virt
774 4316 993 4383 sancti
1042 4316 1386 4396 sensibus,
1426 4318 1655 4389 omnis
1707 4317 2032 4408 probetur
2082 4317 2328 4388 mundi
2394 4317 2714 4386 machina
2766 4317 3131 4388 deservire.

639 4445 662 4467 *
694 4444 747 4482 In
768 4451 881 4492 agro
905 4444 1137 4483 Nax-nemi
1157 4444 1349 4489 (Narnia
