3347 4999
711 319 839 383 296
1291 333 1370 379 nii
1418 333 1474 379 s.
1529 331 1839 379 Lenonco
1886 330 2251 378 nummo
2298 330 2482 378 coxit.
2896 311 3071 378 OCT.
3126 315 3175 378 9

619 419 956 491 tremendi
992 418 1312 487 sacrificii
1344 418 1718 487 elevatione
1742 439 1901 485 cum
1932 422 1999 486 S.
2024 421 2216 485 Petro
2242 430 2542 504 martyre
2568 437 2649 485 ex
2678 415 2941 486 intimis
2970 438 3175 505 prae·

618 509 876 580 cordiis
915 508 1219 575 divinam
1261 508 1672 594 Maiestatem
1708 517 2060 574 exoraret:
2116 511 2213 574 Da
2260 506 2454 584 milii,
2498 508 2794 585 Domine,
2836 516 2908 572 ut
2937 528 3058 593 pro
3104 516 3175 573 te

619 602 893 675 moriar,
948 596 1508 687 quernadmodum
1554 619 1678 685 pro
1710 618 1813 663 me
1844 597 2018 663 mori
2060 598 2354 663 coluisti.
2408 599 2485 663 ln
2538 607 2904 683 prospectu
2950 594 3169 662 eiiam

619 687 948 776 imaginis
1000 686 1217 755 sancti
1281 685 1610 753 vincentii
1683 686 2007 753 martvris
2057 684 2318 752 eisdem
2382 684 2623 772 poenis
2669 697 2734 751 et
2796 682 3174 771 suppliciis

619 776 878 863 quibus
927 774 1074 863 ipse
1127 775 1408 842 certavit
1458 786 1524 842 et
1571 774 1754 849 vicit,
1808 757 1986 841 affici
2049 773 2481 841 vehementer
2528 772 2809 861 optavit.
2861 770 3173 841 Audiens

619 886 876 955 poenas
921 863 1181 949 quibus
1232 884 1352 951 pro
1413 862 1549 931 fide
1608 862 1859 931 Christi
1908 866 2031 930 sua
2088 874 2306 930 aetate
2362 860 2579 947 aliqui
2636 861 2930 949 gloriose
2976 859 3168 928 diem

619 954 1012 1022 clauserant
1057 963 1463 1030 extremum,
1502 973 1582 1020 ex
1624 950 1967 1039 profundo
2013 950 2245 1019 cordis
2277 952 2346 1018 in
2370 950 2601 1039 jubilo
2627 971 3024 1037 erumpens,
3062 948 3172 1016 eis

619 1064 780 1111 cum
833 1039 1184 1109 similibus
1217 1041 1516 1109 victoriis
1560 1039 1717 1108 totis
1766 1039 2147 1109 visceribus
2184 1061 2258 1107 se
2287 1039 2549 1108 socium
2577 1038 2783 1128 jungi
2814 1038 3169 1125 cupiebat.

712 1137 750 1211 S
797 1133 880 1201 8.
933 1128 1181 1198 Eadem
1200 1129 1545 1198 ‘charitate
1576 1129 1780 1197 etiam
1840 1150 2001 1217 erga
2038 1129 2426 1217 proximum
2458 1126 2733 1206 ardens,
2769 1128 3170 1195 animarum

623 1218 864 1289 solatia
909 1232 974 1286 et
1036 1239 1441 1306 progressus
1498 1218 1654 1287 totis
1705 1216 1967 1287 viribus
2008 1217 2468 1306 promovebat.
2524 1221 2868 1301 Frequens
2916 1214 3043 1283 suit
3092 1214 3168 1282 in

622 1307 1175 1377 confessionibus
1220 1306 1609 1388 audiendis,
1667 1328 1789 1395 pro
1836 1305 2130 1375 aliorum
2165 1306 2393 1394 culpis
2431 1304 2817 1393 expiandis,
2851 1303 3050 1372 duris
3091 1324 3168 1373 se

621 1396 916 1496 flagellis
945 1395 1260 1474 caedenS,
1296 1396 1551 1489 quibus
1575 1396 1942 1464 mulierem
1983 1395 2303 1463 honestae
2329 1392 2583 1481 (quoad
2624 1392 2972 1479 seculum)
2995 1413 3166 1461 con-

619 1485 926 1561 ditionis,
970 1485 1175 1573 cujus
1209 1484 1536 1573 peccandi
1570 1483 2141 1552 consuetudinem
2174 1537 2190 1561 ,
2260 1488 2389 1551 Deo
2441 1481 2801 1559 revelante,
2857 1492 3159 1560 noverat,

619 1575 976 1643 revocavit.
1024 1572 1543 1642 adolescentula
1576 1574 1783 1641 etiam
1838 1594 1920 1641 ne
1959 1572 2277 1651 caderet,
2331 1571 2763 1639 orationibus
2808 1582 2874 1638 et
2926 1569 3163 1659 poenis

619 1686 658 1731 a
699 1667 826 1731 Deo
858 1662 1178 1731 obtinuit.
1227 1662 1436 1729 Pestis
1489 1675 1790 1751 tempore
1830 1681 2305 1747 quoscumque
2355 1659 2707 1729 mendicos
2753 1659 2991 1728 obvios
3040 1658 3164 1726 ha-

620 1752 882 1821 buisset
921 1751 1004 1820 ad
1055 1763 1465 1818 conventum
1496 1754 1563 1817 S.
1602 1756 1833 1818 Annae
1865 1749 2208 1837 Albaydae
2247 1770 2669 1835 quamquam
2707 1748 2939 1835 inopia
2976 1746 3166 1815 labo-

621 1853 909 1920 rantem,
949 1840 1070 1908 ubi
1107 1852 1271 1907 tunc
1309 1860 1567 1907 munus
1599 1839 1842 1928 agebat
1868 1838 2269 1925 superioris,
2312 1836 2717 1906 reficiendos
2746 1835 3156 1916 adducebat,

616 1929 846 1998 dicere
879 1928 1122 1997 solitus
1157 1932 1367 1995 Deum
1412 1948 1771 2015 nunquam
1808 1927 1940 1997 sibi
1974 1926 2273 1995 fideliter*
2297 1925 2754 1995 servientibus
2786 1924 3045 1993 deesse.
3084 1929 3161 1993 ln

621 2019 767 2087 vias
798 2030 863 2086 et
921 2029 1186 2085 montes
1286 2016 1611 2084 rocedens
1645 2070 1659 2089 .
1709 2030 1892 2106 peste
1931 2016 2262 2084 extinctos
2301 2015 2660 2104 sepultura
2706 2013 3030 2083 donabat.
3084 2018 3161 2081 In

622 2105 1064 2176 xenodochiis
1102 2116 1167 2173 et
1251 2105 1526 2174 omibus
1562 2106 1874 2174 infirmos
1906 2127 2109 2193 saepe
2148 2104 2474 2183 invisens,
2521 2126 2758 2172 eorum
2797 2103 3157 2192 plurimos,

619 2196 986 2283 imponens
1016 2193 1117 2261 eis
1153 2214 1423 2270 manus,
1470 2206 1536 2260 et
1572 2215 1693 2281 pro
1724 2194 1824 2262 eis
1857 2193 2261 2283 deprecanS,
2308 2193 2583 2261 sanitati
2624 2191 2951 2261 restituit:
2992 2190 3167 2259 inter

623 2304 826 2369 quos,
868 2302 1000 2349 non
1051 2282 1200 2349 sine
1245 2280 1541 2350 evidenti
1585 2283 1942 2361 miraculo,
1996 2282 2363 2370 religiosus
2396 2281 2501 2349 vir
2542 2280 2945 2349 Franciscus
2993 2277 3167 2347 Alle-

621 2392 896 2447 manus‚
941 2370 1085 2457 jam
1141 2371 1339 2439 morti
1389 2370 1786 2458 proximus,
1840 2393 1877 2439 a
1936 2372 2130 2440 beato
2184 2369 2523 2439 Ludovico
2561 2369 2645 2438 de
2695 2366 3165 2457 recuperanda

622 2457 1010 2528 valetudine
1060 2460 1306 2528 certior
1350 2457 1614 2538 factus,
1662 2460 1870 2549 paulo
1922 2472 2071 2550 post
2122 2459 2406 2528 omnino
2447 2458 2623 2528 liber
2674 2455 3046 2527 convaluit.
3088 2460 3163 2525 ln

623 2547 948 2616 sedandis
1004 2548 1182 2617 odiis
1234 2562 1298 2617 et
1355 2549 1882 2618 reconciliandis
1941 2549 2195 2618 animis
2237 2569 2651 2638 magnopere
2704 2547 2908 2616 etiam
2953 2544 3165 2632 hujus

622 2636 750 2704 viri
789 2636 1087 2705 charitas
1119 2637 1388 2715 enituit,
1442 2637 1511 2704 in
1545 2660 1817 2706 carcere
1863 2639 2065 2706 etiam
2111 2636 2402 2707 detentis
2441 2649 2560 2705 aut
2596 2649 2809 2705 morte
2839 2633 3159 2712 addictis,

620 2745 749 2814 ope
778 2739 842 2793 et
875 2724 1132 2794 auxilio
1168 2747 1300 2794 non
1336 2725 1590 2804 deerat,
1626 2746 1922 2812 quorum
1965 2725 2196 2814 plures
2227 2748 2264 2794 e
2307 2725 2604 2794 miseriis
2636 2737 2701 2794 et
2743 2722 3023 2813 injustis
3057 2744 3168 2792 ve-

621 2813 1012 2882 xationibus
1055 2815 1228 2881 miro
1272 2814 1473 2882 inodo
1510 2828 1575 2882 et
1607 2815 1907 2883 suaviter
1942 2813 2273 2884 liberavit.

712 2909 750 2982 9
799 2906 894 2971 9.
948 2903 1067 2970 His
1103 2903 1213 2971 Dei
1253 2915 1315 2970 et
1346 2902 1633 2990 proximi
1673 2903 1931 2972 amoris
1963 2902 2328 2972 ardoribus
2386 2903 2732 2980 incensuS,
2787 2901 2856 2969 in
2911 2911 3162 2969 terram

621 2989 1166 3079 alienigenarum
1207 2992 1514 3080 gentium
1569 3012 1722 3059 vere
1762 2991 2039 3082 sapiens
2089 2992 2505 3081 pertransire
2551 2990 2873 3068 decrevit,
2928 3000 3007 3057 ut
3053 2993 3171 3057 ln-

620 3077 865 3148 dorum
903 3080 1172 3149 animas
1225 3084 1354 3147 Deo
1405 3079 1808 3148 lucraretur.
1848 3085 1895 3149 A
1927 3101 2065 3168 quo
2099 3102 2223 3149 nec
2269 3081 2650 3149 amicorum
2689 3077 2786 3147 vel
2840 3077 3160 3155 fratrum,

620 3179 739 3235 aut
787 3189 1099 3235 sororum
1149 3168 1438 3247 artibus,
1497 3168 1817 3257 precibus
1843 3168 1942 3239 vel
1981 3169 2306 3259 lacrymis
2343 3168 2673 3236 dimoveri
2709 3167 2961 3257 potuit;
3013 3187 3169 3234 om-

625 3255 832 3322 nibus
877 3256 1062 3324 enim
1117 3260 1368 3344 magna
1415 3278 1573 3325 cum
1624 3258 1842 3327 animi
1892 3258 2357 3327 submissione
2389 3278 2523 3325 non
2560 3256 2708 3324 sine
2742 3256 3015 3324 fletibus
3049 3276 3169 3321 va-

626 3341 928 3411 ledicens
961 3397 977 3423 ,
1042 3342 1353 3433 pedestre
1402 3344 1528 3413 iter
1572 3346 2063 3416 occidentalem
2128 3346 2394 3414 Indiam
2447 3367 2683 3414 versus
2731 3343 3046 3431 arripuit,
3103 3353 3173 3411 et

623 3430 960 3529 Hispalim
997 3436 1244 3500 Novam
1281 3433 1316 3468 *
1364 3432 1742 3533 ingressus,
1789 3436 2115 3504 omnibus
2147 3434 2628 3514 aedificationi,
2667 3433 2909 3502 solatio
2940 3442 3004 3500 et
3041 3453 3173 3500 au-

622 3518 788 3587 xilio
840 3522 908 3586 in
970 3522 1601 3609 opportunitatibus
1651 3523 1800 3592 fuit.
1856 3528 1931 3592 lii
1981 3544 2118 3610 qua
2168 3523 2274 3591 sui
2339 3521 2617 3592 Ordinis
2673 3521 3073 3612 religiosum
3130 3542 3173 3588 a

623 3606 908 3709 cadente
940 3609 1318 3711 ponde-rosa
1361 3609 1660 3710 trochlea
1693 3612 2095 3711 gravissime
2134 3611 2424 3690 laesum,
2463 3610 2746 3679 vulnere
2783 3612 2964 3697 aqua
2998 3609 3165 3688 loto,

624 3717 724 3764 sic
759 3708 1033 3766 sanitati
1073 3710 1402 3787 pristinae
1452 3713 1791 3780 restituit,
1834 3712 1912 3769 ut
1969 3699 2295 3789 postridie
2323 3753 2341 3779 ,
2402 3700 2817 3769 mirantibus
2863 3699 3166 3778 cunctiS,

625 3804 710 3853 ne
745 3786 1102 3875 vestigium
1140 3787 1418 3873 quidem
1455 3787 1798 3857 cicatricis
1825 3791 2244 3877 apparuerit.
2280 3787 2558 3878 Appulit
2586 3789 2669 3857 ad
2704 3788 3175 3875 Carthagenae

625 3885 925 3973 portum,
976 3874 1209 3961 ibique
1261 3876 1328 3943 in
1384 3888 1724 3945 conventu
1774 3881 1836 3945 S.
1875 3878 2157 3967 Josephi
2207 3878 2315 3946 sui
2349 3875 2626 3946 Ordinis
2675 3876 3050 3951 habitavit:
3106 3886 3178 3944 et

620 3961 783 4060 inde
815 3961 899 4030 ad
943 3963 1250 4033 diversos
1298 3965 1626 4034 Indorum
1684 3964 1976 4055 populos
2027 3966 2282 4035 missus
2314 3965 2824 4054 evangelizavit,
2862 3963 3178 4032 incolen-

622 4049 807 4120 tibus
859 4050 1119 4121 scilicet
1166 4053 1534 4132 Tubaram,
1590 4054 1976 4143 Cipacoam,
2029 4053 2391 4124 Paulatum
2424 4109 2439 4135 ,
2488 4054 2825 4142 Monpoix,
2871 4057 3168 4131 Sertam,

622 4141 687 4207 S.
731 4139 1050 4222 Marthae,
1083 4147 1486 4221 Tui-carum,
1519 4142 1892 4212 Tenerifem
1922 4154 1987 4211 et
2011 4142 2167 4212 aliis
2198 4165 2213 4222 ;
2245 4143 2477 4230 ibique
2505 4143 2701 4233 plui-a
2728 4155 2794 4211 et
2821 4141 3177 4211 mirabilia

618 4230 1054 4315 perpetravit.
1081 4230 1731 4301 OrationibusaDeo
1751 4231 2049 4301 obtinuit
2075 4244 2147 4301 ut
2173 4232 2413 4322 lingua
2447 4236 2571 4301 sua
2593 4233 2909 4323 hispana,
2934 4233 3001 4301 in
3076 4253 3176 4300 ua

621 4326 824 4385 natus
844 4332 1011 4398 erat,
1044 4319 1600 4409 evangelizando,
1631 4320 1893 4406 absque
1917 4320 2280 4409 interprete
2307 4320 2801 4411 intelligeretur
2829 4322 2915 4389 ab
2943 4253 3169 4388 ludis.

666 4440 692 4464 θ
720 4438 915 4491 simlia.
