<?xml version="1.0" encoding="UTF-8"?>
<!DOCTYPE html PUBLIC "-//W3C//DTD XHTML 1.0 Transitional//EN"
    "http://www.w3.org/TR/xhtml1/DTD/xhtml1-transitional.dtd">
<html xmlns="http://www.w3.org/1999/xhtml" xml:lang="en" lang="en">
 <head>
  <title>
</title>
<meta http-equiv="Content-Type" content="text/html;charset=utf-8" />
  <meta name='ocr-system' content='tesseract 3.04.00' />
  <meta name='ocr-capabilities' content='ocr_page ocr_carea ocr_par ocr_line ocrx_word'/>
</head>
<body>
  <div class='ocr_page' id='page_1' title='image "./historiaeseuvit03lippgoog_0195.png"; bbox 0 0 3347 4999; ppageno 0'>
   <div class='ocr_carea' id='block_1_1' title="bbox 138 359 2609 428">
    <p class='ocr_par' dir='ltr' id='par_1_1' title="bbox 138 359 2609 428">
     <span class='ocr_line' id='line_1_1' title="bbox 138 359 2609 428; baseline -0.002 -1"><span class='ocrx_word' id='word_1_1' title='bbox 138 361 321 428; x_wconf 87' lang='lat' dir='ltr'>OCT.</span> <span class='ocrx_word' id='word_1_2' title='bbox 375 361 413 425; x_wconf 72' lang='lat'>4</span> <span class='ocrx_word' id='word_1_3' title='bbox 1019 376 1097 420; x_wconf 73' lang='lat' dir='ltr'>na</span> <span class='ocrx_word' id='word_1_4' title='bbox 1145 376 1198 421; x_wconf 89' lang='lat' dir='ltr'>s.</span> <span class='ocrx_word' id='word_1_5' title='bbox 1257 372 1606 421; x_wconf 59' lang='lat' dir='ltr'>rancisco</span> <span class='ocrx_word' id='word_1_6' title='bbox 1655 374 1837 421; x_wconf 65' lang='lat' dir='ltr'>conr.</span> <span class='ocrx_word' id='word_1_7' title='bbox 2484 359 2609 422; x_wconf 71' lang='lat'>⁴73</span> 
     </span>
    </p>
   </div>
   <div class='ocr_carea' id='block_1_2' title="bbox 128 457 2715 3660">
    <p class='ocr_par' dir='ltr' id='par_1_2' title="bbox 128 457 2715 3660">
     <span class='ocr_line' id='line_1_2' title="bbox 137 457 2697 554; baseline -0.002 -21"><span class='ocrx_word' id='word_1_8' title='bbox 137 487 267 554; x_wconf 90' lang='lat' dir='ltr'>per</span> <span class='ocrx_word' id='word_1_9' title='bbox 300 463 468 532; x_wconf 89' lang='lat' dir='ltr'>haec</span> <span class='ocrx_word' id='word_1_10' title='bbox 499 462 695 552; x_wconf 82' lang='lat' dir='ltr'>signa</span> <span class='ocrx_word' id='word_1_11' title='bbox 725 458 1134 540; x_wconf 88' lang='lat' dir='ltr'>certissima,</span> <span class='ocrx_word' id='word_1_12' title='bbox 1170 481 1303 527; x_wconf 91' lang='lat' dir='ltr'>non</span> <span class='ocrx_word' id='word_1_13' title='bbox 1349 457 1624 527; x_wconf 62' lang='lat' dir='ltr'>duobus</span> <span class='ocrx_word' id='word_1_14' title='bbox 1649 471 1769 527; x_wconf 89' lang='lat' dir='ltr'>aut</span> <span class='ocrx_word' id='word_1_15' title='bbox 1799 457 2016 527; x_wconf 91' lang='lat' dir='ltr'>tribus</span> <span class='ocrx_word' id='word_1_16' title='bbox 2044 460 2332 530; x_wconf 89' lang='lat' dir='ltr'>testibus</span> <span class='ocrx_word' id='word_1_17' title='bbox 2365 459 2450 529; x_wconf 89' lang='lat' dir='ltr'>ad</span> <span class='ocrx_word' id='word_1_18' title='bbox 2503 460 2697 529; x_wconf 84' lang='lat' dir='ltr'>suffi-</span> 
     </span>
     <span class='ocr_line' id='line_1_3' title="bbox 135 546 2692 638; baseline -0.002 -16"><span class='ocrx_word' id='word_1_19' title='bbox 135 553 493 623; x_wconf 84' lang='lat' dir='ltr'>cientiam.</span> <span class='ocrx_word' id='word_1_20' title='bbox 549 549 663 619; x_wconf 89' lang='lat' dir='ltr'>sed</span> <span class='ocrx_word' id='word_1_21' title='bbox 719 547 1263 636; x_wconf 80' lang='lat' dir='ltr'>quamplurimis</span> <span class='ocrx_word' id='word_1_22' title='bbox 1312 546 1397 615; x_wconf 92' lang='lat' dir='ltr'>ad</span> <span class='ocrx_word' id='word_1_23' title='bbox 1449 547 2159 634; x_wconf 75' lang='lat' dir='ltr'>superabundantiam</span> <span class='ocrx_word' id='word_1_24' title='bbox 2212 550 2692 638; x_wconf 89' lang='lat' dir='ltr'>comprobata,</span> 
     </span>
     <span class='ocr_line' id='line_1_4' title="bbox 140 634 2700 726; baseline -0.002 -15"><span class='ocrx_word' id='word_1_25' title='bbox 140 640 539 711; x_wconf 87' lang='lat' dir='ltr'>testimonia</span> <span class='ocrx_word' id='word_1_26' title='bbox 593 638 704 707; x_wconf 89' lang='lat' dir='ltr'>Dei</span> <span class='ocrx_word' id='word_1_27' title='bbox 754 638 823 705; x_wconf 92' lang='lat' dir='ltr'>in</span> <span class='ocrx_word' id='word_1_28' title='bbox 876 651 939 704; x_wconf 91' lang='lat' dir='ltr'>te</span> <span class='ocrx_word' id='word_1_29' title='bbox 986 649 1052 705; x_wconf 92' lang='lat' dir='ltr'>et</span> <span class='ocrx_word' id='word_1_30' title='bbox 1102 658 1220 726; x_wconf 91' lang='lat' dir='ltr'>per</span> <span class='ocrx_word' id='word_1_31' title='bbox 1269 649 1330 705; x_wconf 91' lang='lat' dir='ltr'>te</span> <span class='ocrx_word' id='word_1_32' title='bbox 1376 635 1739 704; x_wconf 88' lang='lat' dir='ltr'>credibilia</span> <span class='ocrx_word' id='word_1_33' title='bbox 1789 634 1961 704; x_wconf 84' lang='lat' dir='ltr'>facta</span> <span class='ocrx_word' id='word_1_34' title='bbox 2015 637 2256 718; x_wconf 76' lang='lat' dir='ltr'>nimie,</span> <span class='ocrx_word' id='word_1_35' title='bbox 2325 659 2528 706; x_wconf 89' lang='lat' dir='ltr'>omne</span> <span class='ocrx_word' id='word_1_36' title='bbox 2580 637 2700 707; x_wconf 91' lang='lat' dir='ltr'>tol-</span> 
     </span>
     <span class='ocr_line' id='line_1_5' title="bbox 138 724 2700 805; baseline -0.002 -5"><span class='ocrx_word' id='word_1_37' title='bbox 138 730 301 800; x_wconf 91' lang='lat' dir='ltr'>lunt</span> <span class='ocrx_word' id='word_1_38' title='bbox 348 727 752 798; x_wconf 83' lang='lat' dir='ltr'>infidelibus</span> <span class='ocrx_word' id='word_1_39' title='bbox 793 725 1100 794; x_wconf 91' lang='lat' dir='ltr'>velamen</span> <span class='ocrx_word' id='word_1_40' title='bbox 1152 725 1637 805; x_wconf 78' lang='lat' dir='ltr'>excusationis,</span> <span class='ocrx_word' id='word_1_41' title='bbox 1680 725 1848 793; x_wconf 90' lang='lat' dir='ltr'>dum</span> <span class='ocrx_word' id='word_1_42' title='bbox 1885 724 2238 794; x_wconf 89' lang='lat' dir='ltr'>credentes</span> <span class='ocrx_word' id='word_1_43' title='bbox 2275 726 2343 794; x_wconf 90' lang='lat' dir='ltr'>in</span> <span class='ocrx_word' id='word_1_44' title='bbox 2397 727 2530 795; x_wconf 86' lang='lat' dir='ltr'>fide</span> <span class='ocrx_word' id='word_1_45' title='bbox 2566 741 2700 795; x_wconf 88' lang='lat' dir='ltr'>sta·</span> 
     </span>
     <span class='ocr_line' id='line_1_6' title="bbox 139 813 2704 906; baseline -0.002 -18"><span class='ocrx_word' id='word_1_46' title='bbox 139 820 425 898; x_wconf 87' lang='lat' dir='ltr'>biliunt,</span> <span class='ocrx_word' id='word_1_47' title='bbox 485 817 632 906; x_wconf 91' lang='lat' dir='ltr'>spei</span> <span class='ocrx_word' id='word_1_48' title='bbox 682 815 1010 884; x_wconf 86' lang='lat' dir='ltr'>fiduciam</span> <span class='ocrx_word' id='word_1_49' title='bbox 1064 835 1339 883; x_wconf 90' lang='lat' dir='ltr'>sursum</span> <span class='ocrx_word' id='word_1_50' title='bbox 1379 828 1619 903; x_wconf 86' lang='lat' dir='ltr'>agunt,</span> <span class='ocrx_word' id='word_1_51' title='bbox 1673 828 1739 881; x_wconf 92' lang='lat' dir='ltr'>et</span> <span class='ocrx_word' id='word_1_52' title='bbox 1789 813 2016 903; x_wconf 81' lang='lat' dir='ltr'>ignem</span> <span class='ocrx_word' id='word_1_53' title='bbox 2068 814 2424 884; x_wconf 86' lang='lat' dir='ltr'>charitatis</span> <span class='ocrx_word' id='word_1_54' title='bbox 2459 837 2704 883; x_wconf 90' lang='lat' dir='ltr'>accen-</span> 
     </span>
     <span class='ocr_line' id='line_1_7' title="bbox 137 899 2702 993; baseline -0.002 -17"><span class='ocrx_word' id='word_1_55' title='bbox 137 908 345 976; x_wconf 89' lang='lat' dir='ltr'>dunt.</span> <span class='ocrx_word' id='word_1_56' title='bbox 397 907 547 975; x_wconf 79' lang='lat' dir='ltr'>Jam</span> <span class='ocrx_word' id='word_1_57' title='bbox 602 927 755 973; x_wconf 90' lang='lat' dir='ltr'>vere</span> <span class='ocrx_word' id='word_1_58' title='bbox 803 903 1085 993; x_wconf 88' lang='lat' dir='ltr'>impleta</span> <span class='ocrx_word' id='word_1_59' title='bbox 1134 916 1236 972; x_wconf 91' lang='lat' dir='ltr'>est</span> <span class='ocrx_word' id='word_1_60' title='bbox 1285 902 1510 992; x_wconf 88' lang='lat' dir='ltr'>prima</span> <span class='ocrx_word' id='word_1_61' title='bbox 1562 902 1754 982; x_wconf 88' lang='lat' dir='ltr'>visio,</span> <span class='ocrx_word' id='word_1_62' title='bbox 1809 925 2018 988; x_wconf 84' lang='lat' dir='ltr'>quarn</span> <span class='ocrx_word' id='word_1_63' title='bbox 2073 903 2340 984; x_wconf 86' lang='lat' dir='ltr'>vidisti,</span> <span class='ocrx_word' id='word_1_64' title='bbox 2390 899 2702 972; x_wconf 84' lang='lat' dir='ltr'>videlicet</span> 
     </span>
     <span class='ocr_line' id='line_1_8' title="bbox 134 990 2697 1084; baseline -0.002 -18"><span class='ocrx_word' id='word_1_65' title='bbox 134 996 333 1084; x_wconf 90' lang='lat' dir='ltr'>quod</span> <span class='ocrx_word' id='word_1_66' title='bbox 383 995 522 1064; x_wconf 84' lang='lat' dir='ltr'>dux</span> <span class='ocrx_word' id='word_1_67' title='bbox 574 995 639 1062; x_wconf 91' lang='lat' dir='ltr'>in</span> <span class='ocrx_word' id='word_1_68' title='bbox 696 992 941 1061; x_wconf 90' lang='lat' dir='ltr'>militia</span> <span class='ocrx_word' id='word_1_69' title='bbox 1005 991 1253 1061; x_wconf 79' lang='lat' dir='ltr'>Christi</span> <span class='ocrx_word' id='word_1_70' title='bbox 1301 990 1620 1070; x_wconf 81' lang='lat' dir='ltr'>futuruS,</span> <span class='ocrx_word' id='word_1_71' title='bbox 1677 992 1892 1060; x_wconf 90' lang='lat' dir='ltr'>armis</span> <span class='ocrx_word' id='word_1_72' title='bbox 1941 991 2223 1060; x_wconf 90' lang='lat' dir='ltr'>deberes</span> <span class='ocrx_word' id='word_1_73' title='bbox 2262 991 2697 1074; x_wconf 81' lang='lat' dir='ltr'>coelestibuS,</span> 
     </span>
     <span class='ocr_line' id='line_1_9' title="bbox 132 1080 2707 1180; baseline -0.002 -26"><span class='ocrx_word' id='word_1_74' title='bbox 132 1087 489 1176; x_wconf 85' lang='lat' dir='ltr'>signoque</span> <span class='ocrx_word' id='word_1_75' title='bbox 538 1083 774 1153; x_wconf 82' lang='lat' dir='ltr'>Crucis</span> <span class='ocrx_word' id='word_1_76' title='bbox 824 1081 1246 1180; x_wconf 81' lang='lat' dir='ltr'>insignibus,</span> <span class='ocrx_word' id='word_1_77' title='bbox 1293 1080 1627 1149; x_wconf 89' lang='lat' dir='ltr'>decorari.</span> <span class='ocrx_word' id='word_1_78' title='bbox 1665 1080 1813 1148; x_wconf 78' lang='lat' dir='ltr'>Jam</span> <span class='ocrx_word' id='word_1_79' title='bbox 1855 1081 1920 1147; x_wconf 91' lang='lat' dir='ltr'>in</span> <span class='ocrx_word' id='word_1_80' title='bbox 1963 1081 2305 1171; x_wconf 90' lang='lat' dir='ltr'>principio</span> <span class='ocrx_word' id='word_1_81' title='bbox 2348 1094 2503 1150; x_wconf 92' lang='lat' dir='ltr'>tuae</span> <span class='ocrx_word' id='word_1_82' title='bbox 2544 1103 2707 1150; x_wconf 90' lang='lat' dir='ltr'>con-</span> 
     </span>
     <span class='ocr_line' id='line_1_10' title="bbox 128 1168 2701 1260; baseline -0.002 -17"><span class='ocrx_word' id='word_1_83' title='bbox 128 1174 486 1243; x_wconf 80' lang='lat' dir='ltr'>versionis</span> <span class='ocrx_word' id='word_1_84' title='bbox 552 1171 872 1242; x_wconf 85' lang='lat' dir='ltr'>Crucifixi</span> <span class='ocrx_word' id='word_1_85' title='bbox 924 1170 1095 1238; x_wconf 84' lang='lat' dir='ltr'>visio</span> <span class='ocrx_word' id='word_1_86' title='bbox 1144 1169 1558 1258; x_wconf 88' lang='lat' dir='ltr'>compassivi</span> <span class='ocrx_word' id='word_1_87' title='bbox 1608 1168 1868 1237; x_wconf 87' lang='lat' dir='ltr'>doloris</span> <span class='ocrx_word' id='word_1_88' title='bbox 1916 1169 2148 1260; x_wconf 83' lang='lat' dir='ltr'>gladio</span> <span class='ocrx_word' id='word_1_89' title='bbox 2199 1170 2589 1239; x_wconf 80' lang='lat' dir='ltr'>mentaliter</span> <span class='ocrx_word' id='word_1_90' title='bbox 2640 1184 2701 1238; x_wconf 90' lang='lat' dir='ltr'>te</span> 
     </span>
     <span class='ocr_line' id='line_1_11' title="bbox 132 1257 2706 1353; baseline -0.002 -20"><span class='ocrx_word' id='word_1_91' title='bbox 132 1263 604 1353; x_wconf 83' lang='lat' dir='ltr'>transfigens:</span> <span class='ocrx_word' id='word_1_92' title='bbox 659 1258 777 1330; x_wconf 90' lang='lat' dir='ltr'>sed</span> <span class='ocrx_word' id='word_1_93' title='bbox 828 1272 891 1328; x_wconf 90' lang='lat' dir='ltr'>et</span> <span class='ocrx_word' id='word_1_94' title='bbox 939 1258 1220 1328; x_wconf 91' lang='lat' dir='ltr'>auditus</span> <span class='ocrx_word' id='word_1_95' title='bbox 1270 1259 1453 1326; x_wconf 89' lang='lat' dir='ltr'>vocis</span> <span class='ocrx_word' id='word_1_96' title='bbox 1501 1257 1585 1325; x_wconf 93' lang='lat' dir='ltr'>de</span> <span class='ocrx_word' id='word_1_97' title='bbox 1645 1263 1880 1336; x_wconf 89' lang='lat' dir='ltr'>Cruce,</span> <span class='ocrx_word' id='word_1_98' title='bbox 1923 1273 2273 1344; x_wconf 88' lang='lat' dir='ltr'>tamquam</span> <span class='ocrx_word' id='word_1_99' title='bbox 2325 1258 2410 1327; x_wconf 92' lang='lat' dir='ltr'>de</span> <span class='ocrx_word' id='word_1_100' title='bbox 2459 1260 2706 1328; x_wconf 87' lang='lat' dir='ltr'>throno</span> 
     </span>
     <span class='ocr_line' id='line_1_12' title="bbox 133 1346 2706 1437; baseline -0.002 -15"><span class='ocrx_word' id='word_1_101' title='bbox 133 1352 402 1422; x_wconf 84' lang='lat' dir='ltr'>Christi</span> <span class='ocrx_word' id='word_1_102' title='bbox 452 1349 762 1430; x_wconf 86' lang='lat' dir='ltr'>sublimi,</span> <span class='ocrx_word' id='word_1_103' title='bbox 816 1360 882 1418; x_wconf 93' lang='lat' dir='ltr'>et</span> <span class='ocrx_word' id='word_1_104' title='bbox 930 1366 1187 1417; x_wconf 89' lang='lat' dir='ltr'>secreto</span> <span class='ocrx_word' id='word_1_105' title='bbox 1237 1346 1713 1436; x_wconf 89' lang='lat' dir='ltr'>propitiatorio</span> <span class='ocrx_word' id='word_1_106' title='bbox 1765 1347 2220 1436; x_wconf 88' lang='lat' dir='ltr'>procedentis,</span> <span class='ocrx_word' id='word_1_107' title='bbox 2266 1348 2460 1437; x_wconf 84' lang='lat' dir='ltr'>juxta</span> <span class='ocrx_word' id='word_1_108' title='bbox 2520 1348 2706 1434; x_wconf 88' lang='lat' dir='ltr'>quod</span> 
     </span>
     <span class='ocr_line' id='line_1_13' title="bbox 133 1435 2696 1522; baseline -0.003 -10"><span class='ocrx_word' id='word_1_109' title='bbox 133 1456 269 1512; x_wconf 91' lang='lat' dir='ltr'>tuo</span> <span class='ocrx_word' id='word_1_110' title='bbox 327 1462 522 1509; x_wconf 90' lang='lat' dir='ltr'>sacro</span> <span class='ocrx_word' id='word_1_111' title='bbox 572 1437 864 1508; x_wconf 84' lang='lat' dir='ltr'>firmasti</span> <span class='ocrx_word' id='word_1_112' title='bbox 924 1436 1244 1522; x_wconf 90' lang='lat' dir='ltr'>eloquio,</span> <span class='ocrx_word' id='word_1_113' title='bbox 1305 1457 1460 1504; x_wconf 90' lang='lat' dir='ltr'>vera</span> <span class='ocrx_word' id='word_1_114' title='bbox 1509 1435 1984 1504; x_wconf 87' lang='lat' dir='ltr'>indubitanter</span> <span class='ocrx_word' id='word_1_115' title='bbox 2031 1435 2246 1505; x_wconf 84' lang='lat' dir='ltr'>fuisse</span> <span class='ocrx_word' id='word_1_116' title='bbox 2294 1437 2696 1505; x_wconf 89' lang='lat' dir='ltr'>creduntur.</span> 
     </span>
     <span class='ocr_line' id='line_1_14' title="bbox 135 1525 2707 1614; baseline -0.002 -15"><span class='ocrx_word' id='word_1_117' title='bbox 135 1533 302 1600; x_wconf 64' lang='lat' dir='ltr'>,lam</span> <span class='ocrx_word' id='word_1_118' title='bbox 355 1530 424 1597; x_wconf 90' lang='lat' dir='ltr'>in</span> <span class='ocrx_word' id='word_1_119' title='bbox 479 1543 634 1598; x_wconf 91' lang='lat' dir='ltr'>tuae</span> <span class='ocrx_word' id='word_1_120' title='bbox 680 1525 1149 1596; x_wconf 86' lang='lat' dir='ltr'>conversionis</span> <span class='ocrx_word' id='word_1_121' title='bbox 1194 1546 1564 1614; x_wconf 86' lang='lat' dir='ltr'>progressu</span> <span class='ocrx_word' id='word_1_122' title='bbox 1597 1538 1661 1593; x_wconf 90' lang='lat' dir='ltr'>et</span> <span class='ocrx_word' id='word_1_123' title='bbox 1693 1546 1995 1605; x_wconf 87' lang='lat' dir='ltr'>crucem,</span> <span class='ocrx_word' id='word_1_124' title='bbox 2043 1547 2251 1611; x_wconf 91' lang='lat' dir='ltr'>quam</span> <span class='ocrx_word' id='word_1_125' title='bbox 2295 1526 2466 1594; x_wconf 90' lang='lat' dir='ltr'>vidit</span> <span class='ocrx_word' id='word_1_126' title='bbox 2499 1525 2707 1596; x_wconf 89' lang='lat' dir='ltr'>frater</span> 
     </span>
     <span class='ocr_line' id='line_1_15' title="bbox 141 1612 2704 1702; baseline -0.003 -11"><span class='ocrx_word' id='word_1_127' title='bbox 141 1618 473 1691; x_wconf 90' lang='lat' dir='ltr'>Silvester</span> <span class='ocrx_word' id='word_1_128' title='bbox 519 1639 596 1686; x_wconf 86' lang='lat' dir='ltr'>ex</span> <span class='ocrx_word' id='word_1_129' title='bbox 642 1637 760 1685; x_wconf 91' lang='lat' dir='ltr'>ore</span> <span class='ocrx_word' id='word_1_130' title='bbox 808 1626 925 1683; x_wconf 92' lang='lat' dir='ltr'>tuo</span> <span class='ocrx_word' id='word_1_131' title='bbox 977 1612 1385 1683; x_wconf 88' lang='lat' dir='ltr'>mirabiliter</span> <span class='ocrx_word' id='word_1_132' title='bbox 1420 1613 1926 1701; x_wconf 84' lang='lat' dir='ltr'>procedentem,</span> <span class='ocrx_word' id='word_1_133' title='bbox 1963 1627 2027 1683; x_wconf 90' lang='lat' dir='ltr'>et</span> <span class='ocrx_word' id='word_1_134' title='bbox 2054 1614 2323 1702; x_wconf 83' lang='lat' dir='ltr'>gladios</span> <span class='ocrx_word' id='word_1_135' title='bbox 2361 1615 2426 1682; x_wconf 91' lang='lat' dir='ltr'>in</span> <span class='ocrx_word' id='word_1_136' title='bbox 2466 1616 2704 1685; x_wconf 87' lang='lat' dir='ltr'>Crucis</span> 
     </span>
     <span class='ocr_line' id='line_1_16' title="bbox 141 1701 2708 1792; baseline -0.002 -15"><span class='ocrx_word' id='word_1_137' title='bbox 141 1707 440 1777; x_wconf 88' lang='lat' dir='ltr'>modum</span> <span class='ocrx_word' id='word_1_138' title='bbox 495 1719 611 1775; x_wconf 87' lang='lat' dir='ltr'>tua</span> <span class='ocrx_word' id='word_1_139' title='bbox 661 1705 922 1773; x_wconf 89' lang='lat' dir='ltr'>viscera</span> <span class='ocrx_word' id='word_1_140' title='bbox 973 1701 1477 1792; x_wconf 80' lang='lat' dir='ltr'>transfigenteS,</span> <span class='ocrx_word' id='word_1_141' title='bbox 1532 1723 1715 1787; x_wconf 91' lang='lat' dir='ltr'>quos·</span> <span class='ocrx_word' id='word_1_142' title='bbox 1758 1724 1951 1770; x_wconf 86' lang='lat' dir='ltr'>sacer</span> <span class='ocrx_word' id='word_1_143' title='bbox 1999 1703 2169 1771; x_wconf 90' lang='lat' dir='ltr'>vidit</span> <span class='ocrx_word' id='word_1_144' title='bbox 2217 1703 2577 1785; x_wconf 82' lang='lat' dir='ltr'>PacificuS,</span> <span class='ocrx_word' id='word_1_145' title='bbox 2618 1720 2708 1774; x_wconf 92' lang='lat' dir='ltr'>te-</span> 
     </span>
     <span class='ocr_line' id='line_1_17' title="bbox 142 1791 2706 1884; baseline -0.002 -18"><span class='ocrx_word' id='word_1_146' title='bbox 142 1819 286 1884; x_wconf 83' lang='lat' dir='ltr'>que</span> <span class='ocrx_word' id='word_1_147' title='bbox 336 1794 721 1865; x_wconf 90' lang='lat' dir='ltr'>secundum</span> <span class='ocrx_word' id='word_1_148' title='bbox 773 1792 1009 1861; x_wconf 91' lang='lat' dir='ltr'>Crucis</span> <span class='ocrx_word' id='word_1_149' title='bbox 1041 1792 1338 1880; x_wconf 85' lang='lat' dir='ltr'>figuram</span> <span class='ocrx_word' id='word_1_150' title='bbox 1378 1791 1443 1860; x_wconf 92' lang='lat' dir='ltr'>in</span> <span class='ocrx_word' id='word_1_151' title='bbox 1472 1794 1629 1860; x_wconf 78' lang='lat' dir='ltr'>aere</span> <span class='ocrx_word' id='word_1_152' title='bbox 1665 1791 2127 1871; x_wconf 88' lang='lat' dir='ltr'>sublevatum,</span> <span class='ocrx_word' id='word_1_153' title='bbox 2164 1813 2322 1861; x_wconf 92' lang='lat' dir='ltr'>cum</span> <span class='ocrx_word' id='word_1_154' title='bbox 2356 1793 2440 1861; x_wconf 91' lang='lat' dir='ltr'>de</span> <span class='ocrx_word' id='word_1_155' title='bbox 2472 1795 2706 1862; x_wconf 83' lang='lat' dir='ltr'>Crucis</span> 
     </span>
     <span class='ocr_line' id='line_1_18' title="bbox 148 1879 2709 1981; baseline -0.002 -27"><span class='ocrx_word' id='word_1_156' title='bbox 148 1884 354 1955; x_wconf 88' lang='lat' dir='ltr'>titulo</span> <span class='ocrx_word' id='word_1_157' title='bbox 404 1895 689 1962; x_wconf 86' lang='lat' dir='ltr'>sanctus</span> <span class='ocrx_word' id='word_1_158' title='bbox 738 1880 1178 1970; x_wconf 84' lang='lat' dir='ltr'>praedicabat</span> <span class='ocrx_word' id='word_1_159' title='bbox 1226 1881 1581 1961; x_wconf 83' lang='lat' dir='ltr'>Antonius,</span> <span class='ocrx_word' id='word_1_160' title='bbox 1619 1879 1817 1981; x_wconf 68' lang='lat' dir='ltr'>,juxta</span> <span class='ocrx_word' id='word_1_161' title='bbox 1869 1880 2052 1967; x_wconf 88' lang='lat' dir='ltr'>quod</span> <span class='ocrx_word' id='word_1_162' title='bbox 2099 1882 2453 1970; x_wconf 83' lang='lat' dir='ltr'>prospexit</span> <span class='ocrx_word' id='word_1_163' title='bbox 2501 1904 2709 1971; x_wconf 85' lang='lat' dir='ltr'>ange-</span> 
     </span>
     <span class='ocr_line' id='line_1_19' title="bbox 150 1969 2708 2060; baseline -0.001 -19"><span class='ocrx_word' id='word_1_164' title='bbox 150 1973 338 2043; x_wconf 91' lang='lat' dir='ltr'>licus</span> <span class='ocrx_word' id='word_1_165' title='bbox 388 1974 490 2040; x_wconf 91' lang='lat' dir='ltr'>vir</span> <span class='ocrx_word' id='word_1_166' title='bbox 523 1970 906 2052; x_wconf 88' lang='lat' dir='ltr'>Monaldus,</span> <span class='ocrx_word' id='word_1_167' title='bbox 942 1991 1075 2038; x_wconf 92' lang='lat' dir='ltr'>non</span> <span class='ocrx_word' id='word_1_168' title='bbox 1112 1969 1544 2060; x_wconf 88' lang='lat' dir='ltr'>phantastica</span> <span class='ocrx_word' id='word_1_169' title='bbox 1578 1970 1861 2050; x_wconf 79' lang='lat' dir='ltr'>visione,</span> <span class='ocrx_word' id='word_1_170' title='bbox 1895 1969 2010 2038; x_wconf 91' lang='lat' dir='ltr'>sed</span> <span class='ocrx_word' id='word_1_171' title='bbox 2051 1970 2458 2039; x_wconf 89' lang='lat' dir='ltr'>revelatione</span> <span class='ocrx_word' id='word_1_172' title='bbox 2492 1970 2708 2039; x_wconf 87' lang='lat' dir='ltr'>fuisse</span> 
     </span>
     <span class='ocr_line' id='line_1_20' title="bbox 154 2058 2711 2149; baseline -0.001 -17"><span class='ocrx_word' id='word_1_173' title='bbox 154 2062 414 2132; x_wconf 91' lang='lat' dir='ltr'>coelica</span> <span class='ocrx_word' id='word_1_174' title='bbox 466 2073 854 2149; x_wconf 82' lang='lat' dir='ltr'>conspecta,</span> <span class='ocrx_word' id='word_1_175' title='bbox 911 2079 1062 2128; x_wconf 87' lang='lat' dir='ltr'>vere</span> <span class='ocrx_word' id='word_1_176' title='bbox 1109 2058 1413 2127; x_wconf 90' lang='lat' dir='ltr'>creditur</span> <span class='ocrx_word' id='word_1_177' title='bbox 1469 2071 1534 2127; x_wconf 89' lang='lat' dir='ltr'>et</span> <span class='ocrx_word' id='word_1_178' title='bbox 1581 2058 1923 2127; x_wconf 84' lang='lat' dir='ltr'>firmatur.</span> <span class='ocrx_word' id='word_1_179' title='bbox 1975 2059 2123 2126; x_wconf 79' lang='lat' dir='ltr'>Jam</span> <span class='ocrx_word' id='word_1_180' title='bbox 2177 2059 2475 2145; x_wconf 89' lang='lat' dir='ltr'>denique</span> <span class='ocrx_word' id='word_1_181' title='bbox 2524 2060 2711 2129; x_wconf 87' lang='lat' dir='ltr'>circa</span> 
     </span>
     <span class='ocr_line' id='line_1_21' title="bbox 150 2147 2702 2238; baseline -0.001 -19"><span class='ocrx_word' id='word_1_182' title='bbox 150 2151 393 2231; x_wconf 85' lang='lat' dir='ltr'>finem,</span> <span class='ocrx_word' id='word_1_183' title='bbox 436 2148 615 2237; x_wconf 93' lang='lat' dir='ltr'>quod</span> <span class='ocrx_word' id='word_1_184' title='bbox 660 2147 869 2218; x_wconf 90' lang='lat' dir='ltr'>simul</span> <span class='ocrx_word' id='word_1_185' title='bbox 920 2148 1042 2217; x_wconf 92' lang='lat' dir='ltr'>tibi</span> <span class='ocrx_word' id='word_1_186' title='bbox 1089 2148 1478 2216; x_wconf 91' lang='lat' dir='ltr'>ostenditur</span> <span class='ocrx_word' id='word_1_187' title='bbox 1524 2161 1590 2217; x_wconf 90' lang='lat' dir='ltr'>et</span> <span class='ocrx_word' id='word_1_188' title='bbox 1637 2147 1961 2216; x_wconf 88' lang='lat' dir='ltr'>sublimis</span> <span class='ocrx_word' id='word_1_189' title='bbox 1997 2147 2382 2217; x_wconf 87' lang='lat' dir='ltr'>similitudo</span> <span class='ocrx_word' id='word_1_190' title='bbox 2416 2150 2702 2238; x_wconf 77' lang='lat' dir='ltr'>Sei-aph,</span> 
     </span>
     <span class='ocr_line' id='line_1_22' title="bbox 148 2236 2709 2327; baseline -0.001 -19"><span class='ocrx_word' id='word_1_191' title='bbox 148 2254 218 2309; x_wconf 91' lang='lat' dir='ltr'>et</span> <span class='ocrx_word' id='word_1_192' title='bbox 270 2238 558 2308; x_wconf 90' lang='lat' dir='ltr'>humilis</span> <span class='ocrx_word' id='word_1_193' title='bbox 604 2236 864 2327; x_wconf 84' lang='lat' dir='ltr'>effigies</span> <span class='ocrx_word' id='word_1_194' title='bbox 913 2236 1256 2314; x_wconf 84' lang='lat' dir='ltr'>Crucifixi,</span> <span class='ocrx_word' id='word_1_195' title='bbox 1297 2236 1585 2305; x_wconf 90' lang='lat' dir='ltr'>interius</span> <span class='ocrx_word' id='word_1_196' title='bbox 1635 2249 1698 2306; x_wconf 89' lang='lat' dir='ltr'>te</span> <span class='ocrx_word' id='word_1_197' title='bbox 1746 2236 2146 2315; x_wconf 83' lang='lat' dir='ltr'>incendenS,</span> <span class='ocrx_word' id='word_1_198' title='bbox 2200 2249 2266 2305; x_wconf 93' lang='lat' dir='ltr'>et</span> <span class='ocrx_word' id='word_1_199' title='bbox 2314 2238 2613 2306; x_wconf 89' lang='lat' dir='ltr'>exterius</span> <span class='ocrx_word' id='word_1_200' title='bbox 2648 2251 2709 2307; x_wconf 91' lang='lat' dir='ltr'>te</span> 
     </span>
     <span class='ocr_line' id='line_1_23' title="bbox 152 2324 2704 2429; baseline -0.001 -32"><span class='ocrx_word' id='word_1_201' title='bbox 152 2329 603 2429; x_wconf 77' lang='lat' dir='ltr'>consignans,</span> <span class='ocrx_word' id='word_1_202' title='bbox 637 2339 983 2412; x_wconf 87' lang='lat' dir='ltr'>tamquam</span> <span class='ocrx_word' id='word_1_203' title='bbox 1019 2324 1308 2393; x_wconf 90' lang='lat' dir='ltr'>alterum</span> <span class='ocrx_word' id='word_1_204' title='bbox 1344 2325 1676 2415; x_wconf 78' lang='lat' dir='ltr'>Angelum</span> <span class='ocrx_word' id='word_1_205' title='bbox 1711 2325 2191 2394; x_wconf 85' lang='lat' dir='ltr'>ascendentem</span> <span class='ocrx_word' id='word_1_206' title='bbox 2217 2326 2305 2394; x_wconf 88' lang='lat' dir='ltr'>ab</span> <span class='ocrx_word' id='word_1_207' title='bbox 2338 2342 2491 2397; x_wconf 89' lang='lat' dir='ltr'>ortu</span> <span class='ocrx_word' id='word_1_208' title='bbox 2514 2327 2704 2408; x_wconf 88' lang='lat' dir='ltr'>solis,</span> 
     </span>
     <span class='ocr_line' id='line_1_24' title="bbox 151 2412 2706 2506; baseline -0.001 -20"><span class='ocrx_word' id='word_1_209' title='bbox 151 2418 278 2504; x_wconf 89' lang='lat' dir='ltr'>qui</span> <span class='ocrx_word' id='word_1_210' title='bbox 331 2437 607 2506; x_wconf 80' lang='lat' dir='ltr'>signum</span> <span class='ocrx_word' id='word_1_211' title='bbox 661 2416 729 2483; x_wconf 91' lang='lat' dir='ltr'>in</span> <span class='ocrx_word' id='word_1_212' title='bbox 782 2428 845 2484; x_wconf 91' lang='lat' dir='ltr'>te</span> <span class='ocrx_word' id='word_1_213' title='bbox 894 2414 1149 2483; x_wconf 88' lang='lat' dir='ltr'>habeas</span> <span class='ocrx_word' id='word_1_214' title='bbox 1215 2412 1327 2482; x_wconf 90' lang='lat' dir='ltr'>Dei</span> <span class='ocrx_word' id='word_1_215' title='bbox 1379 2414 1557 2494; x_wconf 84' lang='lat' dir='ltr'>vivi,</span> <span class='ocrx_word' id='word_1_216' title='bbox 1615 2426 1680 2488; x_wconf 87' lang='lat' dir='ltr'>et</span> <span class='ocrx_word' id='word_1_217' title='bbox 1732 2414 2098 2503; x_wconf 83' lang='lat' dir='ltr'>praedictis</span> <span class='ocrx_word' id='word_1_218' title='bbox 2148 2413 2265 2483; x_wconf 91' lang='lat' dir='ltr'>dat</span> <span class='ocrx_word' id='word_1_219' title='bbox 2313 2415 2706 2486; x_wconf 88' lang='lat' dir='ltr'>firmitatem</span> 
     </span>
     <span class='ocr_line' id='line_1_25' title="bbox 152 2504 2703 2595; baseline -0.001 -20"><span class='ocrx_word' id='word_1_220' title='bbox 152 2506 363 2585; x_wconf 87' lang='lat' dir='ltr'>fidei,</span> <span class='ocrx_word' id='word_1_221' title='bbox 420 2519 486 2575; x_wconf 90' lang='lat' dir='ltr'>et</span> <span class='ocrx_word' id='word_1_222' title='bbox 533 2505 618 2574; x_wconf 92' lang='lat' dir='ltr'>ab</span> <span class='ocrx_word' id='word_1_223' title='bbox 666 2505 765 2575; x_wconf 90' lang='lat' dir='ltr'>eis</span> <span class='ocrx_word' id='word_1_224' title='bbox 813 2504 1064 2593; x_wconf 86' lang='lat' dir='ltr'>accipit</span> <span class='ocrx_word' id='word_1_225' title='bbox 1122 2504 1589 2573; x_wconf 89' lang='lat' dir='ltr'>testimonium</span> <span class='ocrx_word' id='word_1_226' title='bbox 1642 2505 1967 2575; x_wconf 88' lang='lat' dir='ltr'>veritatis.</span> <span class='ocrx_word' id='word_1_227' title='bbox 2025 2510 2192 2573; x_wconf 86' lang='lat' dir='ltr'>Ecce</span> <span class='ocrx_word' id='word_1_228' title='bbox 2240 2506 2387 2594; x_wconf 89' lang='lat' dir='ltr'>jam</span> <span class='ocrx_word' id='word_1_229' title='bbox 2443 2520 2703 2595; x_wconf 86' lang='lat' dir='ltr'>septem</span> 
     </span>
     <span class='ocr_line' id='line_1_26' title="bbox 153 2592 2709 2685; baseline -0.001 -20"><span class='ocrx_word' id='word_1_230' title='bbox 153 2594 714 2685; x_wconf 84' lang='lat' dir='ltr'>apparitionibus</span> <span class='ocrx_word' id='word_1_231' title='bbox 762 2593 998 2662; x_wconf 90' lang='lat' dir='ltr'>Crucis</span> <span class='ocrx_word' id='word_1_232' title='bbox 1046 2592 1341 2672; x_wconf 85' lang='lat' dir='ltr'>Christi,</span> <span class='ocrx_word' id='word_1_233' title='bbox 1396 2593 1465 2661; x_wconf 92' lang='lat' dir='ltr'>in</span> <span class='ocrx_word' id='word_1_234' title='bbox 1522 2605 1584 2661; x_wconf 93' lang='lat' dir='ltr'>te</span> <span class='ocrx_word' id='word_1_235' title='bbox 1633 2592 2018 2662; x_wconf 87' lang='lat' dir='ltr'>secundum</span> <span class='ocrx_word' id='word_1_236' title='bbox 2069 2593 2383 2662; x_wconf 89' lang='lat' dir='ltr'>ordinem</span> <span class='ocrx_word' id='word_1_237' title='bbox 2442 2610 2709 2684; x_wconf 88' lang='lat' dir='ltr'>tempo-</span> 
     </span>
     <span class='ocr_line' id='line_1_27' title="bbox 152 2681 2709 2771; baseline -0.001 -17"><span class='ocrx_word' id='word_1_238' title='bbox 152 2706 314 2754; x_wconf 88' lang='lat' dir='ltr'>rum</span> <span class='ocrx_word' id='word_1_239' title='bbox 369 2682 778 2752; x_wconf 87' lang='lat' dir='ltr'>mirabiliter</span> <span class='ocrx_word' id='word_1_240' title='bbox 824 2681 1147 2750; x_wconf 84' lang='lat' dir='ltr'>exhibitis</span> <span class='ocrx_word' id='word_1_241' title='bbox 1195 2693 1260 2749; x_wconf 90' lang='lat' dir='ltr'>et</span> <span class='ocrx_word' id='word_1_242' title='bbox 1313 2682 1758 2763; x_wconf 79' lang='lat' dir='ltr'>monstratis‚·</span> <span class='ocrx_word' id='word_1_243' title='bbox 1807 2683 2009 2769; x_wconf 89' lang='lat' dir='ltr'>quasi</span> <span class='ocrx_word' id='word_1_244' title='bbox 2058 2704 2173 2751; x_wconf 89' lang='lat' dir='ltr'>sex</span> <span class='ocrx_word' id='word_1_245' title='bbox 2235 2682 2571 2771; x_wconf 84' lang='lat' dir='ltr'>gradibus</span> <span class='ocrx_word' id='word_1_246' title='bbox 2627 2682 2709 2751; x_wconf 92' lang='lat' dir='ltr'>ad</span> 
     </span>
     <span class='ocr_line' id='line_1_28' title="bbox 150 2768 2711 2862; baseline -0.002 -20"><span class='ocrx_word' id='word_1_247' title='bbox 150 2773 361 2842; x_wconf 88' lang='lat' dir='ltr'>istam</span> <span class='ocrx_word' id='word_1_248' title='bbox 414 2773 805 2862; x_wconf 88' lang='lat' dir='ltr'>septimam,</span> <span class='ocrx_word' id='word_1_249' title='bbox 862 2771 929 2838; x_wconf 91' lang='lat' dir='ltr'>in</span> <span class='ocrx_word' id='word_1_250' title='bbox 980 2792 1118 2857; x_wconf 90' lang='lat' dir='ltr'>qua</span> <span class='ocrx_word' id='word_1_251' title='bbox 1167 2768 1465 2839; x_wconf 87' lang='lat' dir='ltr'>finaliter</span> <span class='ocrx_word' id='word_1_252' title='bbox 1518 2771 1894 2857; x_wconf 86' lang='lat' dir='ltr'>requiescis</span> <span class='ocrx_word' id='word_1_253' title='bbox 1926 2827 1940 2851; x_wconf 93' lang='lat'>,</span> <span class='ocrx_word' id='word_1_254' title='bbox 2008 2772 2399 2861; x_wconf 89' lang='lat' dir='ltr'>pervenisti.</span> <span class='ocrx_word' id='word_1_255' title='bbox 2441 2771 2711 2840; x_wconf 85' lang='lat' dir='ltr'>Christi</span> 
     </span>
     <span class='ocr_line' id='line_1_29' title="bbox 150 2858 2704 2949; baseline -0.001 -20"><span class='ocrx_word' id='word_1_256' title='bbox 150 2883 459 2947; x_wconf 88' lang='lat' dir='ltr'>namque</span> <span class='ocrx_word' id='word_1_257' title='bbox 491 2866 664 2930; x_wconf 87' lang='lat' dir='ltr'>Crux</span> <span class='ocrx_word' id='word_1_258' title='bbox 695 2860 762 2928; x_wconf 92' lang='lat' dir='ltr'>in</span> <span class='ocrx_word' id='word_1_259' title='bbox 801 2873 957 2928; x_wconf 90' lang='lat' dir='ltr'>tuae</span> <span class='ocrx_word' id='word_1_260' title='bbox 986 2858 1456 2929; x_wconf 90' lang='lat' dir='ltr'>conversionis</span> <span class='ocrx_word' id='word_1_261' title='bbox 1500 2859 1878 2949; x_wconf 88' lang='lat' dir='ltr'>primordio</span> <span class='ocrx_word' id='word_1_262' title='bbox 1916 2872 2048 2928; x_wconf 89' lang='lat' dir='ltr'>tam</span> <span class='ocrx_word' id='word_1_263' title='bbox 2093 2859 2464 2947; x_wconf 87' lang='lat' dir='ltr'>proposita,</span> <span class='ocrx_word' id='word_1_264' title='bbox 2493 2883 2704 2946; x_wconf 89' lang='lat' dir='ltr'>quam</span> 
     </span>
     <span class='ocr_line' id='line_1_30' title="bbox 148 2947 2712 3039; baseline -0.001 -19"><span class='ocrx_word' id='word_1_265' title='bbox 148 2962 539 3039; x_wconf 87' lang='lat' dir='ltr'>assumpta,</span> <span class='ocrx_word' id='word_1_266' title='bbox 591 2961 657 3019; x_wconf 87' lang='lat' dir='ltr'>et</span> <span class='ocrx_word' id='word_1_267' title='bbox 703 2948 956 3018; x_wconf 73' lang='lat' dir='ltr'>dehinc</span> <span class='ocrx_word' id='word_1_268' title='bbox 997 2949 1065 3017; x_wconf 91' lang='lat' dir='ltr'>in</span> <span class='ocrx_word' id='word_1_269' title='bbox 1108 2949 1649 3018; x_wconf 89' lang='lat' dir='ltr'>conversationis</span> <span class='ocrx_word' id='word_1_270' title='bbox 1704 2970 2073 3039; x_wconf 85' lang='lat' dir='ltr'>progressu</span> <span class='ocrx_word' id='word_1_271' title='bbox 2127 2969 2244 3036; x_wconf 88' lang='lat' dir='ltr'>per</span> <span class='ocrx_word' id='word_1_272' title='bbox 2295 2947 2500 3016; x_wconf 91' lang='lat' dir='ltr'>vitam</span> <span class='ocrx_word' id='word_1_273' title='bbox 2559 2971 2712 3036; x_wconf 89' lang='lat' dir='ltr'>pro·</span> 
     </span>
     <span class='ocr_line' id='line_1_31' title="bbox 148 3036 2712 3126; baseline -0.001 -18"><span class='ocrx_word' id='word_1_274' title='bbox 148 3039 588 3108; x_wconf 76' lang='lat' dir='ltr'>batissimam</span> <span class='ocrx_word' id='word_1_275' title='bbox 657 3037 959 3126; x_wconf 88' lang='lat' dir='ltr'>bajulata</span> <span class='ocrx_word' id='word_1_276' title='bbox 1025 3038 1094 3105; x_wconf 92' lang='lat' dir='ltr'>in</span> <span class='ocrx_word' id='word_1_277' title='bbox 1157 3037 1374 3126; x_wconf 90' lang='lat' dir='ltr'>teipso</span> <span class='ocrx_word' id='word_1_278' title='bbox 1431 3038 1802 3116; x_wconf 89' lang='lat' dir='ltr'>continue,</span> <span class='ocrx_word' id='word_1_279' title='bbox 1860 3052 1922 3105; x_wconf 93' lang='lat' dir='ltr'>et</span> <span class='ocrx_word' id='word_1_280' title='bbox 1976 3037 2042 3105; x_wconf 89' lang='lat' dir='ltr'>in</span> <span class='ocrx_word' id='word_1_281' title='bbox 2106 3036 2500 3124; x_wconf 87' lang='lat' dir='ltr'>exemplum</span> <span class='ocrx_word' id='word_1_282' title='bbox 2554 3037 2712 3106; x_wconf 86' lang='lat' dir='ltr'>aliis</span> 
     </span>
     <span class='ocr_line' id='line_1_32' title="bbox 154 3124 2715 3225; baseline -0 -29"><span class='ocrx_word' id='word_1_283' title='bbox 154 3128 649 3207; x_wconf 89' lang='lat' dir='ltr'>demonstrata,</span> <span class='ocrx_word' id='word_1_284' title='bbox 691 3140 876 3196; x_wconf 91' lang='lat' dir='ltr'>tanta</span> <span class='ocrx_word' id='word_1_285' title='bbox 911 3126 1350 3195; x_wconf 89' lang='lat' dir='ltr'>certitudinis</span> <span class='ocrx_word' id='word_1_286' title='bbox 1378 3126 1687 3195; x_wconf 88' lang='lat' dir='ltr'>claritate</span> <span class='ocrx_word' id='word_1_287' title='bbox 1717 3124 2039 3205; x_wconf 86' lang='lat' dir='ltr'>ostendit,</span> <span class='ocrx_word' id='word_1_288' title='bbox 2082 3125 2531 3225; x_wconf 80' lang='lat' dir='ltr'>Evangelicae</span> <span class='ocrx_word' id='word_1_289' title='bbox 2562 3148 2715 3216; x_wconf 90' lang='lat' dir='ltr'>per-</span> 
     </span>
     <span class='ocr_line' id='line_1_33' title="bbox 149 3214 2713 3306; baseline -0.001 -21"><span class='ocrx_word' id='word_1_290' title='bbox 149 3216 472 3286; x_wconf 86' lang='lat' dir='ltr'>fectionis</span> <span class='ocrx_word' id='word_1_291' title='bbox 503 3217 766 3306; x_wconf 89' lang='lat' dir='ltr'>apicem</span> <span class='ocrx_word' id='word_1_292' title='bbox 806 3229 868 3284; x_wconf 94' lang='lat' dir='ltr'>te</span> <span class='ocrx_word' id='word_1_293' title='bbox 908 3214 1207 3284; x_wconf 85' lang='lat' dir='ltr'>finaliter</span> <span class='ocrx_word' id='word_1_294' title='bbox 1238 3215 1704 3284; x_wconf 86' lang='lat' dir='ltr'>conclusisse:</span> <span class='ocrx_word' id='word_1_295' title='bbox 1741 3227 1817 3282; x_wconf 94' lang='lat' dir='ltr'>ut</span> <span class='ocrx_word' id='word_1_296' title='bbox 1847 3214 2499 3283; x_wconf 83' lang='lat' dir='ltr'>demonstrationem</span> <span class='ocrx_word' id='word_1_297' title='bbox 2533 3216 2713 3284; x_wconf 90' lang='lat' dir='ltr'>hanc</span> 
     </span>
     <span class='ocr_line' id='line_1_34' title="bbox 152 3303 2714 3394; baseline -0.001 -19"><span class='ocrx_word' id='word_1_298' title='bbox 152 3305 584 3375; x_wconf 87' lang='lat' dir='ltr'>Christianae</span> <span class='ocrx_word' id='word_1_299' title='bbox 624 3304 1025 3394; x_wconf 90' lang='lat' dir='ltr'>sapientiae,</span> <span class='ocrx_word' id='word_1_300' title='bbox 1080 3304 1150 3372; x_wconf 90' lang='lat' dir='ltr'>in</span> <span class='ocrx_word' id='word_1_301' title='bbox 1202 3317 1359 3373; x_wconf 87' lang='lat' dir='ltr'>tuae</span> <span class='ocrx_word' id='word_1_302' title='bbox 1406 3304 1637 3373; x_wconf 90' lang='lat' dir='ltr'>carnis</span> <span class='ocrx_word' id='word_1_303' title='bbox 1692 3303 1969 3391; x_wconf 88' lang='lat' dir='ltr'>pulvere</span> <span class='ocrx_word' id='word_1_304' title='bbox 2024 3315 2406 3381; x_wconf 86' lang='lat' dir='ltr'>exaratam,</span> <span class='ocrx_word' id='word_1_305' title='bbox 2474 3305 2714 3373; x_wconf 87' lang='lat' dir='ltr'>nullus</span> 
     </span>
     <span class='ocr_line' id='line_1_35' title="bbox 153 3391 2715 3480; baseline 0 -20"><span class='ocrx_word' id='word_1_306' title='bbox 153 3414 317 3462; x_wconf 87' lang='lat' dir='ltr'>vere</span> <span class='ocrx_word' id='word_1_307' title='bbox 372 3393 657 3465; x_wconf 89' lang='lat' dir='ltr'>devotus</span> <span class='ocrx_word' id='word_1_308' title='bbox 705 3393 1009 3480; x_wconf 87' lang='lat' dir='ltr'>abjiciat,</span> <span class='ocrx_word' id='word_1_309' title='bbox 1066 3391 1303 3461; x_wconf 90' lang='lat' dir='ltr'>nullus</span> <span class='ocrx_word' id='word_1_310' title='bbox 1362 3414 1513 3461; x_wconf 87' lang='lat' dir='ltr'>vere</span> <span class='ocrx_word' id='word_1_311' title='bbox 1571 3391 1799 3460; x_wconf 82' lang='lat' dir='ltr'>fidelis</span> <span class='ocrx_word' id='word_1_312' title='bbox 1835 3392 2217 3480; x_wconf 81' lang='lat' dir='ltr'>impugnet,</span> <span class='ocrx_word' id='word_1_313' title='bbox 2277 3392 2513 3462; x_wconf 87' lang='lat' dir='ltr'>nullus</span> <span class='ocrx_word' id='word_1_314' title='bbox 2562 3416 2715 3463; x_wconf 91' lang='lat' dir='ltr'>vere</span> 
     </span>
     <span class='ocr_line' id='line_1_36' title="bbox 154 3480 2707 3572; baseline -0.001 -21"><span class='ocrx_word' id='word_1_315' title='bbox 154 3481 453 3551; x_wconf 88' lang='lat' dir='ltr'>humilis</span> <span class='ocrx_word' id='word_1_316' title='bbox 507 3482 1025 3572; x_wconf 86' lang='lat' dir='ltr'>parvipendant,</span> <span class='ocrx_word' id='word_1_317' title='bbox 1079 3504 1238 3551; x_wconf 91' lang='lat' dir='ltr'>cum</span> <span class='ocrx_word' id='word_1_318' title='bbox 1291 3481 1379 3551; x_wconf 86' lang='lat' dir='ltr'>sit</span> <span class='ocrx_word' id='word_1_319' title='bbox 1422 3502 1573 3549; x_wconf 91' lang='lat' dir='ltr'>vere</span> <span class='ocrx_word' id='word_1_320' title='bbox 1622 3480 1957 3551; x_wconf 90' lang='lat' dir='ltr'>divinitus</span> <span class='ocrx_word' id='word_1_321' title='bbox 1993 3502 2351 3571; x_wconf 84' lang='lat' dir='ltr'>expressa,</span> <span class='ocrx_word' id='word_1_322' title='bbox 2404 3494 2469 3551; x_wconf 87' lang='lat' dir='ltr'>et</span> <span class='ocrx_word' id='word_1_323' title='bbox 2515 3483 2707 3551; x_wconf 93' lang='lat' dir='ltr'>omni</span> 
     </span>
     <span class='ocr_line' id='line_1_37' title="bbox 157 3570 977 3660; baseline -0.002 -19"><span class='ocrx_word' id='word_1_324' title='bbox 157 3570 561 3660; x_wconf 89' lang='lat' dir='ltr'>acceptione</span> <span class='ocrx_word' id='word_1_325' title='bbox 607 3571 977 3659; x_wconf 86' lang='lat' dir='ltr'>condigna.</span> 
     </span>
    </p>
   </div>
   <div class='ocr_carea' id='block_1_3' title="bbox 682 3766 2194 3856">
    <p class='ocr_par' dir='ltr' id='par_1_3' title="bbox 682 3766 2194 3856">
     <span class='ocr_line' id='line_1_38' title="bbox 682 3766 2194 3856; baseline 0 -23"><span class='ocrx_word' id='word_1_326' title='bbox 682 3770 773 3834; x_wconf 88' lang='lat' dir='ltr'>De</span> <span class='ocrx_word' id='word_1_327' title='bbox 812 3766 1153 3856; x_wconf 79' lang='lat' dir='ltr'>patientia</span> <span class='ocrx_word' id='word_1_328' title='bbox 1200 3766 1434 3853; x_wconf 55' lang='lat' dir='ltr'>ipsiu&amp;</span> <span class='ocrx_word' id='word_1_329' title='bbox 1491 3775 1553 3833; x_wconf 80' lang='lat' dir='ltr'>et</span> <span class='ocrx_word' id='word_1_330' title='bbox 1601 3767 1893 3834; x_wconf 77' lang='lat' dir='ltr'>transitu</span> <span class='ocrx_word' id='word_1_331' title='bbox 1938 3768 2194 3835; x_wconf 76' lang='lat' dir='ltr'>mortis,</span> 
     </span>
    </p>
   </div>
   <div class='ocr_carea' id='block_1_4' title="bbox 166 3925 2723 4549">
    <p class='ocr_par' dir='ltr' id='par_1_4' title="bbox 166 3925 2723 4549">
     <span class='ocr_line' id='line_1_39' title="bbox 256 3925 2712 4015; baseline 0.001 -20"><span class='ocrx_word' id='word_1_332' title='bbox 256 3930 293 4014; x_wconf 66' lang='grc' dir='ltr'>ξ</span> <span class='ocrx_word' id='word_1_333' title='bbox 337 3930 473 3999; x_wconf 64' lang='lat'>82.</span> <span class='ocrx_word' id='word_1_334' title='bbox 531 3925 793 3994; x_wconf 92' lang='lat' dir='ltr'>Christo</span> <span class='ocrx_word' id='word_1_335' title='bbox 831 3926 976 4014; x_wconf 89' lang='lat' dir='ltr'>jam</span> <span class='ocrx_word' id='word_1_336' title='bbox 1030 3925 1241 4015; x_wconf 80' lang='lat' dir='ltr'>igitur</span> <span class='ocrx_word' id='word_1_337' title='bbox 1290 3925 1488 3993; x_wconf 88' lang='lat' dir='ltr'>Cruci</span> <span class='ocrx_word' id='word_1_338' title='bbox 1522 3925 1836 3995; x_wconf 83' lang='lat' dir='ltr'>confixus</span> <span class='ocrx_word' id='word_1_339' title='bbox 1866 3927 2301 4006; x_wconf 83' lang='lat' dir='ltr'>FranciscuS,</span> <span class='ocrx_word' id='word_1_340' title='bbox 2339 3938 2475 3996; x_wconf 89' lang='lat' dir='ltr'>tam</span> <span class='ocrx_word' id='word_1_341' title='bbox 2506 3950 2712 3997; x_wconf 88' lang='lat' dir='ltr'>carne</span> 
     </span>
     <span class='ocr_line' id='line_1_40' title="bbox 166 4013 2714 4105; baseline -0 -20"><span class='ocrx_word' id='word_1_342' title='bbox 166 4038 374 4105; x_wconf 89' lang='lat' dir='ltr'>quam</span> <span class='ocrx_word' id='word_1_343' title='bbox 406 4014 679 4103; x_wconf 91' lang='lat' dir='ltr'>spiritu,</span> <span class='ocrx_word' id='word_1_344' title='bbox 721 4035 854 4083; x_wconf 91' lang='lat' dir='ltr'>non</span> <span class='ocrx_word' id='word_1_345' title='bbox 885 4013 1106 4083; x_wconf 90' lang='lat' dir='ltr'>solum</span> <span class='ocrx_word' id='word_1_346' title='bbox 1132 4014 1499 4103; x_wconf 91' lang='lat' dir='ltr'>Seraphico</span> <span class='ocrx_word' id='word_1_347' title='bbox 1526 4037 1760 4085; x_wconf 88' lang='lat' dir='ltr'>amore</span> <span class='ocrx_word' id='word_1_348' title='bbox 1793 4016 2078 4086; x_wconf 89' lang='lat' dir='ltr'>ardebat</span> <span class='ocrx_word' id='word_1_349' title='bbox 2106 4016 2172 4084; x_wconf 91' lang='lat' dir='ltr'>in</span> <span class='ocrx_word' id='word_1_350' title='bbox 2204 4021 2443 4097; x_wconf 90' lang='lat' dir='ltr'>Deum,</span> <span class='ocrx_word' id='word_1_351' title='bbox 2479 4038 2714 4087; x_wconf 90' lang='lat' dir='ltr'>verum</span> 
     </span>
     <span class='ocr_line' id='line_1_41' title="bbox 168 4101 2710 4175; baseline -0.001 0"><span class='ocrx_word' id='word_1_352' title='bbox 168 4106 368 4175; x_wconf 91' lang='lat' dir='ltr'>etiam</span> <span class='ocrx_word' id='word_1_353' title='bbox 414 4104 685 4173; x_wconf 89' lang='lat' dir='ltr'>sitiebat</span> <span class='ocrx_word' id='word_1_354' title='bbox 722 4125 883 4171; x_wconf 89' lang='lat' dir='ltr'>cum</span> <span class='ocrx_word' id='word_1_355' title='bbox 935 4101 1197 4171; x_wconf 89' lang='lat' dir='ltr'>Christo</span> <span class='ocrx_word' id='word_1_356' title='bbox 1245 4103 1573 4172; x_wconf 76' lang='lat' dir='ltr'>crucifixo</span> <span class='ocrx_word' id='word_1_357' title='bbox 1625 4104 2141 4173; x_wconf 88' lang='lat' dir='ltr'>multitudinem</span> <span class='ocrx_word' id='word_1_358' title='bbox 2195 4104 2710 4174; x_wconf 88' lang='lat' dir='ltr'>salvandorum.</span> 
     </span>
     <span class='ocr_line' id='line_1_42' title="bbox 170 4191 2708 4283; baseline -0 -20"><span class='ocrx_word' id='word_1_359' title='bbox 170 4193 484 4263; x_wconf 85' lang='lat' dir='ltr'>Faciebat</span> <span class='ocrx_word' id='word_1_360' title='bbox 512 4191 822 4283; x_wconf 89' lang='lat' dir='ltr'>proinde,</span> <span class='ocrx_word' id='word_1_361' title='bbox 855 4191 1183 4278; x_wconf 90' lang='lat' dir='ltr'>quoniam</span> <span class='ocrx_word' id='word_1_362' title='bbox 1218 4205 1492 4281; x_wconf 87' lang='lat' dir='ltr'>propter</span> <span class='ocrx_word' id='word_1_363' title='bbox 1515 4207 1985 4262; x_wconf 88' lang='lat' dir='ltr'>excrescentes</span> <span class='ocrx_word' id='word_1_364' title='bbox 2019 4194 2084 4261; x_wconf 92' lang='lat' dir='ltr'>in</span> <span class='ocrx_word' id='word_1_365' title='bbox 2128 4194 2419 4279; x_wconf 90' lang='lat' dir='ltr'>pedibus</span> <span class='ocrx_word' id='word_1_366' title='bbox 2452 4194 2708 4274; x_wconf 82' lang='lat' dir='ltr'>clavOS,</span> 
     </span>
     <span class='ocr_line' id='line_1_43' title="bbox 171 4282 2723 4371; baseline 0 -20"><span class='ocrx_word' id='word_1_367' title='bbox 171 4282 531 4352; x_wconf 88' lang='lat' dir='ltr'>ambulare</span> <span class='ocrx_word' id='word_1_368' title='bbox 581 4304 715 4351; x_wconf 91' lang='lat' dir='ltr'>non</span> <span class='ocrx_word' id='word_1_369' title='bbox 768 4291 1052 4371; x_wconf 88' lang='lat' dir='ltr'>poterat,</span> <span class='ocrx_word' id='word_1_370' title='bbox 1105 4301 1359 4370; x_wconf 91' lang='lat' dir='ltr'>corpus</span> <span class='ocrx_word' id='word_1_371' title='bbox 1404 4295 1795 4351; x_wconf 91' lang='lat' dir='ltr'>emortuum</span> <span class='ocrx_word' id='word_1_372' title='bbox 1853 4304 1971 4371; x_wconf 90' lang='lat' dir='ltr'>per</span> <span class='ocrx_word' id='word_1_373' title='bbox 2018 4282 2326 4351; x_wconf 89' lang='lat' dir='ltr'>civitates</span> <span class='ocrx_word' id='word_1_374' title='bbox 2373 4296 2436 4352; x_wconf 90' lang='lat' dir='ltr'>et</span> <span class='ocrx_word' id='word_1_375' title='bbox 2493 4295 2723 4352; x_wconf 81' lang='lat' dir='ltr'>castra</span> 
     </span>
     <span class='ocr_line' id='line_1_44' title="bbox 169 4369 2714 4451; baseline -0.001 -10"><span class='ocrx_word' id='word_1_376' title='bbox 169 4370 759 4451; x_wconf 87' lang='lat' dir='ltr'>circumvehi‚·ut</span> <span class='ocrx_word' id='word_1_377' title='bbox 806 4370 891 4440; x_wconf 90' lang='lat' dir='ltr'>ad</span> <span class='ocrx_word' id='word_1_378' title='bbox 953 4374 1234 4439; x_wconf 90' lang='lat' dir='ltr'>Crucem</span> <span class='ocrx_word' id='word_1_379' title='bbox 1286 4369 1532 4439; x_wconf 91' lang='lat' dir='ltr'>Christi</span> <span class='ocrx_word' id='word_1_380' title='bbox 1588 4369 1938 4439; x_wconf 85' lang='lat' dir='ltr'>ferendam</span> <span class='ocrx_word' id='word_1_381' title='bbox 1998 4384 2297 4440; x_wconf 89' lang='lat' dir='ltr'>caeteros</span> <span class='ocrx_word' id='word_1_382' title='bbox 2354 4372 2714 4440; x_wconf 90' lang='lat' dir='ltr'>animaret.</span> 
     </span>
     <span class='ocr_line' id='line_1_45' title="bbox 171 4457 2722 4549; baseline -0 -21"><span class='ocrx_word' id='word_1_383' title='bbox 171 4460 526 4530; x_wconf 90' lang='lat' dir='ltr'>Fratribus</span> <span class='ocrx_word' id='word_1_384' title='bbox 572 4482 847 4548; x_wconf 90' lang='lat' dir='ltr'>quoque</span> <span class='ocrx_word' id='word_1_385' title='bbox 895 4459 1207 4529; x_wconf 89' lang='lat' dir='ltr'>dicebat:</span> <span class='ocrx_word' id='word_1_386' title='bbox 1262 4458 1785 4549; x_wconf 85' lang='lat' dir='ltr'>«Incipiamus,</span> <span class='ocrx_word' id='word_1_387' title='bbox 1841 4457 2106 4543; x_wconf 82' lang='lat' dir='ltr'>fratreS‚</span> <span class='ocrx_word' id='word_1_388' title='bbox 2147 4460 2399 4531; x_wconf 87' lang='lat' dir='ltr'>servire</span> <span class='ocrx_word' id='word_1_389' title='bbox 2435 4459 2722 4529; x_wconf 91' lang='lat' dir='ltr'>Domino</span> 
     </span>
    </p>
   </div>
  </div>
 </body>
</html>
