3347 4999
176 309 370 375 OCT.
430 310 509 372 47
1087 328 1164 373 nn
1213 327 1268 373 s.
1322 324 1618 374 3131)me
1666 327 1858 374 vaA
2513 314 2640 377 507

178 416 505 502 Sui-gens
538 411 839 490 tandem,
877 411 1114 481 crebro
1147 411 1447 500 repetitis
1480 411 2097 512 genuflectionibus
2147 412 2525 484 honorabat
2567 437 2724 484 eum

176 501 310 588 qui
358 522 484 590 pro
545 500 741 569 nobis
792 500 983 571 flexis
1037 500 1332 589 genibus
1394 499 1746 569 irridicule
1797 500 2120 570 adoratus
2180 514 2302 570 est.
2360 508 2725 590 Nunquam

175 590 377 658 inter
424 589 762 658 orandum
807 589 947 658 visa
986 601 1085 658 est
1134 587 1408 657 sedere:
1462 589 1580 657 sed
1609 610 1789 658 ,cum
1854 588 2352 690 aliquantisper
2408 594 2721 672 stetisset,

176 678 428 748 subito
479 678 547 745 in
613 677 798 746 nuda
833 698 1055 767 genua
1093 676 1627 765 procumbebat,
1681 677 1747 743 in
1800 677 2054 764 quibus
2095 678 2253 746 calli
2288 691 2728 749 excreverunt

175 766 680 857 magnitudine
727 765 1021 836 duorum
1058 787 1368 845 ovorum,
1402 779 1542 845 aut,
1599 776 1673 834 ut
1721 764 1838 833 alii
1889 780 2230 847 asserunt,
2296 768 2414 855 qui
2470 789 2584 837 eos
2629 769 2726 835 vi-

176 854 496 935 derunt,
550 854 849 923 duorum
902 875 1344 944 pugnorum,
1398 855 1585 941 iique
1647 853 1934 923 hiberno
1991 865 2122 923 tem
2179 877 2293 925 ore
2350 878 2456 925 ma
2512 857 2570 927 is
2622 857 2727 925 in—

177 944 699 1013 tumescebant:
774 943 886 1011 sed
942 944 1126 1012 hunc
1188 942 1586 1013 thesaurum
1651 941 1765 1010 illa
1830 964 1949 1031 pro
2002 944 2124 1011 viri
2181 967 2262 1013 us
2315 966 2482 1014 occu
2518 945 2723 1026 tabat,

177 1054 322 1102 nec
366 1033 693 1118 cuiquam
731 1034 1048 1121 cognitus
1085 1031 1238 1112 tuit,
1284 1031 1397 1099 illa
1457 1033 1740 1111 vivente,
1796 1031 1928 1100 nisi
1981 1032 2423 1121 paucissimis
2452 1033 2728 1103 feminis

179 1121 293 1190 illi
348 1119 879 1191 famulantibus.
948 1120 1282 1190 Nimirum
1326 1120 1435 1189 his
1489 1119 1607 1188 illa
1652 1120 1763 1189 Dei
1811 1120 2035 1190 amica
2073 1120 2426 1191 charitatis
2487 1133 2725 1191 ornata

180 1210 595 1300 insignibus
635 1264 650 1289 ,
709 1230 940 1278 coram
1003 1209 1254 1277 Dilecto
1302 1208 1697 1299 apparebat,
1761 1209 1870 1277 his
1926 1208 2038 1277 illa
2105 1209 2402 1279 enitebat
2464 1231 2733 1301 marga·

181 1299 374 1368 ritis.
430 1302 608 1367 Haec
656 1299 911 1368 amoris
962 1296 1297 1387 symbola,
1357 1312 1519 1387 puta
1561 1296 1774 1366 callos
1822 1298 1888 1365 in
1953 1298 2269 1397 genibus,
2324 1298 2613 1370 fissuras
2655 1300 2726 1368 in

183 1386 528 1457 manibus
578 1399 644 1455 et
683 1386 1000 1476 pedibuS,
1060 1385 1422 1476 plagarum
1478 1386 1724 1456 livores
1761 1386 1828 1453 in
1865 1385 2146 1473 reliquis
2184 1388 2510 1458 membris
2540 1387 2724 1487 apud

182 1499 263 1547 se
318 1497 593 1564 semper
635 1472 1149 1554 circumferens,
1213 1473 1443 1544 dilecti
1477 1496 1546 1544 se
1578 1474 1933 1545 obtutibus
1983 1476 2478 1565 praesentabat.
2535 1481 2730 1561 Ejus-

184 1564 391 1634 modi
441 1563 735 1632 laetitiae
782 1564 1070 1632 canticis
1117 1576 1180 1631 et
1218 1564 1554 1652 jucundis
1602 1563 2070 1645 carminibus,
2111 1586 2356 1654 nempe
2405 1564 2728 1653 suspiriis

182 1666 255 1723 et
294 1653 695 1742 gemitibus,
750 1657 843 1721 Re
894 1674 997 1720 em
1059 1651 1493 1722 demulcebat
1543 1652 2067 1741 sempiternum.
2112 1657 2251 1721 Hoc
2303 1653 2726 1722 decachordo

183 1741 553 1821 Psalterio,
594 1742 720 1809 hac
752 1741 845 1810 du
879 1741 1112 1810 cisona
1149 1740 1435 1821 cithara,
1491 1741 1803 1809 videlicet
1841 1740 2078 1809 devota
2117 1741 2497 1831 psalmodia
2535 1756 2599 1811 et
2631 1754 2727 1810 at-

185 1830 405 1901 tentis
456 1829 797 1918 precibus,
852 1829 1326 1909 amantissimo
1375 1851 1628 1919 sponso
1663 1829 1924 1918 Jugiter
1970 1830 2279 1899 canebat.

287 1920 326 2004 ἓ
367 1923 537 1990 ao.
595 1917 669 1986 Id
719 1940 938 2007 genus
970 1917 1197 1988 cordis
1245 1917 1590 2007 tripudiis,
1652 1918 1760 1988 his
1812 1918 2117 2008 corporis
2165 1919 2494 2008 gestibus,
2556 1931 2720 2008 puta

189 2006 802 2098 genuflexionibus
850 2018 915 2075 et
965 2007 1539 2096 prostrationibus
1597 2005 1875 2075 ludebat
1933 2028 2162 2075 coram
2208 2008 2449 2078 throno
2498 2008 2610 2075 Dei
2665 2018 2728 2076 et

191 2101 417 2184 Agno,
471 2108 672 2181 atque
704 2095 793 2163 ita
837 2116 916 2163 ex
954 2095 1143 2164 omni
1183 2095 1387 2165 corde
1442 2116 1568 2164 suo
1624 2093 1949 2164 laudabat
1989 2097 2379 2166 Dominum.
2420 2100 2588 2165 Eum
2655 2097 2726 2163 in

191 2181 484 2252 modum
521 2184 722 2252 etiam
759 2183 986 2253 adhuc
1032 2184 1294 2252 vivente
1349 2184 1617 2265 marit0,
1681 2183 1984 2271 quotidie
2039 2183 2309 2254 divinas
2366 2183 2730 2253 celebravit

186 2270 465 2351 laudes,
510 2285 586 2341 ut
634 2271 718 2340 ab
768 2273 930 2341 hora
984 2272 1316 2342 matutina
1365 2273 1434 2340 in
1480 2272 1731 2361 templo
1784 2285 2239 2361 perseveraret
2280 2274 2346 2341 in
2381 2273 2723 2362 precibuS,

186 2359 415 2428 donec
454 2383 494 2428 a
541 2360 846 2440 meridie,
882 2361 1407 2450 pedisequarum
1442 2382 1591 2430 eam
1641 2362 2207 2451 exspectantium,
2248 2362 2480 2431 volens
2521 2362 2731 2432 vitare

191 2447 505 2518 taedium
558 2448 827 2539 potiuS,
879 2470 1087 2536 quam
1160 2470 1285 2519 suo
1334 2447 1758 2520 satisfaciens
1815 2449 2155 2520 desiderio
2186 2507 2201 2532 ‚
2253 2452 2436 2520 venit
2474 2450 2557 2520 ad
2611 2451 2729 2521 ho-

195 2537 488 2627 spitium
542 2561 747 2608 suum
781 2593 796 2620 ,
848 2540 1172 2629 exiguum
1223 2538 1430 2619 illud,
1496 2539 1680 2625 quod
1746 2561 1955 2628 supra
1999 2540 2348 2621 diximus,
2422 2541 2728 2630 corporis

194 2640 570 2716 sumptura
637 2625 1068 2697 alimentum.
1150 2627 1443 2715 Superni
1510 2627 1935 2704 enimfflillius
2008 2629 2341 2708 convivii,
2421 2629 2533 2697 cui
2593 2641 2728 2697 tota

192 2729 429 2784 mente
468 2714 903 2797 inhaerebat,·
942 2716 1233 2785 dulcedo
1280 2716 1448 2785 adeo
1520 2715 1750 2786 cordis
1798 2715 1984 2787 illius
2032 2730 2307 2806 gustum
2359 2717 2720 2795 affecerat,

184 2816 271 2874 ut
322 2826 468 2872 eam
522 2825 800 2893 sapores
849 2805 1156 2874 alimenti
1186 2805 1491 2895 corporei
1542 2805 1828 2874 minime
1868 2804 2301 2874 delectarent.
2335 2803 2523 2873 Unde
2559 2826 2727 2894 pene

186 2893 503 2980 quotidie
554 2893 1150 2983 contemplationis
1199 2916 1363 2963 suae
1424 2893 1704 2963 ferculis
1752 2894 2050 2973 intenta,
2102 2907 2167 2962 et
2215 2894 2520 2962 internae
2567 2914 2726 2961 con-

190 2980 556 3053 solationis
607 2982 761 3052 vino
810 2982 1089 3063 refecta,
1144 2984 1252 3052 vix
1301 2983 1428 3053 sub
1493 2982 1731 3051 horam
1785 2981 2238 3082 vespertinam
2291 2981 2524 3051 cibum
2574 3003 2728 3050 cor·

191 3071 386 3160 poris
434 3069 857 3140 admittebat.
911 3077 1069 3140 Tam
1110 3092 1264 3140 vero
1312 3070 1575 3140 ardenti
1626 3069 1968 3139 desiderio
2014 3083 2077 3138 et
2125 3070 2442 3159 flagranti
2493 3091 2727 3139 amore

185 3158 539 3228 ferebatur
585 3159 654 3226 in
713 3164 950 3241 Deum,
1005 3171 1080 3228 ut
1129 3181 1260 3228 non
1316 3158 1517 3229 modo
1583 3160 1880 3247 seipsam
1931 3158 1993 3227 ei
2041 3158 2310 3227 offerret
2360 3179 2477 3246 per
2524 3158 2728 3227 devo-

186 3246 402 3317 tionis
442 3247 866 3327 incendium,
921 3270 1155 3317 verum
1208 3248 1409 3317 etiam
1461 3267 1936 3333 quoscumque
1983 3245 2155 3316 alios
2185 3259 2446 3336 posset,
2501 3247 2728 3316 horta-

187 3349 407 3414 retur,
461 3347 536 3403 ut
581 3335 643 3403 ei
680 3336 787 3424 pie
816 3347 880 3404 et
927 3336 1218 3405 fideliter
1248 3337 1599 3405 servirent.
1632 3337 1725 3403 Ea
1770 3336 1979 3404 causa
2012 3348 2145 3404 tam
2249 3357 2321 3404 er
2368 3357 2462 3417 se,
2512 3356 2722 3422 quam

188 3446 318 3516 per
363 3422 850 3493 administrum
902 3446 1104 3494 suum
1135 3478 1151 3504 ,
1203 3425 1319 3493 cui
1390 3423 1458 3493 id
1507 3446 1591 3492 ne
1641 3424 1761 3493 otii
1824 3422 2123 3503 dederat,
2245 3425 2511 3493 omines
2561 3425 2726 3495 sim-

190 3512 433 3603 plices,
494 3511 713 3601 ipsius
746 3511 974 3581 aulam
1028 3512 1557 3600 frequentantes,
1637 3511 1877 3581 ocebat
1908 3512 2215 3583 confiteri
2269 3528 2539 3603 peccata
2572 3536 2721 3593 sua,

186 3615 254 3671 et
305 3620 539 3680 orare,
592 3613 655 3669 et
700 3614 960 3671 caetera
1010 3623 1185 3688 quae
1234 3601 1318 3669 ad
1370 3600 1758 3669 animarum
1803 3600 2092 3671 salutem
2145 3602 2505 3691 pertinent.
2545 3607 2730 3672 Inter

197 3689 381 3760 alias
445 3687 579 3778 ipsi
628 3689 1092 3759 ministrantes
1140 3688 1434 3759 feminas
1478 3689 1774 3760 habebat
1821 3688 2314 3771 Lavandriam,
2370 3689 2727 3760 mulierem

190 3777 677 3869 grandaevam,
736 3779 1122 3847 Dominicae
1184 3778 1512 3848 orationis
1583 3800 1867 3868 prorsus
1941 3779 2279 3868 ignaram.
2333 3782 2493 3846 Eam
2543 3790 2731 3849 tanto

196 3866 430 3936 studio
476 3866 626 3955 ipsa
677 3864 908 3934 docuit
954 3868 1330 3937 orationem
1390 3866 1629 3946 illam,
1698 3880 1775 3937 ut
1821 3868 1905 3936 ad
1977 3866 2211 3936 decem
2261 3866 2729 3937 hebdomadas

197 3958 402 4025 etiam
455 3954 770 4025 noctibus
797 3976 943 4022 eam
983 3955 1114 4025 sibi
1163 3954 1401 4025 adesse
1426 3954 1737 4037 voluerit,
1791 3969 1856 4025 et
1903 3957 1969 4024 in
2013 3954 2356 4035 cubiculo,
2409 3977 2546 4042 quo
2579 3956 2731 4045 ipsa

201 4042 521 4123 cubabat,
579 4056 733 4112 ante
785 4042 1031 4114 lectum
1062 4065 1264 4112 suum
1321 4065 1721 4134 permanere
1745 4057 1810 4113 et
1837 4065 2157 4114 somnum
2206 4065 2470 4132 capere:
2523 4044 2731 4132 idque

196 4130 527 4213 fortassis,
580 4145 656 4203 ut
705 4134 906 4202 verba
955 4154 1185 4201 sacrae
1233 4135 1600 4212 orationis,
1656 4154 1835 4220 quae
1882 4132 2187 4202 interdiu
2238 4133 2371 4222 ipsi
2422 4133 2730 4202 inculca-

205 4233 410 4296 verat,
467 4221 781 4292 noctibus
821 4242 1091 4308 quoque
1127 4243 1275 4290 eam
1328 4222 1681 4291 ruminare
1728 4235 2018 4311 cogeret,
2065 4234 2268 4309 atque
2302 4221 2388 4291 ita
2421 4222 2730 4293 tenacius

205 4309 574 4378 memoriae
646 4310 1151 4379 commendare.
1208 4311 1521 4380 Maritum
1580 4331 1853 4397 quoque
1904 4332 2156 4389 suum,
2238 4322 2315 4380 ut
2381 4311 2728 4380 continuis

202 4395 475 4483 pietatis
505 4399 843 4469 exercitiis
879 4398 1119 4469 salutis
1146 4397 1441 4469 fructum
1478 4400 1815 4490 optimum
1854 4399 1914 4466 ei
1950 4398 2330 4479 cumulare,
2365 4400 2729 4490 praecipue
