3347 4999
664 326 794 388 220
1077 342 1155 389 oa
1203 342 1259 388 s.
1310 340 1604 388 Baunonia
1652 340 2157 388 cAarausmxoa.
2214 336 2611 387 eumanum
2854 320 3030 387 OCT.
3091 322 3138 386 6

577 428 862 497 fratres:
901 450 936 492 «
976 432 1239 496 Manere
1276 427 1656 505 vobiscum,
1700 427 1896 506 mihi,
1938 426 2006 494 in
2044 426 2332 494 Domino
2380 423 2811 494 dilectissimi
2848 423 3129 504 fratreS,

578 515 1080 607 gratissimum
1134 516 1503 604 separaria
1553 515 1771 595 vobiS,
1822 514 2356 605 gravissimum:
2412 513 2527 582 sed
2576 513 2920 582 mandatis
2949 518 3139 602 Apo-

581 604 840 675 stolicis
889 604 1201 683 obedire,
1257 616 1333 671 ut
1383 605 1514 694 ipsi
1564 625 1840 690 quoque
1908 604 2145 682 nostis,
2211 603 2678 672 necessarium
2743 615 2866 673 est.
2924 603 3136 673 Scitis

580 695 647 762 in
701 693 850 782 ejus
900 691 1124 760 locum
1170 693 1584 763 successisse
1625 692 2049 770 Pontificem,
2102 693 2216 760 cui
2277 691 2541 761 dictum
2591 705 2691 762 est
2740 714 2775 759 a
2830 691 3129 771 Christe,

579 789 781 852 Pasce
811 804 959 850 oves
987 804 1193 850 meas.
1230 787 1369 850 Non
1413 794 1628 871 potest
1661 803 1824 871 ergo
1867 781 2215 850 numerari
2284 782 2352 849 in
2404 782 2650 850 ovibus
2699 781 2947 850 Christi
3005 780 3138 867 qui

540 871 713 940 ¹non
754 869 897 938 vult
946 869 1048 938 illi
1102 872 1360 959 parere,
1401 870 1518 939 cui
1568 871 1878 940 Christus
1918 870 2266 939 commisit
2317 869 2695 959 pascendas
2728 891 2884 938 oves
2933 891 3133 937 suas.

581 958 838 1046 Ecquid
898 981 1052 1027 vero
1102 959 1271 1027 mihi
1369 958 1646 1029 rodesse
1694 971 1922 1046 queat,
1979 958 2090 1027 hic
2153 959 2504 1028 vobiscum
2556 980 2811 1048 corpus
2856 956 3136 1027 afficere

580 1048 813 1117 inedia
848 1060 911 1114 et
942 1049 1254 1137 jejuniiS,
1349 1049 1630 1134 urisque
1680 1048 1985 1136 suscepti
2029 1047 2319 1116 instituti
2375 1046 2728 1116 laboribus
2775 1061 2840 1116 et
2871 1047 3134 1118 exerci-

584 1139 700 1207 tiis
735 1150 1046 1216 atterere,
1084 1137 1138 1205 si
1186 1138 1456 1206 interim
1493 1159 1610 1226 per
1641 1136 2175 1205 inobedientiam
2208 1134 2486 1225 perdam
2523 1135 2828 1204 animam
2861 1138 3135 1205 meam?

584 1226 799 1297 Nolite
836 1226 1069 1315 igitur,
1120 1225 1361 1295 fratres
1403 1226 1561 1307 mei,
1595 1226 2014 1315 importunis
2063 1225 2247 1293 hisce
2306 1223 2632 1313 lacrymis
2678 1224 2979 1312 affligere
3010 1246 3136 1294 cor

584 1337 839 1394 meum,
895 1329 960 1383 et
1002 1314 1274 1382 dolores
1340 1336 1527 1383 meos
1584 1313 1939 1383 doloribus.
1990 1315 2228 1383 vestris
2280 1313 2676 1383 cumulare:
2732 1313 2953 1383 sedin
2988 1335 3137 1400 qua

586 1405 939 1473 vocatione
990 1405 1203 1472 vocati
1237 1403 1424 1483 estiS,
1473 1403 1539 1471 in
1575 1424 1654 1471 ea
1706 1404 2187 1492 permaneatis,
2233 1415 2437 1490 atque
2472 1403 2540 1469 in
2596 1402 2725 1472 hoc
2773 1402 2922 1472 loco
2971 1424 3135 1492 per-

582 1493 926 1563 severetis.
990 1492 1270 1562 Confido
1318 1505 1547 1560 autem
1599 1491 1668 1559 in
1722 1492 2033 1572 Domino,
2087 1492 2207 1578 qui
2282 1515 2401 1580 per
2441 1513 2565 1560 nos
2623 1489 2923 1560 humiles
2987 1490 3127 1560 sibi

581 1580 1056 1651 habitaculum
1124 1582 1190 1650 in
1237 1581 1365 1650 hoc
1433 1579 1701 1649 deserto
1761 1594 2157 1650 construere
2215 1581 2403 1650 visus
2451 1591 2553 1652 est
2601 1580 2797 1649 beato
2852 1580 3134 1670 Hugoni

581 1671 939 1759 Episcopo,
994 1669 1176 1757 quod
1231 1669 1658 1760 propositum
1711 1669 1969 1758 gratiae
2019 1691 2184 1738 suae
2225 1669 2351 1738 boc
2389 1681 2621 1738 nostro
2668 1669 2958 1738 divortio
2990 1690 3132 1738 non

577 1761 877 1850 patietur
917 1759 984 1827 in
1037 1760 1307 1827 irritum
1356 1757 1619 1848 redigi:
1676 1756 1791 1826 sed
1845 1758 2072 1847 potius
2109 1758 2477 1847 praestabit
2529 1780 2650 1847 pro
2711 1757 3136 1859 benignitate

578 1872 726 1929 sua,
777 1861 853 1918 ut
899 1869 1025 1937 ego
1076 1847 1142 1915 in
1189 1847 1315 1915 bac
1365 1847 1757 1927 tentatione,
1801 1847 1970 1915 mihi
2014 1868 2178 1915 sane
2226 1846 2659 1936 permolesta,
2713 1845 3041 1916 obediens
3065 1858 3137 1915 et

576 1939 804 2007 fidelis
853 1938 1197 2015 inventus,
1253 1935 1402 2024 ejus
1450 1949 1700 2005 auctus
1768 1936 2267 2017 benedictione,
2322 1935 2404 2004 ad
2459 1958 2573 2004 vos
2625 1935 2843 2004 laetus
2912 1957 3135 2004 rever-

579 2042 703 2096 tar.
744 2032 873 2095 Nec
900 2024 1219 2093 dubitare
1253 2024 1537 2105 debetis,
1567 2024 1839 2093 etiamsi
1873 2047 2155 2111 corpore
2187 2025 2269 2093 ad
2311 2038 2583 2115 tempus
2608 2046 2648 2093 a
2675 2024 2867 2094 vobis
2893 2024 3127 2105 aber0,

576 2116 743 2204 quin
798 2134 1070 2201 semper
1119 2112 1471 2181 vobiscum
1516 2114 1766 2203 spiritu
1810 2113 1937 2181 sim
1991 2112 2290 2182 futurus,
2331 2136 2367 2178 »

667 2208 703 2291 ξ
753 2208 880 2273 1¹2.
937 2207 1116 2271 Haec
1151 2201 1269 2269 illo
1317 2201 1608 2283 dicente,
1662 2224 1906 2271 omnes
1953 2225 2110 2271 cum
2166 2201 2492 2292 lacrymis
2540 2201 2807 2271 elevant
2861 2222 3121 2282 vocem,

579 2293 911 2381 ajuntque
960 2290 1043 2358 ad
1096 2312 1287 2359 eum:
1327 2296 1484 2359 «Tu
1533 2313 1628 2371 es,
1664 2296 1861 2360 Pater
1912 2291 2317 2371 venerande,
2357 2304 2507 2380 post
2546 2295 2758 2359 Deum
2810 2312 2969 2380 spes
3000 2312 3131 2359 no-

577 2397 740 2458 stra,
788 2394 861 2448 tu
913 2377 1253 2468 refugium
1310 2391 1647 2461 nostrum,
1706 2393 1778 2450 tu
1826 2379 2202 2449 consolatio
2240 2393 2305 2448 et
2356 2378 2725 2448 consilium
2781 2391 3123 2448 nostrum.

580 2474 666 2538 Te
713 2490 875 2559 ergo
928 2468 1302 2548 recedente,
1356 2468 1523 2555 quid
1579 2490 1703 2539 nos
1751 2467 1998 2538 facturi
2046 2471 2336 2539 sumus?
2383 2480 2502 2538 aut
2554 2481 2613 2537 te
2661 2466 2981 2549 absente,
3035 2467 3123 2537 ad

575 2580 779 2645 quem
834 2561 1313 2627 recurremus?
1351 2558 1626 2627 Erimus
1677 2557 1975 2647 profecto
2024 2560 2205 2628 sicut
2241 2579 2400 2626 oves
2438 2579 2580 2625 non·
2625 2556 2952 2626 habentes
3001 2579 3125 2646 pa-

574 2660 849 2717 storem.
906 2647 1365 2728 Quamobrem
1417 2648 1472 2715 si
1524 2648 1610 2715 ad
1661 2647 2056 2716 Pontificem
2101 2658 2163 2716 te
2215 2646 2419 2715 trahit
2452 2644 2860 2725 obedientia,
2898 2658 3122 2715 tecum

577 2758 702 2805 nos
749 2758 892 2805 una
942 2736 1166 2805 trahat
1213 2736 1740 2825 supereminens
1788 2735 2111 2811 charitas,
2147 2757 2324 2823 quae
2369 2750 2472 2804 est
2518 2735 2589 2803 in
2633 2734 2896 2803 Christo
2919 2734 3120 2814 Jesu,

573 2846 781 2912 quam
821 2846 1139 2911 separare
1186 2837 1253 2893 et
1299 2823 1680 2894 convellere
1718 2846 1850 2894 non
1905 2824 2147 2914 poterit
2200 2846 2417 2910 neque
2454 2846 2661 2902 morS,
2703 2844 2924 2910 neque
2957 2823 3115 2904 vita,

576 2936 799 3000 neque
836 2914 976 2983 ulla
1029 2927 1412 2983 creatura.»
1444 2913 1746 2983 Audiens
1786 2913 1954 2982 haec
1989 2914 2227 2983 beatus
2260 2918 2510 2994 Brun0‚
2554 2933 2982 2999 cernensque
3009 2933 3124 2981 eos

576 3003 840 3073 nullam
894 3003 1257 3071 admittere
1295 3002 1865 3082 consolationem,
1935 3024 2054 3070 nec
2106 3002 2520 3091 persuadere
2568 3023 2640 3071 se
2690 3000 2829 3069 illis
2878 3022 3119 3091 posse,

574 3106 652 3162 ut
695 3093 761 3160 in
816 3091 1227 3161 Charthusia
1278 3105 1678 3171 manerent,
1738 3113 1821 3160 ne
1871 3091 2062 3161 locus
2111 3090 2224 3160 ille
2276 3090 2424 3179 jam
2482 3096 2613 3160 Deo
2662 3090 2970 3171 dicatuS,
3036 3090 3117 3158 ad

576 3203 827 3249 manus
882 3180 1094 3250 laicas
1142 3192 1208 3249 et
1259 3180 1582 3269 profanas
1634 3202 1877 3250 rursus
1927 3179 2396 3249 devolveretur
2428 3234 2444 3262 ,
2511 3178 2696 3266 quod
2750 3178 3125 3269 prudenter

577 3269 694 3337 ille
730 3269 1035 3348 timebat,
1090 3269 1599 3338 commendavit
1647 3281 1712 3338 et
1778 3269 1966 3338 dedit
2013 3291 2170 3338 eum
2223 3268 2592 3338 venerabili
2644 3268 2789 3338 viro
2838 3267 3122 3358 Signino

576 3357 818 3426 Abbati
868 3361 1074 3426 Casae
1115 3358 1256 3439 Dei,
1305 3359 1427 3445 qui
1482 3357 1612 3428 fuit
1659 3380 1845 3427 unus
1902 3380 1980 3427 ex
2034 3358 2277 3447 primis
2328 3357 2820 3427 donatoribus:
2872 3355 2984 3427 sed
3030 3355 3123 3424 ita

579 3458 806 3515 tamen
845 3444 907 3512 id
946 3444 1125 3526 fecit,
1180 3459 1256 3515 ut
1288 3447 1573 3515 omnino
1612 3447 2059 3528 constitueret
2115 3446 2355 3515 reverti
2421 3468 2577 3515 cum
2644 3446 2790 3516 suis
2836 3444 2917 3513 ad
2962 3446 3120 3512 Car-

575 3535 905 3604 thusiam.
962 3534 1259 3604 Peractis
1307 3549 1536 3604 autem
1588 3536 1938 3617 omnibuS,
1981 3549 2436 3626 perceptaque
2485 3533 2862 3605 beatissimi
2889 3536 3122 3622 Hugo-

574 3624 684 3692 nis
735 3623 1054 3713 Episcopi
1126 3624 1622 3706 benedictione,
1676 3648 1762 3694 ur
1812 3637 1964 3694 ente
2013 3623 2366 3694 Pontificis
2415 3623 2779 3704 mandato,
2834 3627 3122 3692 Romam

571 3711 919 3803 profectus
966 3724 1090 3781 est.
1134 3718 1354 3782 Potest
1387 3726 1615 3782 autem
1667 3737 1745 3783 ex
1840 3715 1898 3783 is
1952 3735 2226 3801 quoque
2284 3734 2418 3782 non
2455 3712 2746 3782 obscure
2798 3710 3119 3802 perspici,

570 3824 778 3888 quam
823 3801 1073 3871 eximia
1124 3801 1329 3871 fuerit
1378 3802 1628 3872 virtute
1670 3803 2051 3893 praeditus,
2107 3826 2144 3871 a
2192 3824 2331 3890 quo
2388 3802 2487 3870 sic
2538 3801 2932 3892 pendebant
2965 3798 3125 3868 reli-

570 3891 744 3980 giosi
800 3889 1043 3959 fratres
1092 3891 1221 3967 illi.
1274 3904 1351 3961 ut
1391 3893 1597 3962 vitam
1632 3892 1858 3983 ipsam
1916 3913 2199 3981 prorsus
2246 3891 2603 3961 insuavem
2659 3901 2724 3959 et
2765 3889 3124 3959 molestam

568 3980 699 4049 sibi
756 3993 1103 4067 putarent,
1146 3982 1203 4049 si
1236 3981 1393 4068 ejus
1437 3982 1823 4071 praesentia
1874 3980 2195 4050 frustrari
2237 3980 2425 4070 ipsos
2474 3992 2840 4070 oporteret.
3022 4064 3034 4077 ⁸

659 4072 695 4155 ξ
743 4072 880 4141 18.
938 4069 1064 4139 Ubi
1114 4082 1342 4138 autem
1394 4069 1636 4141 beatus
1684 4076 1915 4138 Bruno
1964 4074 2251 4138 Romam
2307 4069 2511 4149 venit,
2564 4067 2906 4147 Pontifex,
2976 4087 3126 4152 ejus

572 4154 872 4226 adventu
906 4158 1076 4227 mire
1097 4157 1542 4239 exhilaratus,
1582 4158 2090 4227 humanissime
2116 4179 2273 4227 eum
2311 4157 2598 4247 excepit,
2633 4158 2893 4246 quippe
2918 4176 3127 4254 quem

572 4247 777 4315 unice
827 4259 1087 4316 amaret
1132 4260 1198 4317 et
1244 4259 1707 4325 veneraretur,
1752 4258 1955 4333 atque
1997 4248 2064 4315 in
2161 4247 2356 4317 rimis
2390 4258 2456 4316 et
2487 4246 2751 4314 intimis
2799 4242 3129 4314 consilia-

577 4336 698 4403 riis
738 4347 802 4403 et
845 4333 1165 4405 fidelibus
1214 4337 1460 4406 amicis
1509 4358 1784 4425 semper
1811 4358 1970 4404 eum
2025 4336 2109 4405 ha
2166 4336 2289 4417 uit,
2341 4335 2494 4425 ejus
2538 4333 2853 4404 consiliis
2903 4333 2971 4400 in
3023 4354 3131 4401 ar-

572 4424 731 4494 duis
781 4424 1120 4494 Ecclesiae
1162 4426 1449 4515 negotiis
1503 4446 1861 4513 nunquam
1906 4445 2045 4495 non
2095 4437 2318 4494 utens.
2377 4428 2861 4493 Convenerunt
2897 4433 3131 4491 autem
