3347 4999
783 314 911 377 522
1579 330 1655 376 ns
1703 330 1758 377 s.
1813 328 2104 376 nnnwms
2153 329 2343 377 vinna
2900 313 3054 377 OCT.
3103 314 3169 379 ⁴7

780 416 817 501 ξ
863 417 1009 488 48.
1063 415 1280 484 Tertio
1306 414 1393 485 ab
1430 413 1621 483 obitu
1669 412 1823 501 ejus
1863 412 1996 494 die,
2053 412 2457 502 priusquam
2496 414 2880 505 sepulturae
2926 416 3168 484 manda·

692 513 881 573 retur
929 515 1239 574 sanctum
1276 502 1945 604 corpus,4Abbatissa
1979 501 2148 571 dixit
2179 502 2658 573 wenceslauae
2706 504 2932 586 sorori,
2959 518 3029 573 ut
3068 527 3171 574 au-

692 591 891 661 ferret
939 593 1025 662 ab
1073 592 1221 681 ejus
1267 604 1486 682 capite
1528 591 1856 670 velamen,
1908 604 1974 660 et
2019 590 2204 660 aliud
2260 606 2634 682 reponeret.
2689 597 2824 662 Hoc
2868 593 3033 661 enim
3080 615 3170 661 ve-

693 680 916 751 lamen
970 683 1187 752 suerat
1219 682 1452 752 beatae
1503 679 1868 758 Elizabeth,
1907 680 2108 769 cujus
2159 693 2510 750 matertera
2562 694 2798 751 sancta
2832 681 3166 771 HedwigiS‚

692 770 915 856 quoad
978 772 1187 851 vixit,
1242 770 1412 840 illud
1466 768 1682 839 multa
1731 769 2102 838 reverentia
2153 783 2511 860 prosecuta
2564 783 2746 851 erat,
2790 784 2852 839 et
2896 793 3006 860 pro
3048 771 3171 927 eiius

692 881 923 928 amore
976 860 1340 951 diligenter
1406 868 1861 929 conservarat.
1915 857 2190 928 Volebat
2249 861 2328 928 ea
2381 862 2591 929 causa
2642 860 2982 929 Abbatissa
3025 859 3167 928 ilud

691 948 821 1017 sibi
873 949 1183 1018 retinere.
1240 948 1575 1018 Accedens
1626 948 1836 1037 igitur
1893 946 2331 1017 wenceslaua
2392 948 2476 1017 ad
2538 947 2902 1029 feretrum,
2952 949 3169 1018 detecta

689 1037 860 1106 facie
910 1051 1183 1107 sanctae
1214 1037 1581 1127 Hedwigis,
1637 1036 1815 1105 videt
1863 1057 2012 1105 eam
2061 1049 2293 1126 aperto
2325 1059 2441 1107 ore
2472 1037 2838 1125 jacentem,
2874 1052 2935 1108 et
2960 1038 3036 1107 ab
3076 1058 3168 1106 ore

688 1127 892 1196 sentit
927 1126 1274 1217 proficisci
1305 1127 1581 1196 odorem
1625 1125 2154 1195 suavissimum:
2186 1149 2437 1216 corpus
2471 1149 2742 1215 quoque
2783 1128 3007 1218 majori
3037 1148 3167 1195 can-

687 1215 851 1284 dore
901 1216 1256 1297 insusum,
1310 1228 1386 1285 ut
1431 1215 1555 1284 dos
1603 1215 1935 1284 claritatis
1981 1227 2045 1285 et
2093 1216 2262 1285 stola
2310 1215 2566 1306 gloriae
2614 1218 2681 1285 in
2732 1238 2814 1286 ea
2851 1216 2988 1305 jam
3030 1228 3163 1285 tunc

691 1305 1200 1389 quodammodo
1253 1306 1553 1374 relucere
1586 1304 2059 1373 viderentur...
2116 1309 2189 1372 In
2250 1307 2529 1376 Sanctos
2584 1317 2812 1375 autem
2862 1305 3048 1375 relata
3088 1316 3166 1374 est

688 1394 1160 1463 illustrissima
1219 1406 1529 1464 matrona
1579 1406 1642 1463 et
1690 1392 2062 1463 admodum
2121 1394 2527 1463 venerabilis
2582 1395 2919 1485 Hedwigis
2968 1417 3001 1462 a
3051 1392 3164 1462 Cle·

689 1497 912 1552 mente
949 1483 1292 1562 Pontifice,
1338 1484 1487 1572 ejus
1536 1483 1837 1553 nominis
1884 1493 2152 1569 quarto,
2195 1505 2374 1552 anno
2427 1485 2686 1553 Domini
2734 1490 2924 1566 ⁴267,
2966 1482 3163 1552 Idibus

689 1573 997 1642 Octobris
1029 1574 1108 1636 *ι
1161 1573 1279 1661 qui
1329 1596 1485 1642 cum
1542 1584 1699 1641 ante
1738 1573 2212 1641 Pontificatum
2255 1572 2469 1642 filiam
2518 1596 2596 1643 ex
2633 1574 2932 1663 legitimo
2970 1569 3161 1641 matri-

693 1662 921 1738 monio
983 1662 1432 1750 suscepisset,
1479 1682 1692 1748 eaque
1744 1661 2126 1731 luminibus
2172 1663 2406 1731 orbata
2469 1675 2684 1742 esset,
2727 1663 3008 1754 cupiens
3048 1662 3160 1748 ipse

690 1751 890 1820 etiam
929 1750 1205 1839 aliquod
1256 1751 1489 1820 beatae
1530 1750 1874 1840 Hedwigis
1926 1750 2336 1820 miraculum
2388 1753 2724 1842 experiri,
2788 1751 3028 1841 rogavit
3066 1768 3157 1838 pro

690 1863 764 1909 ea
802 1840 978 1910 intra
1029 1841 1386 1909 Missarum
1436 1839 1792 1919 solemnia,
1838 1852 1911 1907 ut
1961 1840 2014 1908 si
2068 1853 2299 1909 sancta
2348 1854 2521 1910 esset
2577 1842 2939 1932 HedwigiS,
2987 1837 3159 1929 ipsius

654 1929 900 1999 ·flliam
960 1942 1253 2009 sanaret,
1298 1929 1478 2016 quod
1519 1930 1722 1998 etiam
1767 1928 1961 1997 facile
2013 1942 2423 1998 consecutus
2455 1942 2575 1999 est.
2632 1931 3043 2000 Translatum
3085 1937 3160 1993 est

688 2033 913 2088 autem
967 2042 1237 2088 sacrum
1291 2040 1542 2108 corpus
1581 2041 1763 2087 anno
1811 2024 2001 2095 1268,
2063 2024 2139 2086 *¹6
2182 2018 2508 2089 Calendas
2559 2020 3006 2111 Septembris:
3052 2036 3158 2104 quo

685 2108 794 2177 die
828 2120 1061 2198 aperto
1101 2107 1416 2198 sepulcro
1454 2108 1627 2197 ejuS‚
1659 2110 1824 2176 odor
1858 2108 2196 2177 mirificus
2228 2108 2536 2177 omnium
2578 2132 2776 2181 nares
2815 2105 3155 2203 complevit,

682 2198 1086 2285 animosque
1142 2209 1417 2286 stupore
1477 2210 1539 2267 et
1588 2196 1839 2287 gaudio
1887 2196 2130 2265 affecit.
2186 2201 2350 2267 Ossa
2405 2211 2627 2267 autem
2673 2200 2848 2269 sacri
2899 2214 3160 2287 corporis

681 2310 839 2356 cum
896 2286 1355 2367 elevarentur,
1404 2287 1831 2375 consumptis
1879 2286 2205 2356 carnibus
2250 2298 2314 2355 et
2365 2289 2829 2369 membrorum
2879 2302 3160 2380 compage}

682 2375 926 2456 soluta,
960 2389 1089 2445 tres
1118 2375 1315 2468 digiti
1343 2375 1659 2446 sinistrae
1695 2398 1942 2446 manus
1973 2376 2121 2465 ejus
2157 2376 2409 2444 inventi
2446 2390 2607 2446 sunt
2642 2399 2925 2466 prorsus
2957 2377 3160 2462 integri

680 2477 744 2535 et
777 2464 1179 2556 incorrupti,
1223 2475 1287 2534 et
1326 2465 1504 2535 intra
1541 2464 1693 2536 illos
1727 2465 1972 2555 exigua
2021 2464 2248 2556 imago
2296 2465 2730 2537 beatissimae
2781 2466 3002 2537 Matris
3046 2461 3156 2540 Dei,

679 2577 886 2643 quam
916 2554 1042 2625 illa
1075 2555 1304 2624 vivens
1336 2555 1573 2624 crebro
1614 2555 1797 2645 apud
1836 2577 1907 2625 se
1940 2555 2113 2624 serre
2152 2554 2432 2628 solebat.
2472 2569 2717 2625 etcum
2752 2581 2832 2628 ea
2866 2552 3158 2627 tumulata

678 2645 920 2727 fuerat,
965 2644 1143 2732 quod
1200 2645 1496 2715 moriens
1557 2644 1726 2714 adeo
1764 2666 1912 2713 eam
1959 2645 2192 2734 digitis
2244 2645 2388 2715 istis
2428 2645 2834 2728 strinxerat,
2888 2658 2960 2714 ut
3012 2661 3162 2712 com·

683 2734 879 2804 mode
927 2734 1086 2804 inde
1120 2733 1316 2803 avelli
1359 2756 1491 2802 non
1534 2746 1780 2823 posset.
1828 2733 2187 2803 Cerebrum
2225 2756 2498 2822 quoque
2535 2736 2782 2825 capitis
2816 2736 2982 2826 ejuS‚
3014 2727 3162 2820 quod

681 2825 817 2892 fere
860 2823 1408 2914 vigintiquinque
1446 2823 1646 2907 annis
1705 2823 2064 2892 humatum
2117 2822 2374 2904 suerat,
2427 2823 2780 2894 inventum
2822 2836 2924 2895 est
2972 2840 3164 2892 recen·

679 2912 1050 2995 tissimum,
1095 2926 1157 2982 et
1191 2911 1421 2981 divina
1451 2912 1693 2981 virtute
1726 2911 2132 2981 mirabiliter
2168 2926 2664 2983 conservatum.
2721 2915 2968 3003 Liquor
2996 2911 3160 2979 etiam

681 3024 900 3092 purus
960 3015 1023 3071 et
1086 3001 1313 3070 clarus
1348 3055 1366 3082 ,
1441 3001 1654 3070 instar
1701 3000 1826 3069 olei
1890 3001 2271 3082 olivarum,
2329 3002 2722 3073 suavissimi
2775 3000 3166 3084 mirandique

675 3092 927 3172 odoriS,
966 3114 1000 3159 e
1038 3094 1259 3180 capite
1290 3091 1713 3181 erumpebat,
1760 3089 2082 3159 sindones
2130 3103 2195 3160 et
2243 3113 2530 3181 pannos,
2584 3093 2841 3180 quibus
2893 3089 3052 3161 illud
3084 3087 3163 3154 in·
3267 3093 3268 3112 ¹

673 3180 1091 3259 volvebatur,
1136 3179 1615 3261 madefaciens,
1673 3179 1954 3268 perinde
1994 3203 2072 3249 ac
2113 3180 2169 3248 si
2215 3203 2252 3249 e
2285 3181 2574 3250 flumine
2620 3184 2898 3252 extracti
2949 3186 3161 3251 essent.

672 3273 745 3336 In
801 3270 934 3337 line
978 3268 1302 3337 historiae
1353 3273 1599 3338 Auctor
1637 3269 2009 3338 orationem
2055 3269 2460 3360 subjungit,
2515 3293 2719 3358 quam
2772 3295 2896 3342 nos
2929 3270 3007 3339 ad
3048 3286 3166 3334 ver-

672 3358 836 3425 bum
900 3357 1436 3448 descripsimus:
1505 3382 1540 3424 «
1584 3363 1714 3429 Ora
1764 3380 1885 3448 pro
1935 3359 2133 3429 nobis
2182 3358 2614 3449 supplicibus
2664 3362 2852 3441 tui5‚
2906 3384 2944 3430 o
3007 3359 3166 3428 beata
3265 3391 3266 3394 =

672 3444 1061 3603 Hedwigis,
1116 3459 1191 3515 ut
1242 3446 1569 3517 Dominus
1618 3451 1794 3517 Deus
1845 3460 2113 3526 noster,
2164 3450 2281 3535 qui
2336 3461 2397 3518 te
2444 3449 2525 3517 ad
2584 3462 2929 3520 aeternam
2983 3460 3167 3516 trans·

672 3534 827 3603 tulit
948 3536 1189 3618 oriam,
1250 3558 1369 3605 nos
1424 3549 1569 3625 post
1620 3537 1995 3626 praesentis
2037 3537 2210 3606 vitae
2258 3538 2627 3620 miseriam,
2682 3540 2766 3608 ad
2813 3539 3166 3609 societatem

675 3638 860 3695 trans
893 3637 1036 3693 erat
1084 3623 1542 3714 Angelorum:
1595 3627 1716 3713 qui
1764 3626 1923 3696 vivit
1968 3641 2034 3696 et
2081 3640 2319 3716 regnat
2368 3649 2487 3717 per
2535 3630 2761 3698 omnia
2821 3626 3044 3698 secula
3088 3642 3171 3693 se·

670 3711 1013 3796 culorum,
1053 3718 1286 3784 Amen.
1315 3737 1349 3781 »

721 3899 743 3919 ·
773 3896 938 3946 Agitur
956 3896 1045 3942 hic.
1063 3900 1117 3938 nt
1138 3900 1279 3947 patet.
1299 3901 1356 3939 do
1380 3897 1772 3942 solemnitatibus,
1795 3907 1915 3947 quae
1936 3899 1996 3938 ob
2016 3899 2059 3939 S.
2089 3897 2326 3946 Hedwiais
2345 3898 2758 3947 canonizationem,
2782 3911 2867 3951 per
2888 3896 3091 3941 Silesism
3107 3892 3174 3932 ino

669 3953 880 3999 tempore
914 3953 1173 3992 celebratae
1208 3956 1332 3998 sunt,
1362 3962 1505 4000 quum
1541 3953 1691 3996 Bulla,
1723 3949 1815 4000 quui
1851 3950 1951 4001 ipsa
1986 3950 2034 3991 in
2071 3955 2345 3993 Sanc-‚torum
2375 3952 2489 3994 Albo
2511 3957 2773 4004 conscripta
2789 3958 2896 4002 ruit,
2920 3964 2981 3993 vit
3005 3947 3170 3992 Kalend.

668 4007 829 4052 aprilis
847 4008 913 4049 (26
938 4007 1143 4056 martiis)
1163 4009 1271 4046 data
1290 4009 1370 4047 sit.
1398 4007 1658 4052 (tac-terum,
1681 4006 1841 4053 populi
1876 4007 2086 4046 snesiaoi
2123 4009 2313 4047 ‹im-otto
2356 4013 2403 4046 et
2444 4006 2602 4048 cultus
2633 4019 2745 4058 erga
2773 4020 2909 4049 suam
2940 4007 3172 4047 Patronnm.

667 4063 772 4105 post
804 4061 875 4098 tot
903 4070 1060 4099 rerum
1092 4071 1142 4099 ac.
1172 4063 1435 4109 temporum
1465 4056 1817 4100 vicissitudines
1847 4059 2072 4101 hactenus
2107 4059 2309 4101 mirabili
2338 4062 2521 4102 fervore
2542 4066 2841 4110 permanent:
2863 4065 3000 4110 atque
3021 4058 3173 4098 utin-m

668 4122 852 4162 semper
879 4115 1198 4160 permaneant!
