<?xml version="1.0" encoding="UTF-8"?>
<!DOCTYPE html PUBLIC "-//W3C//DTD XHTML 1.0 Transitional//EN"
    "http://www.w3.org/TR/xhtml1/DTD/xhtml1-transitional.dtd">
<html xmlns="http://www.w3.org/1999/xhtml" xml:lang="en" lang="en">
 <head>
  <title>
</title>
<meta http-equiv="Content-Type" content="text/html;charset=utf-8" />
  <meta name='ocr-system' content='tesseract 3.04.00' />
  <meta name='ocr-capabilities' content='ocr_page ocr_carea ocr_par ocr_line ocrx_word'/>
</head>
<body>
  <div class='ocr_page' id='page_1' title='image "./historiaeseuvit03lippgoog_0645.png"; bbox 0 0 3347 4999; ppageno 0'>
   <div class='ocr_carea' id='block_1_1' title="bbox 168 328 2632 396">
    <p class='ocr_par' dir='ltr' id='par_1_1' title="bbox 168 328 2632 396">
     <span class='ocr_line' id='line_1_1' title="bbox 168 328 2632 396; baseline -0.001 0"><span class='ocrx_word' id='word_1_1' title='bbox 168 328 354 396; x_wconf 87' lang='lat' dir='ltr'>OCT.</span> <span class='ocrx_word' id='word_1_2' title='bbox 415 328 502 394; x_wconf 67' lang='lat'>⁴8</span> <span class='ocrx_word' id='word_1_3' title='bbox 1026 345 1103 391; x_wconf 72' lang='lat' dir='ltr'>nr:</span> <span class='ocrx_word' id='word_1_4' title='bbox 1152 345 1208 392; x_wconf 86' lang='lat' dir='ltr'>S.</span> <span class='ocrx_word' id='word_1_5' title='bbox 1259 342 1417 391; x_wconf 59' lang='lat' dir='ltr'>Luca</span> <span class='ocrx_word' id='word_1_6' title='bbox 1451 343 1880 393; x_wconf 59' lang='lat' dir='ltr'>nvxnosstisu</span> <span class='ocrx_word' id='word_1_7' title='bbox 2503 328 2632 395; x_wconf 81' lang='lat'>533</span> 
     </span>
    </p>
   </div>
   <div class='ocr_carea' id='block_1_2' title="bbox 170 428 2721 4533">
    <p class='ocr_par' dir='ltr' id='par_1_2' title="bbox 170 428 2718 619">
     <span class='ocr_line' id='line_1_2' title="bbox 170 428 2718 518; baseline 0 -17"><span class='ocrx_word' id='word_1_8' title='bbox 170 431 326 501; x_wconf 88' lang='lat' dir='ltr'>suis</span> <span class='ocrx_word' id='word_1_9' title='bbox 377 429 638 499; x_wconf 83' lang='lat' dir='ltr'>dixisse</span> <span class='ocrx_word' id='word_1_10' title='bbox 686 441 1048 500; x_wconf 72' lang='lat' dir='ltr'><strong>narratur:</strong></span> <span class='ocrx_word' id='word_1_11' title='bbox 1102 428 1502 518; x_wconf 86' lang='lat' dir='ltr'>Septuplutn</span> <span class='ocrx_word' id='word_1_12' title='bbox 1551 429 1721 499; x_wconf 91' lang='lat' dir='ltr'>ultio</span> <span class='ocrx_word' id='word_1_13' title='bbox 1769 429 2046 500; x_wconf 88' lang='lat' dir='ltr'>dabitur</span> <span class='ocrx_word' id='word_1_14' title='bbox 2090 428 2174 498; x_wconf 93' lang='lat' dir='ltr'>de</span> <span class='ocrx_word' id='word_1_15' title='bbox 2223 432 2406 511; x_wconf 83' lang='lat' dir='ltr'>Cain,</span> <span class='ocrx_word' id='word_1_16' title='bbox 2461 430 2545 500; x_wconf 92' lang='lat' dir='ltr'>de</span> <span class='ocrx_word' id='word_1_17' title='bbox 2595 436 2718 501; x_wconf 90' lang='lat' dir='ltr'>La-</span> 
     </span>
     <span class='ocr_line' id='line_1_3' title="bbox 182 516 2718 619; baseline 0 -30"><span class='ocrx_word' id='word_1_18' title='bbox 182 518 393 589; x_wconf 84' lang='lat' dir='ltr'><strong>mech</strong></span> <span class='ocrx_word' id='word_1_19' title='bbox 445 539 602 588; x_wconf 87' lang='lat' dir='ltr'>vero</span> <span class='ocrx_word' id='word_1_20' title='bbox 650 517 1038 609; x_wconf 79' lang='lat' dir='ltr'>septuagies</span> <span class='ocrx_word' id='word_1_21' title='bbox 1086 517 1358 607; x_wconf 91' lang='lat' dir='ltr'>septies.</span> <span class='ocrx_word' id='word_1_22' title='bbox 1430 516 1605 587; x_wconf 92' lang='lat' dir='ltr'>Ultio</span> <span class='ocrx_word' id='word_1_23' title='bbox 1661 518 1917 619; x_wconf 84' lang='lat' dir='ltr'>quippe</span> <span class='ocrx_word' id='word_1_24' title='bbox 1964 517 2049 586; x_wconf 90' lang='lat' dir='ltr'>de</span> <span class='ocrx_word' id='word_1_25' title='bbox 2097 519 2388 588; x_wconf 83' lang='lat' dir='ltr'>Lamech</span> <span class='ocrx_word' id='word_1_26' title='bbox 2437 530 2718 610; x_wconf 89' lang='lat' dir='ltr'>septua-</span> 
     </span>
    </p>

    <p class='ocr_par' dir='ltr' id='par_1_3' title="bbox 178 605 2721 1762">
     <span class='ocr_line' id='line_1_4' title="bbox 236 605 2721 698; baseline 0.001 -21"><span class='ocrx_word' id='word_1_27' title='bbox 236 609 338 679; x_wconf 92' lang='lat' dir='ltr'>ies</span> <span class='ocrx_word' id='word_1_28' title='bbox 393 607 645 698; x_wconf 83' lang='lat' dir='ltr'>septies</span> <span class='ocrx_word' id='word_1_29' title='bbox 693 606 921 677; x_wconf 92' lang='lat' dir='ltr'>danda</span> <span class='ocrx_word' id='word_1_30' title='bbox 968 605 1243 686; x_wconf 90' lang='lat' dir='ltr'>dicitur,</span> <span class='ocrx_word' id='word_1_31' title='bbox 1296 606 1459 693; x_wconf 90' lang='lat' dir='ltr'>quia</span> <span class='ocrx_word' id='word_1_32' title='bbox 1506 618 1939 696; x_wconf 80' lang='lat' dir='ltr'>septuaginta</span> <span class='ocrx_word' id='word_1_33' title='bbox 1969 620 2224 696; x_wconf 85' lang='lat' dir='ltr'>septem</span> <span class='ocrx_word' id='word_1_34' title='bbox 2276 607 2588 677; x_wconf 87' lang='lat' dir='ltr'>homines</span> <span class='ocrx_word' id='word_1_35' title='bbox 2635 609 2721 679; x_wconf 86' lang='lat' dir='ltr'>de</span> 
     </span>
     <span class='ocr_line' id='line_1_5' title="bbox 178 632 2719 786; baseline 0 -18"><span class='ocrx_word' id='word_1_36' title='bbox 178 632 571 768; x_wconf 45' lang='lat' dir='ltr'>femoribus</span> <span class='ocrx_word' id='word_1_37' title='bbox 628 696 777 785; x_wconf 88' lang='lat' dir='ltr'>ejus</span> <span class='ocrx_word' id='word_1_38' title='bbox 843 694 1288 786; x_wconf 90' lang='lat' dir='ltr'>perhibentur</span> <span class='ocrx_word' id='word_1_39' title='bbox 1333 695 1631 785; x_wconf 82' lang='lat' dir='ltr'>egressi,</span> <span class='ocrx_word' id='word_1_40' title='bbox 1687 718 1765 764; x_wconf 92' lang='lat' dir='ltr'>ac</span> <span class='ocrx_word' id='word_1_41' title='bbox 1816 694 2248 785; x_wconf 91' lang='lat' dir='ltr'>postmodum</span> <span class='ocrx_word' id='word_1_42' title='bbox 2300 693 2558 764; x_wconf 89' lang='lat' dir='ltr'>diluvio</span> <span class='ocrx_word' id='word_1_43' title='bbox 2605 719 2719 768; x_wconf 87' lang='lat' dir='ltr'>vo-</span> 
     </span>
     <span class='ocr_line' id='line_1_6' title="bbox 181 783 2720 885; baseline 0 -30"><span class='ocrx_word' id='word_1_44' title='bbox 181 798 384 856; x_wconf 90' lang='lat' dir='ltr'>rante</span> <span class='ocrx_word' id='word_1_45' title='bbox 439 784 825 854; x_wconf 85' lang='lat' dir='ltr'>referuntur</span> <span class='ocrx_word' id='word_1_46' title='bbox 872 784 1197 885; x_wconf 81' lang='lat' dir='ltr'>absorpti.</span> <span class='ocrx_word' id='word_1_47' title='bbox 1247 783 1368 853; x_wconf 89' lang='lat' dir='ltr'>Sed</span> <span class='ocrx_word' id='word_1_48' title='bbox 1420 784 1580 871; x_wconf 91' lang='lat' dir='ltr'>quia</span> <span class='ocrx_word' id='word_1_49' title='bbox 1632 785 1916 853; x_wconf 79' lang='lat' dir='ltr'>Lamech</span> <span class='ocrx_word' id='word_1_50' title='bbox 1953 784 2362 874; x_wconf 86' lang='lat' dir='ltr'>percutiens,</span> <span class='ocrx_word' id='word_1_51' title='bbox 2394 784 2533 853; x_wconf 84' lang='lat' dir='ltr'>sive</span> <span class='ocrx_word' id='word_1_52' title='bbox 2566 807 2720 875; x_wconf 88' lang='lat' dir='ltr'>per-</span> 
     </span>
     <span class='ocr_line' id='line_1_7' title="bbox 178 872 2713 964; baseline -0.001 -19"><span class='ocrx_word' id='word_1_53' title='bbox 178 897 448 946; x_wconf 89' lang='lat' dir='ltr'>cussus</span> <span class='ocrx_word' id='word_1_54' title='bbox 496 874 940 964; x_wconf 79' lang='lat' dir='ltr'>exprimitur,</span> <span class='ocrx_word' id='word_1_55' title='bbox 978 872 1142 961; x_wconf 77' lang='lat' dir='ltr'>quid</span> <span class='ocrx_word' id='word_1_56' title='bbox 1196 894 1314 963; x_wconf 90' lang='lat' dir='ltr'>per</span> <span class='ocrx_word' id='word_1_57' title='bbox 1361 872 1569 953; x_wconf 91' lang='lat' dir='ltr'>hunc,</span> <span class='ocrx_word' id='word_1_58' title='bbox 1626 873 1757 941; x_wconf 91' lang='lat' dir='ltr'>nisi</span> <span class='ocrx_word' id='word_1_59' title='bbox 1808 873 2073 962; x_wconf 85' lang='lat' dir='ltr'>primus</span> <span class='ocrx_word' id='word_1_60' title='bbox 2122 894 2369 962; x_wconf 85' lang='lat' dir='ltr'>parens</span> <span class='ocrx_word' id='word_1_61' title='bbox 2424 873 2713 943; x_wconf 89' lang='lat' dir='ltr'>humani</span> 
     </span>
     <span class='ocr_line' id='line_1_8' title="bbox 180 961 2719 1065; baseline -0 -31"><span class='ocrx_word' id='word_1_62' title='bbox 180 964 470 1055; x_wconf 87' lang='lat' dir='ltr'>generis</span> <span class='ocrx_word' id='word_1_63' title='bbox 519 961 879 1063; x_wconf 75' lang='lat' dir='ltr'>figuratur,</span> <span class='ocrx_word' id='word_1_64' title='bbox 932 962 1427 1063; x_wconf 53' lang='lat' dir='ltr'>quinimirum</span> <span class='ocrx_word' id='word_1_65' title='bbox 1479 962 1733 1052; x_wconf 85' lang='lat' dir='ltr'>peccati</span> <span class='ocrx_word' id='word_1_66' title='bbox 1787 962 2018 1063; x_wconf 82' lang='lat' dir='ltr'>telum,</span> <span class='ocrx_word' id='word_1_67' title='bbox 2073 983 2210 1049; x_wconf 91' lang='lat' dir='ltr'>quo</span> <span class='ocrx_word' id='word_1_68' title='bbox 2258 962 2526 1052; x_wconf 91' lang='lat' dir='ltr'>primus</span> <span class='ocrx_word' id='word_1_69' title='bbox 2574 963 2719 1065; x_wconf 77' lang='lat' dir='ltr'>ipse</span> 
     </span>
     <span class='ocr_line' id='line_1_9' title="bbox 183 1065 2718 1144; baseline -0.001 -21"><span class='ocrx_word' id='word_1_70' title='bbox 183 1074 571 1144; x_wconf 89' lang='lat' dir='ltr'>percussus</span> <span class='ocrx_word' id='word_1_71' title='bbox 618 1065 895 1126; x_wconf 82' lang='lat' dir='ltr'>interut,</span> <span class='ocrx_word' id='word_1_72' title='bbox 963 1074 1280 1121; x_wconf 80' lang='lat' dir='ltr'>universo</span> <span class='ocrx_word' id='word_1_73' title='bbox 1327 1073 1600 1139; x_wconf 91' lang='lat' dir='ltr'>quoque</span> <span class='ocrx_word' id='word_1_74' title='bbox 1660 1073 1890 1141; x_wconf 80' lang='lat' dir='ltr'>generi</span> <span class='ocrx_word' id='word_1_75' title='bbox 1941 1073 2384 1122; x_wconf 90' lang='lat' dir='ltr'>successurae</span> <span class='ocrx_word' id='word_1_76' title='bbox 2432 1065 2718 1139; x_wconf 81' lang='lat' dir='ltr'>posterl-</span> 
     </span>
     <span class='ocr_line' id='line_1_10' title="bbox 184 1139 2717 1231; baseline -0.001 -18"><span class='ocrx_word' id='word_1_77' title='bbox 184 1145 351 1213; x_wconf 82' lang='lat' dir='ltr'>tatis</span> <span class='ocrx_word' id='word_1_78' title='bbox 406 1140 670 1211; x_wconf 83' lang='lat' dir='ltr'>infixit&#39;?</span> <span class='ocrx_word' id='word_1_79' title='bbox 741 1145 828 1210; x_wconf 92' lang='lat' dir='ltr'>De</span> <span class='ocrx_word' id='word_1_80' title='bbox 877 1140 1003 1210; x_wconf 92' lang='lat' dir='ltr'>hoc</span> <span class='ocrx_word' id='word_1_81' title='bbox 1050 1162 1211 1231; x_wconf 88' lang='lat' dir='ltr'>ergo</span> <span class='ocrx_word' id='word_1_82' title='bbox 1259 1140 1546 1209; x_wconf 84' lang='lat' dir='ltr'>Lamech</span> <span class='ocrx_word' id='word_1_83' title='bbox 1598 1140 1985 1231; x_wconf 86' lang='lat' dir='ltr'>septuagies</span> <span class='ocrx_word' id='word_1_84' title='bbox 2033 1140 2280 1230; x_wconf 89' lang='lat' dir='ltr'>septies</span> <span class='ocrx_word' id='word_1_85' title='bbox 2329 1139 2497 1210; x_wconf 90' lang='lat' dir='ltr'>ultio</span> <span class='ocrx_word' id='word_1_86' title='bbox 2561 1141 2717 1212; x_wconf 90' lang='lat' dir='ltr'>data</span> 
     </span>
     <span class='ocr_line' id='line_1_11' title="bbox 181 1228 2717 1321; baseline 0 -22"><span class='ocrx_word' id='word_1_87' title='bbox 181 1246 313 1313; x_wconf 78' lang='lat' dir='ltr'>est,</span> <span class='ocrx_word' id='word_1_88' title='bbox 372 1231 542 1321; x_wconf 88' lang='lat' dir='ltr'>quia</span> <span class='ocrx_word' id='word_1_89' title='bbox 587 1242 942 1320; x_wconf 90' lang='lat' dir='ltr'>peccatum</span> <span class='ocrx_word' id='word_1_90' title='bbox 983 1284 998 1310; x_wconf 95' lang='lat'>,</span> <span class='ocrx_word' id='word_1_91' title='bbox 1052 1228 1230 1317; x_wconf 92' lang='lat' dir='ltr'>quod</span> <span class='ocrx_word' id='word_1_92' title='bbox 1286 1230 1550 1318; x_wconf 88' lang='lat' dir='ltr'>primus</span> <span class='ocrx_word' id='word_1_93' title='bbox 1606 1229 1811 1300; x_wconf 92' lang='lat' dir='ltr'>homo</span> <span class='ocrx_word' id='word_1_94' title='bbox 1857 1230 2212 1311; x_wconf 87' lang='lat' dir='ltr'>contraxit,</span> <span class='ocrx_word' id='word_1_95' title='bbox 2277 1252 2397 1320; x_wconf 91' lang='lat' dir='ltr'>per</span> <span class='ocrx_word' id='word_1_96' title='bbox 2442 1242 2717 1320; x_wconf 91' lang='lat' dir='ltr'>septua-</span> 
     </span>
     <span class='ocr_line' id='line_1_12' title="bbox 182 1318 2709 1421; baseline -0 -31"><span class='ocrx_word' id='word_1_97' title='bbox 182 1324 389 1411; x_wconf 85' lang='lat' dir='ltr'>ginta</span> <span class='ocrx_word' id='word_1_98' title='bbox 440 1332 693 1409; x_wconf 86' lang='lat' dir='ltr'>septem</span> <span class='ocrx_word' id='word_1_99' title='bbox 746 1319 1216 1421; x_wconf 86' lang='lat' dir='ltr'>generationes</span> <span class='ocrx_word' id='word_1_100' title='bbox 1266 1319 1331 1386; x_wconf 92' lang='lat' dir='ltr'>in</span> <span class='ocrx_word' id='word_1_101' title='bbox 1384 1318 1691 1389; x_wconf 87' lang='lat' dir='ltr'>humano</span> <span class='ocrx_word' id='word_1_102' title='bbox 1751 1340 1995 1409; x_wconf 89' lang='lat' dir='ltr'>genere</span> <span class='ocrx_word' id='word_1_103' title='bbox 2040 1319 2279 1408; x_wconf 88' lang='lat' dir='ltr'>viguit.</span> <span class='ocrx_word' id='word_1_104' title='bbox 2355 1324 2577 1406; x_wconf 88' lang='lat' dir='ltr'>Usque</span> <span class='ocrx_word' id='word_1_105' title='bbox 2624 1320 2709 1389; x_wconf 89' lang='lat' dir='ltr'>ad</span> 
     </span>
     <span class='ocr_line' id='line_1_13' title="bbox 182 1407 2716 1499; baseline -0.001 -19"><span class='ocrx_word' id='word_1_106' title='bbox 182 1410 539 1480; x_wconf 81' lang='lat' dir='ltr'>Christum</span> <span class='ocrx_word' id='word_1_107' title='bbox 592 1407 932 1496; x_wconf 81' lang='lat' dir='ltr'>siquidem</span> <span class='ocrx_word' id='word_1_108' title='bbox 983 1419 1335 1498; x_wconf 89' lang='lat' dir='ltr'>peccatum</span> <span class='ocrx_word' id='word_1_109' title='bbox 1386 1407 1718 1499; x_wconf 83' lang='lat' dir='ltr'>originale</span> <span class='ocrx_word' id='word_1_110' title='bbox 1768 1408 2162 1498; x_wconf 90' lang='lat' dir='ltr'>permansit,</span> <span class='ocrx_word' id='word_1_111' title='bbox 2199 1407 2378 1496; x_wconf 91' lang='lat' dir='ltr'>quod</span> <span class='ocrx_word' id='word_1_112' title='bbox 2416 1409 2562 1497; x_wconf 91' lang='lat' dir='ltr'>ipse</span> <span class='ocrx_word' id='word_1_113' title='bbox 2598 1431 2716 1499; x_wconf 90' lang='lat' dir='ltr'>per</span> 
     </span>
     <span class='ocr_line' id='line_1_14' title="bbox 186 1495 2714 1589; baseline -0.001 -20"><span class='ocrx_word' id='word_1_114' title='bbox 186 1498 524 1589; x_wconf 89' lang='lat' dir='ltr'>baptismi</span> <span class='ocrx_word' id='word_1_115' title='bbox 575 1498 683 1566; x_wconf 84' lang='lat' dir='ltr'>sni</span> <span class='ocrx_word' id='word_1_116' title='bbox 728 1495 944 1587; x_wconf 88' lang='lat' dir='ltr'>(unde</span> <span class='ocrx_word' id='word_1_117' title='bbox 994 1502 1207 1568; x_wconf 88' lang='lat' dir='ltr'>Lucas</span> <span class='ocrx_word' id='word_1_118' title='bbox 1251 1497 1516 1586; x_wconf 91' lang='lat' dir='ltr'>incipit)</span> <span class='ocrx_word' id='word_1_119' title='bbox 1565 1509 1992 1566; x_wconf 90' lang='lat' dir='ltr'>sacramenta</span> <span class='ocrx_word' id='word_1_120' title='bbox 2039 1496 2304 1566; x_wconf 89' lang='lat' dir='ltr'>delevit.</span> <span class='ocrx_word' id='word_1_121' title='bbox 2353 1497 2476 1566; x_wconf 89' lang='lat' dir='ltr'>Ubi</span> <span class='ocrx_word' id='word_1_122' title='bbox 2532 1496 2714 1566; x_wconf 90' lang='lat' dir='ltr'>vide—</span> 
     </span>
     <span class='ocr_line' id='line_1_15' title="bbox 185 1585 2720 1761; baseline -0.001 -103"><span class='ocrx_word' id='word_1_123' title='bbox 185 1588 353 1658; x_wconf 90' lang='lat' dir='ltr'>licet</span> <span class='ocrx_word' id='word_1_124' title='bbox 389 1586 474 1655; x_wconf 93' lang='lat' dir='ltr'>de</span> <span class='ocrx_word' id='word_1_125' title='bbox 500 1586 626 1761; x_wconf 76' lang='lat' dir='ltr'>)illo</span> <span class='ocrx_word' id='word_1_126' title='bbox 666 1585 955 1656; x_wconf 85' lang='lat' dir='ltr'>dicitur:</span> <span class='ocrx_word' id='word_1_127' title='bbox 987 1591 1395 1676; x_wconf 76' lang='lat' dir='ltr'>Eece.a9nus</span> <span class='ocrx_word' id='word_1_128' title='bbox 1434 1588 1591 1655; x_wconf 83' lang='lat' dir='ltr'>Dei:</span> <span class='ocrx_word' id='word_1_129' title='bbox 1627 1609 1769 1655; x_wconf 80' lang='lat' dir='ltr'>ecce</span> <span class='ocrx_word' id='word_1_130' title='bbox 1815 1588 1936 1678; x_wconf 83' lang='lat' dir='ltr'>qui</span> <span class='ocrx_word' id='word_1_131' title='bbox 1980 1588 2154 1655; x_wconf 81' lang='lat' dir='ltr'>tollit</span> <span class='ocrx_word' id='word_1_132' title='bbox 2179 1597 2459 1677; x_wconf 83' lang='lat' dir='ltr'>peccata</span> <span class='ocrx_word' id='word_1_133' title='bbox 2481 1588 2720 1657; x_wconf 80' lang='lat' dir='ltr'>mundi</span> 
     </span>
     <span class='ocr_line' id='line_1_16' title="bbox 183 1684 550 1762; baseline -0.014 -15"><span class='ocrx_word' id='word_1_134' title='bbox 183 1684 421 1762; x_wconf 79' lang='lat' dir='ltr'>(Joan.</span> <span class='ocrx_word' id='word_1_135' title='bbox 475 1698 496 1744; x_wconf 89' lang='lat'><em>1</em></span> <span class='ocrx_word' id='word_1_136' title='bbox 536 1726 550 1742; x_wconf 94' lang='lat'>.</span> 
     </span>
    </p>

    <p class='ocr_par' dir='ltr' id='par_1_4' title="bbox 174 1764 2714 4441">
     <span class='ocr_line' id='line_1_17' title="bbox 278 1764 2714 1855; baseline 0 -20"><span class='ocrx_word' id='word_1_137' title='bbox 278 1768 317 1854; x_wconf 65' lang='grc' dir='ltr'>ἓ</span> <span class='ocrx_word' id='word_1_138' title='bbox 370 1769 466 1835; x_wconf 75' lang='grc'>6.</span> <span class='ocrx_word' id='word_1_139' title='bbox 520 1764 1033 1855; x_wconf 87' lang='lat' dir='ltr'>Redemptionis</span> <span class='ocrx_word' id='word_1_140' title='bbox 1102 1787 1175 1834; x_wconf 90' lang='lat' dir='ltr'>er</span> <span class='ocrx_word' id='word_1_141' title='bbox 1223 1788 1262 1834; x_wconf 93' lang='lat' dir='ltr'>o</span> <span class='ocrx_word' id='word_1_142' title='bbox 1332 1777 1600 1834; x_wconf 90' lang='lat' dir='ltr'>nostrae</span> <span class='ocrx_word' id='word_1_143' title='bbox 1672 1764 2022 1834; x_wconf 89' lang='lat' dir='ltr'>materiam</span> <span class='ocrx_word' id='word_1_144' title='bbox 2089 1776 2373 1853; x_wconf 90' lang='lat' dir='ltr'>uterque</span> <span class='ocrx_word' id='word_1_145' title='bbox 2436 1778 2714 1836; x_wconf 88' lang='lat' dir='ltr'>sanctus</span> 
     </span>
     <span class='ocr_line' id='line_1_18' title="bbox 183 1853 2713 1943; baseline 0.001 -19"><span class='ocrx_word' id='word_1_146' title='bbox 183 1854 627 1943; x_wconf 86' lang='lat' dir='ltr'>Evangelista</span> <span class='ocrx_word' id='word_1_147' title='bbox 678 1854 774 1924; x_wconf 92' lang='lat' dir='ltr'>sic</span> <span class='ocrx_word' id='word_1_148' title='bbox 824 1855 1111 1924; x_wconf 91' lang='lat' dir='ltr'>invicem</span> <span class='ocrx_word' id='word_1_149' title='bbox 1215 1853 1504 1934; x_wconf 90' lang='lat' dir='ltr'>ividunt,</span> <span class='ocrx_word' id='word_1_150' title='bbox 1540 1866 1603 1923; x_wconf 87' lang='lat' dir='ltr'>et</span> <span class='ocrx_word' id='word_1_151' title='bbox 1634 1854 2044 1923; x_wconf 89' lang='lat' dir='ltr'>narrationis</span> <span class='ocrx_word' id='word_1_152' title='bbox 2070 1867 2326 1943; x_wconf 89' lang='lat' dir='ltr'>partem</span> <span class='ocrx_word' id='word_1_153' title='bbox 2366 1854 2496 1924; x_wconf 88' lang='lat' dir='ltr'>sibi</span> <span class='ocrx_word' id='word_1_154' title='bbox 2527 1855 2713 1942; x_wconf 91' lang='lat' dir='ltr'>quis-</span> 
     </span>
     <span class='ocr_line' id='line_1_19' title="bbox 180 1943 2708 2033; baseline 0.001 -22"><span class='ocrx_word' id='word_1_155' title='bbox 180 1965 323 2030; x_wconf 89' lang='lat' dir='ltr'>que</span> <span class='ocrx_word' id='word_1_156' title='bbox 375 1964 752 2032; x_wconf 87' lang='lat' dir='ltr'>congruam</span> <span class='ocrx_word' id='word_1_157' title='bbox 807 1958 1125 2024; x_wconf 89' lang='lat' dir='ltr'>sumunt,</span> <span class='ocrx_word' id='word_1_158' title='bbox 1182 1957 1254 2012; x_wconf 91' lang='lat' dir='ltr'>ut</span> <span class='ocrx_word' id='word_1_159' title='bbox 1303 1943 1678 2013; x_wconf 82' lang='lat' dir='ltr'>Matthaeus</span> <span class='ocrx_word' id='word_1_160' title='bbox 1725 1965 1847 2033; x_wconf 82' lang='lat' dir='ltr'>per</span> <span class='ocrx_word' id='word_1_161' title='bbox 1892 1944 2408 2033; x_wconf 86' lang='lat' dir='ltr'>generationum</span> <span class='ocrx_word' id='word_1_162' title='bbox 2462 1943 2708 2013; x_wconf 89' lang='lat' dir='ltr'>lineam</span> 
     </span>
     <span class='ocr_line' id='line_1_20' title="bbox 180 2032 2711 2122; baseline 0.001 -21"><span class='ocrx_word' id='word_1_163' title='bbox 180 2032 721 2112; x_wconf 90' lang='lat' dir='ltr'>descendendo,</span> <span class='ocrx_word' id='word_1_164' title='bbox 778 2033 1116 2103; x_wconf 88' lang='lat' dir='ltr'>Christum</span> <span class='ocrx_word' id='word_1_165' title='bbox 1179 2032 1259 2101; x_wconf 88' lang='lat' dir='ltr'>ad</span> <span class='ocrx_word' id='word_1_166' title='bbox 1326 2055 1447 2102; x_wconf 91' lang='lat' dir='ltr'>nos</span> <span class='ocrx_word' id='word_1_167' title='bbox 1510 2046 1892 2122; x_wconf 88' lang='lat' dir='ltr'>peccatores</span> <span class='ocrx_word' id='word_1_168' title='bbox 1961 2033 2045 2102; x_wconf 91' lang='lat' dir='ltr'>de</span> <span class='ocrx_word' id='word_1_169' title='bbox 2099 2033 2305 2104; x_wconf 91' lang='lat' dir='ltr'>coelis</span> <span class='ocrx_word' id='word_1_170' title='bbox 2352 2033 2711 2103; x_wconf 86' lang='lat' dir='ltr'>advenisse</span> 
     </span>
     <span class='ocr_line' id='line_1_21' title="bbox 180 2119 2708 2212; baseline 0.001 -23"><span class='ocrx_word' id='word_1_171' title='bbox 180 2119 593 2211; x_wconf 80' lang='lat' dir='ltr'>perhibeat3</span> <span class='ocrx_word' id='word_1_172' title='bbox 647 2126 859 2191; x_wconf 90' lang='lat' dir='ltr'>Lucas</span> <span class='ocrx_word' id='word_1_173' title='bbox 906 2128 1142 2193; x_wconf 82' lang='lat' dir='ltr'>&#39;autem</span> <span class='ocrx_word' id='word_1_174' title='bbox 1206 2144 1241 2191; x_wconf 90' lang='lat' dir='ltr'>a</span> <span class='ocrx_word' id='word_1_175' title='bbox 1303 2133 1728 2192; x_wconf 90' lang='lat' dir='ltr'>sacramento</span> <span class='ocrx_word' id='word_1_176' title='bbox 1790 2122 2219 2210; x_wconf 92' lang='lat' dir='ltr'>baptismatis</span> <span class='ocrx_word' id='word_1_177' title='bbox 2289 2121 2371 2191; x_wconf 87' lang='lat' dir='ltr'>ad</span> <span class='ocrx_word' id='word_1_178' title='bbox 2448 2135 2708 2212; x_wconf 86' lang='lat' dir='ltr'>patrem</span> 
     </span>
     <span class='ocr_line' id='line_1_22' title="bbox 174 2211 2706 2302; baseline 0 -22"><span class='ocrx_word' id='word_1_179' title='bbox 174 2231 442 2295; x_wconf 89' lang='lat' dir='ltr'>usque,</span> <span class='ocrx_word' id='word_1_180' title='bbox 497 2215 985 2293; x_wconf 86' lang='lat' dir='ltr'>conscendens,</span> <span class='ocrx_word' id='word_1_181' title='bbox 1042 2211 1320 2280; x_wconf 87' lang='lat' dir='ltr'>traxisse</span> <span class='ocrx_word' id='word_1_182' title='bbox 1370 2233 1492 2280; x_wconf 92' lang='lat' dir='ltr'>nos</span> <span class='ocrx_word' id='word_1_183' title='bbox 1541 2232 1772 2280; x_wconf 89' lang='lat' dir='ltr'>secum</span> <span class='ocrx_word' id='word_1_184' title='bbox 1826 2211 1908 2280; x_wconf 92' lang='lat' dir='ltr'>ad</span> <span class='ocrx_word' id='word_1_185' title='bbox 1959 2211 2315 2282; x_wconf 87' lang='lat' dir='ltr'>coelestem</span> <span class='ocrx_word' id='word_1_186' title='bbox 2367 2211 2653 2302; x_wconf 87' lang='lat' dir='ltr'>gloriam</span> <span class='ocrx_word' id='word_1_187' title='bbox 2690 2268 2706 2295; x_wconf 93' lang='lat'>,</span> 
     </span>
     <span class='ocr_line' id='line_1_23' title="bbox 185 2300 2714 2389; baseline 0.002 -22"><span class='ocrx_word' id='word_1_188' title='bbox 185 2311 634 2389; x_wconf 85' lang='lat' dir='ltr'>peccatorum</span> <span class='ocrx_word' id='word_1_189' title='bbox 686 2300 1005 2373; x_wconf 90' lang='lat' dir='ltr'>sordibus</span> <span class='ocrx_word' id='word_1_190' title='bbox 1053 2300 1361 2380; x_wconf 89' lang='lat' dir='ltr'>ablutos,</span> <span class='ocrx_word' id='word_1_191' title='bbox 1414 2300 1745 2372; x_wconf 91' lang='lat' dir='ltr'>ostendat.</span> <span class='ocrx_word' id='word_1_192' title='bbox 1825 2300 1945 2370; x_wconf 91' lang='lat' dir='ltr'>Ille</span> <span class='ocrx_word' id='word_1_193' title='bbox 2010 2301 2346 2388; x_wconf 87' lang='lat' dir='ltr'>siquidem</span> <span class='ocrx_word' id='word_1_194' title='bbox 2420 2301 2714 2371; x_wconf 86' lang='lat' dir='ltr'>adstruit</span> 
     </span>
     <span class='ocr_line' id='line_1_24' title="bbox 185 2387 2710 2470; baseline 0.001 -13"><span class='ocrx_word' id='word_1_195' title='bbox 185 2387 535 2457; x_wconf 84' lang='lat' dir='ltr'>Christum</span> <span class='ocrx_word' id='word_1_196' title='bbox 575 2388 656 2457; x_wconf 90' lang='lat' dir='ltr'>ad</span> <span class='ocrx_word' id='word_1_197' title='bbox 699 2402 941 2458; x_wconf 87' lang='lat' dir='ltr'>terram</span> <span class='ocrx_word' id='word_1_198' title='bbox 974 2390 1502 2460; x_wconf 88' lang='lat' dir='ltr'>misericorditer</span> <span class='ocrx_word' id='word_1_199' title='bbox 1526 2389 2085 2470; x_wconf 89' lang='lat' dir='ltr'>descendentem;</span> <span class='ocrx_word' id='word_1_200' title='bbox 2125 2391 2250 2461; x_wconf 90' lang='lat' dir='ltr'>iste</span> <span class='ocrx_word' id='word_1_201' title='bbox 2276 2390 2522 2460; x_wconf 86' lang='lat' dir='ltr'>fatetur</span> <span class='ocrx_word' id='word_1_202' title='bbox 2551 2413 2710 2460; x_wconf 91' lang='lat' dir='ltr'>eum</span> 
     </span>
     <span class='ocr_line' id='line_1_25' title="bbox 184 2477 2710 2572; baseline 0.002 -25"><span class='ocrx_word' id='word_1_203' title='bbox 184 2501 317 2548; x_wconf 92' lang='lat' dir='ltr'>nos</span> <span class='ocrx_word' id='word_1_204' title='bbox 369 2477 452 2547; x_wconf 89' lang='lat' dir='ltr'>ad</span> <span class='ocrx_word' id='word_1_205' title='bbox 506 2478 816 2548; x_wconf 90' lang='lat' dir='ltr'>coelestia</span> <span class='ocrx_word' id='word_1_206' title='bbox 879 2477 1370 2549; x_wconf 88' lang='lat' dir='ltr'>sublevantem.</span> <span class='ocrx_word' id='word_1_207' title='bbox 1425 2478 1731 2550; x_wconf 89' lang='lat' dir='ltr'>Ostendit</span> <span class='ocrx_word' id='word_1_208' title='bbox 1779 2479 1893 2550; x_wconf 91' lang='lat' dir='ltr'>ille</span> <span class='ocrx_word' id='word_1_209' title='bbox 1943 2492 2280 2572; x_wconf 90' lang='lat' dir='ltr'>pastorem</span> <span class='ocrx_word' id='word_1_210' title='bbox 2335 2480 2710 2572; x_wconf 87' lang='lat' dir='ltr'>nonaginta</span> 
     </span>
     <span class='ocr_line' id='line_1_26' title="bbox 184 2567 2709 2659; baseline 0.001 -22"><span class='ocrx_word' id='word_1_211' title='bbox 184 2589 436 2638; x_wconf 86' lang='lat' dir='ltr'>novem</span> <span class='ocrx_word' id='word_1_212' title='bbox 486 2590 641 2638; x_wconf 90' lang='lat' dir='ltr'>oves</span> <span class='ocrx_word' id='word_1_213' title='bbox 691 2567 758 2636; x_wconf 89' lang='lat' dir='ltr'>in</span> <span class='ocrx_word' id='word_1_214' title='bbox 809 2569 1055 2639; x_wconf 87' lang='lat' dir='ltr'>deserti</span> <span class='ocrx_word' id='word_1_215' title='bbox 1107 2571 1382 2659; x_wconf 88' lang='lat' dir='ltr'>pascuis</span> <span class='ocrx_word' id='word_1_216' title='bbox 1432 2569 1970 2658; x_wconf 86' lang='lat' dir='ltr'>relinquentem:</span> <span class='ocrx_word' id='word_1_217' title='bbox 2036 2570 2229 2640; x_wconf 90' lang='lat' dir='ltr'>docet</span> <span class='ocrx_word' id='word_1_218' title='bbox 2278 2570 2401 2638; x_wconf 88' lang='lat' dir='ltr'>iste</span> <span class='ocrx_word' id='word_1_219' title='bbox 2431 2625 2446 2651; x_wconf 95' lang='lat'>,</span> <span class='ocrx_word' id='word_1_220' title='bbox 2499 2593 2709 2659; x_wconf 88' lang='lat' dir='ltr'>quam</span> 
     </span>
     <span class='ocr_line' id='line_1_27' title="bbox 188 2656 2711 2761; baseline 0.001 -34"><span class='ocrx_word' id='word_1_221' title='bbox 188 2656 587 2748; x_wconf 88' lang='lat' dir='ltr'>perdiderat</span> <span class='ocrx_word' id='word_1_222' title='bbox 634 2680 849 2738; x_wconf 90' lang='lat' dir='ltr'>ovem,</span> <span class='ocrx_word' id='word_1_223' title='bbox 907 2659 1209 2749; x_wconf 89' lang='lat' dir='ltr'>scapulis</span> <span class='ocrx_word' id='word_1_224' title='bbox 1270 2660 1689 2761; x_wconf 87' lang='lat' dir='ltr'>impositam,</span> <span class='ocrx_word' id='word_1_225' title='bbox 1742 2661 1823 2728; x_wconf 91' lang='lat' dir='ltr'>ad</span> <span class='ocrx_word' id='word_1_226' title='bbox 1875 2659 2048 2730; x_wconf 90' lang='lat' dir='ltr'>ovile</span> <span class='ocrx_word' id='word_1_227' title='bbox 2116 2660 2470 2749; x_wconf 90' lang='lat' dir='ltr'>proprium</span> <span class='ocrx_word' id='word_1_228' title='bbox 2523 2682 2711 2729; x_wconf 89' lang='lat' dir='ltr'>revo-</span> 
     </span>
     <span class='ocr_line' id='line_1_28' title="bbox 183 2746 2713 2838; baseline -0 -21"><span class='ocrx_word' id='word_1_229' title='bbox 183 2758 489 2817; x_wconf 87' lang='lat' dir='ltr'>cantem.</span> <span class='ocrx_word' id='word_1_230' title='bbox 542 2747 664 2816; x_wconf 90' lang='lat' dir='ltr'>llle</span> <span class='ocrx_word' id='word_1_231' title='bbox 714 2747 1018 2837; x_wconf 86' lang='lat' dir='ltr'>perbibet</span> <span class='ocrx_word' id='word_1_232' title='bbox 1067 2746 1498 2818; x_wconf 80' lang='lat' dir='ltr'>descendisse</span> <span class='ocrx_word' id='word_1_233' title='bbox 1547 2750 1888 2817; x_wconf 90' lang='lat' dir='ltr'>medicum</span> <span class='ocrx_word' id='word_1_234' title='bbox 1941 2749 2021 2817; x_wconf 93' lang='lat' dir='ltr'>ad</span> <span class='ocrx_word' id='word_1_235' title='bbox 2075 2761 2419 2838; x_wconf 89' lang='lat' dir='ltr'>aegrotos;</span> <span class='ocrx_word' id='word_1_236' title='bbox 2465 2747 2713 2817; x_wconf 88' lang='lat' dir='ltr'>fatetur</span> 
     </span>
     <span class='ocr_line' id='line_1_29' title="bbox 185 2835 2712 2927; baseline 0 -22"><span class='ocrx_word' id='word_1_237' title='bbox 185 2838 316 2907; x_wconf 89' lang='lat' dir='ltr'>iste</span> <span class='ocrx_word' id='word_1_238' title='bbox 380 2835 466 2905; x_wconf 89' lang='lat' dir='ltr'>ad</span> <span class='ocrx_word' id='word_1_239' title='bbox 529 2836 1022 2907; x_wconf 90' lang='lat' dir='ltr'>incolumitatis</span> <span class='ocrx_word' id='word_1_240' title='bbox 1081 2851 1391 2907; x_wconf 89' lang='lat' dir='ltr'>aeternae</span> <span class='ocrx_word' id='word_1_241' title='bbox 1452 2838 1704 2927; x_wconf 82' lang='lat' dir='ltr'>gaudia</span> <span class='ocrx_word' id='word_1_242' title='bbox 1753 2860 1981 2907; x_wconf 89' lang='lat' dir='ltr'>secum</span> <span class='ocrx_word' id='word_1_243' title='bbox 2036 2860 2158 2908; x_wconf 91' lang='lat' dir='ltr'>nos</span> <span class='ocrx_word' id='word_1_244' title='bbox 2208 2837 2558 2906; x_wconf 86' lang='lat' dir='ltr'>reduxisse</span> <span class='ocrx_word' id='word_1_245' title='bbox 2605 2860 2712 2906; x_wconf 90' lang='lat' dir='ltr'>sa-</span> 
     </span>
     <span class='ocr_line' id='line_1_30' title="bbox 188 2925 2704 3018; baseline -0.001 -23"><span class='ocrx_word' id='word_1_246' title='bbox 188 2938 413 2995; x_wconf 91' lang='lat' dir='ltr'>natos.</span> <span class='ocrx_word' id='word_1_247' title='bbox 452 2925 757 2995; x_wconf 85' lang='lat' dir='ltr'>Ostendit</span> <span class='ocrx_word' id='word_1_248' title='bbox 806 2925 919 2995; x_wconf 93' lang='lat' dir='ltr'>ille</span> <span class='ocrx_word' id='word_1_249' title='bbox 969 2927 1187 2996; x_wconf 89' lang='lat' dir='ltr'>solum</span> <span class='ocrx_word' id='word_1_250' title='bbox 1242 2928 1681 3018; x_wconf 88' lang='lat' dir='ltr'>Unigenitum</span> <span class='ocrx_word' id='word_1_251' title='bbox 1731 2951 1764 2994; x_wconf 89' lang='lat' dir='ltr'>a</span> <span class='ocrx_word' id='word_1_252' title='bbox 1820 2932 2009 2995; x_wconf 82' lang='lat' dir='ltr'>Patre</span> <span class='ocrx_word' id='word_1_253' title='bbox 2056 2927 2138 2994; x_wconf 90' lang='lat' dir='ltr'>ad</span> <span class='ocrx_word' id='word_1_254' title='bbox 2194 2948 2316 2996; x_wconf 91' lang='lat' dir='ltr'>nos</span> <span class='ocrx_word' id='word_1_255' title='bbox 2366 2926 2704 3011; x_wconf 90' lang='lat' dir='ltr'>missum;</span> 
     </span>
     <span class='ocr_line' id='line_1_31' title="bbox 183 3015 2709 3106; baseline -0.001 -21"><span class='ocrx_word' id='word_1_256' title='bbox 183 3016 389 3085; x_wconf 85' lang='lat' dir='ltr'>docet</span> <span class='ocrx_word' id='word_1_257' title='bbox 437 3015 607 3096; x_wconf 90' lang='lat' dir='ltr'>iste,</span> <span class='ocrx_word' id='word_1_258' title='bbox 660 3016 984 3102; x_wconf 88' lang='lat' dir='ltr'>quoniam</span> <span class='ocrx_word' id='word_1_259' title='bbox 1037 3016 1118 3085; x_wconf 90' lang='lat' dir='ltr'>ad</span> <span class='ocrx_word' id='word_1_260' title='bbox 1171 3017 1523 3087; x_wconf 85' lang='lat' dir='ltr'>coelestem</span> <span class='ocrx_word' id='word_1_261' title='bbox 1582 3017 1871 3106; x_wconf 89' lang='lat' dir='ltr'>patriam</span> <span class='ocrx_word' id='word_1_262' title='bbox 1925 3015 2436 3084; x_wconf 86' lang='lat' dir='ltr'>multitudinem</span> <span class='ocrx_word' id='word_1_263' title='bbox 2491 3026 2709 3083; x_wconf 87' lang='lat' dir='ltr'>trans—</span> 
     </span>
     <span class='ocr_line' id='line_1_32' title="bbox 187 3103 2708 3194; baseline -0.001 -19"><span class='ocrx_word' id='word_1_264' title='bbox 187 3105 349 3175; x_wconf 87' lang='lat' dir='ltr'>tulit</span> <span class='ocrx_word' id='word_1_265' title='bbox 414 3103 807 3174; x_wconf 88' lang='lat' dir='ltr'>electorum.</span> <span class='ocrx_word' id='word_1_266' title='bbox 889 3110 1090 3176; x_wconf 90' lang='lat' dir='ltr'>Porro</span> <span class='ocrx_word' id='word_1_267' title='bbox 1151 3108 1506 3193; x_wconf 90' lang='lat' dir='ltr'>utriusque</span> <span class='ocrx_word' id='word_1_268' title='bbox 1564 3104 2026 3194; x_wconf 87' lang='lat' dir='ltr'>Evangelistae</span> <span class='ocrx_word' id='word_1_269' title='bbox 2077 3103 2515 3173; x_wconf 90' lang='lat' dir='ltr'>intentionem</span> <span class='ocrx_word' id='word_1_270' title='bbox 2569 3126 2708 3173; x_wconf 91' lang='lat' dir='ltr'>una</span> 
     </span>
     <span class='ocr_line' id='line_1_33' title="bbox 186 3193 2706 3285; baseline -0.001 -21"><span class='ocrx_word' id='word_1_271' title='bbox 186 3197 434 3264; x_wconf 88' lang='lat' dir='ltr'>beatus</span> <span class='ocrx_word' id='word_1_272' title='bbox 482 3193 733 3262; x_wconf 89' lang='lat' dir='ltr'>Paulus</span> <span class='ocrx_word' id='word_1_273' title='bbox 782 3194 1322 3285; x_wconf 84' lang='lat' dir='ltr'>comprehendit,</span> <span class='ocrx_word' id='word_1_274' title='bbox 1376 3195 1648 3263; x_wconf 88' lang='lat' dir='ltr'>dicens:</span> <span class='ocrx_word' id='word_1_275' title='bbox 1705 3195 1878 3261; x_wconf 78' lang='lat' dir='ltr'>Misit</span> <span class='ocrx_word' id='word_1_276' title='bbox 1911 3194 2091 3261; x_wconf 82' lang='lat' dir='ltr'>Deus</span> <span class='ocrx_word' id='word_1_277' title='bbox 2126 3194 2376 3262; x_wconf 75' lang='lat' dir='ltr'>Filium</span> <span class='ocrx_word' id='word_1_278' title='bbox 2407 3216 2603 3261; x_wconf 80' lang='lat' dir='ltr'>suum</span> <span class='ocrx_word' id='word_1_279' title='bbox 2634 3196 2706 3262; x_wconf 82' lang='lat' dir='ltr'>in</span> 
     </span>
     <span class='ocr_line' id='line_1_34' title="bbox 183 3283 2704 3375; baseline -0.001 -23"><span class='ocrx_word' id='word_1_280' title='bbox 183 3283 636 3352; x_wconf 73' lang='lat' dir='ltr'>similitudine</span> <span class='ocrx_word' id='word_1_281' title='bbox 684 3286 907 3353; x_wconf 81' lang='lat' dir='ltr'>carnis</span> <span class='ocrx_word' id='word_1_282' title='bbox 951 3287 1231 3375; x_wconf 78' lang='lat' dir='ltr'>pecca-ti,</span> <span class='ocrx_word' id='word_1_283' title='bbox 1269 3295 1345 3352; x_wconf 78' lang='lat' dir='ltr'>ut</span> <span class='ocrx_word' id='word_1_284' title='bbox 1386 3285 1464 3352; x_wconf 85' lang='lat' dir='ltr'>de</span> <span class='ocrx_word' id='word_1_285' title='bbox 1508 3293 1775 3374; x_wconf 74' lang='lat' dir='ltr'>peccato</span> <span class='ocrx_word' id='word_1_286' title='bbox 1834 3283 2181 3351; x_wconf 81' lang='lat' dir='ltr'>damnaret</span> <span class='ocrx_word' id='word_1_287' title='bbox 2239 3292 2584 3373; x_wconf 79' lang='lat' dir='ltr'>peecatum</span> <span class='ocrx_word' id='word_1_288' title='bbox 2633 3284 2704 3350; x_wconf 82' lang='lat' dir='ltr'>in</span> 
     </span>
     <span class='ocr_line' id='line_1_35' title="bbox 184 3371 2705 3460; baseline -0 -20"><span class='ocrx_word' id='word_1_289' title='bbox 184 3394 394 3443; x_wconf 80' lang='lat' dir='ltr'>carne</span> <span class='ocrx_word' id='word_1_290' title='bbox 429 3371 644 3456; x_wconf 79' lang='lat' dir='ltr'>(Rom.</span> <span class='ocrx_word' id='word_1_291' title='bbox 701 3371 866 3460; x_wconf 82' lang='lat' dir='ltr'>vm).</span> <span class='ocrx_word' id='word_1_292' title='bbox 911 3378 1071 3442; x_wconf 88' lang='lat' dir='ltr'>Nam</span> <span class='ocrx_word' id='word_1_293' title='bbox 1124 3396 1281 3442; x_wconf 86' lang='lat' dir='ltr'>cum</span> <span class='ocrx_word' id='word_1_294' title='bbox 1331 3372 1530 3440; x_wconf 89' lang='lat' dir='ltr'>dicit:</span> <span class='ocrx_word' id='word_1_295' title='bbox 1565 3374 1737 3440; x_wconf 80' lang='lat' dir='ltr'>Misit</span> <span class='ocrx_word' id='word_1_296' title='bbox 1785 3372 1967 3439; x_wconf 82' lang='lat' dir='ltr'>Deus</span> <span class='ocrx_word' id='word_1_297' title='bbox 1999 3373 2251 3440; x_wconf 81' lang='lat' dir='ltr'>Filium</span> <span class='ocrx_word' id='word_1_298' title='bbox 2293 3394 2486 3440; x_wconf 81' lang='lat' dir='ltr'>suum</span> <span class='ocrx_word' id='word_1_299' title='bbox 2521 3374 2591 3440; x_wconf 84' lang='lat' dir='ltr'>in</span> <span class='ocrx_word' id='word_1_300' title='bbox 2621 3374 2705 3439; x_wconf 83' lang='lat' dir='ltr'>si·</span> 
     </span>
     <span class='ocr_line' id='line_1_36' title="bbox 185 3460 2710 3553; baseline -0.001 -21"><span class='ocrx_word' id='word_1_301' title='bbox 185 3460 639 3532; x_wconf 79' lang='lat' dir='ltr'>militudinem</span> <span class='ocrx_word' id='word_1_302' title='bbox 697 3464 918 3530; x_wconf 81' lang='lat' dir='ltr'>carnis</span> <span class='ocrx_word' id='word_1_303' title='bbox 978 3464 1282 3553; x_wconf 79' lang='lat' dir='ltr'>peccati:</span> <span class='ocrx_word' id='word_1_304' title='bbox 1346 3460 1638 3531; x_wconf 88' lang='lat' dir='ltr'>ostendit</span> <span class='ocrx_word' id='word_1_305' title='bbox 1708 3462 2206 3550; x_wconf 88' lang='lat' dir='ltr'>susceptionem</span> <span class='ocrx_word' id='word_1_306' title='bbox 2282 3461 2710 3542; x_wconf 83' lang='lat' dir='ltr'>mortalitatis</span> 
     </span>
     <span class='ocr_line' id='line_1_37' title="bbox 189 3549 2710 3640; baseline -0 -20"><span class='ocrx_word' id='word_1_307' title='bbox 189 3564 489 3630; x_wconf 88' lang='lat' dir='ltr'>nostrae,</span> <span class='ocrx_word' id='word_1_308' title='bbox 528 3571 732 3635; x_wconf 89' lang='lat' dir='ltr'>quam</span> <span class='ocrx_word' id='word_1_309' title='bbox 787 3551 1164 3620; x_wconf 83' lang='lat' dir='ltr'>Matthaeus</span> <span class='ocrx_word' id='word_1_310' title='bbox 1210 3563 1437 3640; x_wconf 87' lang='lat' dir='ltr'>aperte</span> <span class='ocrx_word' id='word_1_311' title='bbox 1485 3549 1808 3629; x_wconf 88' lang='lat' dir='ltr'>declarat,</span> <span class='ocrx_word' id='word_1_312' title='bbox 1863 3572 2017 3619; x_wconf 91' lang='lat' dir='ltr'>cum</span> <span class='ocrx_word' id='word_1_313' title='bbox 2075 3554 2160 3618; x_wconf 91' lang='lat' dir='ltr'>ab</span> <span class='ocrx_word' id='word_1_314' title='bbox 2208 3549 2545 3621; x_wconf 80' lang='lat' dir='ltr'>Abraham</span> <span class='ocrx_word' id='word_1_315' title='bbox 2595 3550 2710 3619; x_wconf 90' lang='lat' dir='ltr'>de-</span> 
     </span>
     <span class='ocr_line' id='line_1_38' title="bbox 188 3636 2710 3730; baseline -0.001 -20"><span class='ocrx_word' id='word_1_316' title='bbox 188 3636 612 3718; x_wconf 83' lang='lat' dir='ltr'>scendendO,</span> <span class='ocrx_word' id='word_1_317' title='bbox 665 3638 1119 3730; x_wconf 88' lang='lat' dir='ltr'>quadraginta</span> <span class='ocrx_word' id='word_1_318' title='bbox 1170 3639 1638 3729; x_wconf 88' lang='lat' dir='ltr'>generationes</span> <span class='ocrx_word' id='word_1_319' title='bbox 1685 3651 2059 3708; x_wconf 87' lang='lat' dir='ltr'>enumerat.</span> <span class='ocrx_word' id='word_1_320' title='bbox 2127 3643 2288 3709; x_wconf 88' lang='lat' dir='ltr'>Cum</span> <span class='ocrx_word' id='word_1_321' title='bbox 2342 3660 2496 3709; x_wconf 90' lang='lat' dir='ltr'>vero</span> <span class='ocrx_word' id='word_1_322' title='bbox 2545 3639 2710 3708; x_wconf 87' lang='lat' dir='ltr'>sub-</span> 
     </span>
     <span class='ocr_line' id='line_1_39' title="bbox 175 3728 2708 3818; baseline -0.001 -19"><span class='ocrx_word' id='word_1_323' title='bbox 175 3731 306 3818; x_wconf 80' lang='lat' dir='ltr'>jun</span> <span class='ocrx_word' id='word_1_324' title='bbox 369 3729 455 3796; x_wconf 85' lang='lat' dir='ltr'>it:</span> <span class='ocrx_word' id='word_1_325' title='bbox 510 3732 588 3796; x_wconf 78' lang='lat' dir='ltr'>Et</span> <span class='ocrx_word' id='word_1_326' title='bbox 635 3728 713 3795; x_wconf 81' lang='lat' dir='ltr'>de</span> <span class='ocrx_word' id='word_1_327' title='bbox 756 3740 1025 3818; x_wconf 78' lang='lat' dir='ltr'>peccato</span> <span class='ocrx_word' id='word_1_328' title='bbox 1073 3730 1416 3798; x_wconf 81' lang='lat' dir='ltr'>damnavit</span> <span class='ocrx_word' id='word_1_329' title='bbox 1461 3740 1805 3817; x_wconf 81' lang='lat' dir='ltr'>peccalum</span> <span class='ocrx_word' id='word_1_330' title='bbox 1855 3731 1920 3797; x_wconf 83' lang='lat' dir='ltr'>in</span> <span class='ocrx_word' id='word_1_331' title='bbox 1970 3752 2213 3798; x_wconf 79' lang='lat' dir='ltr'>carne:</span> <span class='ocrx_word' id='word_1_332' title='bbox 2272 3729 2708 3799; x_wconf 88' lang='lat' dir='ltr'>abolitionem</span> 
     </span>
     <span class='ocr_line' id='line_1_40' title="bbox 190 3753 2704 3907; baseline -0.001 -20"><span class='ocrx_word' id='word_1_333' title='bbox 190 3753 504 3907; x_wconf 47' lang='lat' dir='ltr'>perhibet</span> <span class='ocrx_word' id='word_1_334' title='bbox 555 3830 984 3906; x_wconf 87' lang='lat' dir='ltr'>peccatorum</span> <span class='ocrx_word' id='word_1_335' title='bbox 1022 3873 1036 3898; x_wconf 94' lang='lat'>,</span> <span class='ocrx_word' id='word_1_336' title='bbox 1090 3840 1294 3905; x_wconf 86' lang='lat' dir='ltr'>quam</span> <span class='ocrx_word' id='word_1_337' title='bbox 1348 3823 1562 3886; x_wconf 90' lang='lat' dir='ltr'>Lucas</span> <span class='ocrx_word' id='word_1_338' title='bbox 1612 3818 2082 3886; x_wconf 86' lang='lat' dir='ltr'>indubitanter</span> <span class='ocrx_word' id='word_1_339' title='bbox 2126 3818 2492 3907; x_wconf 83' lang='lat' dir='ltr'>exprimit,</span> <span class='ocrx_word' id='word_1_340' title='bbox 2546 3839 2704 3885; x_wconf 88' lang='lat' dir='ltr'>cum</span> 
     </span>
     <span class='ocr_line' id='line_1_41' title="bbox 186 3905 2710 3997; baseline -0 -21"><span class='ocrx_word' id='word_1_341' title='bbox 186 3907 621 3997; x_wconf 85' lang='lat' dir='ltr'>septuaginta</span> <span class='ocrx_word' id='word_1_342' title='bbox 690 3919 943 3995; x_wconf 87' lang='lat' dir='ltr'>septem</span> <span class='ocrx_word' id='word_1_343' title='bbox 1016 3908 1495 3976; x_wconf 62' lang='lat' dir='ltr'>connationum</span> <span class='ocrx_word' id='word_1_344' title='bbox 1553 3906 1800 3975; x_wconf 91' lang='lat' dir='ltr'>lineam</span> <span class='ocrx_word' id='word_1_345' title='bbox 1856 3908 2034 3976; x_wconf 87' lang='lat' dir='ltr'>texit.</span> <span class='ocrx_word' id='word_1_346' title='bbox 2116 3912 2329 3989; x_wconf 88' lang='lat' dir='ltr'>Quam</span> <span class='ocrx_word' id='word_1_347' title='bbox 2398 3905 2710 3975; x_wconf 84' lang='lat' dir='ltr'>videlicet</span> 
     </span>
     <span class='ocr_line' id='line_1_42' title="bbox 189 3964 2708 4084; baseline 0 -21"><span class='ocrx_word' id='word_1_348' title='bbox 189 4009 556 4084; x_wconf 87' lang='lat' dir='ltr'>utramque</span> <span class='ocrx_word' id='word_1_349' title='bbox 606 3995 1010 4065; x_wconf 85' lang='lat' dir='ltr'>sententiam</span> <span class='ocrx_word' id='word_1_350' title='bbox 1064 3964 1240 4064; x_wconf 69' lang='lat' dir='ltr'>idem</span> <span class='ocrx_word' id='word_1_351' title='bbox 1282 3995 1534 4065; x_wconf 88' lang='lat' dir='ltr'>Paulus</span> <span class='ocrx_word' id='word_1_352' title='bbox 1568 4018 1708 4065; x_wconf 91' lang='lat' dir='ltr'>uno</span> <span class='ocrx_word' id='word_1_353' title='bbox 1738 3995 1904 4064; x_wconf 85' lang='lat' dir='ltr'>alibi</span> <span class='ocrx_word' id='word_1_354' title='bbox 1937 3995 2271 4065; x_wconf 91' lang='lat' dir='ltr'>versiculo</span> <span class='ocrx_word' id='word_1_355' title='bbox 2310 3995 2708 4084; x_wconf 86' lang='lat' dir='ltr'>complexus</span> 
     </span>
     <span class='ocr_line' id='line_1_43' title="bbox 187 4084 2708 4176; baseline 0.002 -28"><span class='ocrx_word' id='word_1_356' title='bbox 187 4097 312 4163; x_wconf 89' lang='lat' dir='ltr'>est,</span> <span class='ocrx_word' id='word_1_357' title='bbox 366 4084 626 4154; x_wconf 84' lang='lat' dir='ltr'>dicens:</span> <span class='ocrx_word' id='word_1_358' title='bbox 678 4091 879 4153; x_wconf 79' lang='lat' dir='ltr'>Jesus</span> <span class='ocrx_word' id='word_1_359' title='bbox 932 4086 1230 4155; x_wconf 76' lang='lat' dir='ltr'>Christus</span> <span class='ocrx_word' id='word_1_360' title='bbox 1279 4086 1567 4155; x_wconf 72' lang='lat' dir='ltr'>traditus</span> <span class='ocrx_word' id='word_1_361' title='bbox 1615 4096 1710 4154; x_wconf 78' lang='lat' dir='ltr'>est</span> <span class='ocrx_word' id='word_1_362' title='bbox 1755 4097 2025 4176; x_wconf 79' lang='lat' dir='ltr'>propter</span> <span class='ocrx_word' id='word_1_363' title='bbox 2057 4086 2302 4153; x_wconf 74' lang='lat' dir='ltr'>delicta</span> <span class='ocrx_word' id='word_1_364' title='bbox 2340 4095 2588 4163; x_wconf 77' lang='lat' dir='ltr'>nostra,</span> <span class='ocrx_word' id='word_1_365' title='bbox 2647 4095 2708 4153; x_wconf 76' lang='lat' dir='ltr'>et</span> 
     </span>
     <span class='ocr_line' id='line_1_44' title="bbox 193 4172 2708 4266; baseline 0.002 -28"><span class='ocrx_word' id='word_1_366' title='bbox 193 4177 560 4260; x_wconf 69' lang='lat' dir='ltr'>resurreoeit</span> <span class='ocrx_word' id='word_1_367' title='bbox 626 4186 896 4266; x_wconf 76' lang='lat' dir='ltr'>propter</span> <span class='ocrx_word' id='word_1_368' title='bbox 945 4176 1492 4265; x_wconf 71' lang='lat' dir='ltr'>justificationem</span> <span class='ocrx_word' id='word_1_369' title='bbox 1556 4186 1848 4244; x_wconf 76' lang='lat' dir='ltr'>nostram</span> <span class='ocrx_word' id='word_1_370' title='bbox 1910 4175 2125 4264; x_wconf 80' lang='lat' dir='ltr'>(Rom.</span> <span class='ocrx_word' id='word_1_371' title='bbox 2179 4173 2292 4262; x_wconf 80' lang='lat' dir='ltr'>lv).</span> <span class='ocrx_word' id='word_1_372' title='bbox 2353 4172 2708 4242; x_wconf 82' lang='lat' dir='ltr'>Descendit</span> 
     </span>
     <span class='ocr_line' id='line_1_45' title="bbox 188 4262 2706 4354; baseline 0.002 -28"><span class='ocrx_word' id='word_1_373' title='bbox 188 4262 370 4329; x_wconf 88' lang='lat' dir='ltr'>enim</span> <span class='ocrx_word' id='word_1_374' title='bbox 423 4263 780 4344; x_wconf 82' lang='lat' dir='ltr'>ChristuS,</span> <span class='ocrx_word' id='word_1_375' title='bbox 832 4275 909 4333; x_wconf 92' lang='lat' dir='ltr'>ut</span> <span class='ocrx_word' id='word_1_376' title='bbox 975 4287 1095 4332; x_wconf 90' lang='lat' dir='ltr'>nos</span> <span class='ocrx_word' id='word_1_377' title='bbox 1144 4287 1182 4331; x_wconf 90' lang='lat' dir='ltr'>a</span> <span class='ocrx_word' id='word_1_378' title='bbox 1233 4264 1526 4354; x_wconf 84' lang='lat' dir='ltr'>peccatis</span> <span class='ocrx_word' id='word_1_379' title='bbox 1574 4265 1906 4353; x_wconf 88' lang='lat' dir='ltr'>eriperet;</span> <span class='ocrx_word' id='word_1_380' title='bbox 1960 4263 2252 4332; x_wconf 83' lang='lat' dir='ltr'>surrexit</span> <span class='ocrx_word' id='word_1_381' title='bbox 2308 4275 2577 4343; x_wconf 88' lang='lat' dir='ltr'>autem,</span> <span class='ocrx_word' id='word_1_382' title='bbox 2632 4275 2706 4332; x_wconf 90' lang='lat' dir='ltr'>ut</span> 
     </span>
     <span class='ocr_line' id='line_1_46' title="bbox 190 4350 1544 4441; baseline 0.005 -26"><span class='ocrx_word' id='word_1_383' title='bbox 190 4350 486 4421; x_wconf 84' lang='lat' dir='ltr'>candore</span> <span class='ocrx_word' id='word_1_384' title='bbox 523 4353 832 4441; x_wconf 76' lang='lat' dir='ltr'>justitiae</span> <span class='ocrx_word' id='word_1_385' title='bbox 888 4352 1137 4423; x_wconf 88' lang='lat' dir='ltr'>nitidos</span> <span class='ocrx_word' id='word_1_386' title='bbox 1177 4353 1544 4423; x_wconf 82' lang='lat' dir='ltr'>exhiberet.</span> 
     </span>
    </p>

    <p class='ocr_par' dir='ltr' id='par_1_5' title="bbox 280 4441 2706 4533">
     <span class='ocr_line' id='line_1_47' title="bbox 280 4441 2706 4533; baseline 0 -22"><span class='ocrx_word' id='word_1_387' title='bbox 280 4441 437 4524; x_wconf 64' lang='lat'>§2</span> <span class='ocrx_word' id='word_1_388' title='bbox 512 4447 697 4524; x_wconf 82' lang='lat' dir='ltr'>Quae</span> <span class='ocrx_word' id='word_1_389' title='bbox 760 4442 1087 4512; x_wconf 90' lang='lat' dir='ltr'>nimirum</span> <span class='ocrx_word' id='word_1_390' title='bbox 1163 4442 1521 4530; x_wconf 89' lang='lat' dir='ltr'>utriusque</span> <span class='ocrx_word' id='word_1_391' title='bbox 1577 4443 1750 4513; x_wconf 91' lang='lat' dir='ltr'>beati</span> <span class='ocrx_word' id='word_1_392' title='bbox 1816 4442 2280 4533; x_wconf 85' lang='lat' dir='ltr'>Evangelistae</span> <span class='ocrx_word' id='word_1_393' title='bbox 2351 4442 2706 4512; x_wconf 81' lang='lat' dir='ltr'>diversitas</span> 
     </span>
    </p>
   </div>
  </div>
 </body>
</html>
