<?xml version="1.0" encoding="UTF-8"?>
<!DOCTYPE html PUBLIC "-//W3C//DTD XHTML 1.0 Transitional//EN"
    "http://www.w3.org/TR/xhtml1/DTD/xhtml1-transitional.dtd">
<html xmlns="http://www.w3.org/1999/xhtml" xml:lang="en" lang="en">
 <head>
  <title>
</title>
<meta http-equiv="Content-Type" content="text/html;charset=utf-8" />
  <meta name='ocr-system' content='tesseract 3.04.00' />
  <meta name='ocr-capabilities' content='ocr_page ocr_carea ocr_par ocr_line ocrx_word'/>
</head>
<body>
  <div class='ocr_page' id='page_1' title='image "./historiaeseuvit03lippgoog_0220.png"; bbox 0 0 3347 4999; ppageno 0'>
   <div class='ocr_carea' id='block_1_1' title="bbox 660 336 3122 405">
    <p class='ocr_par' dir='ltr' id='par_1_1' title="bbox 660 336 3122 405">
     <span class='ocr_line' id='line_1_1' title="bbox 660 336 3122 405; baseline 0.001 -3"><span class='ocrx_word' id='word_1_1' title='bbox 660 340 785 404; x_wconf 67' lang='lat'><strong>⁴90</strong></span> <span class='ocrx_word' id='word_1_2' title='bbox 1317 357 1396 403; x_wconf 76' lang='lat' dir='ltr'><strong>os</strong></span> <span class='ocrx_word' id='word_1_3' title='bbox 1430 358 1520 404; x_wconf 91' lang='lat' dir='ltr'><strong>ss.</strong></span> <span class='ocrx_word' id='word_1_4' title='bbox 1560 355 1821 404; x_wconf 64' lang='lat' dir='ltr'><strong>vuemo</strong></span> <span class='ocrx_word' id='word_1_5' title='bbox 1868 356 1943 402; x_wconf 77' lang='lat' dir='ltr'><strong>m·</strong></span> <span class='ocrx_word' id='word_1_6' title='bbox 1991 355 2189 402; x_wconf 83' lang='lat' dir='ltr'><strong>socns</strong></span> <span class='ocrx_word' id='word_1_7' title='bbox 2238 355 2352 401; x_wconf 75' lang='lat' dir='ltr'><strong>uu.</strong></span> <span class='ocrx_word' id='word_1_8' title='bbox 2848 336 3024 402; x_wconf 79' lang='lat' dir='ltr'><strong>OCT.</strong></span> <span class='ocrx_word' id='word_1_9' title='bbox 3077 342 3122 405; x_wconf 76' lang='lat'>5</span> 
     </span>
    </p>
   </div>
   <div class='ocr_carea' id='block_1_2' title="bbox 546 439 3124 4528">
    <p class='ocr_par' dir='ltr' id='par_1_2' title="bbox 554 439 3124 1773">
     <span class='ocr_line' id='line_1_2' title="bbox 568 439 3124 531; baseline 0.001 -21"><span class='ocrx_word' id='word_1_10' title='bbox 568 447 853 511; x_wconf 81' lang='lat' dir='ltr'>Romam</span> <span class='ocrx_word' id='word_1_11' title='bbox 886 440 969 510; x_wconf 90' lang='lat' dir='ltr'><strong>ad</strong></span> <span class='ocrx_word' id='word_1_12' title='bbox 1010 440 1375 511; x_wconf 88' lang='lat' dir='ltr'><strong>columnas</strong></span> <span class='ocrx_word' id='word_1_13' title='bbox 1407 454 1472 511; x_wconf 92' lang='lat' dir='ltr'><strong>et</strong></span> <span class='ocrx_word' id='word_1_14' title='bbox 1502 440 1820 530; x_wconf 76' lang='lat' dir='ltr'><strong>epistylia</strong></span> <span class='ocrx_word' id='word_1_15' title='bbox 1856 439 2146 510; x_wconf 87' lang='lat' dir='ltr'><strong>emenda</strong></span> <span class='ocrx_word' id='word_1_16' title='bbox 2185 439 2691 510; x_wconf 85' lang='lat' dir='ltr'><strong>transmitteret.</strong></span> <span class='ocrx_word' id='word_1_17' title='bbox 2729 441 3124 531; x_wconf 86' lang='lat' dir='ltr'><strong>Designavit</strong></span> 
     </span>
     <span class='ocr_line' id='line_1_3' title="bbox 566 528 3119 619; baseline 0.001 -20"><span class='ocrx_word' id='word_1_18' title='bbox 566 531 769 600; x_wconf 91' lang='lat' dir='ltr'><strong>etiam</strong></span> <span class='ocrx_word' id='word_1_19' title='bbox 823 551 1053 599; x_wconf 87' lang='lat' dir='ltr'><strong>coram</strong></span> <span class='ocrx_word' id='word_1_20' title='bbox 1106 531 1426 619; x_wconf 86' lang='lat' dir='ltr'><strong>Pompejo</strong></span> <span class='ocrx_word' id='word_1_21' title='bbox 1475 530 1663 610; x_wconf 81' lang='lat' dir='ltr'><strong>cilio,</strong></span> <span class='ocrx_word' id='word_1_22' title='bbox 1719 531 1791 598; x_wconf 88' lang='lat' dir='ltr'><strong>in</strong></span> <span class='ocrx_word' id='word_1_23' title='bbox 1850 549 1987 617; x_wconf 92' lang='lat' dir='ltr'><strong>quo</strong></span> <span class='ocrx_word' id='word_1_24' title='bbox 2053 528 2199 598; x_wconf 93' lang='lat' dir='ltr'><strong>loco</strong></span> <span class='ocrx_word' id='word_1_25' title='bbox 2261 528 2773 613; x_wconf 88' lang='lat' dir='ltr'><strong>dormitorium,</strong></span> <span class='ocrx_word' id='word_1_26' title='bbox 2829 531 3119 601; x_wconf 85' lang='lat' dir='ltr'><strong>refecto-</strong></span> 
     </span>
     <span class='ocr_line' id='line_1_4' title="bbox 568 616 3116 705; baseline 0.001 -17"><span class='ocrx_word' id='word_1_27' title='bbox 568 619 772 699; x_wconf 91' lang='lat' dir='ltr'><strong>rium,</strong></span> <span class='ocrx_word' id='word_1_28' title='bbox 828 619 1150 705; x_wconf 83' lang='lat' dir='ltr'>coquina,</span> <span class='ocrx_word' id='word_1_29' title='bbox 1187 618 1544 687; x_wconf 88' lang='lat' dir='ltr'><strong>cellarium</strong></span> <span class='ocrx_word' id='word_1_30' title='bbox 1582 633 1646 688; x_wconf 91' lang='lat' dir='ltr'><strong>et</strong></span> <span class='ocrx_word' id='word_1_31' title='bbox 1693 640 1935 687; x_wconf 87' lang='lat' dir='ltr'><strong>omnes</strong></span> <span class='ocrx_word' id='word_1_32' title='bbox 1970 617 2361 686; x_wconf 90' lang='lat' dir='ltr'><strong>monasterii</strong></span> <span class='ocrx_word' id='word_1_33' title='bbox 2400 616 2719 687; x_wconf 84' lang='lat' dir='ltr'><strong>officinae</strong></span> <span class='ocrx_word' id='word_1_34' title='bbox 2752 634 3116 690; x_wconf 85' lang='lat' dir='ltr'><strong>construe-</strong></span> 
     </span>
     <span class='ocr_line' id='line_1_5' title="bbox 554 705 3115 808; baseline 0.001 -32"><span class='ocrx_word' id='word_1_35' title='bbox 554 721 828 777; x_wconf 80' lang='lat' dir='ltr'><strong>rentur.</strong></span> <span class='ocrx_word' id='word_1_36' title='bbox 884 708 1323 808; x_wconf 74' lang='lat' dir='ltr'><strong>congregatis</strong></span> <span class='ocrx_word' id='word_1_37' title='bbox 1358 708 1586 794; x_wconf 87' lang='lat' dir='ltr'><strong>itaque</strong></span> <span class='ocrx_word' id='word_1_38' title='bbox 1625 706 2168 796; x_wconf 77' lang='lat' dir='ltr'><strong>quampluribus</strong></span> <span class='ocrx_word' id='word_1_39' title='bbox 2216 705 2622 786; x_wconf 85' lang='lat' dir='ltr'><strong>artificibus,</strong></span> <span class='ocrx_word' id='word_1_40' title='bbox 2667 707 3013 797; x_wconf 86' lang='lat' dir='ltr'><strong>jactisque</strong></span> <span class='ocrx_word' id='word_1_41' title='bbox 3040 710 3115 779; x_wconf 87' lang='lat' dir='ltr'><strong>in</strong></span> 
     </span>
     <span class='ocr_line' id='line_1_6' title="bbox 566 793 3120 885; baseline 0.001 -20"><span class='ocrx_word' id='word_1_42' title='bbox 566 796 813 865; x_wconf 87' lang='lat' dir='ltr'><strong>Christi</strong></span> <span class='ocrx_word' id='word_1_43' title='bbox 861 818 1143 865; x_wconf 79' lang='lat' dir='ltr'><strong>nomine</strong></span> <span class='ocrx_word' id='word_1_44' title='bbox 1192 793 1686 873; x_wconf 79' lang='lat' dir='ltr'><strong>fundamentis,</strong></span> <span class='ocrx_word' id='word_1_45' title='bbox 1741 809 2054 884; x_wconf 90' lang='lat' dir='ltr'><strong>coeptum</strong></span> <span class='ocrx_word' id='word_1_46' title='bbox 2107 817 2285 885; x_wconf 90' lang='lat' dir='ltr'><strong>opus</strong></span> <span class='ocrx_word' id='word_1_47' title='bbox 2332 795 2642 864; x_wconf 79' lang='lat' dir='ltr'>certatim</span> <span class='ocrx_word' id='word_1_48' title='bbox 2692 810 2759 866; x_wconf 94' lang='lat' dir='ltr'><strong>et</strong></span> <span class='ocrx_word' id='word_1_49' title='bbox 2805 798 2954 866; x_wconf 88' lang='lat' dir='ltr'><strong>sine</strong></span> <span class='ocrx_word' id='word_1_50' title='bbox 3008 798 3120 866; x_wconf 84' lang='lat' dir='ltr'><strong>in-</strong></span> 
     </span>
     <span class='ocr_line' id='line_1_7' title="bbox 567 884 3116 975; baseline 0 -20"><span class='ocrx_word' id='word_1_51' title='bbox 567 885 997 955; x_wconf 78' lang='lat' dir='ltr'><strong>termissione</strong></span> <span class='ocrx_word' id='word_1_52' title='bbox 1047 884 1550 975; x_wconf 81' lang='lat' dir='ltr'><strong>perficiebatur.</strong></span> <span class='ocrx_word' id='word_1_53' title='bbox 1590 885 1817 954; x_wconf 89' lang='lat' dir='ltr'><strong>Primo</strong></span> <span class='ocrx_word' id='word_1_54' title='bbox 1870 905 2166 971; x_wconf 88' lang='lat' dir='ltr'><strong>namque</strong></span> <span class='ocrx_word' id='word_1_55' title='bbox 2202 884 2295 953; x_wconf 94' lang='lat' dir='ltr'><strong>ibi</strong></span> <span class='ocrx_word' id='word_1_56' title='bbox 2329 884 2638 966; x_wconf 88' lang='lat' dir='ltr'><strong>domurn,</strong></span> <span class='ocrx_word' id='word_1_57' title='bbox 2678 885 2744 953; x_wconf 91' lang='lat' dir='ltr'><strong>in</strong></span> <span class='ocrx_word' id='word_1_58' title='bbox 2782 907 2918 972; x_wconf 88' lang='lat' dir='ltr'><strong>qua</strong></span> <span class='ocrx_word' id='word_1_59' title='bbox 2953 886 3116 956; x_wconf 87' lang='lat' dir='ltr'><strong>bea-</strong></span> 
     </span>
     <span class='ocr_line' id='line_1_8' title="bbox 566 973 3117 1062; baseline 0.001 -19"><span class='ocrx_word' id='word_1_60' title='bbox 566 987 674 1044; x_wconf 89' lang='lat' dir='ltr'><strong>tus</strong></span> <span class='ocrx_word' id='word_1_61' title='bbox 706 973 1026 1043; x_wconf 79' lang='lat' dir='ltr'><strong>Placidus</strong></span> <span class='ocrx_word' id='word_1_62' title='bbox 1069 988 1389 1042; x_wconf 19' lang='lat' dir='ltr'><strong>maneret,</strong></span> <span class='ocrx_word' id='word_1_63' title='bbox 1448 973 1752 1062; x_wconf 84' lang='lat' dir='ltr'><strong>amplam</strong></span> <span class='ocrx_word' id='word_1_64' title='bbox 1796 974 1961 1042; x_wconf 90' lang='lat' dir='ltr'><strong>satis</strong></span> <span class='ocrx_word' id='word_1_65' title='bbox 2012 985 2479 1043; x_wconf 82' lang='lat' dir='ltr'><strong>extruxerunt.</strong></span> <span class='ocrx_word' id='word_1_66' title='bbox 2535 974 2943 1044; x_wconf 77' lang='lat' dir='ltr'><strong>Messalinus</strong></span> <span class='ocrx_word' id='word_1_67' title='bbox 2989 997 3117 1045; x_wconf 88' lang='lat' dir='ltr'><strong>au·-</strong></span> 
     </span>
     <span class='ocr_line' id='line_1_9' title="bbox 567 1061 3114 1154; baseline 0.001 -22"><span class='ocrx_word' id='word_1_68' title='bbox 567 1075 699 1132; x_wconf 87' lang='lat' dir='ltr'><strong>tem</strong></span> <span class='ocrx_word' id='word_1_69' title='bbox 754 1062 1055 1132; x_wconf 81' lang='lat' dir='ltr'><strong>interdiu</strong></span> <span class='ocrx_word' id='word_1_70' title='bbox 1089 1063 1515 1151; x_wconf 83' lang='lat' dir='ltr'><strong>aptissimam</strong></span> <span class='ocrx_word' id='word_1_71' title='bbox 1557 1063 1985 1131; x_wconf 86' lang='lat' dir='ltr'><strong>mansionem</strong></span> <span class='ocrx_word' id='word_1_72' title='bbox 2038 1062 2235 1131; x_wconf 90' lang='lat' dir='ltr'><strong>beato</strong></span> <span class='ocrx_word' id='word_1_73' title='bbox 2284 1061 2557 1131; x_wconf 82' lang='lat' dir='ltr'><strong>Placido</strong></span> <span class='ocrx_word' id='word_1_74' title='bbox 2605 1064 3001 1154; x_wconf 76' lang='lat' dir='ltr'><strong>assignavit,</strong></span> <span class='ocrx_word' id='word_1_75' title='bbox 3041 1064 3114 1134; x_wconf 89' lang='lat' dir='ltr'><strong>in</strong></span> 
     </span>
     <span class='ocr_line' id='line_1_10' title="bbox 563 1150 3114 1241; baseline 0.001 -21"><span class='ocrx_word' id='word_1_76' title='bbox 563 1173 699 1239; x_wconf 87' lang='lat' dir='ltr'><strong>qua</strong></span> <span class='ocrx_word' id='word_1_77' title='bbox 748 1151 958 1221; x_wconf 90' lang='lat' dir='ltr'><strong>libere</strong></span> <span class='ocrx_word' id='word_1_78' title='bbox 1010 1164 1236 1241; x_wconf 90' lang='lat' dir='ltr'><strong>posset</strong></span> <span class='ocrx_word' id='word_1_79' title='bbox 1285 1150 1473 1221; x_wconf 91' lang='lat' dir='ltr'><strong>solus</strong></span> <span class='ocrx_word' id='word_1_80' title='bbox 1514 1151 1770 1232; x_wconf 90' lang='lat' dir='ltr'><strong>sedere,</strong></span> <span class='ocrx_word' id='word_1_81' title='bbox 1819 1151 2040 1240; x_wconf 80' lang='lat' dir='ltr'><strong>legere</strong></span> <span class='ocrx_word' id='word_1_82' title='bbox 2088 1164 2154 1220; x_wconf 92' lang='lat' dir='ltr'><strong>et</strong></span> <span class='ocrx_word' id='word_1_83' title='bbox 2199 1172 2418 1220; x_wconf 91' lang='lat' dir='ltr'><strong>orare.</strong></span> <span class='ocrx_word' id='word_1_84' title='bbox 2473 1150 2670 1221; x_wconf 87' lang='lat' dir='ltr'><strong>Cibos</strong></span> <span class='ocrx_word' id='word_1_85' title='bbox 2735 1175 2891 1222; x_wconf 89' lang='lat' dir='ltr'><strong>vero</strong></span> <span class='ocrx_word' id='word_1_86' title='bbox 2949 1154 3114 1222; x_wconf 85' lang='lat' dir='ltr'><strong>affe-</strong></span> 
     </span>
     <span class='ocr_line' id='line_1_11' title="bbox 561 1239 3110 1328; baseline 0.001 -19"><span class='ocrx_word' id='word_1_87' title='bbox 561 1239 801 1309; x_wconf 86' lang='lat' dir='ltr'><strong>rebant</strong></span> <span class='ocrx_word' id='word_1_88' title='bbox 848 1241 906 1308; x_wconf 92' lang='lat' dir='ltr'><strong>ei</strong></span> <span class='ocrx_word' id='word_1_89' title='bbox 949 1253 1012 1309; x_wconf 91' lang='lat' dir='ltr'><strong>et</strong></span> <span class='ocrx_word' id='word_1_90' title='bbox 1060 1240 1229 1321; x_wconf 77' lang='lat' dir='ltr'><strong>suiS,</strong></span> <span class='ocrx_word' id='word_1_91' title='bbox 1284 1240 1455 1309; x_wconf 89' lang='lat' dir='ltr'><strong>servi</strong></span> <span class='ocrx_word' id='word_1_92' title='bbox 1497 1239 1708 1320; x_wconf 82' lang='lat' dir='ltr'><strong>illius,</strong></span> <span class='ocrx_word' id='word_1_93' title='bbox 1747 1251 1812 1309; x_wconf 89' lang='lat' dir='ltr'><strong>et</strong></span> <span class='ocrx_word' id='word_1_94' title='bbox 1859 1259 2099 1308; x_wconf 90' lang='lat' dir='ltr'><strong>omnes</strong></span> <span class='ocrx_word' id='word_1_95' title='bbox 2148 1239 2355 1308; x_wconf 87' lang='lat' dir='ltr'><strong>amici</strong></span> <span class='ocrx_word' id='word_1_96' title='bbox 2416 1240 2631 1328; x_wconf 86' lang='lat' dir='ltr'><strong>patris</strong></span> <span class='ocrx_word' id='word_1_97' title='bbox 2686 1240 2862 1326; x_wconf 86' lang='lat' dir='ltr'><strong>ejus.</strong></span> <span class='ocrx_word' id='word_1_98' title='bbox 2917 1242 3110 1311; x_wconf 86' lang='lat' dir='ltr'><strong>Idem</strong></span> 
     </span>
     <span class='ocr_line' id='line_1_12' title="bbox 563 1327 3113 1417; baseline 0 -18"><span class='ocrx_word' id='word_1_99' title='bbox 563 1350 837 1417; x_wconf 89' lang='lat' dir='ltr'><strong>quoque</strong></span> <span class='ocrx_word' id='word_1_100' title='bbox 885 1327 1292 1399; x_wconf 85' lang='lat' dir='ltr'><strong>Messalinus</strong></span> <span class='ocrx_word' id='word_1_101' title='bbox 1361 1350 1521 1398; x_wconf 91' lang='lat' dir='ltr'><strong>cum</strong></span> <span class='ocrx_word' id='word_1_102' title='bbox 1572 1327 1833 1397; x_wconf 85' lang='lat' dir='ltr'><strong>familia</strong></span> <span class='ocrx_word' id='word_1_103' title='bbox 1885 1350 2010 1399; x_wconf 89' lang='lat' dir='ltr'><strong>sua</strong></span> <span class='ocrx_word' id='word_1_104' title='bbox 2059 1341 2527 1415; x_wconf 87' lang='lat' dir='ltr'><strong>sequestratus</strong></span> <span class='ocrx_word' id='word_1_105' title='bbox 2576 1329 2644 1397; x_wconf 87' lang='lat' dir='ltr'><strong>in</strong></span> <span class='ocrx_word' id='word_1_106' title='bbox 2702 1329 2838 1398; x_wconf 87' lang='lat' dir='ltr'><strong>alia</strong></span> <span class='ocrx_word' id='word_1_107' title='bbox 2903 1329 3113 1400; x_wconf 91' lang='lat' dir='ltr'><strong>domo</strong></span> 
     </span>
     <span class='ocr_line' id='line_1_13' title="bbox 560 1417 3110 1507; baseline 0.002 -21"><span class='ocrx_word' id='word_1_108' title='bbox 560 1419 901 1488; x_wconf 89' lang='lat' dir='ltr'><strong>manebat.</strong></span> <span class='ocrx_word' id='word_1_109' title='bbox 957 1419 1323 1507; x_wconf 86' lang='lat' dir='ltr'><strong>Pompejus</strong></span> <span class='ocrx_word' id='word_1_110' title='bbox 1363 1429 1589 1486; x_wconf 87' lang='lat' dir='ltr'><strong>autern</strong></span> <span class='ocrx_word' id='word_1_111' title='bbox 1627 1417 1841 1486; x_wconf 87' lang='lat' dir='ltr'><strong>Cilius</strong></span> <span class='ocrx_word' id='word_1_112' title='bbox 1865 1417 2062 1507; x_wconf 86' lang='lat' dir='ltr'><strong>juxta</strong></span> <span class='ocrx_word' id='word_1_113' title='bbox 2091 1417 2274 1504; x_wconf 90' lang='lat' dir='ltr'><strong>quod</strong></span> <span class='ocrx_word' id='word_1_114' title='bbox 2326 1417 2455 1486; x_wconf 91' lang='lat' dir='ltr'><strong>sibi</strong></span> <span class='ocrx_word' id='word_1_115' title='bbox 2502 1418 2741 1488; x_wconf 89' lang='lat' dir='ltr'><strong>beatus</strong></span> <span class='ocrx_word' id='word_1_116' title='bbox 2785 1419 3110 1491; x_wconf 79' lang='lat' dir='ltr'><strong>Placidus</strong></span> 
     </span>
     <span class='ocr_line' id='line_1_14' title="bbox 565 1506 3114 1597; baseline 0.001 -22"><span class='ocrx_word' id='word_1_117' title='bbox 565 1507 1040 1597; x_wconf 87' lang='lat' dir='ltr'><strong>imperaverat,</strong></span> <span class='ocrx_word' id='word_1_118' title='bbox 1094 1508 1239 1574; x_wconf 89' lang='lat' dir='ltr'><strong>vice</strong></span> <span class='ocrx_word' id='word_1_119' title='bbox 1278 1527 1402 1574; x_wconf 91' lang='lat' dir='ltr'><strong>sua</strong></span> <span class='ocrx_word' id='word_1_120' title='bbox 1457 1506 1685 1594; x_wconf 87' lang='lat' dir='ltr'><strong>posuit</strong></span> <span class='ocrx_word' id='word_1_121' title='bbox 1733 1528 1815 1574; x_wconf 91' lang='lat' dir='ltr'><strong>su</strong></span> <span class='ocrx_word' id='word_1_122' title='bbox 1912 1527 1944 1573; x_wconf 93' lang='lat' dir='ltr'><strong>r</strong></span> <span class='ocrx_word' id='word_1_123' title='bbox 1992 1520 2261 1596; x_wconf 90' lang='lat' dir='ltr'><strong>portum</strong></span> <span class='ocrx_word' id='word_1_124' title='bbox 2314 1512 2664 1576; x_wconf 79' lang='lat' dir='ltr'><strong>Messanae</strong></span> <span class='ocrx_word' id='word_1_125' title='bbox 2707 1507 3003 1576; x_wconf 85' lang='lat' dir='ltr'><strong>civitatis</strong></span> <span class='ocrx_word' id='word_1_126' title='bbox 3030 1508 3114 1577; x_wconf 81' lang='lat' dir='ltr'><strong>fi-</strong></span> 
     </span>
     <span class='ocr_line' id='line_1_15' title="bbox 562 1594 3103 1685; baseline 0 -22"><span class='ocrx_word' id='word_1_127' title='bbox 562 1595 729 1663; x_wconf 90' lang='lat' dir='ltr'><strong>lium</strong></span> <span class='ocrx_word' id='word_1_128' title='bbox 782 1617 986 1665; x_wconf 91' lang='lat' dir='ltr'><strong>suum</strong></span> <span class='ocrx_word' id='word_1_129' title='bbox 1023 1595 1301 1664; x_wconf 90' lang='lat' dir='ltr'><strong>nomine</strong></span> <span class='ocrx_word' id='word_1_130' title='bbox 1336 1594 1608 1663; x_wconf 88' lang='lat' dir='ltr'><strong>Pillium</strong></span> <span class='ocrx_word' id='word_1_131' title='bbox 1645 1594 1811 1663; x_wconf 89' lang='lat' dir='ltr'><strong>Vitel</strong></span> <span class='ocrx_word' id='word_1_132' title='bbox 1847 1596 2017 1675; x_wconf 90' lang='lat' dir='ltr'><strong>ium,</strong></span> <span class='ocrx_word' id='word_1_133' title='bbox 2067 1595 2387 1681; x_wconf 88' lang='lat' dir='ltr'><strong>juvenem</strong></span> <span class='ocrx_word' id='word_1_134' title='bbox 2450 1595 3103 1685; x_wconf 85' lang='lat' dir='ltr'><strong>prudentissimum,</strong></span> 
     </span>
     <span class='ocr_line' id='line_1_16' title="bbox 560 1682 2046 1773; baseline -0.001 -21"><span class='ocrx_word' id='word_1_135' title='bbox 560 1684 896 1773; x_wconf 78' lang='lat' dir='ltr'><strong>sapientia</strong></span> <span class='ocrx_word' id='word_1_136' title='bbox 942 1696 1007 1753; x_wconf 92' lang='lat' dir='ltr'><strong>et</strong></span> <span class='ocrx_word' id='word_1_137' title='bbox 1036 1684 1337 1753; x_wconf 88' lang='lat' dir='ltr'><strong>bonitate</strong></span> <span class='ocrx_word' id='word_1_138' title='bbox 1388 1682 1599 1752; x_wconf 88' lang='lat' dir='ltr'><strong>multa</strong></span> <span class='ocrx_word' id='word_1_139' title='bbox 1653 1682 2046 1773; x_wconf 88' lang='lat' dir='ltr'><strong>pollentem.</strong></span> 
     </span>
    </p>

    <p class='ocr_par' dir='ltr' id='par_1_3' title="bbox 546 1770 3108 4528">
     <span class='ocr_line' id='line_1_17' title="bbox 651 1770 3104 1861; baseline -0.001 -16"><span class='ocrx_word' id='word_1_140' title='bbox 651 1778 687 1860; x_wconf 67' lang='grc' dir='ltr'>ἓ</span> <span class='ocrx_word' id='word_1_141' title='bbox 734 1779 890 1846; x_wconf 75' lang='lat' dir='ltr'><strong>ss).</strong></span> <span class='ocrx_word' id='word_1_142' title='bbox 947 1775 1062 1842; x_wconf 93' lang='lat' dir='ltr'><strong>Die</strong></span> <span class='ocrx_word' id='word_1_143' title='bbox 1110 1784 1336 1842; x_wconf 92' lang='lat' dir='ltr'><strong>autem</strong></span> <span class='ocrx_word' id='word_1_144' title='bbox 1402 1771 1755 1861; x_wconf 88' lang='lat' dir='ltr'><strong>trigesima</strong></span> <span class='ocrx_word' id='word_1_145' title='bbox 1817 1770 2168 1852; x_wconf 87' lang='lat' dir='ltr'><strong>Metellus,</strong></span> <span class='ocrx_word' id='word_1_146' title='bbox 2224 1770 2410 1841; x_wconf 87' lang='lat' dir='ltr'><strong>filius</strong></span> <span class='ocrx_word' id='word_1_147' title='bbox 2474 1772 2872 1854; x_wconf 86' lang='lat' dir='ltr'><strong>Messalini,</strong></span> <span class='ocrx_word' id='word_1_148' title='bbox 2937 1794 3104 1843; x_wconf 81' lang='lat' dir='ltr'><strong>cum</strong></span> 
     </span>
     <span class='ocr_line' id='line_1_18' title="bbox 560 1860 3107 1950; baseline 0 -19"><span class='ocrx_word' id='word_1_149' title='bbox 560 1862 774 1932; x_wconf 88' lang='lat' dir='ltr'><strong>servis</strong></span> <span class='ocrx_word' id='word_1_150' title='bbox 823 1862 994 1942; x_wconf 76' lang='lat' dir='ltr'><strong>suiS,</strong></span> <span class='ocrx_word' id='word_1_151' title='bbox 1049 1860 1398 1947; x_wconf 89' lang='lat' dir='ltr'><strong>simulque</strong></span> <span class='ocrx_word' id='word_1_152' title='bbox 1430 1882 1588 1930; x_wconf 92' lang='lat' dir='ltr'><strong>cum</strong></span> <span class='ocrx_word' id='word_1_153' title='bbox 1628 1860 2037 1950; x_wconf 87' lang='lat' dir='ltr'><strong>praepositis</strong></span> <span class='ocrx_word' id='word_1_154' title='bbox 2078 1875 2398 1950; x_wconf 83' lang='lat' dir='ltr'><strong>portuum</strong></span> <span class='ocrx_word' id='word_1_155' title='bbox 2435 1874 2500 1929; x_wconf 92' lang='lat' dir='ltr'><strong>et</strong></span> <span class='ocrx_word' id='word_1_156' title='bbox 2542 1862 3107 1944; x_wconf 80' lang='lat' dir='ltr'><strong>procuratoribus</strong></span> 
     </span>
     <span class='ocr_line' id='line_1_19' title="bbox 559 1948 3108 2038; baseline 0 -18"><span class='ocrx_word' id='word_1_157' title='bbox 559 1951 851 2020; x_wconf 87' lang='lat' dir='ltr'><strong>cortium</strong></span> <span class='ocrx_word' id='word_1_158' title='bbox 895 1963 959 2019; x_wconf 89' lang='lat' dir='ltr'><strong>et</strong></span> <span class='ocrx_word' id='word_1_159' title='bbox 1020 1948 1470 2019; x_wconf 90' lang='lat' dir='ltr'><strong>multitudine</strong></span> <span class='ocrx_word' id='word_1_160' title='bbox 1526 1951 1909 2019; x_wconf 88' lang='lat' dir='ltr'><strong>amicorum</strong></span> <span class='ocrx_word' id='word_1_161' title='bbox 1956 1948 2234 2018; x_wconf 86' lang='lat' dir='ltr'><strong>Tertulli</strong></span> <span class='ocrx_word' id='word_1_162' title='bbox 2299 1949 2613 2038; x_wconf 90' lang='lat' dir='ltr'><strong>patricii,</strong></span> <span class='ocrx_word' id='word_1_163' title='bbox 2679 1950 2762 2018; x_wconf 91' lang='lat' dir='ltr'><strong>ad</strong></span> <span class='ocrx_word' id='word_1_164' title='bbox 2828 1950 3108 2020; x_wconf 86' lang='lat' dir='ltr'><strong>beatum</strong></span> 
     </span>
     <span class='ocr_line' id='line_1_20' title="bbox 563 2037 3108 2127; baseline 0 -19"><span class='ocrx_word' id='word_1_165' title='bbox 563 2038 916 2109; x_wconf 88' lang='lat' dir='ltr'><strong>Placidum</strong></span> <span class='ocrx_word' id='word_1_166' title='bbox 969 2039 1296 2120; x_wconf 85' lang='lat' dir='ltr'><strong>veniens,</strong></span> <span class='ocrx_word' id='word_1_167' title='bbox 1359 2039 1723 2127; x_wconf 90' lang='lat' dir='ltr'><strong>pecuniam</strong></span> <span class='ocrx_word' id='word_1_168' title='bbox 1780 2037 2118 2106; x_wconf 88' lang='lat' dir='ltr'><strong>infinitam</strong></span> <span class='ocrx_word' id='word_1_169' title='bbox 2162 2059 2394 2106; x_wconf 90' lang='lat' dir='ltr'><strong>secum</strong></span> <span class='ocrx_word' id='word_1_170' title='bbox 2456 2037 2809 2119; x_wconf 81' lang='lat' dir='ltr'><strong>deferens,</strong></span> <span class='ocrx_word' id='word_1_171' title='bbox 2870 2049 3108 2109; x_wconf 86' lang='lat' dir='ltr'><strong>sancto</strong></span> 
     </span>
     <span class='ocr_line' id='line_1_21' title="bbox 558 2126 3106 2216; baseline -0.001 -18"><span class='ocrx_word' id='word_1_172' title='bbox 558 2128 829 2198; x_wconf 91' lang='lat' dir='ltr'><strong>Domini</strong></span> <span class='ocrx_word' id='word_1_173' title='bbox 870 2126 1145 2196; x_wconf 89' lang='lat' dir='ltr'><strong>Placido</strong></span> <span class='ocrx_word' id='word_1_174' title='bbox 1192 2127 1464 2197; x_wconf 85' lang='lat' dir='ltr'><strong>obtulit.</strong></span> <span class='ocrx_word' id='word_1_175' title='bbox 1518 2132 1737 2210; x_wconf 86' lang='lat' dir='ltr'><strong>Quam</strong></span> <span class='ocrx_word' id='word_1_176' title='bbox 1789 2127 2159 2216; x_wconf 87' lang='lat' dir='ltr'><strong>accipiens,</strong></span> <span class='ocrx_word' id='word_1_177' title='bbox 2212 2126 2294 2195; x_wconf 89' lang='lat' dir='ltr'><strong>ad</strong></span> <span class='ocrx_word' id='word_1_178' title='bbox 2398 2127 2648 2196; x_wconf 88' lang='lat' dir='ltr'><strong>atrium</strong></span> <span class='ocrx_word' id='word_1_179' title='bbox 2702 2127 2926 2198; x_wconf 88' lang='lat' dir='ltr'><strong>solum</strong></span> <span class='ocrx_word' id='word_1_180' title='bbox 2960 2179 2977 2210; x_wconf 92' lang='lat'>‚</span> <span class='ocrx_word' id='word_1_181' title='bbox 3032 2127 3106 2197; x_wconf 90' lang='lat' dir='ltr'><strong>id</strong></span> 
     </span>
     <span class='ocr_line' id='line_1_22' title="bbox 555 2215 3104 2307; baseline 0 -21"><span class='ocrx_word' id='word_1_182' title='bbox 555 2230 706 2297; x_wconf 86' lang='lat' dir='ltr'><strong>est,</strong></span> <span class='ocrx_word' id='word_1_183' title='bbox 752 2216 836 2285; x_wconf 93' lang='lat' dir='ltr'><strong>ad</strong></span> <span class='ocrx_word' id='word_1_184' title='bbox 891 2218 1131 2286; x_wconf 90' lang='lat' dir='ltr'><strong>urbem</strong></span> <span class='ocrx_word' id='word_1_185' title='bbox 1182 2221 1560 2285; x_wconf 88' lang='lat' dir='ltr'><strong>Romanam</strong></span> <span class='ocrx_word' id='word_1_186' title='bbox 1612 2215 1894 2296; x_wconf 84' lang='lat' dir='ltr'><strong>direxit,</strong></span> <span class='ocrx_word' id='word_1_187' title='bbox 1947 2237 2025 2284; x_wconf 84' lang='lat' dir='ltr'><strong>ex</strong></span> <span class='ocrx_word' id='word_1_188' title='bbox 2074 2238 2211 2303; x_wconf 90' lang='lat' dir='ltr'><strong>qua</strong></span> <span class='ocrx_word' id='word_1_189' title='bbox 2260 2237 2340 2284; x_wconf 82' lang='lat' dir='ltr'><strong>co</strong></span> <span class='ocrx_word' id='word_1_190' title='bbox 2373 2237 2622 2285; x_wconf 89' lang='lat' dir='ltr'><strong>umnas</strong></span> <span class='ocrx_word' id='word_1_191' title='bbox 2668 2228 2732 2284; x_wconf 94' lang='lat' dir='ltr'><strong>et</strong></span> <span class='ocrx_word' id='word_1_192' title='bbox 2778 2215 3104 2307; x_wconf 87' lang='lat' dir='ltr'><strong>epistylia</strong></span> 
     </span>
     <span class='ocr_line' id='line_1_23' title="bbox 557 2304 3103 2395; baseline 0 -21"><span class='ocrx_word' id='word_1_193' title='bbox 557 2305 769 2386; x_wconf 88' lang='lat' dir='ltr'><strong>emit,</strong></span> <span class='ocrx_word' id='word_1_194' title='bbox 823 2326 1046 2392; x_wconf 88' lang='lat' dir='ltr'><strong>quae,</strong></span> <span class='ocrx_word' id='word_1_195' title='bbox 1099 2327 1258 2374; x_wconf 89' lang='lat' dir='ltr'><strong>cum</strong></span> <span class='ocrx_word' id='word_1_196' title='bbox 1311 2304 1379 2373; x_wconf 89' lang='lat' dir='ltr'><strong>in</strong></span> <span class='ocrx_word' id='word_1_197' title='bbox 1435 2304 1737 2381; x_wconf 88' lang='lat' dir='ltr'><strong>Siciliam</strong></span> <span class='ocrx_word' id='word_1_198' title='bbox 1799 2305 2063 2374; x_wconf 85' lang='lat' dir='ltr'><strong>delatae</strong></span> <span class='ocrx_word' id='word_1_199' title='bbox 2127 2304 2470 2384; x_wconf 80' lang='lat' dir='ltr'><strong>fuissent,</strong></span> <span class='ocrx_word' id='word_1_200' title='bbox 2523 2304 2732 2374; x_wconf 90' lang='lat' dir='ltr'><strong>locari</strong></span> <span class='ocrx_word' id='word_1_201' title='bbox 2771 2306 2981 2395; x_wconf 85' lang='lat' dir='ltr'><strong>jussit</strong></span> <span class='ocrx_word' id='word_1_202' title='bbox 3029 2307 3103 2375; x_wconf 86' lang='lat' dir='ltr'><strong>in</strong></span> 
     </span>
     <span class='ocr_line' id='line_1_24' title="bbox 555 2393 3106 2484; baseline 0.001 -23"><span class='ocrx_word' id='word_1_203' title='bbox 555 2393 843 2462; x_wconf 82' lang='lat' dir='ltr'><strong>ecclesia</strong></span> <span class='ocrx_word' id='word_1_204' title='bbox 885 2416 1091 2480; x_wconf 89' lang='lat' dir='ltr'><strong>quam</strong></span> <span class='ocrx_word' id='word_1_205' title='bbox 1146 2407 1312 2463; x_wconf 92' lang='lat' dir='ltr'><strong>tunc</strong></span> <span class='ocrx_word' id='word_1_206' title='bbox 1358 2394 1799 2464; x_wconf 82' lang='lat' dir='ltr'><strong>construebat</strong></span> <span class='ocrx_word' id='word_1_207' title='bbox 1846 2394 1916 2461; x_wconf 92' lang='lat' dir='ltr'><strong>in</strong></span> <span class='ocrx_word' id='word_1_208' title='bbox 1967 2394 2226 2463; x_wconf 87' lang='lat' dir='ltr'><strong>honore</strong></span> <span class='ocrx_word' id='word_1_209' title='bbox 2258 2393 2478 2462; x_wconf 85' lang='lat' dir='ltr'><strong>sancti</strong></span> <span class='ocrx_word' id='word_1_210' title='bbox 2530 2395 2867 2484; x_wconf 86' lang='lat' dir='ltr'><strong>Baptistae</strong></span> <span class='ocrx_word' id='word_1_211' title='bbox 2895 2396 3106 2465; x_wconf 82' lang='lat' dir='ltr'><strong>Joan-</strong></span> 
     </span>
     <span class='ocr_line' id='line_1_25' title="bbox 556 2481 3104 2574; baseline 0.002 -24"><span class='ocrx_word' id='word_1_212' title='bbox 556 2481 689 2551; x_wconf 91' lang='lat' dir='ltr'><strong>nis.</strong></span> <span class='ocrx_word' id='word_1_213' title='bbox 745 2485 909 2551; x_wconf 90' lang='lat' dir='ltr'><strong>Cum</strong></span> <span class='ocrx_word' id='word_1_214' title='bbox 949 2482 1198 2553; x_wconf 89' lang='lat' dir='ltr'><strong>villicis</strong></span> <span class='ocrx_word' id='word_1_215' title='bbox 1245 2496 1474 2552; x_wconf 90' lang='lat' dir='ltr'><strong>autem</strong></span> <span class='ocrx_word' id='word_1_216' title='bbox 1516 2496 1581 2552; x_wconf 86' lang='lat' dir='ltr'><strong>et</strong></span> <span class='ocrx_word' id='word_1_217' title='bbox 1616 2483 2024 2573; x_wconf 87' lang='lat' dir='ltr'><strong>praepositis</strong></span> <span class='ocrx_word' id='word_1_218' title='bbox 2075 2495 2394 2573; x_wconf 86' lang='lat' dir='ltr'><strong>portuum</strong></span> <span class='ocrx_word' id='word_1_219' title='bbox 2443 2485 3104 2574; x_wconf 84' lang='lat' dir='ltr'><strong>et·procuratoribus</strong></span> 
     </span>
     <span class='ocr_line' id='line_1_26' title="bbox 557 2570 3102 2664; baseline 0.002 -25"><span class='ocrx_word' id='word_1_220' title='bbox 557 2570 851 2640; x_wconf 92' lang='lat' dir='ltr'><strong>cortium</strong></span> <span class='ocrx_word' id='word_1_221' title='bbox 903 2571 1027 2641; x_wconf 87' lang='lat' dir='ltr'><strong>diu</strong></span> <span class='ocrx_word' id='word_1_222' title='bbox 1076 2572 1515 2659; x_wconf 86' lang='lat' dir='ltr'><strong>multumque</strong></span> <span class='ocrx_word' id='word_1_223' title='bbox 1561 2586 1662 2642; x_wconf 88' lang='lat' dir='ltr'><strong>est</strong></span> <span class='ocrx_word' id='word_1_224' title='bbox 1711 2572 2027 2653; x_wconf 82' lang='lat' dir='ltr'><strong>locutus;</strong></span> <span class='ocrx_word' id='word_1_225' title='bbox 2078 2585 2142 2641; x_wconf 91' lang='lat' dir='ltr'><strong>et</strong></span> <span class='ocrx_word' id='word_1_226' title='bbox 2174 2573 2262 2642; x_wconf 91' lang='lat' dir='ltr'><strong>ob</strong></span> <span class='ocrx_word' id='word_1_227' title='bbox 2307 2593 2516 2657; x_wconf 87' lang='lat' dir='ltr'><strong>quam</strong></span> <span class='ocrx_word' id='word_1_228' title='bbox 2561 2595 2701 2642; x_wconf 85' lang='lat' dir='ltr'><strong>rem</strong></span> <span class='ocrx_word' id='word_1_229' title='bbox 2745 2574 2828 2642; x_wconf 81' lang='lat' dir='ltr'><strong>ad</strong></span> <span class='ocrx_word' id='word_1_230' title='bbox 2875 2588 3102 2664; x_wconf 81' lang='lat' dir='ltr'><strong>partes</strong></span> 
     </span>
     <span class='ocr_line' id='line_1_27' title="bbox 559 2659 3096 2761; baseline 0.002 -33"><span class='ocrx_word' id='word_1_231' title='bbox 559 2659 714 2729; x_wconf 90' lang='lat' dir='ltr'><strong>illas</strong></span> <span class='ocrx_word' id='word_1_232' title='bbox 755 2682 791 2728; x_wconf 89' lang='lat' dir='ltr'><strong>a</strong></span> <span class='ocrx_word' id='word_1_233' title='bbox 829 2660 1265 2730; x_wconf 89' lang='lat' dir='ltr'><strong>sanctissimo</strong></span> <span class='ocrx_word' id='word_1_234' title='bbox 1299 2661 1627 2761; x_wconf 80' lang='lat' dir='ltr'><strong>magistro</strong></span> <span class='ocrx_word' id='word_1_235' title='bbox 1676 2682 1802 2730; x_wconf 91' lang='lat' dir='ltr'><strong>suo</strong></span> <span class='ocrx_word' id='word_1_236' title='bbox 1835 2661 2198 2731; x_wconf 87' lang='lat' dir='ltr'><strong>Benedicto</strong></span> <span class='ocrx_word' id='word_1_237' title='bbox 2229 2660 2532 2731; x_wconf 86' lang='lat' dir='ltr'><strong>directus</strong></span> <span class='ocrx_word' id='word_1_238' title='bbox 2565 2660 2805 2731; x_wconf 79' lang='lat' dir='ltr'><strong>fuisset</strong></span> <span class='ocrx_word' id='word_1_239' title='bbox 2838 2663 3096 2744; x_wconf 86' lang='lat' dir='ltr'><strong>retulit,</strong></span> 
     </span>
     <span class='ocr_line' id='line_1_28' title="bbox 553 2748 3105 2838; baseline 0.002 -20"><span class='ocrx_word' id='word_1_240' title='bbox 553 2749 1142 2835; x_wconf 87' lang='lat' dir='ltr'><strong>reddideruntque</strong></span> <span class='ocrx_word' id='word_1_241' title='bbox 1176 2748 1433 2838; x_wconf 81' lang='lat' dir='ltr'><strong>singuli</strong></span> <span class='ocrx_word' id='word_1_242' title='bbox 1475 2749 1808 2818; x_wconf 89' lang='lat' dir='ltr'><strong>rationem</strong></span> <span class='ocrx_word' id='word_1_243' title='bbox 1848 2750 2285 2820; x_wconf 88' lang='lat' dir='ltr'><strong>villicationis</strong></span> <span class='ocrx_word' id='word_1_244' title='bbox 2333 2772 2500 2820; x_wconf 88' lang='lat' dir='ltr'><strong>suae</strong></span> <span class='ocrx_word' id='word_1_245' title='bbox 2552 2749 2637 2820; x_wconf 92' lang='lat' dir='ltr'><strong>de</strong></span> <span class='ocrx_word' id='word_1_246' title='bbox 2684 2751 2989 2820; x_wconf 86' lang='lat' dir='ltr'><strong>cortibus</strong></span> <span class='ocrx_word' id='word_1_247' title='bbox 3037 2765 3105 2822; x_wconf 88' lang='lat' dir='ltr'><strong>et</strong></span> 
     </span>
     <span class='ocr_line' id='line_1_29' title="bbox 556 2836 3106 2928; baseline 0.001 -21"><span class='ocrx_word' id='word_1_248' title='bbox 556 2840 895 2928; x_wconf 89' lang='lat' dir='ltr'><strong>portubus</strong></span> <span class='ocrx_word' id='word_1_249' title='bbox 944 2836 1225 2907; x_wconf 84' lang='lat' dir='ltr'><strong>Tertulli</strong></span> <span class='ocrx_word' id='word_1_250' title='bbox 1274 2837 1543 2928; x_wconf 88' lang='lat' dir='ltr'><strong>patricii</strong></span> <span class='ocrx_word' id='word_1_251' title='bbox 1597 2838 1811 2927; x_wconf 92' lang='lat' dir='ltr'><strong>patris</strong></span> <span class='ocrx_word' id='word_1_252' title='bbox 1858 2839 2001 2921; x_wconf 90' lang='lat' dir='ltr'><strong>sui,</strong></span> <span class='ocrx_word' id='word_1_253' title='bbox 2062 2860 2237 2926; x_wconf 85' lang='lat' dir='ltr'><strong>quas</strong></span> <span class='ocrx_word' id='word_1_254' title='bbox 2299 2849 2676 2908; x_wconf 84' lang='lat' dir='ltr'><strong>tenuerant.</strong></span> <span class='ocrx_word' id='word_1_255' title='bbox 2730 2843 2886 2908; x_wconf 89' lang='lat' dir='ltr'><strong>Post</strong></span> <span class='ocrx_word' id='word_1_256' title='bbox 2932 2839 3106 2911; x_wconf 79' lang='lat' dir='ltr'><strong>haec</strong></span> 
     </span>
     <span class='ocr_line' id='line_1_30' title="bbox 552 2927 3105 3015; baseline 0.001 -18"><span class='ocrx_word' id='word_1_257' title='bbox 552 2927 879 2997; x_wconf 90' lang='lat' dir='ltr'><strong>omnibus</strong></span> <span class='ocrx_word' id='word_1_258' title='bbox 929 2927 995 2995; x_wconf 91' lang='lat' dir='ltr'><strong>in</strong></span> <span class='ocrx_word' id='word_1_259' title='bbox 1047 2947 1416 2996; x_wconf 86' lang='lat' dir='ltr'><strong>commune</strong></span> <span class='ocrx_word' id='word_1_260' title='bbox 1450 2927 1817 3015; x_wconf 81' lang='lat' dir='ltr'><strong>praecepit,</strong></span> <span class='ocrx_word' id='word_1_261' title='bbox 1870 2940 1947 2998; x_wconf 91' lang='lat' dir='ltr'><strong>ut</strong></span> <span class='ocrx_word' id='word_1_262' title='bbox 1994 2928 2141 2999; x_wconf 92' lang='lat' dir='ltr'><strong>sine</strong></span> <span class='ocrx_word' id='word_1_263' title='bbox 2174 2927 2416 2996; x_wconf 82' lang='lat' dir='ltr'><strong>fraude.</strong></span> <span class='ocrx_word' id='word_1_264' title='bbox 2463 2941 2528 2997; x_wconf 90' lang='lat' dir='ltr'><strong>et</strong></span> <span class='ocrx_word' id='word_1_265' title='bbox 2560 2927 2716 2997; x_wconf 92' lang='lat' dir='ltr'><strong>dolo</strong></span> <span class='ocrx_word' id='word_1_266' title='bbox 2755 2927 2988 3014; x_wconf 83' lang='lat' dir='ltr'><strong>aliquo</strong></span> <span class='ocrx_word' id='word_1_267' title='bbox 3035 2939 3105 2999; x_wconf 82' lang='lat' dir='ltr'><strong>et</strong></span> 
     </span>
     <span class='ocr_line' id='line_1_31' title="bbox 552 3015 3106 3105; baseline 0.002 -21"><span class='ocrx_word' id='word_1_268' title='bbox 552 3015 812 3103; x_wconf 89' lang='lat' dir='ltr'><strong>absque</strong></span> <span class='ocrx_word' id='word_1_269' title='bbox 857 3015 1166 3103; x_wconf 89' lang='lat' dir='ltr'><strong>qualibet</strong></span> <span class='ocrx_word' id='word_1_270' title='bbox 1212 3015 1539 3085; x_wconf 88' lang='lat' dir='ltr'><strong>dilatione</strong></span> <span class='ocrx_word' id='word_1_271' title='bbox 1569 3015 1876 3103; x_wconf 87' lang='lat' dir='ltr'><strong>quotidie</strong></span> <span class='ocrx_word' id='word_1_272' title='bbox 1923 3016 2421 3105; x_wconf 89' lang='lat' dir='ltr'><strong>impenderent,</strong></span> <span class='ocrx_word' id='word_1_273' title='bbox 2473 3016 2801 3103; x_wconf 90' lang='lat' dir='ltr'><strong>quicquid</strong></span> <span class='ocrx_word' id='word_1_274' title='bbox 2856 3016 2987 3085; x_wconf 90' lang='lat' dir='ltr'><strong>sibi</strong></span> <span class='ocrx_word' id='word_1_275' title='bbox 3035 3029 3106 3088; x_wconf 88' lang='lat' dir='ltr'><strong>et</strong></span> 
     </span>
     <span class='ocr_line' id='line_1_32' title="bbox 552 3104 3102 3194; baseline -0 -19"><span class='ocrx_word' id='word_1_276' title='bbox 552 3104 699 3175; x_wconf 91' lang='lat' dir='ltr'><strong>suis</strong></span> <span class='ocrx_word' id='word_1_277' title='bbox 746 3106 817 3173; x_wconf 91' lang='lat' dir='ltr'><strong>in</strong></span> <span class='ocrx_word' id='word_1_278' title='bbox 868 3105 1045 3185; x_wconf 85' lang='lat' dir='ltr'><strong>cibo,</strong></span> <span class='ocrx_word' id='word_1_279' title='bbox 1104 3115 1269 3194; x_wconf 84' lang='lat' dir='ltr'><strong>potu</strong></span> <span class='ocrx_word' id='word_1_280' title='bbox 1315 3116 1522 3192; x_wconf 88' lang='lat' dir='ltr'><strong>atque</strong></span> <span class='ocrx_word' id='word_1_281' title='bbox 1561 3106 1807 3175; x_wconf 87' lang='lat' dir='ltr'><strong>vestitu</strong></span> <span class='ocrx_word' id='word_1_282' title='bbox 1843 3104 1942 3174; x_wconf 90' lang='lat' dir='ltr'><strong>vel</strong></span> <span class='ocrx_word' id='word_1_283' title='bbox 1978 3105 2046 3172; x_wconf 89' lang='lat' dir='ltr'><strong>in</strong></span> <span class='ocrx_word' id='word_1_284' title='bbox 2084 3105 2391 3175; x_wconf 91' lang='lat' dir='ltr'><strong>coenobii</strong></span> <span class='ocrx_word' id='word_1_285' title='bbox 2433 3105 2941 3176; x_wconf 87' lang='lat' dir='ltr'><strong>constructione</strong></span> <span class='ocrx_word' id='word_1_286' title='bbox 2977 3127 3102 3174; x_wconf 88' lang='lat' dir='ltr'><strong>ne·-</strong></span> 
     </span>
     <span class='ocr_line' id='line_1_33' title="bbox 552 3192 3099 3283; baseline 0.001 -23"><span class='ocrx_word' id='word_1_287' title='bbox 552 3192 926 3262; x_wconf 89' lang='lat' dir='ltr'><strong>cessarium</strong></span> <span class='ocrx_word' id='word_1_288' title='bbox 977 3204 1174 3264; x_wconf 88' lang='lat' dir='ltr'><strong>esset.</strong></span> <span class='ocrx_word' id='word_1_289' title='bbox 1231 3197 1385 3283; x_wconf 92' lang='lat' dir='ltr'><strong>Ipse</strong></span> <span class='ocrx_word' id='word_1_290' title='bbox 1433 3204 1659 3262; x_wconf 91' lang='lat' dir='ltr'><strong>autem</strong></span> <span class='ocrx_word' id='word_1_291' title='bbox 1710 3198 1904 3262; x_wconf 88' lang='lat' dir='ltr'><strong>Pater</strong></span> <span class='ocrx_word' id='word_1_292' title='bbox 1952 3194 2473 3274; x_wconf 79' lang='lat' dir='ltr'><strong>sanctissimuS,</strong></span> <span class='ocrx_word' id='word_1_293' title='bbox 2525 3216 2605 3263; x_wconf 90' lang='lat' dir='ltr'><strong>ea</strong></span> <span class='ocrx_word' id='word_1_294' title='bbox 2651 3215 2829 3281; x_wconf 91' lang='lat' dir='ltr'><strong>quae</strong></span> <span class='ocrx_word' id='word_1_295' title='bbox 2862 3216 2901 3262; x_wconf 92' lang='lat' dir='ltr'><strong>a</strong></span> <span class='ocrx_word' id='word_1_296' title='bbox 2949 3215 3099 3263; x_wconf 87' lang='lat' dir='ltr'><strong>ma-</strong></span> 
     </span>
     <span class='ocr_line' id='line_1_34' title="bbox 551 3280 3092 3373; baseline 0.001 -26"><span class='ocrx_word' id='word_1_297' title='bbox 551 3280 768 3370; x_wconf 84' lang='lat' dir='ltr'><strong>gistro</strong></span> <span class='ocrx_word' id='word_1_298' title='bbox 816 3303 943 3350; x_wconf 94' lang='lat' dir='ltr'><strong>suo</strong></span> <span class='ocrx_word' id='word_1_299' title='bbox 990 3280 1352 3351; x_wconf 90' lang='lat' dir='ltr'><strong>Benedicto</strong></span> <span class='ocrx_word' id='word_1_300' title='bbox 1385 3282 1743 3362; x_wconf 90' lang='lat' dir='ltr'><strong>didicerat,</strong></span> <span class='ocrx_word' id='word_1_301' title='bbox 1784 3282 2006 3351; x_wconf 90' lang='lat' dir='ltr'><strong>modis</strong></span> <span class='ocrx_word' id='word_1_302' title='bbox 2038 3282 2366 3352; x_wconf 85' lang='lat' dir='ltr'><strong>omnibus</strong></span> <span class='ocrx_word' id='word_1_303' title='bbox 2395 3283 2684 3371; x_wconf 89' lang='lat' dir='ltr'><strong>implere</strong></span> <span class='ocrx_word' id='word_1_304' title='bbox 2717 3283 3092 3373; x_wconf 83' lang='lat' dir='ltr'><strong>satagebat.</strong></span> 
     </span>
     <span class='ocr_line' id='line_1_35' title="bbox 554 3368 3097 3461; baseline 0 -23"><span class='ocrx_word' id='word_1_305' title='bbox 554 3368 959 3459; x_wconf 84' lang='lat' dir='ltr'><strong>Refulgebat</strong></span> <span class='ocrx_word' id='word_1_306' title='bbox 1005 3392 1170 3439; x_wconf 90' lang='lat' dir='ltr'><strong>sane</strong></span> <span class='ocrx_word' id='word_1_307' title='bbox 1217 3369 1525 3440; x_wconf 90' lang='lat' dir='ltr'><strong>doctrina</strong></span> <span class='ocrx_word' id='word_1_308' title='bbox 1580 3370 1850 3461; x_wconf 87' lang='lat' dir='ltr'><strong>pietatis</strong></span> <span class='ocrx_word' id='word_1_309' title='bbox 1897 3371 1966 3440; x_wconf 94' lang='lat' dir='ltr'><strong>in</strong></span> <span class='ocrx_word' id='word_1_310' title='bbox 2016 3392 2142 3452; x_wconf 86' lang='lat' dir='ltr'><strong>eo,</strong></span> <span class='ocrx_word' id='word_1_311' title='bbox 2197 3370 2751 3457; x_wconf 89' lang='lat' dir='ltr'><strong>dilatabaturque</strong></span> <span class='ocrx_word' id='word_1_312' title='bbox 2818 3383 3097 3441; x_wconf 87' lang='lat' dir='ltr'><strong>sanctae</strong></span> 
     </span>
     <span class='ocr_line' id='line_1_36' title="bbox 550 3457 3089 3550; baseline 0 -22"><span class='ocrx_word' id='word_1_313' title='bbox 550 3457 1092 3528; x_wconf 88' lang='lat' dir='ltr'><strong>conversationis</strong></span> <span class='ocrx_word' id='word_1_314' title='bbox 1129 3458 1438 3528; x_wconf 89' lang='lat' dir='ltr'><strong>doctrina</strong></span> <span class='ocrx_word' id='word_1_315' title='bbox 1475 3482 1718 3550; x_wconf 85' lang='lat' dir='ltr'><strong>agrum</strong></span> <span class='ocrx_word' id='word_1_316' title='bbox 1755 3458 2042 3529; x_wconf 86' lang='lat' dir='ltr'><strong>serendo</strong></span> <span class='ocrx_word' id='word_1_317' title='bbox 2063 3461 2394 3550; x_wconf 89' lang='lat' dir='ltr'><strong>justitiae.</strong></span> <span class='ocrx_word' id='word_1_318' title='bbox 2444 3459 2632 3529; x_wconf 90' lang='lat' dir='ltr'><strong>Unde</strong></span> <span class='ocrx_word' id='word_1_319' title='bbox 2667 3459 2921 3529; x_wconf 82' lang='lat' dir='ltr'><strong>factum</strong></span> <span class='ocrx_word' id='word_1_320' title='bbox 2963 3471 3089 3542; x_wconf 86' lang='lat' dir='ltr'><strong>est,</strong></span> 
     </span>
     <span class='ocr_line' id='line_1_37' title="bbox 551 3546 3098 3638; baseline 0.001 -21"><span class='ocrx_word' id='word_1_321' title='bbox 551 3558 629 3617; x_wconf 87' lang='lat' dir='ltr'><strong>ut</strong></span> <span class='ocrx_word' id='word_1_322' title='bbox 676 3568 799 3635; x_wconf 90' lang='lat' dir='ltr'><strong>per</strong></span> <span class='ocrx_word' id='word_1_323' title='bbox 858 3547 1130 3615; x_wconf 88' lang='lat' dir='ltr'><strong>beatum</strong></span> <span class='ocrx_word' id='word_1_324' title='bbox 1185 3546 1535 3616; x_wconf 90' lang='lat' dir='ltr'><strong>Placidum</strong></span> <span class='ocrx_word' id='word_1_325' title='bbox 1581 3571 1659 3617; x_wconf 92' lang='lat' dir='ltr'><strong>ac</strong></span> <span class='ocrx_word' id='word_1_326' title='bbox 1708 3548 2091 3637; x_wconf 88' lang='lat' dir='ltr'><strong>discipulos</strong></span> <span class='ocrx_word' id='word_1_327' title='bbox 2138 3548 2293 3636; x_wconf 88' lang='lat' dir='ltr'><strong>ejus</strong></span> <span class='ocrx_word' id='word_1_328' title='bbox 2322 3604 2337 3630; x_wconf 93' lang='lat'>‚</span> <span class='ocrx_word' id='word_1_329' title='bbox 2394 3549 2608 3638; x_wconf 89' lang='lat' dir='ltr'><strong>patris</strong></span> <span class='ocrx_word' id='word_1_330' title='bbox 2639 3546 2981 3617; x_wconf 87' lang='lat' dir='ltr'><strong>Benedicti</strong></span> <span class='ocrx_word' id='word_1_331' title='bbox 3027 3560 3098 3619; x_wconf 90' lang='lat' dir='ltr'><strong>et</strong></span> 
     </span>
     <span class='ocr_line' id='line_1_38' title="bbox 551 3634 3094 3728; baseline 0 -23"><span class='ocrx_word' id='word_1_332' title='bbox 551 3635 977 3706; x_wconf 87' lang='lat' dir='ltr'><strong>Cassinensis</strong></span> <span class='ocrx_word' id='word_1_333' title='bbox 1016 3634 1326 3704; x_wconf 86' lang='lat' dir='ltr'><strong>coenobii</strong></span> <span class='ocrx_word' id='word_1_334' title='bbox 1360 3637 1748 3706; x_wconf 90' lang='lat' dir='ltr'><strong>veneranda</strong></span> <span class='ocrx_word' id='word_1_335' title='bbox 1779 3636 2019 3728; x_wconf 83' lang='lat' dir='ltr'><strong>religio</strong></span> <span class='ocrx_word' id='word_1_336' title='bbox 2055 3658 2174 3727; x_wconf 90' lang='lat' dir='ltr'><strong>per</strong></span> <span class='ocrx_word' id='word_1_337' title='bbox 2212 3648 2424 3707; x_wconf 89' lang='lat' dir='ltr'><strong>totum</strong></span> <span class='ocrx_word' id='word_1_338' title='bbox 2476 3636 2711 3707; x_wconf 87' lang='lat' dir='ltr'><strong>orb&#39;em</strong></span> <span class='ocrx_word' id='word_1_339' title='bbox 2753 3647 3094 3706; x_wconf 88' lang='lat' dir='ltr'><strong>terrarum</strong></span> 
     </span>
     <span class='ocr_line' id='line_1_39' title="bbox 548 3723 3097 3813; baseline 0 -21"><span class='ocrx_word' id='word_1_340' title='bbox 548 3723 800 3793; x_wconf 81' lang='lat' dir='ltr'><strong>diffusa</strong></span> <span class='ocrx_word' id='word_1_341' title='bbox 848 3724 936 3794; x_wconf 90' lang='lat' dir='ltr'><strong>sit</strong></span> <span class='ocrx_word' id='word_1_342' title='bbox 981 3737 1046 3793; x_wconf 92' lang='lat' dir='ltr'><strong>et</strong></span> <span class='ocrx_word' id='word_1_343' title='bbox 1093 3723 1467 3794; x_wconf 85' lang='lat' dir='ltr'><strong>diffamata.</strong></span> <span class='ocrx_word' id='word_1_344' title='bbox 1507 3725 1694 3795; x_wconf 90' lang='lat' dir='ltr'><strong>Idem</strong></span> <span class='ocrx_word' id='word_1_345' title='bbox 1738 3747 1894 3796; x_wconf 89' lang='lat' dir='ltr'><strong>vero</strong></span> <span class='ocrx_word' id='word_1_346' title='bbox 1927 3740 2212 3796; x_wconf 87' lang='lat' dir='ltr'><strong>sanctus</strong></span> <span class='ocrx_word' id='word_1_347' title='bbox 2257 3725 2521 3795; x_wconf 89' lang='lat' dir='ltr'><strong>Domini</strong></span> <span class='ocrx_word' id='word_1_348' title='bbox 2557 3725 2899 3805; x_wconf 88' lang='lat' dir='ltr'><strong>Placidus,</strong></span> <span class='ocrx_word' id='word_1_349' title='bbox 2939 3724 3097 3813; x_wconf 86' lang='lat' dir='ltr'><strong>Spi-</strong></span> 
     </span>
     <span class='ocr_line' id='line_1_40' title="bbox 550 3812 3097 3904; baseline 0 -22"><span class='ocrx_word' id='word_1_350' title='bbox 550 3812 691 3882; x_wconf 87' lang='lat' dir='ltr'><strong>ritu</strong></span> <span class='ocrx_word' id='word_1_351' title='bbox 724 3817 970 3883; x_wconf 87' lang='lat' dir='ltr'><strong>Sancto</strong></span> <span class='ocrx_word' id='word_1_352' title='bbox 1002 3812 1324 3903; x_wconf 89' lang='lat' dir='ltr'><strong>repletus,</strong></span> <span class='ocrx_word' id='word_1_353' title='bbox 1365 3815 1512 3883; x_wconf 88' lang='lat' dir='ltr'><strong>sine</strong></span> <span class='ocrx_word' id='word_1_354' title='bbox 1542 3814 2054 3885; x_wconf 88' lang='lat' dir='ltr'><strong>intermissione</strong></span> <span class='ocrx_word' id='word_1_355' title='bbox 2082 3814 2459 3904; x_wconf 86' lang='lat' dir='ltr'><strong>castigabat</strong></span> <span class='ocrx_word' id='word_1_356' title='bbox 2488 3827 2802 3884; x_wconf 86' lang='lat' dir='ltr'><strong>sanctum</strong></span> <span class='ocrx_word' id='word_1_357' title='bbox 2838 3834 3097 3902; x_wconf 89' lang='lat' dir='ltr'><strong>corpus</strong></span> 
     </span>
     <span class='ocr_line' id='line_1_41' title="bbox 551 3902 3097 3993; baseline -0 -21"><span class='ocrx_word' id='word_1_358' title='bbox 551 3924 784 3982; x_wconf 86' lang='lat' dir='ltr'><strong>suum,</strong></span> <span class='ocrx_word' id='word_1_359' title='bbox 828 3902 993 3972; x_wconf 91' lang='lat' dir='ltr'><strong>etin</strong></span> <span class='ocrx_word' id='word_1_360' title='bbox 1033 3902 1423 3971; x_wconf 89' lang='lat' dir='ltr'><strong>servitutem</strong></span> <span class='ocrx_word' id='word_1_361' title='bbox 1475 3923 1749 3973; x_wconf 89' lang='lat' dir='ltr'><strong>omnem</strong></span> <span class='ocrx_word' id='word_1_362' title='bbox 1803 3904 2176 3993; x_wconf 83' lang='lat' dir='ltr'><strong>redigebat,</strong></span> <span class='ocrx_word' id='word_1_363' title='bbox 2220 3915 2298 3973; x_wconf 92' lang='lat' dir='ltr'><strong>ut</strong></span> <span class='ocrx_word' id='word_1_364' title='bbox 2346 3903 2678 3984; x_wconf 89' lang='lat' dir='ltr'><strong>membra,</strong></span> <span class='ocrx_word' id='word_1_365' title='bbox 2720 3924 2897 3989; x_wconf 88' lang='lat' dir='ltr'><strong>quae</strong></span> <span class='ocrx_word' id='word_1_366' title='bbox 2929 3913 3097 3973; x_wconf 84' lang='lat' dir='ltr'><strong>sunt</strong></span> 
     </span>
     <span class='ocr_line' id='line_1_42' title="bbox 549 3990 3093 4081; baseline 0 -21"><span class='ocrx_word' id='word_1_367' title='bbox 549 4012 759 4081; x_wconf 89' lang='lat' dir='ltr'><strong>super</strong></span> <span class='ocrx_word' id='word_1_368' title='bbox 807 4004 1082 4072; x_wconf 89' lang='lat' dir='ltr'><strong>terram,</strong></span> <span class='ocrx_word' id='word_1_369' title='bbox 1140 3990 1602 4060; x_wconf 88' lang='lat' dir='ltr'><strong>mortificaret.</strong></span> <span class='ocrx_word' id='word_1_370' title='bbox 1643 3996 1878 4061; x_wconf 88' lang='lat' dir='ltr'><strong>Sermo</strong></span> <span class='ocrx_word' id='word_1_371' title='bbox 1918 4015 2074 4063; x_wconf 91' lang='lat' dir='ltr'><strong>vero</strong></span> <span class='ocrx_word' id='word_1_372' title='bbox 2107 3994 2257 4062; x_wconf 84' lang='lat' dir='ltr'><strong>e&#39;us</strong></span> <span class='ocrx_word' id='word_1_373' title='bbox 2296 3991 2485 4061; x_wconf 90' lang='lat' dir='ltr'><strong>aliud</strong></span> <span class='ocrx_word' id='word_1_374' title='bbox 2521 4014 2654 4062; x_wconf 88' lang='lat' dir='ltr'><strong>non</strong></span> <span class='ocrx_word' id='word_1_375' title='bbox 2694 4003 2840 4060; x_wconf 86' lang='lat' dir='ltr'><strong>erat</strong></span> <span class='ocrx_word' id='word_1_376' title='bbox 2877 4012 3093 4079; x_wconf 88' lang='lat' dir='ltr'><strong>quam</strong></span> 
     </span>
     <span class='ocr_line' id='line_1_43' title="bbox 550 4079 3095 4171; baseline 0 -23"><span class='ocrx_word' id='word_1_377' title='bbox 550 4079 798 4148; x_wconf 89' lang='lat' dir='ltr'><strong>mundi</strong></span> <span class='ocrx_word' id='word_1_378' title='bbox 829 4081 1041 4171; x_wconf 80' lang='lat' dir='ltr'><strong>huJ&#39;us</strong></span> <span class='ocrx_word' id='word_1_379' title='bbox 1088 4079 1373 4150; x_wconf 90' lang='lat' dir='ltr'><strong>delicias</strong></span> <span class='ocrx_word' id='word_1_380' title='bbox 1407 4101 1753 4169; x_wconf 90' lang='lat' dir='ltr'><strong>spernere,</strong></span> <span class='ocrx_word' id='word_1_381' title='bbox 1808 4102 2018 4150; x_wconf 90' lang='lat' dir='ltr'><strong>onera</strong></span> <span class='ocrx_word' id='word_1_382' title='bbox 2063 4104 2141 4150; x_wconf 89' lang='lat' dir='ltr'><strong>or</strong></span> <span class='ocrx_word' id='word_1_383' title='bbox 2193 4081 2252 4170; x_wconf 79' lang='lat' dir='ltr'><strong>is</strong></span> <span class='ocrx_word' id='word_1_384' title='bbox 2292 4079 2701 4167; x_wconf 88' lang='lat' dir='ltr'><strong>relinquere,</strong></span> <span class='ocrx_word' id='word_1_385' title='bbox 2739 4092 2814 4148; x_wconf 90' lang='lat' dir='ltr'><strong>ut</strong></span> <span class='ocrx_word' id='word_1_386' title='bbox 2849 4086 3095 4150; x_wconf 76' lang='lat' dir='ltr'><strong>,Iesum</strong></span> 
     </span>
     <span class='ocr_line' id='line_1_44' title="bbox 550 4166 3095 4256; baseline -0 -18"><span class='ocrx_word' id='word_1_387' title='bbox 550 4168 893 4239; x_wconf 86' lang='lat' dir='ltr'><strong>Christum</strong></span> <span class='ocrx_word' id='word_1_388' title='bbox 933 4224 947 4250; x_wconf 94' lang='lat'><strong>,</strong></span> <span class='ocrx_word' id='word_1_389' title='bbox 1004 4170 1117 4238; x_wconf 91' lang='lat' dir='ltr'><strong>Dei</strong></span> <span class='ocrx_word' id='word_1_390' title='bbox 1167 4168 1415 4251; x_wconf 86' lang='lat' dir='ltr'><strong>filium,</strong></span> <span class='ocrx_word' id='word_1_391' title='bbox 1472 4167 1684 4238; x_wconf 91' lang='lat' dir='ltr'><strong>libere</strong></span> <span class='ocrx_word' id='word_1_392' title='bbox 1739 4182 2139 4256; x_wconf 88' lang='lat' dir='ltr'><strong>sequeretur</strong></span> <span class='ocrx_word' id='word_1_393' title='bbox 2173 4225 2188 4252; x_wconf 93' lang='lat'><strong><em>‚</em></strong></span> <span class='ocrx_word' id='word_1_394' title='bbox 2246 4190 2635 4239; x_wconf 88' lang='lat' dir='ltr'><strong>memorans</strong></span> <span class='ocrx_word' id='word_1_395' title='bbox 2681 4166 2854 4237; x_wconf 90' lang='lat' dir='ltr'><strong>illud</strong></span> <span class='ocrx_word' id='word_1_396' title='bbox 2904 4167 3095 4255; x_wconf 89' lang='lat' dir='ltr'><strong>quod</strong></span> 
     </span>
     <span class='ocr_line' id='line_1_45' title="bbox 547 4258 3096 4348; baseline -0 -23"><span class='ocrx_word' id='word_1_397' title='bbox 547 4258 884 4328; x_wconf 90' lang='lat' dir='ltr'><strong>Dominus</strong></span> <span class='ocrx_word' id='word_1_398' title='bbox 934 4258 1203 4328; x_wconf 91' lang='lat' dir='ltr'><strong>locutus</strong></span> <span class='ocrx_word' id='word_1_399' title='bbox 1250 4272 1373 4339; x_wconf 89' lang='lat' dir='ltr'><strong>est,</strong></span> <span class='ocrx_word' id='word_1_400' title='bbox 1428 4260 1579 4327; x_wconf 71' lang='lat' dir='ltr'><strong>Nisi</strong></span> <span class='ocrx_word' id='word_1_401' title='bbox 1624 4260 1775 4348; x_wconf 79' lang='lat' dir='ltr'><strong>quis</strong></span> <span class='ocrx_word' id='word_1_402' title='bbox 1836 4261 2336 4330; x_wconf 79' lang='lat' dir='ltr'><strong>renunciaverit</strong></span> <span class='ocrx_word' id='word_1_403' title='bbox 2381 4258 2679 4328; x_wconf 78' lang='lat' dir='ltr'><strong>omnibus</strong></span> <span class='ocrx_word' id='word_1_404' title='bbox 2724 4278 2900 4348; x_wconf 83' lang='lat' dir='ltr'><strong>quae</strong></span> <span class='ocrx_word' id='word_1_405' title='bbox 2943 4279 3096 4347; x_wconf 74' lang='lat' dir='ltr'><strong>pos-</strong></span> 
     </span>
     <span class='ocr_line' id='line_1_46' title="bbox 546 4345 3097 4439; baseline -0 -24"><span class='ocrx_word' id='word_1_406' title='bbox 546 4347 739 4428; x_wconf 79' lang='lat' dir='ltr'><strong>sidet,</strong></span> <span class='ocrx_word' id='word_1_407' title='bbox 796 4371 925 4417; x_wconf 79' lang='lat' dir='ltr'><strong>non</strong></span> <span class='ocrx_word' id='word_1_408' title='bbox 963 4359 1179 4438; x_wconf 78' lang='lat' dir='ltr'><strong>potest</strong></span> <span class='ocrx_word' id='word_1_409' title='bbox 1225 4370 1411 4417; x_wconf 80' lang='lat' dir='ltr'><strong>meus</strong></span> <span class='ocrx_word' id='word_1_410' title='bbox 1444 4370 1581 4417; x_wconf 80' lang='lat' dir='ltr'><strong>esse</strong></span> <span class='ocrx_word' id='word_1_411' title='bbox 1629 4349 2002 4438; x_wconf 74' lang='lat' dir='ltr'><strong>discipulus</strong></span> <span class='ocrx_word' id='word_1_412' title='bbox 2043 4348 2232 4439; x_wconf 82' lang='lat' dir='ltr'><strong>(Luc.</strong></span> <span class='ocrx_word' id='word_1_413' title='bbox 2275 4369 2407 4428; x_wconf 76' lang='lat' dir='ltr'><strong>xiv,</strong></span> <span class='ocrx_word' id='word_1_414' title='bbox 2464 4345 2597 4435; x_wconf 72' lang='lat'><strong>⁴3).</strong></span> <span class='ocrx_word' id='word_1_415' title='bbox 2653 4351 2727 4414; x_wconf 90' lang='lat' dir='ltr'><strong>In</strong></span> <span class='ocrx_word' id='word_1_416' title='bbox 2779 4366 3097 4414; x_wconf 89' lang='lat' dir='ltr'><strong>sermone</strong></span> 
     </span>
     <span class='ocr_line' id='line_1_47' title="bbox 547 4434 3099 4528; baseline -0.001 -23"><span class='ocrx_word' id='word_1_417' title='bbox 547 4449 776 4507; x_wconf 89' lang='lat' dir='ltr'><strong>autem</strong></span> <span class='ocrx_word' id='word_1_418' title='bbox 820 4437 969 4527; x_wconf 89' lang='lat' dir='ltr'><strong>ejus</strong></span> <span class='ocrx_word' id='word_1_419' title='bbox 998 4450 1255 4526; x_wconf 90' lang='lat' dir='ltr'><strong>quanta</strong></span> <span class='ocrx_word' id='word_1_420' title='bbox 1303 4438 1625 4528; x_wconf 77' lang='lat' dir='ltr'><strong>gravita5‚</strong></span> <span class='ocrx_word' id='word_1_421' title='bbox 1679 4448 1937 4526; x_wconf 87' lang='lat' dir='ltr'><strong>quanta</strong></span> <span class='ocrx_word' id='word_1_422' title='bbox 1973 4436 2306 4508; x_wconf 89' lang='lat' dir='ltr'><strong>modestia</strong></span> <span class='ocrx_word' id='word_1_423' title='bbox 2352 4448 2519 4519; x_wconf 90' lang='lat' dir='ltr'><strong>erat,</strong></span> <span class='ocrx_word' id='word_1_424' title='bbox 2572 4456 2893 4506; x_wconf 89' lang='lat' dir='ltr'><strong>enarrare</strong></span> <span class='ocrx_word' id='word_1_425' title='bbox 2938 4434 3099 4521; x_wconf 90' lang='lat' dir='ltr'><strong>quis</strong></span> 
     </span>
    </p>
   </div>
  </div>
 </body>
</html>
