3347 4999
697 308 827 373 466
1378 326 1457 373 na
1504 326 1560 373 5.
1613 325 1809 373 o.·⁵.1.1.o
1856 325 2000 372 Anu.
2054 325 2128 372 ET
2176 324 2357 373 coar.
2825 306 2999 372 OCT.
3060 309 3157 373 16

609 409 967 499 ingressus
1013 408 1368 478 ecclesiam
1399 463 1414 487 ,
1454 408 1610 479 fecit
1656 409 1882 478 afferri
1934 421 2182 478 vestem
2236 408 2498 496 nuptiis
2547 420 3045 497 praeparatam,
3078 420 3160 478 et

613 519 934 567 coronam
987 519 1277 587 sponsae
1329 498 1668 567 nitoribus
1717 498 2230 588 imponendam.
2286 500 2406 568 His
2455 496 2703 576 allatiS‚
2743 496 2906 566 dum
2945 497 3159 585 puel-

615 587 749 656 lam
801 585 882 655 ad
937 608 1008 655 se
1047 586 1371 675 jussisset
1417 586 1762 667 accedere,
1816 608 2068 676 sponsa
2137 587 2246 654 Dei
2287 586 2429 671 jam
2480 585 2651 675 Agni
2699 586 3157 655 comitatibus

523 712 532 722 ·
615 676 927 751 haerens,
973 674 1172 744 avelli
1225 697 1357 744 non
1412 676 1629 765 potuit
1661 675 1749 745 ab
1796 674 2031 744 altari:
2083 674 2242 761 quia
2294 696 2365 743 se
2401 674 2679 744 timebat
2726 673 2810 744 de
2854 674 3156 744 ecclesia

615 762 1174 853 protrahendam.
1229 768 1534 850 Cumque
1569 765 1939 833 instantius
1978 784 2134 832 arae
2182 763 2505 833 cornibus
2556 763 2956 842 inhaereret,
3004 768 3157 832 Rex

610 874 786 931 eam,
855 873 939 920 ne
991 852 1278 932 timeret,
1331 852 1728 922 admonuit:
1784 874 1820 919 «
1853 852 2091 932 Hodie,
2146 851 2487 938 inquiens,
2547 873 2663 941 per
2709 852 2942 920 omnia
2982 864 3151 921 tuae

614 940 983 1010 voluntatis
1033 939 1294 1011 videbis
1341 941 1680 1010 effectum.
1722 962 1758 1008 »
1792 945 1994 1010 Porro
2044 940 2163 1009 illa
2209 941 2383 1009 inter
2411 961 2599 1029 spem
2636 952 2700 1009 et
2731 954 2984 1009 metum
3024 962 3159 1028 po-

615 1030 766 1099 sita.
821 1040 1028 1118 caput
1066 1050 1275 1120 super
1304 1028 1517 1099 altare
1551 1029 1919 1099 reclinans:
1958 1052 1994 1096 «
2024 1034 2214 1107 Ecce,
2252 1029 2368 1108 ait,
2405 1027 2660 1098 ancilla
2690 1028 2982 1108 Domini,
3019 1027 3155 1098 fiat

615 1117 789 1187 mibi
830 1116 1212 1187 secundum
1250 1117 1661 1207 yoluntatem
1712 1119 1881 1203 ejus.
1913 1142 1948 1184 »
1976 1123 2112 1188 Rex
2145 1139 2298 1186 vero
2341 1116 2538 1187 'ussit
2570 1116 3041 1187 sacerdotibus
3068 1129 3153 1186 ut

616 1205 957 1275 elevarent
1004 1228 1179 1286 eam,
1233 1218 1296 1275 et
1344 1206 1429 1275 ad
1480 1229 1552 1276 se
1601 1206 2073 1296 perducerent.
2128 1211 2272 1289 Quo
2346 1219 2517 1286 acto,
2576 1204 2817 1274 induta
2854 1218 2980 1285 est,
3019 1204 3149 1274 illo

610 1293 920 1384 jubente,
975 1307 1154 1364 veste
1205 1295 1438 1385 regali,
1483 1309 1547 1364 et
1580 1316 1773 1365 sacro
1819 1294 2154 1364 velamine
2185 1307 2528 1363 coronata.
2572 1294 2872 1364 Intuitus
2904 1307 3141 1363 autem

617 1404 766 1452 eam
818 1387 955 1452 Rex
1006 1382 1388 1474 religiosu8‚
1424 1384 1595 1454 dixit
1643 1383 1786 1452 illi:
1843 1406 1877 1449 «
1914 1388 2081 1453 Ecce
2133 1383 2302 1452 meis
2350 1396 2412 1453 te
2460 1383 2719 1473 nuptiis
2771 1404 3147 1483 praepara-

618 1484 780 1551 tam,
836 1472 1072 1561 sponsi
1120 1472 1453 1553 coelestiS‚
1513 1473 1779 1542 Domini
1824 1473 2039 1542 nostri
2086 1471 2396 1540 videlicet
2433 1472 2594 1542 lesu
2643 1471 2927 1549 Christi,
2971 1470 3149 1540 cedo

618 1559 1128 1649 complexibus;
1170 1583 1204 1626 »
1238 1573 1304 1629 et
1350 1561 1694 1630 dexteram
1744 1562 1894 1651 ejus
1940 1560 2529 1650 comprehendens
2564 1615 2580 1642 ,
2634 1560 2860 1649 posuit
2922 1560 2991 1628 in
3042 1558 3149 1628 al·

620 1648 800 1725 tari,
852 1648 1099 1718 deinde
1162 1648 1489 1719 ecclesiae
1549 1650 1757 1718 limen
1825 1648 2199 1730 excedenS‚
2266 1648 2590 1738 lacrymis
2652 1647 3141 1718 absconditum

668 1737 934 1806 atesecit
980 1759 1308 1807 amorem.
1349 1743 1504 1808 Post
1550 1738 1719 1807 haec
1769 1739 2027 1808 vocavit
2074 1759 2249 1816 eam,
2281 1751 2345 1806 et
2375 1738 2569 1826 juxta
2604 1759 2674 1807 56
2723 1737 2882 1806 fecit
2911 1740 2978 1804 in
3013 1758 3139 1825 pa-

618 1758 778 1894 latio
828 1825 1145 1906 residere,
1197 1839 1262 1895 et
1309 1827 1509 1896 donis
1557 1827 1953 1917 ingentibus
2026 1828 2419 1895 honoratam
2452 1879 2471 1905 ‚
2529 1825 2849 1915 praetulit
2902 1846 3137 1894 mona-

622 1914 824 1984 sterio
872 1914 1282 1983 ancillarum
1326 1916 1463 1995 Dei,
1518 1915 1699 2002 quod
1753 1916 1820 1984 in
1873 1916 2126 1985 honore
2157 1915 2328 1984 beati
2383 1916 2552 1983 Petri
2606 1914 2939 2004 principis
2968 1918 3130 2002 Apo·

621 2002 949 2072 stolorum
1002 2015 1471 2073 constructum
1521 2017 1622 2073 est
1659 2006 1727 2072 in
1781 2004 2175 2074 Metensium
2212 2004 2244 2037 ¹*
2280 2003 2569 2082 civitate,
2609 2003 2726 2072 ubi
2758 2016 2947 2092 gesta
2978 2014 3149 2071 sunt

619 2091 934 2160 universa
969 2113 1145 2178 quae
1178 2091 1484 2180 proxima
1533 2093 1923 2162 narratione
1962 2091 2347 2163 retulimus.
2386 2097 2462 2161 ln
2507 2092 2614 2161 his
2645 2104 2871 2161 autem
2917 2091 3147 2159 omni-

620 2179 752 2248 bus
800 2179 1236 2269 perficiendis
1286 2195 1511 2250 secuta
1561 2194 1660 2250 est
1711 2180 1937 2271 puella
1971 2178 2335 2250 consilium
2374 2180 2748 2251 beatissimi
2783 2179 2982 2257 Galli,
3018 2179 3142 2266 qui

627 2285 803 2347 eam,
857 2268 1141 2338 Domino
1187 2268 1581 2348 auxiliante,
1637 2293 1677 2340 a
1726 2269 2087 2339 daemonio
2136 2268 2467 2338 liberavit.

708 2358 744 2441 ξ
794 2360 952 2426 22.
1009 2361 1130 2426 Per
1177 2357 1354 2426 idem
1407 2370 1677 2448 tempus
1721 2359 2029 2427 Joannes
2076 2358 2410 2428 diaeonus
2459 2377 2897 2447 perseverans
2944 2356 3139 2445 apud

623 2444 1086 2515 venerandum
1143 2460 1425 2535 patrem,
1481 2448 1958 2536 prudentiam,
2010 2467 2186 2533 quae
2234 2446 2301 2515 in
2353 2467 2430 2516 eo
2492 2445 2778 2516 coelitus
2825 2444 3149 2514 abunda-

620 2531 758 2611 bat,
812 2533 1037 2604 studio
1078 2536 1330 2605 sitienti
1389 2537 1661 2626 potavit,
1719 2537 1787 2605 in
1838 2535 2290 2612 absolutione,
2344 2534 2697 2605 dumtaxat
2742 2533 3139 2603 difficilium

621 2623 1009 2711 scripturae
1079 2623 1351 2694 divinae
1419 2627 1899 2711 quaestionum
1940 2679 1956 2706 ‚
2008 2637 2073 2693 et
2134 2625 2569 2693 intemeratae
2618 2623 2775 2693 fidei
2846 2623 3135 2693 ratione.

618 2712 856 2799 Operis
902 2733 1174 2799 quoque
1221 2713 1600 2799 quotidiani
1641 2769 1656 2795 ‚
1710 2713 1889 2802 quod
1969 2712 2144 2782 idem
2195 2715 2514 2802 egregius
2562 2711 2983 2802 Apostolicae
3027 2711 3144 2780 di·

616 2800 986 2870 strictionis
1036 2801 1336 2871 imitator
1384 2802 1624 2873 sedula
1692 2802 2101 2872 accelerarat
2149 2801 2509 2878 instantia,
2567 2822 2701 2869 non
2752 2800 2977 2870 solum
3034 2799 3142 2867 di-

617 2886 774 2958 lexit
808 2890 1189 2971 scientiam,
1223 2913 1455 2962 verum
1485 2893 1685 2960 etiam
1717 2889 2254 2980 comprehendit.
2290 2891 2514 2960 Gratia
2544 2890 2724 2958 enim
2755 2887 3145 2959 illustratus

620 2976 875 3058 divina,
928 2979 1256 3066 quicquid
1294 2980 1391 3049 vel
1431 2980 1579 3049 visu
1629 2979 1728 3049 vel
1789 2979 2029 3049 auditu
2079 2980 2423 3068 percepit,
2476 2978 2651 3047 altae
2712 2978 3083 3047 memoriae
3114 3031 3131 3056 ‚

613 3078 700 3146 et,
767 3081 841 3135 ut
892 3068 982 3136 ita
1029 3068 1360 3150 dixerim,
1415 3070 1713 3138 armario
1760 3067 1985 3138 cordis
2040 3068 2218 3136 celer
2263 3068 2599 3137 inseruit:
2652 3078 2716 3136 et
2748 3066 2879 3135 sub
2927 3065 3145 3152 hujus

616 3156 986 3243 magisterii
1059 3156 1482 3257 disciplina,
1537 3179 1694 3227 cum
1761 3156 1949 3227 omni
2011 3157 2563 3228 mansuetudinis
2610 3169 2689 3225 et·
2722 3154 3143 3224 humilitatis

613 3243 948 3325 custodia,
1009 3245 1376 3313 triennium
1428 3245 1643 3316 duxit.
1767 3253 1779 3268 ⁰

663 3338 741 3429 ,ἓ
794 3336 952 3403 28.
1031 3338 1186 3402 Post
1233 3333 1398 3402 baec
1452 3338 1589 3405 Dux
1639 3355 1840 3423 saepe
1881 3334 2020 3421 jam
2086 3332 2310 3402 dictus
2405 3355 2481 3403 er
2524 3331 2878 3423 epistolam
2932 3353 3135 3400 suam

614 3440 836 3487 virum
889 3421 1002 3489 Dei
1053 3422 1351 3511 rogavit,
1404 3436 1479 3490 ut
1525 3422 1609 3492 ad
1661 3423 2121 3493 Constantiam
2170 3424 2328 3512 oppi
2385 3444 2501 3492 um
2572 3420 2992 3512 perveniret,
3044 3420 3137 3489 ad

611 3507 1003 3596 eligendum
1054 3510 1173 3597 qui
1222 3510 1438 3579 eidem
1493 3511 1635 3580 sedi
1707 3514 2191 3602 praeficeretur
2227 3566 2242 3593 ,
2296 3512 2693 3582 antistitem.
2771 3510 3141 3581 Advocavit

611 3610 839 3665 autem
889 3597 1580 3687 Augustudunensem
1631 3600 1701 3636 *²*
1745 3614 1809 3669 et
1867 3600 2358 3670 virdunensem
2412 3600 2517 3635 *¹⁸*
2568 3600 2938 3690 Episcopos
2970 3620 3138 3669 cum

611 3684 1054 3786 multitudine
1100 3687 1533 3757 clericorum.
1587 3689 2129 3759 Nemidoneffl*
2161 3690 2388 3768 etiarn,
2446 3709 2622 3775 quae
2681 3710 2719 3757 a
2782 3687 3141 3758 modernis

610 3778 803 3864 Sptra
855 3789 1153 3858 vocatur,
1218 3777 1446 3845 venire
1487 3777 1640 3846 t'ecit
1698 3778 2158 3868 Episcopum;
2217 3799 2478 3847 necnon
2549 3799 2668 3867 per
2723 3777 3018 3848 nuncios
3070 3788 3147 3845 et

605 3863 929 3953 epistolas
964 3888 1126 3936 suas
1162 3866 1367 3936 totius
1399 3864 1836 3936 Alemanniae
1879 3867 2330 3957 presbyteros,
2372 3866 2718 3946 diaconOS,
2753 3865 3144 3936 universas·

603 3973 737 4052 que
791 3952 1199 4025 clericorum
1264 3955 1521 4055 copiaS‚
1576 3956 1985 4044 generaliter
2023 3956 2134 4025 die
2191 3955 2652 4036 denominata,
2702 3954 2766 4024 id
2803 3967 2929 4034 est,
2972 3975 3143 4044 pro-

601 4063 784 4110 xima
833 4044 1129 4115 Paschae
1172 4045 1549 4125 Dominica,
1588 4044 1772 4131 apud
1809 4045 2266 4115 Constantiam
2331 4045 2693 4114 convenire
2755 4042 3139 4133 praecepit.

603 4134 758 4220 Ipse
813 4152 1086 4220 quoque
1135 4156 1293 4204 cum
1353 4133 1786 4225 principibus
1839 4147 1903 4203 et
1947 4134 2316 4205 comitibus
2377 4134 2522 4203 suis
2585 4133 2745 4202 huic
2809 4132 3151 4204 intererat

657 4333 683 4358 ¹·
712 4331 906 4382 Gallice,
926 4334 1049 4375 Mera.
1624 4335 1676 4358 ¹¹·
1704 4332 1893 4381 Gallice,
1911 4338 2069 4377 Autem.
2566 4335 2648 4364 *ῃ
2678 4333 2867 4379 Gallice,
2890 4333 3088 4374 νοτ-ἄκη.

553 4439 563 4448 ·
599 4385 969 4487 nazal-§omen
1001 4389 1189 4429 videtur
1218 4391 1504 4440 corruptum.
1535 4397 1621 4438 pro
1650 4391 1838 4436 Nemeto,
1867 4387 1943 4431 vel
1970 4388 2262 4443 Noviomoeyo,·
2292 4387 2358 4430 ita
2376 4392 2498 4433 enim
2522 4399 2547 4430 a
2564 4388 2783 4431 Romanis
2800 4388 2935 4439 spara
2956 4396 3155 4432 nuncu-
