3347 4999
122 302 325 368 OCT.
381 301 418 363 4
1022 317 1096 360 na
1146 317 1200 362 s.
1258 314 1601 362 rametsco
1652 315 1835 361 coxr.
2490 300 2613 362 ¹33

228 409 267 492 ξ
321 408 482 475 32.
543 399 832 489 Rigidus
884 401 948 467 in
1003 398 1419 488 disciplina,
1476 422 1686 488 super
1733 401 2118 469 custodiam
2173 422 2369 469 suam
2431 402 2696 480 stabat;

124 516 384 562 curam
444 491 935 579 permaximam
991 497 1234 578 gerens
1293 489 1377 556 de
1428 488 1788 575 utriusque
1840 489 2140 558 hominis
2239 489 2488 557 uritate
2559 511 2703 558 ser-

124 581 396 650 vanda.
454 585 885 667 Quapropter
932 578 1115 646 circa
1169 577 1637 647 conversionis
1686 600 1851 646 suae
1906 579 2164 665 primor
2220 579 2281 645 ia
2314 633 2328 656 ,
2401 591 2704 666 tempore

124 669 455 749 hiemali,
496 670 561 736 in
616 666 877 735 foveam
915 666 1136 766 glacie
1187 665 1460 755 plenam
1513 666 1818 754 seipsum
1875 666 2283 755 plerumque
2321 667 2695 744 moro-ebat,

124 773 212 828 ut
268 773 336 827 et
383 756 836 825 domesticum
892 755 1022 824 s1bi
1075 755 1335 823 hostem
1406 755 1697 855 perfecte
1748 755 2119 844 subigeret.
2203 768 2267 823 et
2318 721 2695 823 cand³idum

126 849 627 918 vestimentum
674 844 984 934 pudoriS,
1021 867 1056 911 a
1103 843 1470 934 voluptatis
1531 843 1851 913 incendio
1890 856 2373 934 praeservaret.
2429 843 2701 912 Tolera-

128 936 358 1006 bilius
409 936 553 1003 viro
614 932 957 1023 spirituali
1026 932 1165 1001 fore
1232 932 1867 1021 incomparabiliter
1913 932 2302 1011 asserebat,
2363 954 2694 1032 magnum

133 1026 490 1095 sustinere
544 1022 765 1112 frigus
808 1022 876 1091 in
918 1043 1160 1099 carne,
1222 1042 1429 1107 quam
1500 1021 1815 1090 ardorem
1868 1021 2169 1090 carnalis
2233 1019 2546 1090 libidinis
2598 1021 2701 1089 vel

144 1114 506 1183 modicum
554 1111 806 1181 sentire
867 1112 931 1178 in
1001 1124 1245 1178 mente.
1301 1114 1465 1179 Cum
1519 1123 1745 1179 autem
1798 1109 1982 1199 apud
2050 1112 2357 1180 eremum
2412 1109 2496 1178 de
2547 1115 2704 1179 Sar-

136 1204 386 1272 thiauo
418 1203 473 1281 ²⁶,
532 1213 725 1270 nocte
772 1199 1068 1286 quadam
1122 1199 1411 1268 orationi
1465 1215 1732 1267 vacaret
1784 1200 1847 1267 in
1903 1198 2176 1279 cellula,
2219 1198 2483 1267 vocavit
2539 1220 2699 1268 eum

137 1292 368 1361 hostis
409 1290 737 1375 antiquus
773 1289 991 1366 tertio,
1045 1287 1321 1357 dicens:
1400 1290 1800 1368 Francisce,
1859 1289 2240 1367 Francisce,
2283 1288 2690 1356 Francisce.

137 1381 268 1450 Cui
307 1403 492 1460 cum,
532 1377 701 1466 quid
736 1389 1113 1464 quaereret,
1182 1376 1668 1465 respondisset,
1739 1376 2073 1446 fallaciter
2124 1375 2238 1445 ille
2286 1376 2692 1464 subjunxit:

139 1469 454 1538 «Nullus
500 1467 704 1537 estin
735 1466 995 1534 mundo
1030 1477 1364 1555 peccator,
1419 1466 1556 1540 cui,
1603 1468 1659 1534 si
1695 1487 2068 1536 conversus
2117 1464 2343 1544 fuerit,
2401 1487 2536 1535 non
2591 1466 2698 1533 in-

136 1558 429 1648 dulgeat
480 1561 690 1626 Deus:
746 1554 860 1623 sed
913 1554 1338 1641 quicumque
1396 1555 1841 1644 semetipsum
1895 1553 2312 1644 poenitentia
2356 1554 2527 1622 dura
2582 1575 2701 1622 ne-

137 1647 424 1727 caverit,
499 1643 1042 1714 misericordiam
1111 1665 1243 1712 non
1313 1643 1608 1712 inveniet
1659 1645 1724 1711 in
1795 1655 2244 1713 aeternum.»
2298 1641 2536 1712 Statim
2589 1643 2703 1710 Vir

137 1737 261 1804 Dei
303 1757 423 1824 per
485 1733 961 1802 revelationem
1025 1732 1342 1823 cognovit
1391 1730 1606 1801 hostis
1668 1731 2039 1814 fallaciam,
2092 1731 2440 1818 quomodo
2501 1731 2697 1800 nisus

136 1824 355 1893 fuerit
392 1845 548 1892 eum
585 1821 667 1890 ad
701 1820 928 1911 tepida
979 1842 1311 1891 revocare.
1341 1825 1504 1889 Nam
1544 1820 1669 1890 hoc
1699 1843 1994 1908 sequens
2026 1821 2351 1890 indicavit
2383 1834 2694 1889 eventus.

142 1913 489 1982 Continuo
523 1912 704 1978 enim
762 1924 912 1998 post
976 1910 1100 1978 hoc
1160 1910 1243 1978 ad
1299 1909 1832 1978 insufflationem
1902 1909 2129 1988 illius,
2185 1911 2387 1998 cujus
2436 1909 2698 1978 halitus

144 2023 416 2088 prunas
465 1999 704 2067 ardere
770 1998 950 2078 facit,
996 1999 1224 2088 gravis
1296 1999 1524 2088 ipsum
1597 1999 1826 2068 carnis
1900 1999 2179 2068 tentatio
2213 1997 2694 2088 apprehendit.

142 2094 369 2171 Quam
426 2100 500 2157 ut
534 2088 912 2176 praesensit
959 2087 1290 2156 castitatis
1321 2093 1615 2166 Amator,
1658 2087 1966 2175 deposita
2001 2100 2204 2173 veste,
2262 2087 2514 2156 chorda
2552 2108 2703 2155 coe-

145 2180 250 2268 pit
287 2199 357 2245 se
409 2178 763 2246 verberare
811 2176 1226 2245 fortissime:
1268 2200 1303 2241 «
1338 2176 1493 2260 Eia,
1550 2177 1896 2262 inquiens,
1953 2175 2160 2245 frater
2216 2176 2433 2257 asine,
2489 2176 2589 2244 sic
2640 2190 2703 2244 te

143 2267 346 2335 decet
396 2287 694 2345 manere,
761 2265 858 2334 sic
908 2266 1143 2334 subire
1210 2263 1589 2354 flagellum.
1660 2265 1917 2334 Tunica
1994 2265 2307 2355 religioni
2366 2264 2694 2344 deservit,

146 2355 536 2424 sanctitatis
571 2354 1009 2443 signaculum
1064 2352 1397 2443 praefert:
1438 2353 1654 2423 furari
1708 2376 1858 2423 eam
1919 2353 2292 2424 libidinoso
2327 2375 2461 2423 non
2518 2353 2697 2422 licet.

146 2446 220 2515 Si
270 2465 407 2531 quo
439 2444 540 2515 vis
582 2465 882 2535 pergere,
930 2464 1158 2534 perge.
1201 2467 1236 2509 »
1276 2448 1570 2533 Insuper
1617 2443 1679 2513 ei
1734 2443 2050 2514 mirando
2099 2443 2359 2513 fervore
2415 2444 2700 2534 spiritus

147 2534 527 2613 animatus,
564 2545 798 2621 aperta
830 2532 1026 2613 cella,
1072 2532 1252 2602 foras
1287 2533 1489 2602 exivit
1524 2533 1589 2600 in
1643 2533 1947 2613 hortum,
1988 2546 2053 2602 et
2088 2532 2155 2602 in
2202 2554 2527 2623 magnam
2587 2532 2707 2601 de-

150 2644 475 2711 mergens
510 2623 731 2691 nivem
765 2620 1259 2711 corpusculum
1288 2623 1432 2711 jam
1482 2622 1845 2702 nudatum,
1901 2635 2157 2711 septem
2212 2644 2289 2691 ex
2335 2644 2410 2689 ea
2477 2620 2703 2710 plenis

149 2711 479 2781 manibus
537 2711 759 2798 coepit
821 2711 1263 2799 compingere
1316 2733 1625 2780 massas:
1681 2734 1854 2798 quas
1903 2712 2036 2780 sibi
2084 2732 2514 2801 proponenS‚
2577 2730 2703 2778 suo

148 2799 250 2868 sic
283 2800 596 2869 exteriori
632 2799 896 2868 homiui
935 2798 1376 2886 loquebatur:
1433 2823 1467 2864 «
1507 2805 1698 2879 Ecce,
1749 2800 1995 2886 inquit,
2051 2799 2218 2868 haec
2263 2798 2485 2884 major
2534 2819 2704 2867 uxor

150 2904 268 2957 tua
300 2903 424 2958 est:
478 2901 775 2975 quatuor
813 2888 1007 2967 istae,
1044 2888 1182 2956 duo
1230 2888 1381 2965 filii,
1435 2888 1702 2957 etduae
1752 2888 1957 2968 filiae,
2001 2887 2306 2974 reliquae
2336 2887 2514 2956 duae
2565 2906 2699 2955 ser-

147 2999 276 3045 vus
306 2990 370 3045 et
416 2976 691 3056 ancilla,
732 2998 906 3064 quos
954 2976 1035 3045 ad
1082 2976 1521 3047 serviendum
1556 2977 1807 3046 habere
1841 2989 2126 3067 oportet.
2184 2975 2450 3044 Festina
2491 2974 2702 3063 igitur

149 3087 389 3134 omnes
424 3065 733 3145 induere,
772 3066 1100 3153 quoniam
1150 3064 1403 3157 frigore
1441 3067 1856 3138 moriuntur.
1915 3066 1979 3134 Si
2032 3085 2187 3133 vero
2225 3085 2464 3133 eorum
2519 3064 2702 3132 mul-

150 3153 361 3242 tiplex
395 3154 789 3224 sollicitudo
837 3154 1177 3225 molestat.
1216 3155 1341 3224 uni
1386 3156 1671 3224 Domino
1704 3153 1993 3223 sollicite
2042 3154 2243 3223 servi.
2270 3177 2305 3220 »
2335 3152 2528 3222 Illico
2565 3166 2707 3222 ten-

150 3256 326 3329 tator
367 3243 577 3312 victus
612 3244 966 3324 abscessit,
1006 3256 1071 3313 et
1104 3244 1217 3312 Vir
1251 3256 1535 3314 sanctus
1573 3266 1733 3313 cum
1780 3242 2060 3312 victoria
2089 3244 2155 3312 in
2191 3242 2432 3312 cellam
2474 3240 2696 3311 rediit:
2739 3302 2746 3307 ,

151 3332 315 3417 quia
356 3330 521 3399 dum
563 3333 733 3415 bene
766 3331 1143 3422 poenaliter
1174 3332 1344 3403 arsit
1375 3332 1564 3412 foris,
1605 3330 1920 3401 ardorem
1958 3332 2247 3402 interius
2290 3332 2387 3403 sic
2422 3331 2706 3400 extinxit

154 3420 490 3499 lihidinis,
546 3433 621 3489 ut
651 3420 979 3509 deinceps
1012 3421 1143 3490 tale
1176 3420 1439 3507 aliquid
1477 3422 1765 3490 minime
1797 3421 2094 3491 sentiret.
2133 3420 2428 3503 Quidam
2471 3435 2702 3489 autem

154 3509 381 3589 frater,
435 3508 557 3594 qui
609 3522 771 3577 tunc
801 3511 1091 3579 orationi
1147 3510 1451 3587 vacabat,
1495 3510 1659 3578 haec
1709 3510 1965 3589 omnia,
2005 3510 2173 3579 luna
2219 3510 2480 3579 clarius
2517 3509 2706 3578 ince-

156 3598 374 3675 dente,
416 3598 783 3686 prospexit.
831 3604 1190 3686 Comperto
1224 3600 1337 3665 Vir
1388 3598 1527 3675 Dei,
1563 3598 1746 3685 quod
1787 3600 1954 3667 haec
2007 3599 2119 3668 ille
2153 3614 2348 3668 nocte
2390 3598 2698 3675 vidisset,

158 3709 466 3755 reserans
514 3686 572 3754 ei
630 3688 1019 3756 tentationis
1094 3708 1518 3777 processum,
1591 3689 1938 3777 praecepit
1986 3702 2102 3768 ut,
2166 3688 2506 3774 quamdiu
2556 3688 2705 3775 ipse

162 3776 420 3855 viveret,
473 3773 643 3842 nulli
700 3774 946 3844 viventi
998 3797 1168 3858 rem,
1203 3797 1409 3862 quam
1466 3776 1745 3855 viderat,
1856 3777 2216 3867 ropalaret.

243 3867 274 3951 ξ
312 3868 472 3935 38.
528 3868 668 3932 Non
713 3863 938 3933 solum
983 3878 1211 3933 autem
1266 3865 1664 3935 mortificari
1717 3798 1964 3935 degere
2004 3865 2292 3935 docebat
2342 3864 2504 3934 vitia
2549 3886 2702 3933 car-

164 3953 282 4021 nis.
328 3966 390 4021 et
420 3952 569 4041 ejus
607 3952 950 4022 incentiva
998 3952 1279 4033 frenari,
1324 3975 1557 4022 verum
1592 3954 1795 4022 etiam
1835 3955 2200 4024 exteriores
2251 3975 2519 4030 sensus,
2583 3974 2706 4109 per

166 4062 324 4128 quos
362 4063 544 4110 mors
594 4041 803 4110 intrat
850 4041 934 4110 ad
967 4041 1300 4123 animam,
1357 4064 1630 4112 summa
1663 4042 2020 4133 vigilantia
2067 4042 2425 4112 custodiri.
2465 4046 2576 4110 Mu
2612 4042 2707 4110 ie-

171 4151 307 4198 rum
359 4128 885 4211 familiaritate8‚
920 4129 1265 4217 colloquia
1314 4145 1378 4200 et
1408 4145 1750 4221 aspectus.
1791 4132 1912 4219 qui
1950 4131 2186 4201 multis
2237 4145 2400 4200 sunt
2438 4130 2708 4199 occasio

171 4218 418 4299 ruinae,
451 4208 816 4288 sollicitius
856 4218 1094 4288 evitari
1119 4219 1431 4306 jubebat,
1464 4242 1779 4289 asserens
1817 4243 1936 4310 per
1969 4220 2370 4308 hujusmodi
2407 4218 2703 4288 debilem

169 4306 401 4396 frangi,
439 4322 503 4376 et
541 4307 780 4377 fortem
833 4330 1037 4398 saepe
1077 4308 1397 4397 spiritum
1461 4310 1822 4377 infirmari.
1892 4314 2151 4378 Harum
2219 4308 2700 4397 contagionem

218 4432 242 4459 ⁸*
266 4430 475 4474 Etruriae
496 4433 735 4491 oppidum,
752 4443 848 4475 non
866 4435 1033 4485 procul
1057 4434 1113 4474 ab
1133 4434 1250 4475 urbe
1272 4433 1429 4475 Clusio
1450 4433 1659 4481 temnet).
