3347 4999
718 322 846 387 702
1252 338 1330 384 ns
1378 337 1469 385 ss.
1522 333 1935 385 cnarsmmo
1983 335 2059 381 ετ
2104 335 2298 381 mum
2347 334 2539 380 mar.
2857 316 3038 381 OCT.
3093 319 3178 383 25

634 421 1127 516 pervestigasti,
1180 422 1533 491 inventum
1586 441 1914 523 generose
1953 418 2343 489 retinueris.
2372 424 2630 487 Aurum
2683 417 3038 499 invenisti,
3076 420 3178 488 in-

632 512 878 583 venisti
927 523 1327 599 argentum,
1382 510 1703 579 invenisti
1754 507 2019 610 lapides
2069 507 2427 597 pretiosos.
2489 506 2756 576 Idcirco
2813 509 3174 595 quaesisti,

632 616 707 672 ut
766 623 837 670 re
889 601 1133 670 erires:
1185 611 1251 669 et
1314 597 1466 668 ideo
1533 598 1882 689 reperisti,
1949 608 2025 666 ut
2093 595 2502 686 possideres.
2566 601 2737 666 Cave
2783 595 2977 665 sinas
3026 619 3067 666 a
3116 609 3178 666 te

631 692 783 782 ipso
880 688 1065 778 iripi‚
1118 686 1298 775 quod
1352 687 1698 758 invenisti.
1745 692 1963 766 Utere,
2007 685 2232 755 fruere
2281 685 2608 774 primitiis
2656 684 2974 754 laborum
3031 699 3178 757 tuo·

631 803 813 860 rum,
870 791 936 847 et
984 775 1159 858 vide,
1222 798 1331 858 ne,
1403 776 1460 848 si
1507 797 1624 846 eas
1679 775 2021 865 rejeceris,
2083 773 2337 844 frustra
2397 773 2920 862 conquisivisse,
2978 788 3184 863 atque

635 867 971 958 expetisse
1020 865 1312 936 videare.
1350 887 1386 931 »

720 959 757 1043 ἓ
804 961 896 1027 8.
952 959 1133 1025 Haec
1194 976 1353 1024 cum
1414 973 1646 1023 secum
1701 952 1849 1042 ipse
1896 951 2169 1022 locutus
2215 963 2415 1033 esset,
2452 951 2906 1038 quaeritabat,
2942 953 3182 1039 ecquis

634 1057 812 1116 esset
859 1043 1250 1112 divinarum
1315 1043 1456 1112 Scri
1517 1054 1828 1111 turarum
1884 1041 2242 1130 magister:
2296 1053 2361 1109 et
2395 1040 2991 1127 quemadmodum
3040 1041 3182 1111 elo·

679 1146 921 1204 uentes
969 1154 1048 1202 ac
1099 1131 1427 1202 litteratos
1460 1064 1779 1200 iiomines
1825 1128 2160 1210 audierat,
2203 1129 2303 1198 sic
2337 1128 2617 1218 optabat
2664 1130 3040 1220 magistros
3075 1130 3182 1198 in-

683 1236 873 1292 octos
921 1234 986 1290 et
1018 1221 1389 1311 piscatores
1437 1219 1771 1288 invenire.
1823 1223 2102 1308 Legerat
2139 1218 2322 1287 enim
2361 1217 2755 1307 Apostolum
2799 1218 3174 1288 dicentem:

636 1312 755 1382 Ubi
800 1311 1115 1402 sapiens?
1158 1309 1279 1379 Ubi
1320 1309 1594 1378 scriba?
1646 1308 1769 1378 Ubi
1794 1309 2153 1399 inquisitor
2199 1308 2402 1398 hujus
2447 1308 2705 1377 seculi?
2737 1312 2969 1377 Nonne
3013 1310 3181 1377 stul-

630 1411 770 1470 tam
801 1401 961 1489 fecit
1001 1403 1176 1468 Deus
1222 1400 1631 1489 sapientiam
1687 1397 1892 1487 liujus
1938 1396 2223 1465 mundi?
2268 1401 2442 1466 Nam
2488 1398 2654 1487 quia
2698 1419 2832 1465 non
2869 1399 3175 1486 coqnovit

630 1490 921 1558 mundus
950 1510 1074 1578 per
1108 1489 1513 1577 sapientiam
1544 1490 1780 1566 Deum,
1829 1487 2097 1576 placuit
2143 1488 2275 1554 Deo
2331 1506 2456 1574 per
2491 1486 2858 1554 stultitiam
2903 1487 3179 1575 praedi-

628 1579 910 1647 cationis
954 1579 1177 1646 salvos
1213 1577 1437 1665 [acere
1485 1575 1822 1644 credentes
1866 1574 1963 1664 (l.
2000 1578 2144 1645 Cor.
2184 1573 2260 1663 1).
2296 1576 2477 1642 Haec
2513 1572 2628 1642 ille
2658 1595 2816 1642 cum
2869 1574 3180 1660 quotidie

630 1667 982 1757 cogitaret,
1034 1677 1100 1733 et
1131 1663 1379 1734 Christi
1429 1685 1660 1733 servos
1708 1663 2164 1750 conquireret,
2215 1661 2492 1731 cuidam
2541 1663 2868 1742 occurrit,
2923 1664 3048 1750 qui
3078 1662 3179 1730 di-

630 1759 847 1835 cebat,
895 1776 966 1822 se
1016 1774 1217 1823 nosse
1256 1753 1479 1821 virum
1515 1750 1887 1839 quemdam
1926 1750 2417 1831 Christianum,
2459 1751 2738 1820 nomine
2784 1750 3183 1841 Carpopho-

631 1865 811 1924 rum,
864 1841 1254 1912 divinarum
1301 1841 1824 1930 Scripturarum·
1853 1840 2379 1930 peritissimum:
2414 1841 2533 1926 qui
2570 1853 2846 1930 propter
2885 1840 3176 1929 impiam

633 1932 1204 2022 persecutionem,
1259 1931 1327 1998 in
1382 1930 1736 1999 montibus
1786 1929 1852 1997 in
1906 1928 2240 2019 spelunca
2286 1928 2585 2015 quadam
2638 1929 3006 2010 habitaret,
3061 1927 3178 2016 qui

631 2043 795 2092 sane
839 2021 1032 2092 locus
1075 2040 1405 2111 perquam
1459 2018 1702 2109 paucis
1750 2031 1955 2088 notus
1986 2030 2185 2088 esset.
2223 2018 2343 2087 His
2373 2017 2654 2099 auditis,
2698 2018 2838 2087 Chr
2884 2017 3180 2088 santhus

630 2110 827 2180 valde
875 2109 1155 2198 gavisus
1192 2121 1335 2178 est:
1386 2119 1453 2176 et
1502 2107 1847 2176 narrantis
1893 2128 2117 2197 genua
2161 2105 2587 2196 complexus»,
2639 2127 2796 2176 cum
2869 2107 3177 2194 acrymis

631 2197 1093 2287 supplicabat,
1157 2209 1233 2266 ut
1280 2196 1507 2266 locum
1569 2196 1726 2276 sibi,
1769 2197 1836 2264 in
1886 2217 2024 2283 quo
2074 2197 2177 2265 vir
2223 2195 2338 2265 ille
2374 2197 2486 2264 Dei
2538 2209 2947 2275 moraretur,
2995 2195 3177 2263 indi-

633 2302 835 2356 caret.
919 2286 1034 2355 Dei
1109 2298 1335 2355 autem
1413 2283 1842 2374 providentia
1917 2284 2171 2354 factum
2236 2299 2372 2364 est,
2448 2297 2523 2353 ut
2595 2285 2712 2370 qui
2800 2306 2965 2351 cum
3043 2283 3175 2352 fide

635 2374 1033 2463 quaerebat,
1072 2372 1154 2443 ad
1192 2374 1342 2462 ejus
1392 2373 1704 2442 notitiam
1760 2387 2136 2442 mereretur
2171 2374 2546 2463 pervenire.
2584 2376 2747 2441 Cum
2787 2372 3004 2463 igitur
3038 2394 3175 2441 san·

636 2478 825 2535 ctum
880 2462 1397 2554 Carpophorum
1466 2462 1940 2553 presbyterum
1998 2463 2461 2544 convenisset,
2523 2462 2762 2551 paucis
2821 2461 3181 2532 mensibus

635 2575 876 2623 omnes
931 2553 1203 2622 divinas
1252 2552 1643 2642 Scripturas
1692 2550 1956 2633 didicit,
2009 2564 2074 2621 et
2122 2553 2190 2620 in
2240 2551 2377 2622 fide
2422 2551 2902 2623 confirmatus,
3010 2550 3176 2620 erse·

634 2657 790 2713 ctus
869 2642 1083 2712 evasit
1133 2642 1199 2710 in
1253 2641 1543 2720 Christo,
1597 2639 1767 2710 adeo
1806 2652 1881 2710 ut
1945 2640 2239 2729 septimo
2294 2653 2446 2729 post
2506 2652 2905 2730 susceptum
3008 2640 3177 2730 apti-

638 2753 864 2801 smum
912 2730 1047 2805 die.
1076 2737 1314 2800 lesum
1360 2729 1704 2799 Christum
1747 2728 1969 2797 filium
2016 2729 2130 2798 Dei
2164 2729 2440 2818 publice
2473 2727 2923 2819 praedicaret.
2963 2734 3174 2812 Quem

633 2844 790 2890 cum
849 2820 1219 2911 propinqui
1270 2819 1445 2907 ejus,
1484 2817 1767 2905 quidam
1821 2817 2137 2886 homines
2184 2817 2353 2886 clari
2401 2830 2466 2886 et
2561 2829 2821 2887 otentes
2869 2817 3175 2886 audivis-

634 2922 806 2987 sent,
866 2923 1125 3000 patrem
1186 2908 1408 2995 ipsius
1456 2920 1949 2987 convenerunt,
2019 2918 2085 2975 et
2147 2906 2474 2997 reprehen
2532 2919 2757 2986 erunt,
2824 2904 3171 2975 dicentes:

636 3020 671 3064 «
704 2998 849 3067 Tibi
886 2997 1166 3067 crimini
1198 2996 1501 3075 dabitur,
1540 3007 1604 3064 et
1653 2995 1907 3064 recidet
1937 2996 2004 3063 in
2042 3009 2251 3084 caput
2291 3008 2514 3076 tuum,
2551 2994 2731 3082 quod
2788 2994 2984 3064 filius
3020 3009 3174 3063 tuus

632 3085 840 3156 audet
886 3100 1126 3156 contra
1175 3085 1339 3154 deos
1404 3083 1617 3170 loqui.
1673 3084 1846 3152 Dicit
1892 3084 2074 3153 enim
2126 3084 2493 3170 quemdam
2544 3083 2776 3153 ,lesum
2827 3083 3169 3153 Christum

627 3196 775 3245 esse
826 3196 1059 3244 verum
1115 3179 1355 3243 Deum.
1408 3173 1598 3256 Quod
1658 3172 1939 3259 quidem
2002 3173 2057 3242 si
2112 3174 2491 3261 pervenerit
2537 3172 2620 3241 ad
2689 3193 2895 3242 aures
2942 3177 3171 3260 Impe-

633 3264 903 3344 ratori5‚
936 3285 1060 3331 nec
1101 3262 1221 3331 tibi
1260 3273 1601 3352 parcetur,
1649 3283 1775 3330 nec
1805 3260 2025 3331 nobis.
2061 3262 2229 3344 Quis
2261 3262 2444 3331 enim
2487 3261 2673 3330 ausit
2703 3262 2872 3329 haec
2919 3260 3169 3339 dicere,

632 3351 768 3421 nisi
818 3352 935 3437 qui
988 3350 1258 3440 legibus
1298 3355 1797 3440 Imperatorum
1852 3350 2292 3439 impudenter
2337 3349 2777 3419 adversetur?
2827 3372 2863 3415 »

716 3441 753 3525 ἓ
800 3445 885 3513 4.
942 3445 1166 3510 Iratus
1230 3439 1443 3529 igitur
1489 3438 1836 3508 Polemius
1886 3453 2111 3528 pater,
2164 3460 2320 3508 eum
2375 3440 2443 3507 in
2494 3438 2800 3508 obscuro·
2836 3437 3173 3525 foedoque

629 3550 903 3598 carcere
952 3526 1453 3597 includendam
1503 3528 1791 3608 curavit,
1846 3540 1912 3597 et
1962 3528 2380 3618 paucissimo
2418 3526 2571 3596 cibo
2608 3527 2868 3615 vesperi
2907 3540 3167 3596 tantum

629 3617 1105 3687 nutriendum.
1160 3622 1237 3686 At
1286 3616 1400 3685 Dei
1434 3616 1538 3685 vir
1586 3616 2061 3707 Chrysanthus
2106 3639 2257 3685 eam
2295 3637 2438 3685 rem
2491 3637 2613 3705 pro
2659 3615 3170 3695 exercitatione,

628 3729 764 3777 non
816 3728 939 3797 pro
1004 3704 1374 3797 supplici0‚
1428 3705 1716 3795 accepit.
1770 3705 1987 3792 quue
2043 3705 2400 3795 vulgatum
2450 3718 2515 3773 et
2553 3703 2882 3774 omnibus
2933 3719 3172 3774 notum

625 3796 780 3865 fuit.
831 3795 1126 3879 Quidam
1164 3795 1379 3886 igitur
1472 3795 1599 3863 atri
1648 3794 1801 3882 ejus
1840 3794 1970 3863 hoc
2020 3792 2388 3863 consilium
2437 3792 2666 3862 dedit:
2721 3817 2756 3858 ι(
2795 3793 2862 3862 Si
2914 3794 3165 3871 filium,

625 3884 973 3973 inquienS,
1025 3885 1226 3974 cupis
1285 3883 1372 3953 ab
1480 3904 1559 3952 oc
1607 3883 1961 3971 proposito
2007 3882 2380 3960 dimovere,
2432 3903 2600 3951 cura
2654 3882 2907 3972 potius,
2960 3894 3044 3951 ut
3101 3880 3170 3949 in

624 3974 890 4044 deliciis
937 3986 1003 4042 et
1052 3971 1520 4063 voluptatibus
1588 3984 1931 4041 versetur:
1985 3971 2186 4058 eique
2257 3970 2797 4062 pulcherrimam
2857 3969 3171 4057 aliquam

625 4084 705 4131 ac
756 4061 1160 4152 prudentem
1227 4060 1527 4152 puellam
1600 4081 1882 4129 uxorem
1943 4058 2284 4161 ad'unge:
2339 4071 2417 4129 ut
2463 4058 2631 4128 dum
2699 4080 2773 4127 se
2836 4060 3174 4128 maritum

625 4171 773 4219 esse
804 4150 1231 4232 intellexerit,
1286 4149 1749 4220 Christianum
1801 4170 1952 4219 esse
1989 4169 2028 4217 o
2080 4147 2458 4218 liviscatur.
2527 4152 2695 4217 Nam
2763 4146 2932 4217 istas
2981 4160 3178 4216 tene·

626 4239 787 4308 bras
834 4253 1037 4326 atque
1083 4239 1457 4318 cruciatus,
1519 4238 1778 4326 quibus
1826 4251 1897 4307 tu
1953 4237 2149 4307 illum
2215 4236 2487 4326 affligis,
2544 4235 2910 4305 Christiani
2977 4234 3176 4305 laudi

631 4327 856 4416 potius
905 4328 1058 4406 sibi,
1111 4350 1318 4416 quam
1354 4328 1722 4418 supplicio,
1771 4326 2040 4396 ducunt
2072 4347 2241 4395 esse.
2281 4349 2318 4393 »
2348 4329 2490 4395 Hoc
2520 4323 2782 4407 audit0,
2820 4323 3180 4394 Polemius

625 4415 1004 4487 triclinium
1056 4429 1235 4487 veste
1284 4417 1503 4487 serica
1549 4416 1806 4499 ornari,
1866 4428 1934 4486 et
1990 4437 2071 4485 eo
2118 4413 2341 4485 filium
2382 4436 2421 4483 e
2467 4413 2831 4484 tenebroso
2884 4434 3173 4483 carcere
