3347 4999
176 373 351 441 OCT.
405 374 477 437 2⁴
872 388 953 435 DE
998 389 1092 436 ss.
1145 388 1389 435 ussum
1437 389 1513 435 Er
1561 382 1866 436 somnus
1912 390 2026 436 uu.
2498 373 2612 438 631

173 476 566 546 violentiam
602 473 748 543 suis
784 473 1045 542 viribus
1083 471 1490 562 desperabat
1524 494 1721 563 posse
1748 473 2117 544 sustinere:
2146 473 2292 563 jam
2328 474 2460 545 sibi
2488 475 2714 545 videre

175 565 363 635 visus
410 575 555 644 est,
626 562 757 632 sub
817 561 1036 633 oculis
1090 562 1235 632 suis
1280 560 1523 630 caedes
1574 561 1936 631 hominum
1995 562 2427 651 promiscuae
2475 564 2714 633 aetatis

175 652 350 734 fieri,
386 652 592 723 urbes
638 650 848 732 dirui,
892 661 1238 720 matronas
1269 662 1335 719 et
1372 650 1673 741 virgines
1706 651 2166 741 constuprari,
2204 650 2530 722 ecclesias
2569 675 2715 721 cre-

179 742 377 823 mari,
417 753 653 812 sancta
694 738 1066 830 profanari,
1114 752 1177 808 et
1206 738 1535 827 quicquid
1577 739 2010 808 miseriarum
2062 738 2434 826 aliquando
2468 741 2717 810 accidit

176 830 395 911 victis,
454 829 854 919 praesertim
906 827 1325 897 Christianos
1372 828 1808 897 vincentibus
1860 828 2169 918 paganis.

266 926 303 999 S
351 925 439 991 5.
482 922 557 988 In
612 918 740 987 hoc
778 939 940 1007 ergo
989 938 1217 986 rerum
1260 915 1540 986 cardine
1584 916 2056 1004 deprehensus
2105 921 2243 986 Rex
2295 916 2473 1004 pius,
2526 918 2710 1005 quod

174 1007 462 1077 unicum
502 1022 660 1076 tunc
691 1005 1079 1106 perfugium
1121 1004 1412 1094 patebat,
1451 1005 1536 1074 ad
1563 1004 1870 1075 divinam
1906 1005 2474 1088 misericordiam,
2512 1006 2713 1093 quasi

174 1096 263 1166 ad
314 1109 573 1165 turrem
626 1093 1045 1164 fortitudinis
1094 1117 1130 1162 a
1178 1092 1351 1162 facie
1397 1094 1661 1163 inimici
1711 1094 2049 1176 cucurrit,
2128 1107 2440 1181 totusque
2487 1095 2559 1163 in
2611 1094 2712 1163 la-

177 1207 451 1274 crymas
490 1183 775 1264 effuSUS,
821 1182 1156 1252 auxilium
1183 1182 1268 1251 de
1299 1182 1485 1252 coelo
1537 1181 1897 1252 indefessis
1949 1181 2266 1272 precibus
2308 1183 2705 1272 postulavit.

179 1278 364 1343 Inter
411 1273 576 1341 haec
641 1293 800 1341 cum
853 1271 1043 1362 virgo
1108 1271 1379 1340 Domini
1435 1271 1698 1341 vultum
1753 1271 1989 1361 patris,
2035 1293 2455 1359 quamquam
2508 1271 2711 1342 dissi-

127 1367 144 1378 ‘
179 1360 534 1442 mulantiS,
601 1360 1075 1430 turbulentum
1127 1359 1211 1428 de
1268 1359 1736 1439 rehendisset,
1792 1359 2000 1429 latere
2053 1381 2201 1429 eam
2275 1381 2408 1429 non
2466 1362 2708 1451 potuit,

177 1450 359 1537 quod
416 1451 589 1539 ipsa,
648 1448 1182 1539 perturbationis
1266 1448 1433 1536 ujus
1481 1448 2220 1536 causafuerit.1taque
2302 1471 2374 1517 ro
2400 1470 2470 1517 se
2505 1449 2715 1518 nimis

181 1538 498 1619 sollicita,
541 1550 863 1627 paternae
897 1536 1347 1606 sollicitudini
1388 1536 1777 1607 condoluit:
1835 1556 2123 1624 moxque
2185 1560 2223 1606 a
2342 1560 2471 1607 sua
2519 1560 2714 1607 arma

182 1626 578 1709 convolanS,
632 1627 812 1696 sicut
851 1638 1088 1696 sancta
1134 1625 1375 1694 Judith
1408 1637 1473 1694 et
1504 1626 1766 1706 Esther,
1814 1647 1936 1716 pro
1985 1625 2386 1696 liberatione
2429 1627 2708 1717 patriae,

174 1715 465 1806 jejuniis
494 1727 560 1784 et
598 1714 1024 1785 orationibus
1058 1735 1311 1804 pernox
1360 1714 1698 1795 incubuit,
1740 1715 1807 1783 in
1859 1715 2145 1785 auribus
2194 1716 2429 1804 sponsi
2457 1716 2566 1785 sui
2606 1737 2716 1784 ce-

180 1804 394 1873 lerius
432 1805 816 1883 obtentura,
870 1803 1049 1891 quod
1115 1803 1326 1892 petiit,
1365 1825 1525 1873 cum
1575 1825 1717 1891 quo
1761 1804 1906 1893 jam
1961 1824 2113 1872 vere
2183 1825 2366 1873 unus
2430 1804 2716 1894 spiritus

178 1891 331 1962 fuit.
374 1896 677 1978 Cumque
728 1904 991 1961 noctem
1044 1890 1204 1969 diei,
1257 1892 1471 1961 immo
1522 1904 1754 1962 noctes
1802 1892 2047 1962 diebus
2096 1892 2167 1960 in
2221 1890 2476 1982 vigiliis
2522 1894 2715 1981 etje-

169 1981 394 2069 juniis
442 1981 893 2061 continuaret,
960 2001 1039 2048 ex
1102 1979 1500 2049 infirmitate
1542 1980 1829 2049 humani
1878 1981 2185 2069 corporis
2234 1981 2710 2051 fatiscentibus

185 2069 537 2149 membris,
579 2084 741 2138 cum
777 2069 842 2137 in
893 2073 1019 2137 Deo
1059 2090 1176 2139 cor
1204 2069 1360 2156 eJus
1390 2069 1724 2158 vigilaret,
1765 2068 1849 2138 ad
1888 2069 2235 2139 modicum
2272 2070 2710 2150 obdormivit,

183 2170 246 2227 et
291 2179 409 2247 per
455 2158 783 2227 visionem
836 2157 1069 2226 divina
1121 2156 1526 2227 revelatione
1568 2157 1653 2226 de
1712 2169 1848 2227 toto
1901 2159 2074 2227 vitae
2114 2179 2278 2227 suae
2325 2157 2590 2239 ordine,
2631 2157 2717 2227 de

179 2248 736 2335 coagonistarum
788 2267 1071 2316 suarum
1141 2267 1452 2326 numero,
1499 2246 1582 2314 de
1612 2245 1912 2336 gloriosa
1948 2247 2257 2336 martyrii
2295 2245 2526 2337 palma
2560 2269 2715 2337 per-

182 2334 411 2403 doceri
455 2335 724 2415 meruit,
762 2333 944 2422 quod
987 2346 1220 2424 postea
1255 2355 1477 2404 rerum
1514 2334 1736 2405 exitus
1776 2335 2269 2423 comprobavit.

272 2424 308 2511 ξ
342 2428 435 2494 fl.
472 2424 691 2514 Igitur
741 2423 871 2493 sub
925 2423 1146 2513 primo
1194 2424 1539 2525 surgentis
1577 2446 1864 2493 aurorae
1905 2423 2236 2507 diluculo,
2279 2424 2493 2516 patris
2530 2445 2715 2494 moe·

184 2512 436 2581 stitiam
472 2513 848 2582 relevatura
873 2512 982 2601 (eo
1007 2514 1265 2602 quippe
1290 2513 1400 2581 die
1435 2512 1673 2603 legatis
1710 2514 1984 2603 tyranni
2021 2536 2482 2604 responsurus
2515 2514 2710 2603 erat),

181 2600 424 2670 hilaris
472 2600 553 2670 ad
607 2623 766 2671 eum
818 2601 1021 2681 venit,
1064 2601 1448 2687 blandeque
1496 2601 1842 2671 arridens:
1885 2625 1920 2668 «
1956 2601 2126 2684 Noli,
2168 2603 2414 2690 inquit,
2457 2602 2551 2671 mi
2596 2624 2716 2691 pa-

182 2702 305 2772 ter,
342 2711 552 2780 super
582 2691 708 2759 hac
761 2713 830 2758 re
868 2689 1101 2776 aliquo
1149 2690 1438 2760 ulterius
1471 2712 1776 2761 moerore
1805 2692 2321 2762 contabescere:
2360 2690 2479 2760 sed
2524 2691 2714 2780 jacta

180 2778 554 2867 cogitatum
609 2793 802 2848 tuum
853 2778 921 2847 in
976 2779 1286 2859 Domino,
1325 2779 1443 2866 qui
1495 2801 1627 2848 non
1680 2778 1870 2849 dabit
1904 2780 1974 2848 in
2014 2792 2369 2849 aeternum
2420 2780 2713 2847 fluctua-

179 2868 434 2936 tionem
476 2867 687 2958 Justo.
722 2872 812 2938 Ne
847 2879 1074 2937 tamen
1108 2889 1187 2937 ex
1225 2867 1649 2957 puellaribus
1689 2868 1914 2950 annis,
1945 2889 2121 2954 quae
2151 2868 2329 2948 dico,
2367 2868 2708 2946 aestimes,

179 2956 352 3025 scito
389 2957 555 3043 quia
594 2956 954 3046 praeterita
992 2969 1184 3026 nocte
1221 2979 1338 3046 per
1372 2957 1589 3026 visum
1627 2956 1902 3025 divinae
1944 2955 2434 3026 consolationis
2469 2978 2593 3024 vox
2627 2955 2713 3025 ad

185 3066 316 3125 me,
356 3043 514 3114 licet
549 3045 903 3135 indignam
946 3044 1280 3114 famulam
1323 3067 1545 3127 suam,
1586 3044 1763 3114 facta
1794 3059 1917 3125 est,
1944 3044 2223 3134 jubenS,
2259 3045 2712 3134 utjuvenem,

180 3133 298 3219 qui
354 3155 462 3202 me
511 3134 580 3201 in
633 3134 1150 3203 matrimonium
1202 3134 1504 3214 affectat,
1570 3156 1610 3202 a
1643 3155 1763 3222 spe
1805 3133 2204 3222 nuptiarum
2253 3155 2388 3202 non
2435 3132 2718 3222 repelle·

180 3242 351 3302 rem,
397 3221 547 3310 ipsa
598 3234 846 3302 tamen,
900 3236 1297 3292 conservato
1348 3222 1761 3312 virginitatis
1800 3221 2182 3312 signacuIO,
2248 3222 2330 3291 ad
2386 3221 2716 3311 innuptas

183 3310 572 3378 transirem.
609 3310 917 3380 Conditio
956 3323 1186 3380 autem
1236 3310 1564 3401 conjugii,
1616 3322 1682 3378 et
1729 3310 2143 3401 conscriptio
2176 3310 2508 3401 nuptialis
2544 3311 2712 3380 haec

179 3398 330 3480 erit,
368 3409 445 3466 ut
493 3411 566 3468 tu
617 3412 805 3487 pater
841 3411 906 3467 et
949 3398 1247 3486 juvenis,
1291 3399 1412 3485 qui
1463 3419 1568 3468 me
1604 3399 1671 3467 in
1716 3421 1921 3468 suum
1965 3421 2267 3469 amorem
2306 3398 2545 3482 allicit,
2601 3400 2712 3469 de·

182 3508 328 3556 cem
402 3486 789 3587 primaevae
834 3487 1074 3557 aetatis
1129 3486 1453 3577 virgines,
1499 3500 1565 3557 et
1611 3487 1830 3556 forma
1883 3500 1949 3557 et
2007 3510 2254 3579 genere
2309 3488 2717 3559 lectissimas

179 3574 620 3732 EerquiratiS,
672 3585 738 3643 et
784 3587 922 3644 tam
968 3575 1161 3657 mihi,
1219 3597 1425 3664 quam
1489 3576 1787 3668 singulis
1838 3577 2085 3647 harum
2119 3632 2134 3657 ,
2179 3577 2370 3647 mille
2415 3577 2717 3667 virgines

231 3662 701 3734 onestissimas
748 3663 1226 3745 subscribatiS,
1280 3666 1695 3755 comparatis
1747 3688 1832 3735 ue
1870 3666 1952 3735 ad
1992 3688 2359 3736 numerum
2397 3680 2715 3735 nostrum

181 3753 506 3823 trieribus
553 3751 876 3834 undenis,
932 3752 1208 3822 triennii
1258 3753 1460 3824 nobis
1499 3754 1583 3824 ad
1615 3753 1700 3825 de
1755 3755 2114 3825 icationem
2153 3754 2565 3844 virginitatis
2599 3774 2719 3823 no·

185 3852 363 3911 strae
395 3841 647 3911 dentur
686 3840 1049 3910 induciae:
1117 3842 1375 3930 quibus
1422 3843 1730 3934 expletis,
1778 3844 1958 3931 quod
2013 3844 2301 3913 Domino
2357 3842 2716 3932 placuerit,

183 3928 321 3999 fiet.
389 3935 465 4001 At
514 3942 741 3999 tamen
803 3930 1372 4002 incommutabile
1420 3931 1693 4002 divinae
1743 3932 2014 4033 pietatis
2060 3931 2473 4011 consilium,
2538 3930 2724 4018 quod

184 4016 527 4107 disposuit
575 4040 657 4088 su
711 4039 786 4087 er
825 4040 957 4101 me,
1012 4041 1213 4090 nemo
1260 4032 1363 4090 est
1407 4021 1525 4107 qui
1579 4035 1793 4112 possit
1826 4021 2205 4090 infirmare.
2245 4043 2281 4087 »

274 4109 310 4193 ἓ
355 4111 432 4178 2.
486 4107 608 4177 His
680 4106 840 4177 iliae
889 4109 1168 4180 vocibus
1215 4108 1637 4181 exhilaratus
1671 4123 1884 4201 pater,
1921 4109 2157 4179 accitis
2186 4130 2417 4178 coram
2453 4106 2720 4197 legatiS,

183 4194 363 4280 quod
408 4196 748 4297 petebant,
803 4198 1070 4282 annuit,
1119 4199 1752 4289 praescriptamque
1796 4199 2000 4355 guasi
2048 4197 2357 4288 conjugii
2390 4196 2725 4267 conditio-

184 4303 365 4365 nem,
408 4306 615 4371 quam
670 4308 862 4376 virgo
912 4301 1332 4378 poposcerat,
1386 4288 1723 4378 exposuit,
1769 4287 1787 4356 i
1888 4287 2286 4357 cautissime
2346 4286 2546 4374 quasi
2600 4308 2722 4374 pro

186 4393 461 4442 summa
508 4373 687 4444 dotis
734 4376 1242 4466 conscriptione
1291 4389 1623 4459 statuens,
1677 4388 1755 4446 ut
1791 4376 2070 4466 Juvenis
2119 4375 2406 4446 salutari
2441 4391 2722 4445 renatus

183 4458 476 4543 lavacro,
539 4463 646 4534 liis
703 4464 925 4536 tribus
980 4466 1184 4535 annis
1234 4487 1356 4556 per
1405 4464 1612 4536 fidem
1669 4465 2081 4536 catholicam
2144 4466 2600 4537 instrueretur
2650 4465 2721 4533 in
