3347 4999
682 310 810 374 560
1382 326 1460 371 nr.
1508 325 1599 372 ss.
1654 324 1818 371 vano
1865 324 1940 371 ET
1988 324 2187 372 socus
2236 326 2349 372 nx.
2836 307 3010 374 OCT.
3066 310 3151 374 19

594 410 892 496 (volebat
938 410 1162 488 enim,
1216 423 1283 479 et
1327 409 1514 477 omni
1567 430 1696 499 ope
1744 408 2197 479 contendebat
2246 409 2555 499 conspici
2613 410 2828 479 victor
2875 411 2946 479 in
2999 433 3154 500 per-

594 499 951 569 suadendo
1017 499 1103 567 iis
1160 498 1282 585 qui
1346 512 1541 567 erant
1616 512 1751 567 tam
1803 496 2269 586 constantes),
2328 512 2481 588 post
2539 497 2754 568 multa
2825 512 2890 569 et
2963 500 3151 570 varia

594 588 943 679 supplicia
981 609 1098 656 eos
1147 586 1586 662 condemnat.
1644 600 1721 655 ut
1754 586 1986 676 gladio
2028 601 2314 655 mortem
2368 586 2683 656 subeant.
2730 589 3150 677 Martyribus

592 693 818 746 autem
872 675 1047 746 laeto
1095 688 1160 746 et
1205 676 1419 745 alacri
1495 676 1731 745 animo
1787 676 2340 755 consummatis,
2395 699 2557 745 cum
2623 699 2854 746 sacras
2903 698 3145 747 eorum

591 765 925 854 reliquias
981 777 1187 834 noctu
1247 764 1532 851 quidam
1598 764 1962 835 Christiani
2021 764 2487 845 sustulissent,
2550 765 2618 832 in
2679 765 2937 855 insigni
2999 766 3146 837 loco

591 867 827 925 sancte
877 854 1370 944 deposuerunt.

680 952 719 1025 ἓ
769 949 862 1015 ss.
918 944 1264 1025 Quaedam
1319 956 1546 1012 autem
1599 941 1850 1010 mulier
1903 964 1985 1011 ex
2043 941 2151 1023 iis,
2203 964 2382 1029 quae
2431 941 2501 1010 in
2556 941 2702 1012 solo
2760 947 2893 1012 Deo
2949 965 3143 1033 spem

590 1047 983 1123 posuerant,
1023 1045 1170 1101 orta
1205 1032 1272 1100 in
1309 1030 1716 1108 Palaestina,
1765 1031 2043 1100 nomine
2092 1031 2468 1120 Cleopatra,
2522 1053 2698 1118 quae
2743 1054 2954 1122 prope
2988 1033 3148 1101 ade-

591 1135 718 1202 rat,
760 1145 920 1193 cum
955 1122 1331 1191 decertaret
1364 1132 1541 1189 mart
1595 1142 1625 1187 r
1658 1124 1898 1201 Varus,
1937 1132 2000 1189 et
2035 1119 2308 1189 videbat
2339 1120 2585 1190 acerba.
2622 1120 2738 1190 illa
2779 1133 3142 1202 tormenta,

590 1232 767 1297 quae
817 1210 1122 1280 subierat
1173 1222 1448 1299 propter
1494 1143 1866 1290 Cllristum,
1920 1220 1985 1277 ct
2033 1209 2102 1276 in
2155 1208 2360 1278 corde
2394 1231 2666 1298 gravem
2715 1208 2988 1301 plagam
3034 1232 3145 1280 ac·

589 1300 887 1400 cipiebat
923 1352 938 1381 ‚
991 1313 1056 1368 et
1106 1302 1360 1387 magna
1407 1297 1836 1367 afficiebatur
1884 1297 2195 1366 molestia
2231 1352 2245 1377 ,
2310 1302 2663 1384 Deumque
2710 1300 3140 1383 obsecrabat,

597 1388 850 1478 'ejunio
896 1410 1145 1457 vacans
1174 1402 1239 1456 et
1285 1386 1600 1466 orationi,
1655 1400 1731 1454 ut
1775 1408 1970 1455 suam
2026 1386 2327 1455 visitaret
2358 1387 2843 1456 haereditatem
2877 1388 2962 1457 ad
3002 1411 3148 1459 ma-

580 1410 814 1547 lorum
847 1477 1343 1546 revocationem
1376 1499 1390 1543 :
1424 1477 1596 1566 ipsa,
1633 1474 1945 1561 inquam,
1978 1498 2135 1544 cum
2167 1498 2370 1545 suum
2400 1475 2650 1555 filium,
2689 1477 2809 1563 qui
2846 1478 3145 1566 primam

590 1568 836 1655 agebat
873 1579 1187 1646 aetatem,
1237 1579 1446 1634 noctu
1502 1587 1659 1633 cum
1721 1563 1877 1632 aliis
1926 1564 2440 1653 assumpsisset,
2485 1579 2548 1633 et
2591 1566 2884 1636 venisset
2923 1568 2987 1633 in
3042 1566 3144 1634 lo-

588 1678 776 1737 cum,
815 1657 885 1723 in
918 1677 1054 1743 quo
1085 1654 1360 1743 jacebat
1406 1676 1660 1742 corpus
1710 1654 2049 1742 MartyriS,
2108 1652 2174 1721 id
2214 1652 2411 1732 tollit,
2466 1676 2544 1723 ac
2597 1656 2913 1754 pretiosis
2948 1655 3147 1725 unxit

590 1745 1040 1824 aromatibuS‚
1085 1756 1150 1813 et
1182 1742 1568 1843 splendidis
1617 1741 1847 1811 induit
1896 1742 2216 1812 vestibus.
2274 1747 2352 1812 Et
2399 1764 2727 1829 quoniam
2772 1743 3147 1814 vehemens

587 1848 731 1903 erat
770 1835 1024 1902 fluctus
1073 1832 1446 1921 impietatis
1493 1830 1824 1900 adversus
1874 1831 2317 1911 Christianos,
2349 1844 2413 1900 et
2444 1832 2679 1922 gravia
2714 1844 2879 1901 tunc
2930 1832 3144 1921 capiti

587 1922 1069 2002 imminebant,
1109 1921 1358 1989 timens
1405 1922 1473 1989 in
1525 1932 1760 2010 aperto
1793 1920 2149 1989 ostendere
2187 1921 2528 2009 pietatem,
2568 1944 2727 1990 cum
2766 1920 2895 1990 sub
2927 1943 3142 1990 suum

589 2011 839 2081 lectum
894 2011 1161 2080 tulisset
1208 2022 1546 2096 quantum
1599 2023 1816 2078 terrae
1855 2008 2261 2089 sufficiebat,
2298 2031 2456 2079 eum
2490 2008 2787 2098 deponit
2828 2031 3144 2078 reveren-

589 2113 709 2179 ter,
750 2100 1085 2169 accedens
1128 2098 1374 2176 lucem,
1411 2111 1475 2167 et
1509 2096 1883 2178 suffitibu5‚
1922 2110 1998 2167 ut
2035 2099 2275 2187 potuit,
2312 2099 2373 2167 ei
2416 2098 2745 2167 honorem
2800 2098 3138 2168 tribuens.

586 2188 999 2258 Procedente
1038 2202 1263 2257 autem
1320 2201 1623 2274 tempore
1663 2209 1825 2256 cum
1870 2186 2209 2256 idolorum
2266 2201 2711 2257 marcesceret
2767 2188 3135 2277 impietas,

588 2279 770 2346 venit
817 2278 877 2347 ei
929 2278 997 2344 in
1053 2289 1348 2345 mentem
1400 2275 1693 2343 alienam
1731 2275 2073 2345 dimittere
2123 2276 2498 2365 regionem,
2539 2290 2605 2345 et
2641 2277 2860 2345 redire
2905 2277 2970 2343 in
3020 2298 3145 2377 pa-

589 2366 816 2434 triam.
859 2371 1023 2435 Cum
1061 2378 1285 2433 autem
1341 2385 1472 2433 non
1531 2377 1757 2451 posset
1805 2386 2056 2454 corpus
2106 2364 2475 2434 transferre
2515 2365 2853 2455 Martyris,
2902 2366 3036 2433 nisi
3070 2364 3141 2433 id

589 2455 784 2544 prius
833 2454 1254 2544 signiticaret
1288 2452 1613 2534 Praesidi,
1662 2453 1867 2523 rebus
1914 2453 2241 2525 omnibus
2291 2456 2437 2525 suis
2486 2454 2657 2524 bene
2705 2455 3136 2545 compositiS,

587 2566 709 2634 per
756 2542 1125 2628 quemdam
1177 2566 1255 2611 ex
1304 2543 1390 2610 iis
1437 2543 1557 2628 qui
1596 2542 1927 2632 adscripti
1975 2558 2169 2613 erant
2217 2543 2285 2611 in
2323 2565 2692 2613 numerum
2743 2557 3131 2624 oratorum,

586 2633 848 2703 accedit
886 2632 971 2701 ad
1027 2633 1154 2701 loci
1203 2631 1617 2710 Praesidem‚
1670 2647 1735 2701 et
1782 2653 1940 2701 eum
1995 2632 2309 2722 pecuniis
2364 2633 2772 2790 aggrediens
2825 2633 3134 2722 rogabat,

582 2735 658 2791 ut
689 2723 822 2791 sibi
861 2744 1113 2812 corpus
1154 2735 1503 2790 mortuum
1556 2721 1795 2790 efferre
1832 2721 2257 2790 concederet.
2295 2726 2442 2804 Quo
2499 2744 2653 2790 nam
2692 2734 2921 2790 autem
2961 2733 3143 2792 esset

583 2834 860 2900 corpuS‚
901 2824 966 2886 et
1005 2810 1324 2897 quisnam
1382 2808 1629 2878 modus
1680 2809 1917 2878 mortis
1966 2809 2340 2910 explicans,
2393 2810 2671 2880 dicebat
2726 2833 2934 2880 suum
2990 2834 3139 2880 ma-

582 2901 819 2979 ritum,
864 2900 983 2988 qui
1037 2900 1296 2999 primas
1328 2896 1722 2967 obtinuerat
1773 2911 1997 2989 partes
2044 2921 2115 2967 ln
2149 2899 2475 2980 exercitu,
2533 2897 2886 2985 multaque
2939 2921 3141 2989 prae·

582 2991 771 3059 clara
809 3003 873 3059 et
921 2989 1227 3079 insignia
1274 2986 1601 3076 trophaea
1648 2987 1978 3056 adversus
2028 2988 2257 3057 hostes
2305 3000 2627 3068 erexerat,
2682 3011 2845 3058 cum
2898 2990 2964 3056 in
3002 3011 3137 3071 ⁴eos

586 3079 801 3147 multa
850 3092 1125 3148 strenue
1173 3091 1238 3147 et
1276 3075 1535 3144 fortiter
1583 3077 1927 3166 gessisset,
1981 3099 2057 3144 ex
2102 3076 2230 3145 hac
2271 3077 2406 3147 vita
2444 3077 2843 3155 excessisse,
2905 3099 2988 3146 ne
3028 3099 3138 3148 se-

583 3168 936 3255 pulturam
987 3166 1293 3253 quidem,
1347 3187 1554 3251 quam
1611 3188 1734 3254 par
1782 3182 1962 3246 erat,
2016 3179 2493 3235 consecutum.
2548 3165 2772 3254 Hujus
2809 3220 2824 3244 ‚
2879 3167 3130 3252 inquit,

581 3277 707 3344 ego
740 3278 993 3343 corpus
1030 3255 1223 3323 valde
1263 3253 1503 3323 studeo
1540 3254 1608 3321 in
1647 3276 1841 3324 suam
1879 3254 2245 3323 transferre
2278 3256 2649 3344 regionem.
2686 3254 2875 3324 Cedit
2906 3255 3134 3340 itaque

637 3344 976 3412 rovinciae
1036 3349 1313 3412 Praeses
1366 3342 1720 3430 petitioni,
1784 3356 1847 3411 et
1911 3344 2237 3434 permittit
2282 3344 2343 3412 ei
2392 3343 2614 3413 facere
2662 3343 2847 3429 quod
2899 3358 3125 3432 postu-

583 3366 790 3500 labat.
845 3431 1246 3500 llla‘autem
1280 3434 1388 3501 sui
1422 3430 1699 3517 quidem
1741 3431 1966 3501 mariti
2016 3453 2292 3522 corpuS,
2334 3433 2453 3518 qui
2491 3433 2558 3500 in
2593 3431 2821 3501 aliena
2854 3431 3128 3520 regione

583 3521 704 3677 dit}
737 3534 893 3589 ante
932 3544 968 3589 e
1006 3521 1171 3589 vivis
1209 3534 1608 3601 excesserat,
1668 3535 2114 3590 monumento
2157 3520 2619 3601 mandaverat,
2670 3522 2741 3589 in
2780 3521 2845 3589 id
2880 3520 3134 3609 injecto

636 3633 681 3678 u
716 3631 889 3678 vere.

585 3632 629 3699 p
670 3701 706 3784 ξ
754 3702 910 3769 ss).
964 3702 1128 3766 Cum
1183 3697 1396 3786 igitur
1445 3698 1761 3786 Martyris
1822 3720 2076 3787 corpus
2140 3697 2585 3779 sustulisset,
2642 3711 2708 3769 et
2756 3698 2841 3768 id·
2890 3721 3141 3771 rursus

580 3789 912 3866 unxisset,
960 3801 1023 3854 et
1055 3786 1491 3875 splendidius
1521 3787 2046 3876 composuisset,
2088 3801 2151 3856 et
2194 3809 2276 3856 ne
2320 3787 2447 3856 hoc
2489 3787 2918 3858 Christianus
2944 3791 3143 3875 quis-

579 3877 763 3966 piam
816 3878 989 3945 scire
1044 3889 1288 3964 posset,
1349 3875 1414 3942 in
1451 3878 1612 3944 arca
1651 3876 1965 3965 oleagina
2010 3876 2476 3966 imposuisset,
2537 3890 2601 3945 et
2659 3877 3143 3949 abscondisset

576 3966 767 4054 (nam
814 3967 1117 4053 primum
1161 3964 1439 4051 quidem
1481 3965 1762 4034 timebat
1797 3965 2104 4055 gentium
2139 3966 2483 4035 insaniam
2518 3990 2533 4046 ;
2588 3965 2839 4035 deinde
2871 3980 3139 4050 autem,

578 4068 642 4123 et
692 4054 906 4123 multo
943 4054 1164 4142 magis
1201 4054 1470 4144 piorum
1506 4053 1862 4134 fervorem,
1917 4055 2270 4134 omnibns,
2326 4069 2404 4124 ut
2455 4077 2577 4143 par
2610 4069 2776 4136 erat,
2833 4056 3144 4126 maximo

579 4143 806 4211 studio
855 4143 1454 4223 contendentibus,
1513 4164 1595 4210 ne
1645 4141 2046 4211 tollerentur
2096 4145 2426 4229 reliquiae
2475 4164 2740 4224 eorum,
2779 4144 2901 4229 qui
2945 4146 3148 4234 passi

580 4244 775 4301 erant
813 4254 935 4321 pro
967 4232 1281 4320 Christo),
1331 4231 1510 4299 venit
1546 4231 1614 4299 in
1646 4232 2127 4301 Palaestinam.
2193 4237 2357 4302 Cum
2404 4232 2545 4302 illic
2580 4233 2821 4301 suisset
2849 4233 2920 4300 in
2962 4255 3150 4319 quo-

578 4318 737 4388 dam
776 4322 945 4402 vico,
987 4322 1104 4407 qui
1143 4321 1317 4389 situs
1350 4321 1713 4408 eratjuxta
1748 4320 2189 4400 Thaborium‚
2245 4323 2358 4389 cui
2410 4344 2658 4390 nomen
2711 4336 2855 4391 erat
2902 4322 3091 4393 Edra
3125 4378 3146 4406 ,

577 4409 860 4499 deponit
908 4410 1219 4478 divinum
1280 4431 1532 4500 corpus
1584 4411 1944 4499 Martyris,
2018 4410 2511 4500 lampadesque
2576 4403 3016 4493 accendehS,
3077 4425 3154 4486 et
