3347 4999
708 320 836 386 402
1354 338 1431 383 ne
1478 337 1531 384 s.
1587 335 1958 384 anaannoo
2008 337 2253 383 annau».
2306 334 2405 383 Er.
2830 317 3001 383 OCT.
3058 318 3146 385 tt

622 424 1043 513 constipatae
1109 421 1576 492 multitudinis
1642 422 1991 503 tumultu,
2061 435 2196 491 tam
2268 421 2628 512 Episcopi,
2702 442 2908 508 quam
2968 421 3144 491 Cleri

621 511 1130 599 quodammodo
1168 511 1606 612 praepeditur
1639 532 2024 602 processus.
2061 509 2414 580 Ambiebat
2439 531 2684 599 nempe
2711 508 3150 581 multimodis

620 601 979 671 conatibus
1030 600 1383 690 popularis
1424 599 1541 669 ille
1587 614 1985 680 conventuS,
2028 600 2086 668 si
2115 600 2273 686 quis
2307 612 2536 688 posset
2575 620 2788 668 manu
2818 597 3144 669 feretrum

620 701 918 779 tangere,
964 689 1062 759 vel
1116 690 1496 760 transeunti
1543 689 2013 768 succumbere,
2070 688 2209 757 sive
2261 687 2580 758 manibus
2629 689 2695 755 in
2747 686 2961 755 altum
3010 686 3147 755 ele-

620 780 791 846 vatis
826 782 957 848 Deo
996 778 1250 868 gratias
1291 777 1560 859 referre,
1614 789 1733 847 aut
1778 790 2052 846 econtra
2099 777 2290 847 flexis
2347 776 2723 866 poplitibus
2772 797 2891 844 seu
2930 776 3150 843 cervi-

622 866 820 937 cibus
858 921 873 948 ,
926 868 1295 953 quicquam
1361 866 1740 936 devotionis
1786 866 2030 936 Christi
2086 866 2495 955 Martyribus
2544 862 2945 954 suppliciter
3016 864 3148 932 im-

621 955 941 1045 pendere.
978 961 1111 1025 Vox
1158 977 1300 1025 una
1342 955 1703 1025 resonabat
1728 954 2065 1035 omnium,
2104 957 2333 1025 Gloria
2366 957 2436 1023 in
2465 955 2749 1023 ecc-celsis
2781 958 2932 1032 Dec,
2970 957 3152 1022 Laus

619 1046 895 1113 Domino
942 1055 1162 1113 nostro
1197 1050 1356 1113 Jesu
1400 1046 1657 1114 Christo
1678 1069 1699 1112 .·
1736 1065 1998 1112 necnon
2027 1044 2243 1135 Kyrie
2275 1046 2542 1122 εἰειζςοη,
2583 1044 2839 1113 Christe
2868 1043 3138 1121 eleison,

620 1144 686 1201 et
722 1132 938 1202 multa
973 1132 1037 1201 id
1075 1155 1318 1223 genus.
1371 1138 1579 1201 Tanta
1625 1152 1779 1201 vero
1820 1131 2089 1200 interim
2130 1132 2620 1201 miraculorum
2664 1131 2792 1199 insi
2850 1129 2964 1197 nia
2998 1151 3147 1197 me-

621 1220 772 1291 ritis
821 1221 1062 1291 Christi
1114 1227 1483 1309 Martyrum
1544 1242 1905 1289 coruscare
1959 1220 2385 1299 videbantur,
2424 1233 2498 1289 ut
2527 1220 2584 1288 si
2632 1219 2750 1306 qui
2813 1229 2953 1288 orte
2985 1216 3148 1286 ade-

622 1322 800 1390 rant,
857 1311 975 1395 qui
1024 1331 1211 1379 exem
1270 1309 1333 1379 lo
1383 1309 1709 1378 nimirum
1763 1308 2057 1379 Thomae
2094 1309 2384 1398 Apostoli
2436 1309 2505 1376 in
2557 1307 2692 1376 fide
2741 1305 3138 1386 titubarent,

620 1396 787 1468 visis
820 1411 913 1467 tot
949 1398 1213 1469 miracu
1246 1399 1326 1479 is,
1374 1397 1592 1468 solido
1642 1397 1882 1467 robore
1920 1397 2343 1468 credulitatis
2376 1397 2841 1466 firmarentur.

709 1488 746 1573 §
790 1490 932 1559 14.
986 1486 1334 1556 Gloriosus
1382 1498 1607 1555 autern
1658 1486 1939 1557 antistes
1975 1486 2412 1555 Burchardus
2455 1484 2700 1554 Christi
2730 1485 3154 1575 Martyribus

620 1573 801 1643 dono
848 1574 1056 1656 dedit,
1097 1576 1308 1644 immo
1366 1596 1656 1664 sponsae
1700 1596 1863 1643 suae
1907 1575 2244 1645 Ecclesiae
2282 1574 2826 1663 Wirceburgensi
2864 1574 3141 1664 praedia

619 1663 690 1731 in
742 1663 963 1733 dotem
1016 1663 1326 1744 contulit,
1362 1685 1537 1751 quae
1569 1662 1859 1743 dudum,
1900 1686 2056 1733 cum
2096 1669 2159 1732 S.
2198 1663 2541 1732 Bonifacio
2574 1682 3035 1744 commorans,
3075 1675 3142 1733 et

618 1774 776 1822 cum
836 1752 986 1841 ipso
1045 1752 1373 1841 palatium
1435 1751 1661 1841 regale
1716 1750 2179 1837 frequentans,
2217 1752 2312 1821 vel
2358 1751 2717 1853 parochias
2768 1750 3138 1833 circuienS,

617 1842 1102 1927 conquisierat,
1142 1862 1265 1909 seu
1300 1841 1536 1931 pretiis
1575 1841 1644 1908 in
1681 1862 1846 1909 suae
1879 1840 2312 1930 proprietatis
2345 1862 2463 1928 Jus
2493 1841 2578 1909 ab
2614 1839 2936 1929 ingenuis
2970 1839 3137 1908 viris

616 1942 1156 2019 comparaverat.
1212 1927 1523 1998 Illustres
1567 1929 1824 2017 quippe
1858 1933 2270 1999 Francorum
2305 1943 2370 1998 et
2398 1928 2781 2017 optimates,
2818 1927 3140 1997 eumdem

614 2018 852 2088 Virum
895 2018 965 2086 in
1019 2017 1237 2107 patria
1271 2039 1396 2086 sua
1433 2038 1514 2086 ex
1559 2017 1826 2088 cunctis
1861 2017 2411 2117 progenitoribus
2445 2016 2589 2086 suis
2622 2017 2787 2085 satis
2820 2015 3142 2086 nobilita—

619 2116 765 2174 tum
808 2106 1186 2186 audientes,
1227 2106 1511 2195 insuper
1574 2127 1798 2176 mores
1858 2105 2046 2176 illius
2102 2107 2290 2176 omni
2347 2105 2675 2196 religione
2707 2115 2771 2174 et
2803 2104 3144 2194 sapientia

619 2195 1031 2284 praecipuos
1065 2193 1598 2275 considerantes,
1626 2194 1939 2264 nonnulli
1977 2195 2059 2264 de
2092 2195 2391 2264 remedio
2424 2194 2811 2263 animarum
2850 2215 3140 2263 suarum

619 2304 778 2351 cum
832 2282 946 2352 tali
1000 2287 1198 2351 Servo
1248 2282 1358 2351 Dei
1413 2296 1698 2353 tractare
1744 2304 1861 2353 coe
1913 2296 2144 2364 erunt,
2185 2283 2477 2370 indeque
2512 2304 2619 2351 res
2651 2304 2836 2364 suaS,
2875 2283 2931 2351 si
2962 2303 3144 2368 quas

620 2371 909 2440 Domino
949 2371 1299 2451 vovebant,
1363 2393 1485 2460 per
1524 2394 1771 2441 manus
1822 2372 2010 2442 ilius
2072 2372 2407 2441 tutissime
2460 2372 2843 2441 consecrari
2887 2370 2982 2439 vel
3035 2369 3142 2439 di-

622 2460 936 2561 spensari
974 2459 1363 2530 credebant.
1403 2465 1639 2548 Itaque
1670 2459 1900 2531 villam
1942 2482 2117 2548 quae
2156 2461 2407 2530 dicitur
2441 2459 2888 2540 Michelnstat,
2922 2480 3137 2547 quam

619 2569 680 2616 et
717 2549 1213 2619 Carlomannus
1251 2550 1568 2639 princeps
1606 2551 1956 2637 quondam
2011 2551 2076 2618 in
2118 2573 2237 2640 pro
2292 2550 2466 2619 rium
2495 2550 2614 2636 jus
2646 2548 2946 2626 tradidit,
2987 2548 3140 2637 ipse

618 2635 926 2726 legitima
956 2638 1356 2708 investitura
1380 2640 1635 2707 sanctis
1662 2638 2070 2726 Martyribus
2094 2661 2218 2708 con
2253 2639 2544 2707 irmavit.
2579 2636 2903 2706 Similiter
2926 2636 3139 2705 etiam

616 2726 1064 2817 Hohenburg,
1119 2726 1471 2812 multaque
1518 2727 1652 2795 alia
1704 2726 1983 2805 allodia,
2029 2748 2205 2813 quae
2245 2726 2533 2796 diversis
2582 2726 2646 2793 in
2683 2724 2850 2794 locis
2880 2747 2920 2793 a
2953 2723 3144 2794 nobi·

617 2813 801 2884 libus
834 2815 996 2884 viris
1026 2836 1461 2902 quocumque
1484 2827 1678 2902 pacto
1709 2828 2121 2904 susceperat,
2160 2836 2388 2886 coram
2419 2813 2652 2884 multis
2685 2813 3009 2884 fidelibus
3041 2827 3144 2883 te-

617 2904 862 2983 stibuS,
903 2904 1302 2972 etomnium
1333 2903 1766 2973 orientalium
1803 2910 2212 2974 Francorum
2252 2903 2707 2993 principibus,
2744 2902 2826 2971 ad
2859 2924 3140 2971 eorum-

616 2991 769 3060 dem
830 2997 1201 3081 Martyrum
1257 2992 1583 3079 reliquias
1632 2992 2051 3062 investiebat.
2094 2998 2386 3080 Insuper
2428 2991 2508 3060 ad
2567 3014 2648 3061 su
2707 2991 3137 3080 plementum

615 3081 770 3149 novi
809 3080 1268 3170 pontificatus,
1307 3095 1372 3151 et
1403 3081 2004 3170 amplificationem
2061 3079 2513 3152 Ecclesiastici
2566 3102 2654 3148 cu
2688 3092 2796 3148 tus
2822 3134 2836 3160 ‚
2889 3078 3145 3148 alimo-

613 3169 800 3237 niam
851 3190 1122 3255 quoque
1177 3169 1345 3239 Cleri
1400 3183 1530 3239 tam
1584 3168 1840 3251 futuri,
1887 3191 2093 3256 quam
2143 3169 2554 3259 praesentis,
2617 3189 2687 3236 re
2743 3168 2805 3236 ia
2858 3166 3147 3236 munifi·

614 3257 834 3324 centia
863 3257 1188 3326 collatum
1217 3271 1316 3327 est
1342 3269 1575 3326 sancto
1610 3258 1875 3327 Kiliano
1900 3257 2280 3338 castellum,
2317 3256 2496 3345 quod
2534 3262 2704 3325 Kare
2736 3255 2913 3345 burg
2941 3277 3148 3325 voca-

613 3354 749 3423 tur,
795 3367 952 3414 cum
990 3344 1155 3415 fisco
1205 3345 1438 3433 regali,
1476 3347 1879 3434 cunctisque
1914 3346 2033 3415 illo
2069 3346 2565 3436 pertinentibus
2599 3343 3018 3424 redditibus;
3057 3366 3147 3413 ac

613 3433 923 3501 eamdem
970 3432 1399 3502 traditionem
1451 3435 1848 3505 'testamento
1886 3435 2123 3525 regali,
2159 3456 2421 3503 necnon
2467 3433 2819 3524 privilegio
2851 3438 3145 3522 Aposto-

613 3520 728 3590 lici
782 3521 1118 3609 praesulis
1167 3523 1729 3614 metropolitanus
1786 3524 2082 3613 pontifex
2115 3523 2525 3605 BonisaciuS‚
2578 3544 2717 3591 una
2749 3543 2910 3590 cum
2946 3521 3148 3610 prin-

611 3609 886 3697 cipibus
934 3624 997 3679 et
1043 3611 1433 3691 comitibus
1473 3613 1675 3701 Regis
1715 3612 1937 3701 Pipini
1987 3611 2322 3702 legatione
2370 3610 2838 3702 fungentibus.
2886 3625 3136 3680 sancto

614 3696 885 3767 Kiliano
934 3700 1059 3768 rite
1105 3699 1557 3779 confirmavit,
1612 3723 1692 3769 ac
1742 3702 1935 3770 beato
1983 3700 2375 3770 Burchardo
2410 3699 2751 3790 praesenti
2799 3699 3154 3789 Episcopo

611 3785 801 3856 dotes
827 3811 904 3856 ac
934 3787 1260 3867 decimas
1291 3810 1589 3875 suaeque
1631 3788 1784 3857 Sedi
1823 3790 2180 3880 contiguas
2210 3789 2554 3870 ecclesias,
2593 3788 2663 3857 in
2702 3809 2948 3857 novam
2983 3789 3147 3878 ejus

608 3876 1005 3964 parochiam
1057 3877 1599 3946 conterminavit.

694 3969 729 4053 ξ
775 3971 917 4038 15.
972 3970 1061 4033 Eo
1113 3978 1411 4054 tempore
1451 3966 1788 4053 quaedam
1847 3967 2034 4056 virgo
2087 3972 2217 4036 Deo
2255 3966 2535 4047 devota,
2597 3976 2762 4034 natu
2807 3964 3015 4035 simul
3066 3979 3142 4035 et

607 4054 919 4125 moribus
967 4053 1421 4135 nobilissima,
1479 4077 1686 4145 super
1725 4069 2048 4137 montem,
2086 4057 2204 4142 qui
2243 4078 2426 4125 nunc
2476 4060 2541 4124 S.
2597 4053 2842 4123 Mariae
2893 4059 3084 4122 Mons
3122 4109 3142 4135 ,

609 4143 749 4213 sive
782 4144 1183 4233 Wirceburg
1230 4144 1533 4231 antiqua,
1580 4145 1853 4226 dicitur,
1891 4145 2546 4214 continentissimam
2588 4164 2746 4213 cum
2790 4140 3158 4231 plerisque

605 4232 740 4301 voti
774 4232 1078 4320 ejusdem
1115 4233 1387 4302 feminis
1428 4233 1715 4323 degebat
1747 4233 1977 4314 vitam,
2021 4234 2297 4302 nomine
2327 4233 2642 4301 lmmina.
2683 4236 2860 4300 Haec
2893 4229 3153 4300 habuit

606 4332 894 4411 patrem,
940 4320 1160 4391 filium
1199 4321 1499 4391 Cosberti
1552 4322 1778 4403 DuciS‚
1834 4328 2199 4391 Hettanum
2251 4321 2572 4391 nomine:
2624 4341 2801 4408 quae
2848 4331 2985 4388 tam
3026 4341 3154 4389 sa-

605 4409 1036 4500 pientissimo
1100 4410 1553 4483 nihilominus
1611 4410 2002 4482 consiliario
2065 4420 2311 4481 cuncta
2369 4410 2596 4482 cordis
2655 4409 2763 4481 sui
2811 4407 3166 4479 revelavit.
