3347 4999
701 306 831 371 446
1273 322 1352 370 ns
1399 324 1455 371 s.
1506 322 1807 372 nommeo
1854 323 2156 372 Loaicno
2203 324 2472 373 naam-m
2830 307 3002 374 OCT.
3060 310 3144 375 ⁴4

617 421 799 489 sunt,
854 409 1364 499 aegrotantibus
1413 409 1725 498 praebeo,
1778 431 2072 496 quorum
2152 429 2289 480 non
2340 409 2698 479 minimam
2758 410 3147 481 multitudi-

620 518 770 567 nem
813 498 1041 587 jacere
1082 497 1149 565 in
1185 497 1434 567 nostris
1477 498 1790 586 partibus
1823 498 1890 566 in
1945 497 2270 567 emisco.»
2321 503 2626 584 Cumque
2673 497 2872 567 illum
2923 499 3148 570 durus

614 600 883 655 exactor
915 587 985 654 in
1034 598 1326 687 angusto
1346 585 1851 665 concluderem,
1934 587 2144 654 icens:
2200 609 2236 653 «
2271 586 2456 655 Unde
2494 607 2657 676 ergo
2705 586 2846 655 illis
2891 587 3145 658 diebus

618 675 971 744 remissius
1020 675 1212 755 vivis,
1243 675 1303 744 si
1338 675 1506 744 nihil
1548 696 1786 745 eorum
1818 674 2144 754 comedis,
2181 695 2358 761 quae
2392 696 2667 744 necesse
2711 676 2797 743 sit
2827 675 2926 744 vel
2965 676 3147 766 igni-

617 763 746 832 bus
776 764 1089 850 decoqui,
1132 763 1230 832 vel
1262 764 1624 833 arboribus
1655 763 1946 832 inveniri
1966 766 2037 831 Τ»
2071 762 2484 853 Respondit:
2541 763 3002 844 «Foeniculo,
3045 765 3151 832 in·

615 852 882 937 quiens,
936 874 1091 921 cum
1130 874 1303 941 pane
1335 852 1626 923 libenter
1673 872 1977 920 vescor.»
2014 856 2159 921 Mox
2201 851 2527 921 nimirum
2569 851 2779 940 perite
2826 853 3145 941 cognovi,

615 962 820 1027 quarn
872 939 1237 1010 carnaliter
1274 941 1478 1010 homo
1529 941 1798 1021 viveret,
1844 941 1965 1026 qui
2014 961 2175 1009 suas
2222 940 2505 1010 delicias
2532 940 2950 1010 foeniculum
2987 963 3154 1010 con-

617 1029 968 1099 stituisset.
1009 1029 1223 1099 Habet
1281 1028 1482 1119 plane
1525 1029 1806 1098 uberem
1875 1028 2339 1117 lacrymarum
2391 1029 2707 1119 gratiam,
2777 1028 2893 1098 sed
2947 1029 3152 1099 alter-

618 1139 804 1186 nam.
839 1123 1003 1188 Cum
1045 1118 1228 1188 enim
1281 1118 1590 1188 reclusus
1630 1118 1761 1189 sub
1791 1117 2100 1186 districto
2154 1140 2225 1189 se
2273 1118 2543 1188 silentio
2608 1117 2944 1206 reprimit,
2992 1139 3153 1188 mox

618 1218 692 1275 ut
718 1206 1027 1287 voluerit,
1064 1207 1418 1276 affluenter
1467 1206 1752 1297 plangit.
1791 1210 1867 1275 At
1914 1207 1971 1275 si
2002 1205 2342 1293 colloquio
2371 1206 2855 1294 frequentetur,
2909 1206 3152 1277 fletum

618 1315 688 1363 se
735 1296 1048 1367 amisisse
1112 1296 1580 1381 conqueritur.
1636 1296 1760 1364 Sed
1815 1307 1879 1364 et
1925 1317 2052 1384 ego
2109 1294 2209 1364 illi
2281 1317 2483 1385 saepe
2547 1296 2905 1385 penuriam
2959 1317 3155 1365 meae

617 1384 952 1453 ariditatis
1002 1384 1413 1475 impropem,
1453 1384 1734 1454 dicens:
1768 1406 1803 1450 «
1834 1388 2004 1464 Heu,
2042 1383 2357 1471 inquam,
2396 1385 2489 1453 mi
2532 1396 2744 1474 pater,
2798 1383 2968 1455 istae
2996 1397 3154 1453 tuae

620 1470 961 1562 lacrymae
1031 1473 1439 1544 infecundae
1490 1485 1696 1554 sunt,
1749 1494 1926 1559 quae
1971 1472 2143 1541 alias
2201 1472 2460 1543 orando
2511 1472 2854 1562 lacrymas
2913 1475 3154 1561 parere

619 1565 1005 1647 nequeunt!
1058 1565 1372 1662 Optarem
1425 1583 1722 1647 namque
1767 1560 1949 1648 quod
2012 1582 2439 1648 consequens
2477 1573 2623 1640 est,
2685 1560 3015 1632 nimirum
3069 1573 3148 1631 ut

619 1649 797 1719 sicut
846 1663 914 1718 tu
965 1650 1136 1719 mih1
1201 1663 1388 1740 pater
1433 1671 1529 1731 es,
1585 1651 1677 1719 ita
1727 1649 2181 1718 nibilominus
2238 1663 2303 1720 et
2359 1663 2512 1721 tuae
2561 1649 2905 1739 lacrymae
2964 1671 3152 1719 mea-

618 1759 769 1807 rum
812 1760 1083 1826 quoque
1123 1738 1581 1827 lacrymarum
1633 1739 1874 1808 fierent
1911 1739 2299 1829 genitrices,
2339 1765 2365 1805 n

707 1835 745 1908 ἓ
792 1831 873 1899 8.
930 1832 1004 1896 In
1057 1827 1317 1917 Regula
1354 1849 1624 1914 quoque
1656 1827 2004 1897 eremitica
2045 1828 2416 1898 inseruisse
2446 1847 2553 1896 me
2593 1826 2836 1896 recolo.
2873 1827 3147 1896 Dicam:

623 1915 747 1985 Sed
797 1916 954 2002 quis
1003 1916 1150 1995 scit,
1185 1930 1414 1985 utrum
1467 1915 1636 1984 fides
1686 1915 2046 1986 assertioni
2076 1915 2521 1985 fidelissimae
2570 1914 3033 2005 praebeatur?
3077 1919 3154 1984 At

619 2004 1256 2094 parvipendendum
1305 2015 1428 2084 est,
1484 2004 1542 2074 si
1585 2005 1887 2073 humana
1936 2005 2278 2074 temeritas
2326 2016 2594 2094 arguat,
2636 2025 2842 2090 quem
2875 2025 3155 2074 summa

618 2094 863 2162 veritas
903 2092 1214 2163 falsitatis
1245 2105 1546 2162 excusat.
1588 2098 1701 2162 Est
1757 2093 1933 2163 inter
1968 2114 2113 2173 nOS,
2148 2094 2268 2180 qui
2322 2113 2821 2180 nonnunquam
2856 2115 2998 2162 uno
3039 2091 3153 2162 die

618 2182 1017 2251 continuato
1063 2203 1220 2250 cum
1274 2193 1488 2262 nocte,
1554 2202 1791 2250 novem
1845 2180 2163 2270 psalteria
2223 2181 2614 2251 meditando
2677 2181 3022 2261 decurrat,
3090 2192 3153 2251 et

619 2270 887 2338 interim
944 2291 1111 2358 pene
1143 2290 1414 2358 semper
1451 2273 1738 2356 utraque
1768 2292 2003 2351 mann,
2060 2270 2285 2360 scopis
2335 2273 2619 2350 armata,
2673 2269 2939 2339 nudum
2996 2288 3150 2340 cor-

621 2379 751 2447 pus
798 2357 1071 2426 afficiat.
1124 2357 1506 2427 Notandum
1543 2372 1796 2438 autem,
1849 2360 2012 2444 quia
2046 2357 2210 2427 dum
2261 2359 2429 2427 haec
2481 2380 2801 2448 peragere
2841 2358 3139 2447 satagit,

621 2459 838 2525 nocte,
888 2446 988 2515 vel
1025 2446 1133 2516 die
1181 2446 1480 2526 dormire
1514 2468 1647 2516 non
1704 2460 1931 2517 vacat:
1972 2446 2087 2517 sed
2125 2446 2495 2534 aliquando
2530 2468 2753 2539 genua
2807 2446 3091 2517 flectens
3117 2501 3137 2528 ‚

620 2534 784 2602 dum
821 2548 1026 2625 caput
1060 2549 1273 2605 terrae
1297 2536 1600 2625 deponit,
1628 2536 1728 2605 sic
1770 2536 1954 2605 nudo
1988 2548 2260 2626 repente
2292 2559 2581 2607 somnus
2610 2535 2900 2624 obrepit,
2935 2557 3151 2623 eoque

620 2623 764 2693 solo
811 2636 1170 2694 contentus
1219 2635 1340 2693 est.
1379 2625 1502 2694 Hic
1543 2625 1713 2693 mihi
1745 2624 2115 2711 aliquando
2165 2624 2462 2695 fraterna
2500 2624 2963 2694 familiaritate
2989 2647 3152 2695 con-

619 2726 902 2799 questus
933 2725 1055 2795 est,
1109 2713 1274 2800 quia
1311 2736 1471 2782 cum
1524 2734 1763 2782 novem
1806 2713 1903 2782 sic
1937 2712 2260 2803 psalteria
2292 2735 2496 2804 saepe
2546 2712 2968 2783 modulando
2998 2736 3149 2804 per·

621 2802 871 2883 liceret,
917 2802 1002 2871 ad
1052 2802 1396 2871 decimum
1450 2822 1804 2889 nunquam
1853 2802 2145 2890 potuerit
2194 2804 2569 2891 pervenire.

707 2892 744 2977 ξ
789 2895 882 2961 θ.
938 2896 1012 2960 In
1049 2889 1337 2978 epistola
1382 2911 1679 2978 quoque,
1734 2912 1940 2977 quam
1977 2890 2265 2960 Blancae
2313 2891 2711 2962 Comitissae
2737 2889 3143 2971 direximus,

620 2978 789 3047 baec
825 3001 949 3048 nos
979 2979 1315 3048 indidisse
1363 2978 1697 3048 videmur.
1745 2979 2014 3047 Utinam
2057 2979 2336 3049 daretur
2386 2980 2509 3049 tibi
2568 3001 2751 3048 nunc
2784 2979 3148 3048 dominum

624 3088 852 3136 meum
901 3068 1130 3137 videre
1179 3067 1637 3149 Dominicum,
1690 3067 1811 3154 qui
1858 3067 2038 3154 quod
2086 3069 2442 3158 imperitae
2491 3068 2769 3158 linguae
2815 3089 3152 3137 conamur

618 3155 863 3237 officiO,
920 3157 1065 3246 ipse
1104 3169 1165 3225 te
1211 3156 1572 3225 efficaciori
1626 3156 2213 3226 luculentissimae
2264 3156 2438 3226 vitae
2492 3156 2761 3226 doceret
2807 3169 2873 3226 et
2942 3155 3153 3225 infor-

624 3257 840 3313 maret
886 3244 1218 3334 exemplo.
1272 3245 1396 3313 Hic
1444 3245 1742 3332 denique
1803 3268 1842 3314 a
1893 3245 2111 3314 tribus
2180 3245 2451 3315 circiter
2496 3267 2839 3315 annorum
2908 3244 3151 3315 lustris

624 3331 834 3400 lorica
875 3332 1090 3401 ferrea
1136 3334 1419 3402 vestitur
1451 3332 1535 3402 ad
1564 3354 1866 3413 carnem,
1908 3333 2184 3403 duobus
2223 3345 2452 3404 autem
2487 3333 2724 3404 ferreis
2761 3333 3043 3405 circulis
3079 3334 3149 3402 in

622 3440 906 3508 corpore
944 3420 1268 3509 cingitur,
1321 3421 1594 3491 duobus
1644 3422 1804 3491 item
1858 3444 1976 3511 per
2027 3422 2462 3492 brachiorum
2500 3445 2729 3492 armos
2761 3434 3090 3492 arctatur.

677 3515 748 3607 ,ἓ
797 3512 954 3580 lo.
1010 3508 1133 3578 Sed
1186 3509 1349 3595 quia
1411 3509 1494 3578 de
1541 3509 1659 3578 illo
1712 3510 1782 3577 in
1844 3510 1999 3579 aliis
2057 3511 2307 3580 nostris
2354 3511 2713 3602 opusculis
2750 3511 2895 3601 jam
2948 3511 3155 3601 plura

622 3595 1063 3685 digessimuS,
1103 3619 1288 3667 nunc
1320 3598 1501 3684 quod
1554 3599 1658 3667 vix
1692 3610 1847 3667 ante
1893 3621 2007 3668 sex
2063 3599 2210 3669 dies
2252 3599 2337 3669 ad
2383 3622 2506 3670 nos
2553 3600 2832 3670 veniens
2887 3599 3145 3681 retulit,

622 3684 1071 3773 proferamus.
1137 3686 1238 3755 Ait
1286 3687 1555 3774 itaque:
1610 3708 1646 3752 «
1700 3687 1991 3777 Contigit
2040 3709 2148 3756 me
2209 3709 2432 3770 nosse,
2497 3689 2679 3777 quod
2735 3688 3148 3777 scripseriS‚

517 3799 522 3806 ·
625 3794 864 3844 novem
916 3795 1024 3843 me
1073 3796 1210 3844 uno
1242 3774 1352 3844 die
1402 3775 1721 3863 psalteria
1759 3775 2156 3845 decantasse
2209 3800 2369 3846 cum
2418 3776 2892 3878 corporalibus
2939 3777 3157 3847 disci-

624 3861 853 3950 plinis.
900 3863 1091 3945 Quod
1142 3875 1321 3933 certe
1366 3885 1526 3933 cum
1560 3864 1815 3945 audivi,
1861 3864 2296 3935 tremefactus
2326 3888 2589 3956 expavi,
2628 3879 2693 3936 et
2728 3866 3159 3935 conscientia

623 3950 1048 4021 remordente
1092 3953 1483 4042 congemui.
1522 3957 1676 4033 Vae,
1721 3953 2032 4041 inquam,
2078 3953 2279 4022 mihi:
2323 3976 2479 4025 ecce
2528 3955 2656 4024 hoc
2702 3954 2786 4023 de
2845 3976 2978 4036 me,
3031 3976 3157 4024 ne-

623 4038 873 4109 sciente
905 4061 1034 4121 me,
1080 4041 1411 4131 scriptum
1461 4053 1585 4120 est,
1624 4053 1690 4110 et
1724 4054 1942 4111 tamen
1994 4053 2227 4112 utrum
2269 4067 2306 4111 a
2367 4066 2472 4113 me
2511 4044 2639 4114 hoc
2668 4043 2842 4130 ‘fieri
2894 4043 3160 4133 potuis-

624 4141 743 4204 set,
800 4129 1062 4217 ignor0.
1102 4135 1240 4219 Ego
1299 4151 1541 4200 rursus
1578 4129 1920 4220 experiar,
1973 4143 2037 4200 et
2097 4153 2183 4201 an
2243 4133 2371 4202 boc
2421 4132 2707 4222 implere
2755 4131 3099 4222 potuerim
3137 4188 3154 4215 ‚

622 4216 1092 4287 indubitanter
1137 4241 1529 4307 agnoscam.
1570 4222 1824 4301 Quarta
1860 4219 2070 4310 igitur
2116 4220 2282 4291 feria
2341 4242 2451 4290 me
2509 4220 2808 4291 vestibus
2855 4221 3038 4301 exui,
3093 4233 3164 4294 et

621 4309 885 4375 armata
920 4307 1144 4396 scopis
1171 4321 1459 4395 utraque
1510 4330 1742 4389 manu,
1798 4319 2005 4378 totam
2043 4322 2307 4380 noctem
2344 4310 2660 4381 ducendo
2720 4309 3153 4400 pervigilem,

623 4393 938 4485 psallere,
990 4418 1069 4466 ac
1119 4419 1226 4467 me
1274 4398 1627 4468 verberare
1666 4419 1801 4467 non
1852 4397 2103 4479 destiti,
2157 4398 2375 4471 donec
2423 4398 2534 4469 die
2581 4399 2790 4469 altero
2838 4397 3160 4474 decursis
