3347 4999
660 296 788 360 316
1217 312 1295 358 na
1346 311 1437 358 ss.
1493 310 1809 357 summm
1860 311 1932 356 ετ
1980 307 2297 357 summu
2346 311 2459 356 ux.
2812 291 2985 358 OCT.
3050 294 3140 358 10

571 408 636 467 et
669 396 755 466 ad
793 396 965 465 iram
1016 418 1095 464 ac
1143 395 1444 466 furorem
1495 416 1833 465 accensus
1882 394 2407 475 intolerabilem,
2463 394 2794 481 processit
2841 395 3141 464 omnino

571 485 654 555 ad
708 506 913 555 omne
946 506 1166 585 genus
1201 496 1561 566 tormenta,
1616 483 2008 571 lectumque
2054 483 2348 552 ferreum
2402 482 2717 574 protinus
2766 484 2962 573 jubet
3012 507 3143 555 ac-

570 574 797 643 cendi.
851 578 979 656 Qui
1029 595 1185 641 cum
1240 572 1482 644 fuisset
1529 594 1886 654 accensuS,
1932 572 2131 663 jubet
2178 574 2247 640 in
2297 593 2377 641 eo
2415 572 2686 647 extendi
2729 577 3134 662 Martyrem.

570 662 695 733 Ille
741 674 969 732 autem
1021 684 1177 730 cum
1232 663 1431 752 signo
1482 662 1719 731 Crucis
1769 683 1839 732 se
1891 662 2250 741 munisset,
2306 673 2442 731 toto
2489 682 2776 752 corpore
2837 661 2967 732 fuit
3014 685 3139 733 ex-

567 765 830 822 tensus.
870 756 948 820 Et
980 753 1237 832 statim,
1283 773 1444 821 cum
1480 772 1724 820 carnes
1756 749 2037 837 quidem
2080 750 2376 841 ignitum
2415 749 2669 820 ferrum
2707 750 3130 840 attigissent,

568 842 1201 920 consumebantur,
1254 852 1319 909 et
1379 838 1986 920 dissolvebantur,
2040 853 2105 909 et
2153 840 2222 908 in
2266 840 2531 908 saniem
2571 894 2585 918 ,
2640 838 3013 927 ulceraque
3061 854 3135 910 et

565 928 852 998 vulnera
918 928 1388 999 mutabantur.
1462 928 1852 1011 Quinetiam
1908 929 2244 999 nonnulla
2315 928 2625 998 membra
2696 928 2764 996 in
2819 931 3130 998 cinerem

566 1040 896 1088 conversa
929 1072 943 1097 ,
1019 1018 1436 1108 praebebant
1486 1017 2164 1107 videndammudam
2215 1019 2477 1087 ossium
2527 1016 3125 1104 conjunctionem.

568 1113 726 1197 Ipse
775 1128 931 1175 vero
988 1119 1323 1175 tormenta
1381 1104 1642 1175 fortiter
1685 1104 2005 1186 tolerans,
2063 1118 2412 1193 tamquam
2456 1106 2524 1173 in
2580 1105 2770 1175 molli
2820 1105 3130 1193 quodam

569 1208 781 1266 strato
816 1196 1251 1275 recumbens,
1291 1194 1354 1263 ei
1383 1195 1628 1284 agebat
1662 1194 1941 1285 gratias,
1985 1216 2106 1284 pro
2152 1216 2291 1280 quo
2322 1194 2488 1264 haec
2531 1195 2941 1264 sustinebat.

656 1287 692 1371 ξ
742 1289 833 1355 θ.
890 1287 1056 1352 Cum
1109 1298 1335 1353 autem
1393 1290 1748 1372 Martyrem
1794 1283 1987 1352 nulla
2034 1296 2307 1371 caperet
2334 1284 2610 1354 satietas
2642 1305 2908 1365 earum,
2945 1304 3128 1369 quas

569 1394 692 1473 pro
733 1372 996 1441 Christo
1047 1373 1428 1443 sustinebat
1477 1372 2030 1462 perpessionum,
2085 1372 2202 1441 sed
2244 1371 2385 1441 zelo
2435 1372 2594 1441 fidei
2629 1372 2860 1441 adhuc
2895 1372 3123 1462 magis

571 1462 994 1540 incitaretur,
1034 1483 1166 1529 non
1200 1484 1348 1531 esse
1380 1460 1813 1530 tolerandum
1865 1461 2263 1541 arbitramS,
2300 1483 2533 1529 verum
2567 1459 2846 1547 quidem
2907 1465 3126 1530 Deum

567 1551 872 1619 universi
923 1550 1246 1629 irrideri,
1317 1550 1683 1619 vanitatem
1735 1563 1962 1619 autem
2029 1549 2522 1620 imbecillitatis
2582 1549 3123 1620 simulacrorum

569 1638 774 1707 abiis
820 1639 942 1724 qui
993 1651 1155 1709 tunc
1214 1639 1651 1709 dominatum
1712 1639 2158 1719 obtinebant,
2232 1638 2563 1708 celebrari
2626 1637 2953 1710 laudibus
2989 1693 3006 1719 ,
3058 1651 3129 1708 et

570 1727 987 1817 magnifieri,
1024 1750 1434 1819 generosum
1486 1726 1817 1815 quiddam
1854 1740 1920 1796 et
1942 1726 2248 1817 juvenile
2295 1749 2456 1796 exco
2509 1727 2650 1809 itat‚
2690 1727 3126 1817 dignumque

566 1818 717 1903 ejus
765 1817 983 1886 animi
1036 1816 1537 1907 magnitudine.
1593 1822 1758 1885 Nam
1810 1838 1970 1885 cum
2008 1817 2230 1886 verbis
2270 1816 2455 1885 simu
2486 1828 2665 1885 asset
2695 1838 2767 1885 se
2799 1817 3128 1885 assentiri

567 1905 986 1985 simulacriS,
1043 1918 1108 1974 et
1153 1927 1232 1974 ea
1281 1906 1543 1974 ratione
1581 1904 1818 1975 fucum
1870 1905 2138 1975 fecisset
2194 1910 2549 1994 TyrannO,
2603 1927 2763 1973 cum
2814 1904 3119 1991 quadam

567 2016 822 2083 pompa
856 2017 893 2062 a
928 1994 1166 2062 multis
1215 1994 1510 2084 stipatus
1560 1993 1997 2076 satellitibus,
2053 1995 2234 2062 venit
2267 1994 2335 2062 in
2373 1993 2708 2081 templum
2746 1992 3119 2073 idolorum,

568 2084 818 2172 partim
871 2082 1152 2169 quidem
1205 2095 1481 2174 propter
1534 2083 1956 2173 repentinam
2010 2083 2323 2172 Martyris
2374 2082 2824 2152 mutationem
2868 2083 2953 2152 iis
2990 2082 3127 2151 lae-

564 2173 874 2241 tantibus
920 2171 1042 2257 qui
1090 2184 1283 2241 erant
1333 2172 1494 2242 socii
1549 2172 1945 2262 impietatiS,
1987 2173 2233 2260 partim
2272 2183 2498 2240 autem
2552 2171 2835 2240 omnino
2882 2193 3123 2260 exspe-

568 2259 917 2328 ctantibus
971 2258 1035 2328 id
1085 2261 1269 2347 quod
1318 2274 1462 2330 erat
1500 2274 1932 2330 eventurum.
1976 2266 2229 2347 Martyr
2260 2272 2516 2337 autern,
2558 2260 2753 2328 valde
2795 2259 3124 2330 misertus

565 2348 1003 2433 insipientiae
1051 2370 1289 2418 eorum
1338 2350 1458 2436 qui
1507 2349 1912 2427 adorabant,
1966 2349 2048 2417 ad
2088 2371 2300 2418 unam
2339 2349 2680 2439 insignem
2738 2349 3117 2439 imaginem

564 2437 647 2507 ad
685 2435 1026 2507 dexteram
1081 2439 1374 2527 positam
1427 2460 1638 2530 prope
1687 2437 2043 2519 accedens,
2097 2460 2258 2508 cum
2307 2452 2485 2509 esset
2534 2459 2705 2509 usus
2758 2437 2924 2509 solis
2965 2459 3120 2540 pre-

563 2527 764 2598 cibus
812 2540 875 2596 et
924 2527 1200 2610 verbis,
1255 2549 1414 2597 cum
1481 2528 1883 2598 auctoritate
1940 2527 2268 2618 imperii,
2323 2549 2473 2596 eam
2544 2527 2738 2596 humi
2802 2540 3123 2616 protinus

564 2615 855 2704 dejecit,
908 2629 972 2685 et
1020 2616 1088 2685 in
1190 2616 1490 2686 ulverem
1543 2617 1980 2686 comminuit.
2034 2616 2223 2701 Quod
2288 2615 2567 2703 quidem
2622 2637 2781 2685 cum
2835 2616 3123 2687 vidisset

564 2705 867 2796 populus
913 2706 1030 2792 qui
1083 2728 1118 2774 a
1175 2716 1339 2786 erat,
1392 2719 1457 2774 et
1505 2705 2043 2775 imbecillitatem
2092 2727 2331 2775 eorum
2380 2727 2558 2791 quae
2620 2704 3119 2786 adorabantur,

567 2793 775 2863 simul
825 2793 1308 2885 cognovissent
1352 2807 1418 2864 et
1465 2794 2091 2875 condemnassent,
2145 2794 2499 2884 deponunt
2561 2793 2877 2883 protinus
2923 2794 3126 2864 dece-

566 2885 894 2973 ptionem,
948 2896 1013 2952 et
1060 2883 1578 2973 amplectuntur
1626 2882 1946 2972 pietatem
1975 2937 1994 2964 ,
2053 2888 2264 2952 Deum
2334 2894 2671 2972 potentem
2701 2935 2721 2962 ,
2776 2894 2841 2951 et
2889 2883 3121 2953 solum

564 2972 1062 3062 praedicantes,
1117 2994 1323 3059 quem
1375 2994 1597 3062 nuper
1646 2973 2042 3060 ignorantes
2093 2972 2437 3040 habebant
2488 2970 2814 3040 ludibrio.
2880 2973 3123 3059 Fitque

563 3062 662 3130 eis
695 3066 862 3130 Mart
917 3083 947 3129 r
975 3084 1187 3133 causa
1228 3061 1497 3143 salutis,
1542 3083 1581 3130 a
1614 3061 1897 3146 quibus,
1933 3083 2093 3131 cum
2131 3061 2325 3151 prius
2358 3060 2547 3129 stulti
2574 3072 2831 3141 essent,
2871 3081 3125 3149 praeco

561 3172 710 3221 esse
758 3163 866 3218 stu
904 3150 1087 3219 titiae
1143 3152 1538 3239 putabatur.

651 3240 688 3325 ξ
733 3241 811 3309 ’1.
867 3242 1046 3308 Haec
1092 3260 1253 3307 cum
1303 3252 1532 3309 essent
1579 3237 1885 3309 Praesidi
1934 3238 2075 3308 irae
2125 3236 2409 3307 materia
2458 3249 2522 3306 et
2569 3235 2880 3319 occasio,
2923 3236 3122 3307 aliud

561 3324 731 3413 quid
784 3327 937 3395 novi
980 3327 1316 3408 incidenS,
1374 3329 1593 3417 magis
1643 3329 2101 3408 conturbavit,
2140 3340 2205 3397 et
2252 3325 2336 3395 ad
2391 3327 2562 3395 iram
2605 3327 2969 3396 concitavit
3005 3326 3155 3395 in·-

567 3413 1023 3483 tolerandam.
1077 3416 1426 3498 Quaedam
1476 3417 1659 3485 enim
1714 3415 2262 3497 adolescentula,
2317 3437 2493 3502 quae
2532 3435 2757 3504 nuper
2793 3437 2873 3484 ex
2913 3414 3126 3506 virgi-

563 3503 844 3572 nalibus
891 3502 1218 3573 thalamis
1268 3519 1713 3595 processerat,
1766 3518 1832 3576 et
1862 3527 2032 3575 ausa
2081 3517 2225 3574 erat
2271 3505 2503 3572 venire
2553 3503 2619 3571 in
2663 3526 2832 3573 cons
2884 3517 3118 3573 ectum

564 3590 895 3673 virorum,
949 3614 1109 3661 cum
1161 3615 1234 3663 se
1281 3593 1766 3664 admiscuisset
1816 3593 2296 3673 multitudini,
2350 3605 2415 3662 et
2460 3592 2787 3662 athletam
2866 3605 3121 3662 fatrem

562 3702 712 3751 esse
759 3682 1169 3772 agnovisset,
1215 3682 1559 3764 ‚accedens
1610 3683 1679 3751 in
1733 3682 2038 3753 medium
2082 3683 2452 3762 theatrum,
2493 3703 2653 3750 eum
2703 3675 3061 3771 complex'a
3095 3736 3114 3763 ,

563 3770 792 3840 statim
843 3769 1129 3841 docebat
1169 3770 1370 3861 signa
1417 3772 1709 3861 generis,
1752 3794 1822 3842 se
1851 3772 2125 3843 eosdem
2177 3770 2494 3840 videlicet
2535 3791 2735 3840 nosse
2772 3782 3115 3861 parentes»,

565 3858 801 3927 eodem
830 3872 1025 3929 utero
1058 3881 1206 3929 esse
1237 3860 1479 3939 editos,
1509 3882 1588 3929 ac
1622 3860 1862 3929 eadem
1897 3861 2161 3931 suxisse
2195 3859 2431 3929 ubera.
2467 3860 2723 3929 Deinde
2756 3859 3123 3930 revocabat

564 3946 635 4014 in
673 3961 967 4017 mentem
1022 3961 1385 4038 parentum
1424 3949 1996 4028 benevolentiam,
2037 3964 2101 4018 et
2132 3948 2735 4029 cohabitationem,
2773 3962 2840 4018 et
2870 3948 3124 4036 hujus-

565 4035 752 4104 modi
802 4037 936 4106 alia
1001 4038 1246 4136 signa;
1300 4049 1365 4107 et
1417 4051 1759 4139 postremo
1808 4037 2078 4107 dicebat
2145 4059 2216 4107 se
2278 4037 2448 4107 velle
2502 4058 2651 4107 esse
2709 4037 3122 4128 participem

562 4123 869 4213 ejusdem
922 4125 1084 4195 fidei
1131 4137 1198 4196 et
1244 4126 1645 4218 religionis,
1699 4139 1764 4196 et
1825 4127 2285 4196 communiter
2340 4148 2503 4196 cum
2570 4126 2776 4195 fratre
2837 4125 3123 4196 easdem

565 4213 797 4282 subire
845 4214 1342 4304 perpessiones.
1397 4220 1577 4285 Haec
1623 4223 1787 4306 e'rgo
1837 4213 2179 4284 infelicem
2223 4215 2503 4303 quidem
2548 4219 2946 4305 Tyrannum
2982 4215 3126 4283 im-

565 4301 848 4392 plebant
919 4302 1392 4374 dubitatione:
1471 4318 1886 4394 spectatores
1936 4317 2162 4374 autem
2231 4325 2493 4384 eorum,
2569 4324 2746 4390 quae
2805 4303 3117 4385 fiebant,

563 4391 1027 4481 provocabant
1094 4392 1179 4462 ad
1247 4394 1596 4492 pietatem..
1660 4399 2011 4464 Caeterum
2083 4392 2196 4463 ille
2267 4392 2579 4484 protinus
2614 4447 2630 4474 ,
2705 4413 2867 4462 cum
2940 4406 3130 4464 esset
