3347 4999
210 349 384 415 OCT.
440 350 526 414 28
1087 367 1164 412 nn
1213 366 1267 412 s.
1320 365 1631 413 ranam-10
1680 366 1871 412 naar.
1993 393 2000 400 -
2531 353 2657 418 739

213 451 523 531 debetur,
549 450 875 521 caruisse.
901 449 1022 520 Sed
1053 471 1131 519 ex
1161 449 1789 520 innumerabilibus
1820 448 1988 519 forte
2028 450 2364 522 bellorum
2394 452 2740 536 cladibus»,

212 561 391 627 quae
422 539 711 610 Galliam
771 538 1345 625 Germaniamque
1393 551 1851 620 vastaverunt,
1914 561 2071 607 cum
2128 544 2537 630 Moguntiae‚
2591 554 2737 612 tum

213 628 676 719 plurimarum
728 627 1034 707 urbium,
1088 648 1264 714 quae
1298 648 1434 696 non
1482 640 1734 708 extant,
1778 626 2198 698 monimenta
2249 630 2620 719 perierunt.
2660 635 2738 700 In

211 717 563 787 Chronicis
597 717 824 804 itaque
871 716 1215 785 curiosius
1248 715 1593 802 requisitis
1641 715 2033 785 invenimus
2064 717 2406 799 Archadii,
2462 719 2745 789 Honorii

212 805 709 892 Theodosiique
727 804 1030 895 junioris
1060 804 1509 893 temporibuS‚
1547 804 1678 874 sub
1712 803 2222 887 PharamundO,
2263 806 2514 888 clodio,
2547 813 2746 878 Mero·

211 916 470 982 veoque
517 899 934 963 Francorum
986 893 1312 983 Regibus,
1366 891 1696 962 Romanis
1735 891 1965 962 adhuc
2004 894 2531 985 imperantibuS,
2591 896 2744 966 Gal-

214 983 344 1053 lias
393 1006 432 1053 a
481 982 771 1052 diversis
804 981 1068 1052 attritas
1102 981 1447 1073 gentibus,
1503 981 1709 1050 urbes
1764 980 2133 1053 solotenus
2182 983 2468 1066 dirutaS‚
2498 984 2745 1056 incolis

213 1071 595 1162 captivatis,
643 1070 840 1140 villas
886 1083 1202 1140 exustas:
1255 1069 1373 1139 ubi
1423 1092 1582 1139 cum
1634 1069 2042 1160 supellectili
2096 1071 2381 1159 reliqua,
2443 1072 2748 1144 liberalis

210 1160 443 1241 etiam,
497 1160 554 1232 si
602 1182 740 1247 qua
817 1158 1059 1240 fuerat,
1117 1171 1376 1248 poterat
1447 1158 1708 1228 aboleri
1755 1158 2146 1249 disciplina.
2227 1161 2417 1231 Unde
2495 1184 2575 1231 ne
2627 1183 2751 1252 pro

212 1249 419 1319 certis
467 1248 724 1318 incerta
793 1247 1119 1338 probasse
1183 1247 1572 1328 videamur,
1626 1247 1807 1334 quod
1882 1248 2219 1319 habemus
2288 1250 2357 1318 in
2423 1262 2748 1341 promptu

211 1358 610 1425 sequamur,
670 1335 1239 1427 magnaliumque
1293 1336 1403 1406 Dei
1461 1335 1852 1405 laudatores
1913 1339 2163 1425 potius,
2216 1360 2422 1425 quam
2460 1339 2748 1427 judicio-

213 1449 368 1496 rum
426 1425 581 1513 ejus
621 1423 1428 1515 incomprehensibilium
1497 1438 1934 1507 scrutatore-S,
1987 1426 2444 1496 inveniamur.
2501 1432 2747 1518 Propo-

213 1515 485 1585 suimus
539 1530 764 1584 autem
820 1514 945 1583 hoc
994 1535 1306 1583 sermone
1354 1513 1437 1582 ad
1490 1514 1824 1604 gaudium
1898 1514 2255 1604 spirituale
2307 1530 2565 1586 mentes
2625 1539 2748 1586 au-

212 1603 548 1673 dientium
607 1623 1012 1694 provocare,
1076 1624 1214 1689 quo
1265 1601 1421 1691 plus
1472 1624 1592 1694 per
1638 1601 2039 1671 charitatem
2104 1601 2605 1686 aedificantem,
2660 1605 2746 1675 ad

219 1697 624 1762 Sanctorum
654 1691 1039 1761 societatem
1079 1690 1545 1780 proficiamus,
1580 1712 1788 1777 quam
1825 1712 1945 1781 per
1970 1692 2325 1761 scientiam
2361 1693 2742 1775 inflantem,

214 1782 302 1850 ab
354 1779 602 1849 interni
642 1779 882 1880 gaudii
930 1778 1376 1849 delectatione
1437 1779 1870 1850 deficiamus.
1927 1780 2049 1849 Sed
2113 1780 2400 1850 humani
2467 1782 2749 1853 tarditas

217 1869 506 1959 ingenii,
560 1890 724 1956 quta
773 1870 880 1937 vix
914 1867 996 1937 ad
1051 1866 1613 1937 intellectualium
1660 1870 2159 1959 perceptionem
2201 1882 2417 1958 potest
2463 1870 2742 1951 adduci,

219 1958 353 2026 nisi
404 1956 632 2028 cordis
690 1958 958 2026 interna
1026 1957 1214 2045 prius
1273 1956 1662 2046 cognitione
1734 1970 2104 2042 pascantur
2149 1958 2504 2039 exteriori,
2551 1958 2747 2047 juxta

212 2045 396 2132 quod
433 2045 794 2136 Apostolus
825 2046 959 2114 ait:
996 2050 1138 2115 Non
1167 2047 1359 2135 prius
1392 2046 1568 2134 quod
1597 2046 1985 2200 [sipirituala
2040 2045 2156 2115 sed
2193 2047 2370 2138 quod
2422 2050 2742 2128 animale,

212 2136 449 2204 deinde
496 2135 673 2226 quod
700 2136 1061 2225 spirituale
1095 2134 1190 2223 (1.
1231 2138 1371 2204 Cor.
1413 2133 1544 2222 xv);
1650 2134 1911 2202 icemus
1942 2134 2325 2203 secundum
2375 2136 2557 2224 quod
2596 2158 2746 2227 per-

215 2223 554 2313 cepimus,
612 2243 743 2290 non
794 2222 1076 2309 quidem
1144 2221 1530 2290 narratione
1586 2221 1787 2311 plena
1836 2222 2148 2311 Martyris
2203 2223 2412 2325 hujus
2461 2226 2747 2297 sanctis-

213 2312 373 2380 simi
407 2311 807 2392 certamina,
863 2310 979 2379 sed
1024 2310 1421 2379 summatim
1475 2310 2009 2401 perstringentes
2057 2312 2456 2382 novisslma.

301 2401 366 2493 ἐ,
384 2404 531 2469 12.
586 2403 677 2467 Ex
710 2397 952 2467 litteris
985 2399 1211 2485 itaque
1248 2398 1600 2478 mausolei,
1635 2420 1774 2485 quo
1806 2399 2268 2469 sacratissima
2307 2400 2747 2488 medelaeque

215 2486 356 2556 scia
394 2487 427 2520 ⁴
468 2485 937 2557 reconduntur
994 2509 1171 2566 ossa,
1242 2487 1341 2555 vir
1404 2487 1528 2557 iste
1589 2486 1829 2558 beatus
1876 2488 2315 2580 cognoscitur
2362 2492 2747 2582 Moguntiae

213 2575 635 2656 demoratuS,
689 2597 1053 2664 amoreque
1096 2575 1329 2645 divino
1380 2575 1738 2667 cingulum
1806 2578 2098 2648 militare
2154 2578 2459 2662 solvisse,
2514 2578 2748 2650 altari-

212 2665 484 2751 busque
533 2664 770 2745 sacriS‚
825 2664 1088 2735 Christo
1134 2665 1457 2756 deinceps
1507 2665 1834 2747 victuruS,
1889 2689 2081 2736 arma
2131 2667 2502 2737 devovisse.
2542 2668 2741 2750 Hinc,

211 2753 411 2823 urbis
511 2752 843 2824 raefectus
889 2754 991 2823 ira
1038 2768 1462 2833 commotus,
1519 2753 1853 2824 incertum
1904 2754 2331 2827 Christianus
2379 2776 2463 2825 an
2519 2755 2745 2825 ethni-

211 2864 359 2922 cus,
405 2775 583 2911 uFtra
633 2843 947 2912 Rhenum
999 2842 1275 2912 castello
1311 2847 1634 2912 Sanctum
1688 2843 2198 2933 transmigravit
2231 2843 2490 2923 exsilio,
2540 2843 2747 2914 ferro-

209 2952 346 3016 que
385 2931 684 3000 vinctum
715 2931 970 3001 carceri
1007 2931 1421 3022 mancipavit
1451 2930 1828 3000 tenebroso.
1871 2931 2150 3001 Diutina·
2176 2954 2331 3002 vero
2360 2945 2745 3003 maceratus

211 3018 467 3098 inedia,
524 3042 642 3110 per
690 3043 802 3090 sex
853 3041 1122 3089 menses
1169 3019 1501 3090 beneficia
1549 3041 1685 3088 non
1721 3019 2198 3120 experiebatur
2239 3020 2568 3091 humana:
2625 3021 2745 3092 sed

211 3108 472 3176 carnali
524 3109 891 3179 destitutus
929 3109 1309 3197 juvamine,
1365 3106 1710 3198 spirituali
1758 3107 2087 3178 divinitus
2129 3108 2465 3180 solamine
2509 3109 2747 3180 fulcie-

211 3198 437 3265 batur.
496 3197 670 3266 Hinc
721 3198 948 3285 itaque
999 3195 1323 3286 poculum
1379 3196 1719 3285 passionis
1774 3217 2089 3266 amarum
2162 3219 2291 3267 non
2335 3198 2737 3269 exhorruit:

213 3306 501 3354 securus
548 3298 774 3355 autem
825 3286 1108 3354 calicem
1155 3286 1388 3354 mortis
1435 3283 1772 3365 exhausit,
1804 3306 2007 3372 quem
2053 3284 2246 3375 prius
2279 3308 2399 3376 pro
2437 3286 2746 3378 exemplo

212 3393 533 3442 summus
568 3374 738 3443 bibit
772 3374 1110 3452 medicus,
1167 3395 1250 3441 ne
1298 3371 1615 3442 lethalem
1650 3393 1835 3453 eum,
1885 3373 2001 3443 sed
2040 3374 2540 3457 medicinalem,
2596 3399 2743 3447 cre-

211 3459 400 3528 deret
429 3474 770 3549 aegrotus
825 3467 1142 3541 SecuruS‚
1182 3461 1489 3548 inquam,
1526 3461 1766 3530 mortis
1804 3462 2211 3532 exhauserat
2240 3464 2547 3546 calicem,
2578 3465 2745 3553 quia

213 3570 335 3639 per
368 3548 543 3617 hanc
581 3549 1108 3619 amaritudinem
1152 3549 1237 3618 ad
1287 3549 1857 3619 inaestimabilem
1909 3573 1981 3622 se
2043 3566 2527 3641 perventurum
2586 3576 2740 3644 spe-

210 3637 384 3706 ravit
433 3636 894 3707 dulcedinem.
955 3643 1211 3709 Poenas
1260 3638 1470 3728 igitur
1523 3637 1782 3708 fortiter
1826 3638 1896 3674 *⁴*
1942 3660 2249 3721 currens»,
2288 3640 2573 3711 calicem
2614 3647 2741 3711 Do-

210 3726 382 3795 mini
415 3725 632 3795 laetus
667 3725 861 3807 bibit,
895 3726 1128 3814 sicque
1161 3747 1391 3798 mense
1423 3726 1894 3818 septimofelix
1921 3728 1988 3797 in
2026 3730 2310 3799 Domino
2330 3729 2736 3816 quievitm.

207 3814 453 3884 Pulcre
503 3836 655 3884 vero
701 3815 844 3902 qui,
902 3814 1305 3904 posthabitis
1361 3815 1651 3886 actualis
1684 3816 1858 3885 vitae
1907 3815 2284 3899 laboribuS,
2332 3823 2462 3887 Deo
2497 3839 2739 3889 vacare

207 3904 615 3993 disponebat
664 3904 732 3972 in
782 3904 1500 3994 contemplationibus,
1551 3905 2066 3994 impedimentis
2096 3906 2474 3976 absolvitur
2525 3928 2745 3999 popu-

207 3992 492 4073 laribUS,
547 3992 694 4062 loco
744 3993 1097 4063 munitiori
1135 4004 1337 4080 atque
1376 3994 1718 4062 secretiori
1769 3993 2174 4075 destinatur,
2206 3995 2501 4066 vinculis
2540 4018 2741 4066 amo-

209 4080 305 4151 ris
351 4082 595 4151 Christi
645 4082 1163 4183 constringitur,
1219 4082 1517 4152 tenebris
1551 4081 1943 4152 mundanae
1991 4083 2209 4153 noctis
2259 4082 2629 4167 addicitur,
2665 4098 2745 4155 ut

209 4167 473 4240 lumine
529 4171 666 4240 veri
739 4170 904 4242 solis
977 4169 1398 4240 indeficienti
1450 4170 1789 4262 potiatur:
1845 4171 2219 4242 materialis
2285 4171 2465 4244 fame
2539 4175 2742 4264 panis

260 4366 286 4392 *
315 4365 556 4413 Videlicet.
573 4376 682 4408 oasa
702 4377 823 4417 quae
842 4368 1087 4409 scientium
1106 4371 1247 4418 atque
1267 4367 1494 4409 virtutem
1513 4365 1773 4408 medicandi
1794 4369 2053 4418 possident.

264 4418 318 4446 *2
345 4419 484 4459 Forte
504 4421 755 4470 legendum
776 4422 870 4462 est:
879 4423 1048 4471 serena.

260 4472 343 4501 *⁴¹*
372 4474 472 4521 Quo
490 4484 611 4515 anno
630 4476 674 4516 s.
693 4476 936 4517 Feri-utine
957 4485 982 4517 e
1001 4475 1100 4517 vita
1117 4475 1400 4521 discesserit.
1423 4471 1538 4514 mihi
1561 4482 1655 4515 non
1673 4475 1748 4515 est
1766 4475 2071 4524 compertum.
