3347 4999
232 312 408 380 OCT.
464 312 503 375 8
1102 327 1180 373 nn
1229 327 1284 374 S.
1339 324 1604 373 rement
1651 324 1897 373 romlr.
2565 309 2692 373 259

234 415 330 484 Ad
371 414 538 482 haec
582 423 865 483 sanctus
898 417 1184 481 Nonnus
1216 412 1309 480 ita
1337 410 1728 500 rescripsit:
1766 433 1803 476 «
1831 415 2319 497 Quaecumque
2353 410 2622 480 tandem
2657 410 2775 491 siS,

237 500 606 574 manifesta
657 522 731 570 es
780 505 935 583 Deo,
976 522 1098 570 nec
1149 498 1309 569 latet
1355 522 1511 568 eum
1565 498 1935 569 consilium
1986 512 2050 568 et
2100 499 2417 568 voluntas
2467 513 2605 569 tua.
2666 505 2783 569 In-

237 593 436 662 terim
471 604 694 659 tamen
729 588 908 671 vide,
947 611 1031 658 ne
1066 601 1325 665 tentare
1357 609 1527 657 ausa
1564 589 1658 658 sis
1695 586 2153 656 humilitatem
2189 609 2437 666 meam,
2469 588 2591 674 qui
2621 610 2779 657 sum

236 681 447 755 homo
497 690 835 769 peccator,
872 699 1111 747 servus
1147 677 1639 766 omnipotentis
1691 675 1829 745 Dei.
1869 674 2057 757 Quod
2117 675 2175 744 si
2218 697 2451 743 revera
2491 689 2669 745 tenet
2721 690 2782 747 te

238 768 658 840 desiderium
711 767 1146 858 pertingendi
1190 766 1273 834 ad
1328 764 1541 853 hujus
1591 765 1706 833 Dei
1759 763 2071 833 virtutem
2125 776 2189 833 et
2247 763 2480 843 fidem,
2536 786 2782 851 meque

237 858 470 927 videre
503 857 626 938 vis,
681 868 842 924 sunt
892 877 1159 924 mecum
1213 853 1331 923 alii
1382 854 1725 943 Episcopi,
1780 853 2037 940 quibus
2081 852 2584 942 praesentibus,
2641 874 2779 921 non

236 946 607 1037 negabitur
648 944 767 1013 tibi
804 945 997 1034 copia
1047 966 1152 1013 me
1191 942 1504 1012 videndi:
1552 942 1668 1012 sed
1705 941 1845 1010 sola
1887 941 2183 1031 profecto
2218 962 2348 1009 non
2395 940 2782 1010 admitteris

239 1036 327 1106 ad
379 1045 823 1123 conspectum
882 1055 1199 1102 meum.»
1251 1038 1428 1101 Haec
1463 1054 1619 1101 cum
1675 1031 1795 1099 illa
1844 1029 2141 1120 legisset,
2198 1050 2448 1119 magna
2506 1028 2783 1118 perfusa

240 1124 463 1195 animi
515 1123 952 1203 exultatione,
993 1143 1205 1191 cursu
1258 1121 1610 1191 contendit
1671 1119 1754 1187 ad
1816 1118 2173 1189 basilicam
2231 1118 2408 1187 beati
2459 1117 2783 1208 martyris

238 1211 527 1292 Juliani,
577 1211 1043 1298 indicavitque
1082 1232 1296 1299 seeo
1348 1210 1732 1278 advenisse.
1795 1209 1872 1277 Id
1937 1208 2057 1278 ubi
2108 1205 2444 1296 comperit
2497 1220 2781 1276 sanctus

239 1303 611 1393 episcopus
650 1304 979 1380 Nomius,
1032 1300 1295 1368 vocavit
1343 1298 1424 1367 ad
1480 1320 1552 1366 se
1600 1297 1773 1367 alios
1812 1297 2183 1387 Episcopos
2226 1317 2505 1373 omnes,
2551 1318 2631 1364 ac
2662 1295 2777 1364 de-

239 1390 405 1460 inde
440 1388 654 1477 jussit
712 1409 859 1456 eam
914 1387 998 1456 ad
1035 1410 1105 1457 se
1136 1388 1481 1457 accedere.
1520 1387 1713 1456 Venit
1740 1386 1880 1466 illa,
1916 1386 2037 1455 ubi
2072 1383 2401 1453 sedebant
2432 1384 2775 1473 Episcopi,

242 1499 530 1566 seseque
579 1478 646 1545 in
703 1476 1172 1567 pavimentum
1240 1498 1453 1566 prono
1524 1476 1722 1545 vultu
1786 1488 2257 1565 prosternens,
2326 1472 2785 1563 apprehendit

242 1568 453 1660 pedes
487 1565 670 1635 beati
714 1567 969 1646 Nonni,
1009 1566 1237 1652 aitque
1269 1565 1353 1634 ad
1388 1587 1586 1635 eum:
1625 1589 1660 1631 «
1693 1570 1879 1654 Rogo
1915 1576 1998 1643 te,
2041 1563 2136 1632 mi
2169 1562 2471 1640 domine,
2513 1562 2781 1631 imitare

240 1657 650 1745 magistrum
704 1667 897 1724 tuum
968 1655 1331 1723 Dominum
1394 1659 1630 1723 Jesum
1690 1653 2070 1733 Christum,
2107 1665 2171 1720 et
2210 1651 2562 1739 impertire
2607 1650 2779 1719 mihi

239 1744 770 1824 humanitatem,
821 1765 1063 1829 meque
1105 1743 1560 1812 Christianam
1594 1740 1811 1811 effice.
1856 1747 1993 1830 Ego
2040 1741 2225 1809 enim
2284 1762 2437 1810 sum
2493 1739 2779 1830 pelagus

240 1836 330 1904 fla
388 1834 688 1913 itiorum‚
726 1845 792 1901 et
837 1832 1176 1918 quaedam
1222 1830 1604 1918 iniquitatis
1635 1832 1952 1921 abyssus.
1998 1835 2154 1898 Peto
2187 1842 2413 1898 autem
2459 1840 2775 1897 sanctum

241 1924 336 1994 rni
365 1924 415 1990 11
451 1919 740 1991 conferri
793 1920 1158 2010 baptisma.
1195 1943 1231 1987 »
1273 1924 1577 2007 Cumque
1615 1920 1719 1988 vix
1771 1919 1832 1987 ei
1880 1917 2331 2008 persuasisset
2366 1917 2769 2006 EpiscopuS,

241 2025 320 2082 ut
369 2034 406 2079 a
447 2009 741 2100 pedibus
774 2009 924 2097 ejas
957 2022 1290 2099 surgeret,
1344 2009 1442 2078 sic
1492 2007 1590 2077 illi
1630 2007 1904 2077 locutus
1935 2020 2075 2076 est:
2117 2031 2150 2073 «
2186 2006 2370 2075 Sacri
2408 2007 2778 2095 Episcopo-

242 2122 397 2171 rum
435 2105 740 2169 Canones
775 2111 997 2167 vetant
1026 2097 1356 2187 baptizari
1393 2098 1846 2178 meretricem,
1880 2097 2011 2165 nisi
2048 2094 2492 2181 fidejussores
2522 2095 2556 2128 ⁴⁸
2585 2094 2781 2162 adhi-

235 2191 419 2270 beat,
458 2188 573 2275 qui
609 2186 815 2256 fidem
853 2186 1017 2255 dent
1053 2209 1203 2255 eam
1242 2208 1371 2255 non
1413 2185 1786 2255 redituram
1819 2185 1901 2253 ad
1946 2197 2296 2253 anteactae
2339 2183 2510 2252 vitae
2560 2183 2777 2271 turpi-

244 2277 576 2348 tudinem.
610 2299 646 2343 »
679 2280 819 2345 Hac
854 2276 1171 2366 Episcopi
1213 2276 1550 2344 sententia
1597 2272 1857 2355 audita,
1896 2296 2142 2343 rursus
2184 2273 2248 2340 in
2304 2272 2776 2362 pavimentum

240 2389 312 2436 se
377 2365 654 2454 abjicit,
721 2365 1391 2453 comprehensosque
1443 2364 1661 2434 sancti
1728 2362 1849 2432 viri
1903 2362 2109 2452 pedes
2169 2362 2345 2451 rigat
2410 2360 2773 2451 laerymiS,

239 2469 306 2525 et
355 2451 627 2543 capillis
677 2454 821 2522 suis
868 2454 1182 2545 detergit,
1227 2453 1530 2539 dicitque
1580 2451 1724 2521 illi:
1765 2456 1928 2522 «Tu
1978 2452 2207 2539 itaque
2258 2449 2585 2519 rationem
2625 2449 2781 2519 red-

240 2543 362 2611 des
395 2543 586 2631 justo
629 2540 896 2628 judici,
949 2549 1098 2625 Deo,
1161 2565 1284 2633 pro
1332 2543 1564 2612 anima
1621 2563 1795 2622 mea,
1856 2555 1921 2610 et
1973 2541 2091 2610 tibi
2140 2539 2498 2629 imputabo
2544 2539 2781 2608 omnia

240 2629 502 2702 scelera
536 2642 599 2699 et
639 2630 900 2719 flagitia
943 2652 1116 2712 mea,
1158 2632 1213 2701 si
1264 2631 1615 2701 distuleris
1666 2630 1838 2699 mihi
1880 2631 2193 2721 impurae
2225 2642 2290 2697 et
2341 2628 2780 2716 turpissimae

240 2718 566 2789 salutaris
626 2717 878 2787 lavacri
930 2718 1338 2789 beneficium
1393 2719 1770 2810 impertire.
1830 2725 1972 2790 Non
2023 2719 2110 2788 sit
2160 2718 2282 2788 tibi
2325 2717 2543 2807 portio
2591 2715 2778 2806 apud

238 2813 450 2878 Deum
488 2808 668 2878 inter
715 2819 987 2878 sanctos
1035 2807 1209 2897 ejus,
1266 2808 1395 2879 nisi
1452 2830 1560 2878 me
1600 2808 1840 2878 feceris
1874 2807 2168 2877 alienam
2220 2829 2259 2875 a
2313 2804 2670 2875 maleficiis
2711 2818 2777 2873 et

287 2897 537 2967 eccatis
587 2897 782 2966 meis.
836 2898 1128 2987 Negasse
1164 2902 1401 2979 Deum,
1437 2909 1503 2966 et
1537 2898 1717 2967 idola
1751 2896 2048 2967 coluisse
2082 2895 2451 2974 censearis,
2500 2893 2635 2961 nisi
2670 2914 2777 2962 me

234 2920 443 3056 liodie
493 2986 563 3055 in
612 2986 859 3057 Christi
896 2986 1067 3056 Jesu
1121 3007 1445 3075 sponsam
1498 2988 1767 3057 renasci
1817 2986 2102 3064 seceris,
2155 2995 2219 3053 et
2265 2982 2595 3052 obtuleris
2646 2985 2776 3050 Deo

239 3097 488 3166 puram
523 3086 588 3143 et
620 3074 1163 3144 immaculatam.
1207 3097 1243 3141 »
1399 3131 1404 3136 .

325 3166 361 3251 ξ
408 3166 482 3232 ³2.
538 3169 708 3232 Tum
751 3186 908 3233 vero
957 3162 1279 3254 Episcopi
1317 3184 1559 3232 omnes
1605 3174 1671 3232 et
1704 3160 1961 3240 clerici,
2000 3159 2120 3246 qui
2161 3171 2643 3241 convenerant,
2681 3158 2778 3226 vi-

237 3252 481 3323 dentes
533 3251 720 3320 illam
773 3252 1115 3342 insignem
1162 3253 1614 3332 meretricem,
1669 3250 1949 3340 flagitiis
1998 3248 2324 3328 omnibus
2357 3261 2771 3339 coopertam,

238 3362 490 3432 magno
542 3340 654 3408 Dei
705 3340 1047 3411 desiderio
1096 3340 1443 3429 ejusmodi
1493 3360 1842 3409 sermones
1876 3349 2324 3429 promentem,
2361 3359 2520 3406 cum
2560 3336 2776 3406 multa

236 3429 693 3499 admiratione
741 3429 1106 3512 dicebant,
1180 3452 1535 3517 nunquam
1590 3450 1663 3498 se
1725 3426 1926 3498 talem
2000 3426 2254 3497 vidisse
2310 3425 2562 3506 fidem,
2625 3436 2775 3494 tan-

237 3529 523 3605 tumque
570 3517 979 3588 obtinendae
1028 3517 1272 3588 salutis
1320 3518 1740 3589 desiderium
1774 3571 1789 3597 ‚
1841 3529 2177 3605 quantum
2233 3515 2300 3584 in
2353 3514 2471 3583 illa
2520 3513 2776 3583 femina

234 3608 617 3708 appareret.
693 3611 981 3693 Moxque
1050 3605 1461 3697 ablegarunt
1523 3628 1633 3675 me
1702 3619 2121 3696 peccatorem
2197 3604 2280 3673 ad
2355 3604 2774 3694 Episcopum

234 3695 573 3776 civitatiS,
642 3706 718 3764 ut
767 3694 935 3765 haec
1003 3696 1238 3764 omnia
1307 3695 1369 3764 ei
1419 3694 1881 3796 significarem
1920 3749 1935 3776 ,
1989 3714 2439 3784 rogaremque
2505 3705 2581 3761 ut
2625 3691 2777 3781 ejus

233 3783 592 3855 beatitudo
640 3804 851 3852 unam
903 3805 982 3853 ex
1036 3783 1449 3854 Diaconissis
1489 3782 1763 3874 juberet
1798 3805 2066 3852 mecum
2112 3781 2363 3851 venire.
2394 3780 2779 3870 Episcopus

233 3872 347 3943 his
387 3872 690 3954 auditis,
749 3871 1140 3943 incredibili
1189 3873 1474 3942 affectus
1525 3871 1781 3963 gaudio
1811 3926 1826 3953 ,
1892 3895 1926 3939 «
1965 3877 2140 3941 Bene
2178 3926 2194 3954 ,
2249 3871 2317 3940 in
2372 3869 2526 3950 uit,
2588 3881 2778 3958 pater

234 3961 673 4043 venerabiliS‚
730 3970 790 4030 te
831 3962 1087 4031 isthaec
1137 3983 1345 4052 opera
1396 3962 1884 4033 sustinebant:
1947 3961 2128 4040 scio,
2185 3981 2321 4047 quo
2417 3980 2492 4027 os
2543 3979 2772 4026 meum

236 4051 399 4120 eris.
452 4057 532 4121 Et
578 4050 940 4122 confestim
982 4051 1203 4141 jussit
1249 4070 1521 4118 mecum
1575 4051 1673 4119 ire
1721 4049 2071 4120 dominam
2124 4053 2498 4116 Romanam
2534 4102 2549 4128 ‚
2601 4068 2777 4133 quae

233 4138 308 4207 in
359 4140 775 4212 Diaconissis
828 4139 1085 4230 primas
1133 4139 1507 4209 obtinebat.
1580 4144 1672 4208 Ea
1721 4139 2048 4219 veniens,
2104 4136 2389 4206 offendit
2426 4134 2773 4225 Pelagiam

290 4333 316 4359 *¹
348 4332 368 4352 ⁸
385 4333 451 4377 Id.
479 4335 672 4375 observat
691 4336 1019 4377 'tillemontius
1044 4336 1094 4376 in
1115 4337 1258 4376 'rome
1281 4337 1329 4376 12
1351 4337 1539 4376 Monam.
1556 4337 1814 4380 Ecclesiam„
1834 4331 1880 4374 in
1902 4331 2223 4378 conciliorum.
2243 4344 2361 4382 quae
2380 4334 2621 4376 habemus,
2639 4341 2778 4371 cano-

232 4383 378 4428 nibus
406 4389 599 4435 reperiri
626 4400 719 4431 nou
740 4391 903 4434 credet
923 4400 1087 4430 verum
1107 4390 1284 4440 regula.
1305 4400 1424 4438 quae
1444 4393 1557 4430 turc
1576 4389 1744 4441 (nempe
1764 4401 1859 4428 cum
1878 4389 2051 4439 Pelayia
2072 4389 2130 4427 αιῖ
2146 4389 2453 4440 bonassruqee
2473 4393 2532 4428 esc
2554 4388 2779 4433 conversa)

234 4440 582 4490 observaretur,
599 4453 701 4485 esse
719 4446 920 4495 poterat,
938 4444 1267 4493 Ecclesiaeque
1289 4444 1540 4486 sanctitate
1561 4447 1662 4485 erat
1682 4444 1833 4493 digna.
1854 4470 1878 4492 η
