3347 4999
765 332 849 396 92
1359 348 1434 393 nr:
1486 348 1537 394 s.
1593 345 1881 393 censano
1929 346 2170 392 Annam
2218 345 2550 392 nnoNfflNsr
2968 325 3180 391 OCT.
3233 328 3262 390 3

679 433 993 525 permoti,
1033 453 1168 501 non
1203 444 1513 522 poterant
1560 434 1887 510 abnuere,
1935 430 2119 518 quod
2158 431 2575 522 petebatur):
2616 454 2650 495 «
2682 434 2730 500 Ο
2766 429 3088 530 Eugeni,
3135 428 3262 497 cla·

675 521 1388 701 &iggirglralerrgaprtymm
1448 542 1747 611 gemma,
1782 520 1942 608 quis
1991 542 2115 610 pro
2163 519 2499 610 dignitate
2533 533 2686 589 tuas
2727 531 2958 609 possit
3002 517 3258 586 laudes

1018 813 1023 814 ff
1100 756 1286 820 Gallia
1336 774 1543 822 nonne
1588 759 1711 819 tuis
1754 758 2084 821 virtutibus
2124 760 2319 821 enitet
2361 759 2605 820 omnis?

1103 838 1300 900 Nemo
1346 847 1522 900 tuum
1567 839 1720 916 petit
1762 838 2086 909 auxilium,
2130 839 2282 917 quin
2330 846 2616 917 impetret
2663 837 2849 899 illud:

1102 919 1256 980 Nam
1299 920 1531 979 cunctis
1575 918 1737 978 nosti
1779 918 2179 993 languoribus
2227 919 2348 995 ipse
2377 918 2633 980 mederi.
2680 942 2704 971 ι»

675 1085 931 1154 Deinde
970 1084 1055 1153 ad
1107 1083 1329 1152 virum
1363 1083 1513 1151 Dei:
1561 1106 1597 1147 «
1636 1087 1882 1172 Magna
1914 1081 2220 1169 quidem,
2267 1082 2614 1169 inquiunt,
2657 1080 3006 1172 postulaS,
3061 1094 3248 1175 pater

674 1173 1101 1250 dulcissime,
1146 1185 1212 1241 et
1249 1192 1427 1258 quae
1465 1171 1710 1252 cuiviS‚
1767 1184 1828 1241 te
1875 1170 2177 1261 dempto,
2220 1183 2498 1257 possent
2533 1170 2933 1260 justissime
2970 1191 3242 1259 negari.

674 1262 798 1332 Sed
836 1261 1140 1350 quande,
1173 1271 1249 1330 ut
1280 1260 1406 1338 ais,
1443 1259 1719 1328 divinae
1754 1259 1850 1330 sic
1878 1258 2101 1350 placet
2135 1258 2492 1339 voluntati,
2531 1272 2597 1329 et
2624 1259 2887 1349 optime
2914 1257 3014 1327 de
3050 1259 3246 1326 nobi<

676 1351 919 1419 merita
956 1362 1058 1419 est
1105 1362 1222 1418 tua
1274 1348 1451 1418 inter
1512 1370 1635 1418 nos
1676 1348 2014 1418 imitanda
2074 1349 2251 1417 vitae
2291 1348 2740 1428 conversatio,
2795 1368 2968 1417 cum
3024 1347 3242 1415 multa

672 1440 890 1509 animi
951 1436 1406 1529 propensione
1460 1449 1525 1506 et
1581 1437 1934 1507 alacritate
2000 1440 2422 1508 assentimur
2488 1436 2828 1528 piissimis
2904 1437 3242 1526 precibus

674 1529 835 1598 tuis.
887 1532 1123 1597 Nostra
1162 1525 1346 1595 enim
1401 1527 1580 1595 inter
1629 1547 1755 1594 nos
1815 1526 2052 1596 omnia
2099 1539 2163 1596 et
2215 1539 2377 1595 sunt
2424 1539 2488 1596 et
2527 1539 2792 1615 oportet
2830 1546 2996 1594 esse
3052 1547 3238 1594 com·

676 1616 939 1697 munia,
996 1615 1218 1707 magis
1265 1635 1423 1685 vero
1472 1637 1634 1685 cum
1676 1613 2097 1684 fraternitate
2130 1628 2245 1684 tua
2276 1670 2292 1695 ,
2338 1616 2542 1704 cujus
2589 1614 2960 1685 facultates
3009 1627 3237 1683 nostra

672 1705 959 1775 ecclesia
1011 1704 1337 1795 possidet.
1398 1703 1857 1786 Quamobrem
1909 1716 1974 1773 et
2019 1724 2207 1784 eum,
2260 1726 2466 1791 quem
2505 1704 2702 1794 petis,
2741 1703 3240 1772 beatissimum

675 1793 1057 1885 Eugenium
1110 1804 1354 1884 sponte
1401 1791 1676 1872 damuS‚
1733 1805 1797 1861 et
1845 1792 2140 1862 aliorum
2200 1814 2475 1880 quoque
2518 1792 2850 1880 reliquias
2905 1813 3061 1861 non
3143 1814 3239 1860 ne

721 1905 997 1954 amus.»

673 1907 718 1973 g
761 1974 797 2058 ξ
845 1976 999 2044 16.
1053 1971 1319 2054 Quibus
1359 1970 1639 2051 auditiS,
1689 1991 1828 2057 quo
1869 1982 2033 2040 tunc
2067 1970 2300 2038 animo
2341 1970 2547 2040 fuerit
2595 1971 2699 2039 vir
2740 1971 2878 2049 Dei,
2927 1971 3234 2056 quisque

673 2082 753 2129 ex
803 2060 1056 2148 seips0‚
1094 2059 1298 2130 modo
1348 2060 1445 2128 sic
1495 2059 1782 2128 affectus
1829 2059 1939 2140 sit,
1994 2058 2194 2127 facile
2244 2071 2463 2148 potest
2496 2057 2880 2149 intelligere
2928 2070 3004 2127 et
3043 2060 3236 2127 aesti-

675 2170 889 2219 mare.
943 2154 1100 2220 Post
1138 2148 1330 2228 haec,
1386 2146 1740 2218 salutifera
1786 2147 2203 2238 optatissimi
2239 2148 2562 2238 martyris
2597 2147 2794 2217 theca
2833 2148 3234 2237 exponitur.

672 2238 916 2325 quovis
950 2259 1120 2308 auro
1154 2236 1591 2327 pretiosiores
1623 2236 1814 2306 illius
1845 2250 2037 2306 artus
2077 2237 2477 2305 continens:
2523 2258 2740 2324 eaque
2778 2250 2854 2306 ut
2893 2258 3032 2325 par
3069 2253 3232 2305 erat.

672 2325 1054 2406 honorifice
1101 2326 1187 2395 ab
1235 2326 1523 2396 aurifice
1561 2323 1973 2404 fabrefacta,
2014 2326 2211 2395 beato
2251 2325 2396 2395 viro
2445 2325 2745 2395 traditur
2790 2324 2876 2395 ad
2931 2347 3077 2394 sua
3111 2381 3128 2402 ,
3175 2343 3234 2393 ut

672 2415 798 2484 diu
845 2414 1295 2496 desiderarat,
1349 2414 1767 2505 asportanda
1813 2415 1871 2484 *.
1928 2420 2136 2484 Nemo
2185 2435 2341 2484 vero
2390 2413 2503 2483 hic
2552 2437 2592 2482 a
2643 2414 2841 2484 nobis
2888 2413 2981 2483 ob
3027 2413 3232 2483 fidem

671 2504 1061 2574 faciendam
1124 2505 1229 2574 exi
1282 2517 1350 2574 at
1405 2505 1689 2573 nomina
1755 2525 1994 2573 eorum
2057 2503 2584 2584 monachorum,
2639 2505 2762 2591 qui
2811 2516 2982 2572 tunc
3050 2504 3233 2594 apud

674 2598 738 2661 S.
778 2593 1183 2683 Dionysium
1244 2593 1689 2684 ungebantur
1727 2593 2154 2671 ministeriis,
2181 2614 2356 2680 quos
2387 2592 2716 2663 officiales
2757 2604 3038 2670 vocant,
3082 2614 3231 2661 cum

672 2680 826 2750 illos
874 2681 1285 2752 nominatim
1336 2703 1695 2771 expressos
1743 2681 2090 2751 contineat
2137 2682 2289 2772 ipsa
2337 2682 2558 2751 sancti
2607 2680 2939 2770 martyris
2999 2692 3228 2750 trans·

669 2770 787 2840 lati
838 2771 1196 2841 verissima
1243 2770 1554 2841 historia.
1594 2776 1824 2860 Neque
1857 2783 2082 2840 tamen
2126 2770 2340 2840 unius
2380 2770 2740 2840 dumtaxat
2786 2791 3084 2859 corpus..
3119 2771 3225 2840 sed

671 2859 1047 2929 multorum
1091 2860 1296 2930 etiam
1347 2859 1643 2929 aliorum
1697 2870 2093 2929 sanctorum
2158 2859 2452 2949 pignora
2512 2857 2704 2928 illinc
2753 2880 2915 2928 eum
2988 2880 3230 2948 aspor-

668 2961 846 3017 tasse
895 2960 1183 3031 constat,
1227 2970 1406 3036 quae
1446 2947 1938 3035 undecumque
1966 2947 2247 3017 collecta
2281 2947 2424 3017 illic
2458 2947 2753 3017 fideliter
2796 2964 3223 3036 reposuerat.

670 3041 891 3105 Immo
941 3058 1151 3119 sane,
1205 3037 1388 3126 quod
1444 3037 1552 3105 vix
1598 3036 1931 3107 credibile
1978 3036 2292 3117 videtur,
2347 3035 2562 3106 fertur
2611 3037 2816 3105 etiam
2870 3057 3114 3106 unum
3162 3059 3228 3104 ex

668 3125 1155 3196 innocentibus
1205 3126 1461 3216 pueris,
1502 3148 1661 3195 cum
1700 3126 2085 3196 coaetaneis
2117 3127 2205 3196 ab
2228 3125 2502 3195 Herode
2535 3147 2605 3194 re
2656 3147 2691 3194 e
2731 3126 3226 3196 cruentissimo

666 3214 1018 3296 occisum,
1073 3236 1306 3285 secum
1378 3214 1737 3297 attulisse,
1792 3215 1914 3302 qui
1971 3215 2039 3283 in
2093 3214 2452 3284 Broniensi
2499 3235 2615 3283 ecc
2646 3214 2788 3283 esia
2838 3214 3226 3283 certissime

670 3301 983 3371 habetur.
1039 3302 1233 3384 Quod
1284 3304 1343 3372 si
1388 3304 1503 3373 cui
1537 3303 1607 3373 id
1657 3303 2162 3374 dubitationem
2211 3304 2429 3383 affert,
2484 3325 2564 3372 ex
2615 3300 2926 3372 Lieraldo
2980 3301 3226 3371 abbate

670 3402 1136 3479 percontetur,
1180 3391 1296 3478 qui
1351 3392 1510 3461 huic
1559 3392 1757 3462 beato
1807 3393 1953 3462 viro
2002 3392 2072 3460 in
2114 3392 2430 3462 coenobii
2481 3392 2936 3461 Mosoniensis
2980 3391 3228 3481 guber·

670 3477 945 3547 natione
985 3480 1342 3561 successit,
1396 3481 1515 3569 qui
1553 3504 1711 3551 cum
1763 3502 1843 3550 eo
1881 3502 2205 3570 praesens
2254 3480 2342 3550 ad
2391 3480 2892 3551 clandestinam
2928 3469 3227 3550 totffieli·

667 3566 991 3654 quiarum
1043 3568 1638 3660 compositionem,
1693 3569 2022 3639 demirari
2089 3569 2394 3651 solebat,
2451 3570 2844 3640 Broniensis
2891 3568 3228 3639 ecclesiae

667 3656 1009 3745 angustiis
1061 3669 1198 3726 tam
1251 3656 1642 3727 mirabilem
1701 3659 2041 3728 contineri
2103 3659 2563 3730 sanctitatem.
2627 3658 2930 3744 Denique
2979 3657 3227 3726 fratres

670 3745 812 3814 viro
862 3745 979 3814 Dei
1029 3744 1509 3816 valefacientes
1540 3800 1555 3827 ,
1609 3767 1768 3816 eum
1835 3768 1993 3816 cum
2059 3748 2266 3818 sociis
2316 3770 2356 3817 a
2404 3769 2475 3817 se
2522 3745 2908 3816 dimittunt.
2976 3750 3055 3816 At
3119 3746 3226 3814 ille

666 3833 1071 3903 clanculum
1124 3833 1470 3925 profectus
1517 3834 1605 3903 ob
1656 3834 2144 3925 indigenarum
2199 3848 2483 3916 metum,
2540 3856 2627 3905 ne
2661 3836 2830 3905 forte
2863 3833 2968 3903 illi
3016 3837 3222 3926 perci-

667 3934 908 4011 perent
958 3934 1225 3992 tantum
1279 3922 1451 4014 ipsis
1480 3926 1797 4013 'ereptum
1837 3924 2264 4005 thesaurum,
2306 3946 2637 4015 prospero
2667 3946 2881 3995 cursu
2913 3927 3224 4012 pervenit

668 4009 750 4080 ad
787 4033 869 4100 pa
928 4011 947 4080 i
998 4013 1439 4082 Lomacensis
1483 4011 1845 4103 praedium
1891 4014 2282 4095 Cuvinium,
2337 4013 2458 4083 ubi
2508 4013 2648 4083 duo
2687 4033 2767 4082 ex
2799 4017 2864 4082 S.
2898 4016 3222 4083 Germani

670 4121 882 4169 coeno
937 4100 1000 4170 io
1050 4101 1372 4171 monachi
1435 4100 1822 4192 degebant,
1881 4102 2083 4191 cujus
2132 4118 2277 4173 tum
2330 4115 2475 4172 erat
2524 4101 2785 4173 fundus
2833 4101 2985 4191 ejus
3041 4100 3214 4177 loci,

718 4309 742 4331 ⁹
773 4308 907 4348 Haud
939 4305 1175 4357 integrum
1204 4318 1316 4349 sane
1346 4308 1481 4350 theca
1511 4310 1596 4350 illa
1625 4310 1669 4350 8.
1700 4308 1898 4359 Engeuii
1929 4320 2100 4359 corpus
2131 4312 2483 4352 continebatur:
2518 4312 2602 4351 sed
2630 4312 2783 4351 totum
2804 4307 2880 4349 hic
2899 4318 2983 4357 pro
3004 4310 3155 4357 parte,
3175 4316 3220 4351 nt

661 4362 729 4406 nt.
759 4365 832 4402 est
861 4362 1214 4410 accipiendum;
1243 4372 1351 4403 cum
1370 4365 1568 4408 constet.
1589 4362 1866 4404 mabillonio
1886 4366 2011 4404 testo
2032 4365 2081 4403 in
2100 4367 2258 4405 Annae.
2285 4363 2590 4407 Βεηεαίσείηὸε.
2611 4369 2658 4404 et
2678 4374 2734 4403 ex
2755 4363 3050 4412 gravissimis
3069 4363 3222 4413 hisp:-

659 4416 733 4455 nis
764 4418 906 4465 atque
934 4415 1186 4456 parisiens.
1220 4415 1631 4465 historiographis,
1660 4418 1741 4457 dtu
1769 4418 1878 4467 post
1908 4418 1951 4458 S.
1985 4418 2183 4458 Gerardi
2213 4416 2412 4467 obitum,
2430 4416 2633 4459 saeculis
2655 4416 2877 4458 videlicet
2896 4427 2925 4456 x
2944 4418 2992 4457 et
3009 4425 3088 4456 ενι
3109 4418 3224 4459 insi-

659 4478 774 4519 gnes
819 4469 956 4511 valde
999 4469 1044 4510 S.
1087 4468 1317 4518 Martyris
1358 4471 1624 4519 Reliquias,
1668 4471 1719 4510 in
1748 4471 2023 4521 Hispaniam
2051 4470 2199 4512 tuisse
2228 4472 2423 4512 delatas.
