3347 4999
183 346 365 411 OCT.
425 347 507 411 1¹5
1104 366 1181 410 DE
1230 365 1283 412 s.
1338 364 1596 411 Transiit
1647 365 1812 413 vino.
2507 351 2634 416 425

180 447 470 537 Mitigati
508 469 578 517 se
625 448 935 528 contulit,
973 461 1072 523 ut,
1114 448 1415 536 plantata
1452 449 1516 516 in
1555 448 1759 518 domo
1792 451 2086 533 Domini,
2144 450 2211 519 in
2248 450 2440 520 atriis
2473 451 2724 523 domus

181 538 298 607 Dei
350 538 560 606 nostri
611 538 902 605 floreret.
958 536 1379 606 Professione
1428 537 1657 623 itaque
1715 538 1783 606 in
1835 561 1913 609 eo
1965 540 2375 609 monasterio
2424 542 2717 622 emissa,

180 648 342 696 cum
404 648 525 715 per
574 625 1042 715 duodeviginti
1096 648 1313 696 annos
1349 626 1776 715 gravissimis
1820 628 2118 710 morbis,
2174 650 2253 697 ac
2286 628 2492 697 variis
2530 652 2724 718 prae-

181 727 365 784 terea
395 715 884 784 tentationibus
911 727 1142 783 vexata
1173 728 1369 796 esset,
1408 715 1757 802 nullisque
1788 718 2106 807 supernis
2138 714 2727 788 consolationibus

180 803 602 883 reficeretur,
657 803 1172 883 adeo,invicte,
1228 802 1596 893 adjuvante
1641 805 1948 887 Domino,
2004 806 2235 875 omnia
2272 805 2596 894 pertulit,
2651 821 2727 876 ut

236 893 496 962 robatio
545 892 704 960 fidei
757 891 965 972 itlius,
1020 892 1209 960 omni
1260 893 1618 981 pretiosior
1665 915 1836 963 auro
1890 894 2068 982 quod
2119 917 2238 984 per
2284 895 2511 983 ignem
2566 916 2722 984 pro·

180 916 409 1062 hatur,
457 981 728 1050 inventa
779 980 1082 1050 fueritin
1129 980 1401 1050 laudem
1446 995 1510 1051 et
1542 982 1832 1072 gloriam
1869 996 1932 1053 et
1965 984 2319 1063 honorem,
2365 982 2432 1050 in
2477 983 2726 1052 revela-

183 1070 438 1140 tionem
473 1070 633 1139 Jesu
682 1069 949 1139 Christi.

275 1161 310 1247 ξ
357 1166 443 1231 5.
499 1164 575 1226 Et
621 1159 997 1244 quoniam,
1053 1158 1134 1225 ad
1189 1158 1589 1248 erigendum
1645 1160 1942 1229 sublime
2002 1160 2535 1230 christianarum
2588 1159 2723 1228 vir-

184 1260 410 1317 tutum
447 1247 863 1327 aedificium,
919 1246 1079 1315 fidei
1129 1246 1654 1316 fundamentum
1712 1248 2102 1339 ponendum
2154 1248 2303 1327 fuit,
2349 1247 2518 1316 illud
2556 1248 2725 1317 adeo

185 1335 429 1406 stabile
478 1358 555 1405 ac
589 1336 1077 1404 inconcussum
1125 1336 1388 1404 Teresia
1423 1336 1801 1418 collocavit,
1856 1350 1970 1417 ut,
2024 1338 2211 1425 juxta
2268 1338 2547 1406 verbum
2606 1342 2727 1406 Do-

184 1425 386 1505 mini,
443 1424 908 1514 comparanda
958 1424 1044 1493 sit
1095 1424 1234 1493 viro
1276 1425 1565 1514 sapienti
1606 1427 1725 1512 qui
1774 1426 2156 1496 aedificavit
2204 1426 2484 1495 domum
2524 1447 2749 1494 suam.

183 1535 397 1603 supra
450 1526 705 1603 petram
747 1536 760 1580 :
814 1517 892 1581 ea
940 1513 1189 1581 etenim
1242 1513 1562 1582 firmitate
1610 1530 2043 1586 sacrosancta
2096 1515 2437 1585 Ecclesiae
2492 1536 2720 1583 sacra-

182 1615 439 1682 menta,
479 1614 877 1688 caeteraque
906 1601 1280 1670 catholicae
1315 1603 1666 1691 religionis
1715 1604 2034 1695 dogmata
2084 1603 2402 1673 credebat
2435 1615 2497 1671 et
2525 1624 2725 1670 vene-

182 1690 492 1771 rabatur,
550 1703 622 1758 ut
672 1691 1030 1778 majorem,
1086 1704 1161 1760 ut
1211 1692 1354 1780 ipsa
1403 1692 1678 1781 saepius
1722 1693 2237 1772 testificabatur,
2289 1692 2373 1760 de
2421 1690 2727 1778 qualibet

183 1801 258 1848 re
299 1779 776 1848 certitudinem
822 1778 1071 1848 habere
1122 1800 1254 1847 non
1301 1795 1571 1869 posset:
1611 1781 1740 1851 hac
1774 1781 1932 1850 fidei
1983 1781 2264 1851 lucerna
2302 1779 2713 1859 illuminata,

183 1868 459 1955 Domini
523 1868 739 1959 nostri,
791 1868 952 1937 Jesu
1009 1867 1252 1937 Christi
1317 1872 1576 1957 Corpus
1644 1870 1710 1937 in
1766 1871 2238 1941 Sacratissima
2293 1867 2723 1938 Eucharistia
2800 1872 2801 1875 ’

183 1957 437 2026 mentis
484 1956 701 2027 oculis
752 1956 919 2025 adeo
969 1956 1149 2025 clare
1200 1956 1616 2038 intuebatur,
1658 1971 1732 2027 ut
1762 1972 2112 2040 assereret,
2154 1957 2328 2027 nihil
2361 1978 2507 2027 esse
2541 1956 2721 2044 quod

183 2045 521 2114 invideret
569 2067 801 2113 eorum
842 2043 1271 2125 beatitudini,
1329 2047 1448 2132 qui
1498 2048 1843 2135 corporeis
1891 2046 2110 2117 oculis
2151 2047 2513 2116 Dominum
2565 2066 2726 2114 con-

188 2135 615 2223 spexissent3
672 2146 934 2203 tanturn
988 2148 1212 2203 autem
1268 2135 1454 2204 vivae
1502 2135 1646 2223 spei
1686 2135 1750 2203 in
1792 2136 2076 2205 Domino
2117 2136 2598 2213 collocaverat,
2652 2146 2728 2202 ut

175 2222 439 2312 jugiter
488 2222 892 2311 deploraret,
947 2223 1127 2309 quod
1185 2223 1447 2292 tamdiu
1495 2223 1562 2290 in
1618 2225 1955 2314 praesenti
1993 2224 2259 2293 mortali
2297 2223 2429 2292 vita
2462 2222 2724 2292 detine-

187 2324 395 2391 retur,
449 2333 624 2398 quae
673 2311 802 2380 sibi
854 2310 1425 2401 impedimentum
1479 2313 1769 2393 afferret,
1815 2335 1951 2400 quo
1989 2314 2218 2382 minus
2253 2333 2523 2401 semper
2563 2334 2721 2380 cum

187 2400 474 2469 Domino
522 2412 719 2479 esset,
764 2421 882 2469 nec
918 2422 1091 2480 rar0,
1131 2400 1296 2469 dum
1338 2400 1403 2468 in
1440 2400 1641 2469 corde
1678 2423 1804 2471 suo
1839 2401 2148 2471 coelestis
2186 2402 2441 2491 patriae
2472 2399 2724 2490 gaudia

187 2487 642 2579 recogitabat,
703 2488 1358 2571 mente'excedebat,
1413 2502 1476 2559 et
1524 2489 1606 2558 ad
1658 2513 1895 2561 eorum
1955 2489 2347 2561 fruitionem
2400 2489 2468 2558 in
2521 2511 2728 2560 carne

186 2578 602 2667 rapiebatur.

277 2670 312 2753 ἓ
347 2672 437 2738 6.
472 2666 596 2735 Sed
636 2665 812 2735 inter
844 2679 1142 2735 caeteras
1184 2665 1488 2735 Teresiae
1524 2667 1803 2739 virtutes
1845 2667 2211 2757 praecipue
2243 2666 2523 2734 emicuit
2557 2664 2727 2733 dile-

187 2756 320 2826 ctio
377 2756 537 2834 Dei;
591 2777 765 2841 quae
813 2754 981 2823 adeo
1029 2755 1096 2822 in
1151 2754 1353 2823 corde
1407 2756 1557 2844 ejus
1609 2756 1880 2834 exarsit,
1934 2768 2008 2824 ut
2056 2754 2448 2825 confessarii
2502 2753 2726 2842 ipsius

186 2844 493 2913 Teresiae
549 2844 974 2923 charitatem,
1030 2857 1378 2928 tamquam
1435 2866 1564 2912 non
1619 2843 1943 2924 hominis,
1999 2844 2114 2912 sed
2181 2842 2519 2912 Cherubin
2573 2861 2730 2929 pro-

186 2933 440 3024 priam,
488 2931 998 3000 admirarentur
1044 2946 1107 3000 et
1155 2930 1597 3012 celebrarent,
1653 2955 1859 3019 quam
1895 2933 2097 3001 etiam
2139 2931 2467 3000 Dominus
2503 2942 2731 3000 noster

186 3028 391 3092 Jesus
418 3021 725 3091 Christus
746 3019 982 3090 multis
1015 3020 1415 3102 visionibus,
1445 3044 1521 3090 ac
1542 3020 2069 3094 revelationibus
2091 3018 2493 3088 mirabiliter
2514 3017 2725 3101 auxit;

185 3109 602 3199 quandoque
626 3110 836 3190 enim,
865 3109 1023 3177 data
1052 3109 1346 3189 dextera,
1379 3108 1706 3195 clavoque
1739 3123 2032 3189 ostenso,
2073 3107 2258 3176 illam
2298 3108 2366 3175 in
2402 3127 2724 3194 sponsam

187 3220 385 3270 suam
439 3198 807 3287 adoptavit,
861 3211 1063 3284 atque
1112 3198 1219 3267 his
1271 3198 1493 3267 verbis
1542 3197 1796 3284 alloqui
1834 3197 2160 3286 dignatus
2192 3209 2338 3266 est:
2392 3196 2719 3286 deincepS,

184 3298 262 3357 ut
309 3310 471 3355 vcra
517 3310 759 3377 sponsa
804 3310 1024 3356 meum
1071 3288 1325 3356 zela-bis
1374 3288 1728 3366 honorcm;
1766 3289 1917 3377 jam
1949 3287 2089 3385 ipse
2133 3308 2281 3355 sum
2317 3296 2490 3355 tolus
2530 3295 2728 3364 tuus,·

186 3387 251 3446 et
301 3387 373 3444 ιιι
423 3386 561 3444 tota
607 3398 778 3444 mea.
826 3374 1207 3461 Aliquando
1241 3376 1443 3445 etiam
1481 3374 1804 3464 angelum
1844 3374 2030 3455 vidit,
2079 3375 2294 3465 ignito
2329 3373 2561 3462 jaculo
2596 3373 2726 3443 sibi

185 3464 590 3556 praecordia
643 3465 1325 3544 transverberantem,
1379 3486 1456 3532 ex
1505 3464 1762 3550 quibus
1818 3464 2228 3535 coelestibus
2267 3464 2468 3534 donis
2514 3462 2726 3531 divini

187 3553 449 3623 amoris
499 3553 775 3621 flamma
827 3554 894 3620 in
947 3554 1097 3643 eJus
1146 3552 1348 3622 corde
1395 3552 1564 3622 adeo
1612 3553 2089 3634 exaestuabat,
2152 3567 2225 3623 ut
2285 3552 2578 3622 maxime
2625 3573 2732 3619 ar-

184 3642 404 3711 duum
471 3655 726 3721 votum,
767 3663 807 3709 a
856 3645 986 3711 Deo
1034 3642 1294 3720 edocta,
1349 3641 1654 3710 emiserit
1693 3639 2030 3710 efficiendi
2082 3664 2351 3731 semper
2396 3638 2727 3727 quicquid

186 3729 561 3822 perfectius
609 3751 756 3799 esse
802 3743 865 3798 et
913 3730 995 3798 ad
1035 3729 1358 3816 majorem
1414 3730 1524 3799 Dei
1561 3729 1850 3820 gloriam
1894 3730 2227 3819 pertinere
2276 3728 2725 3817 intelligeret:

182 3819 356 3906 quin
393 3817 622 3899 etiam,
664 3832 812 3907 post
846 3832 1130 3887 mortem
1168 3817 1441 3886 cuidam
1499 3819 1780 3888 moniali
1837 3841 1953 3908 per
1982 3819 2202 3888 visum
2242 3816 2724 3897 manifestavit,

184 3930 262 3978 se
305 3930 434 3976 non
475 3907 535 3974 vi
575 3906 842 3987 morbi,
889 3906 1004 3976 sed
1062 3927 1140 3975 ex
1194 3905 1603 3977 intolerabili
1658 3907 1874 3976 divini
1926 3907 2180 3976 amoris
2236 3905 2555 3975 incendio
2596 3904 2735 3973 vita

183 3997 581 4066 excessisse.
2655 4031 2657 4034 ·

280 4092 317 4164 ἓ
367 4089 444 4156 2.
503 4084 628 4153 Sed
679 4105 885 4171 quam
940 4087 1269 4173 perpetua
1317 4082 1644 4154 charitate
1697 4085 2081 4174 proximum
2126 4081 2461 4163 dilexerit,
2504 4080 2742 4152 multis

187 4173 621 4261 argumentis
672 4171 1110 4242 manifestum
1161 4172 1312 4254 fuit,
1353 4171 1465 4241 sed
1508 4173 1903 4262 praesertim
1947 4193 2027 4241 ex
2067 4170 2331 4241 ardenti
2366 4169 2733 4251 desiderio,

185 4283 328 4350 quo
376 4262 769 4331 animarum
810 4262 1097 4332 salutem
1150 4261 1604 4332 desiderabat.
1660 4259 2054 4330 Infidelium
2097 4260 2280 4330 enim
2332 4273 2396 4330 et
2445 4259 2739 4329 haereti-

184 4373 426 4421 corum
478 4353 791 4420 tenebras
828 4351 1174 4441 perpetuis
1222 4350 1546 4440 lacrymis
1595 4349 1932 4430 deflebat,
1988 4372 2066 4419 ac
2115 4372 2239 4440 pro
2286 4371 2522 4419 eorum
2581 4347 2732 4417 illu·

185 4440 567 4510 minatione
631 4462 764 4509 non
825 4440 1044 4512 solum
1082 4438 1286 4530 juges
1333 4437 1415 4507 ad
1480 4442 1692 4508 Deum
1759 4459 1992 4529 preces
2057 4438 2427 4520 fundebat,
2483 4437 2598 4507 sed
2670 4449 2736 4504 et
