3347 4999
704 288 789 352 42
1457 307 1533 352 oz
1582 308 1635 353 s.
1693 307 1949 355 {temolo
1998 306 2292 356 Ancutssr.
2886 290 3065 356 OCT.
3123 292 3147 354 ¹l

620 398 833 475 pater,
890 385 1123 454 volens
1173 385 1515 476 Episcopii
1562 386 2040 457 Laudunensis
2088 387 2345 466 villam,
2384 409 2560 474 quae
2592 387 2951 457 Anisiacus
2983 387 3163 457 dici—

623 488 754 555 tur,
787 475 1098 563 accipere
1129 475 1326 561 quasi
1353 474 1483 545 sub
1517 497 1754 555 censu,
1786 476 1963 545 sicut
1995 489 2059 546 et
2086 476 2256 545 alias
2286 477 2625 562 quasdam
2663 477 2931 555 fecerat,
2976 479 3162 546 venit

627 564 692 631 in
746 585 823 631 ea
874 584 1172 632 manere.
1232 563 1353 632 Ubi
1409 585 1567 632 cum
1616 564 1969 646 dormiret,
2017 566 2196 634 venit
2244 566 2329 633 ad
2379 587 2537 635 eum
2591 579 2870 635 sanctus
2922 568 3163 635 Remi-

620 653 801 742 gius,
856 651 1135 720 dicens:
1184 657 1282 720 Tu
1330 652 1495 738 quid
1551 653 1660 722 hic
1711 651 1924 721 facis?
1957 659 2180 736 Quare
2223 655 2483 724 intrasti
2544 654 2609 723 in
2678 655 2853 723 hanc
2888 655 3157 726 villam.

622 763 827 827 quam
874 740 1041 809 mihi
1095 754 1154 809 te
1185 740 1490 810 devotior
1541 742 1744 810 homo
1793 741 2002 821 dedit,
2044 765 2392 830 quamque
2451 765 2576 832 ego
2638 743 2979 812 Ecclesiae
3041 748 3167 811 Do-

626 830 850 897 minae
890 850 1076 898 meae
1107 842 1381 898 sanctae
1416 831 1524 898 Dei
1557 831 1919 900 Genitricis
1951 831 2247 901 donavi?
2297 837 2370 901 Et
2396 831 2765 920 flagellavit
2796 852 2953 901 eum
2991 832 3166 900 satis

623 917 905 995 duriter,
947 920 1035 987 ita
1085 934 1159 986 ut
1211 918 1454 987 livores
1497 932 1726 1007 postea
1763 920 1827 987 in
1866 942 2150 1010 corpore
2197 921 2349 1005 ejus
2398 933 2829 1010 apparerent.
2887 925 3166 989 Etcum

621 1004 962 1095 disparuit
1002 1008 1239 1076 beatus
1277 1008 1652 1097 Remigius,
1708 1009 1992 1096 Pipinus
2042 1010 2357 1089 surrexit,
2402 1032 2482 1078 ac
2524 1009 2746 1078 valida
2794 1022 3168 1098 correptus

623 1095 829 1174 febre,
885 1107 1316 1184 quantocyus
1366 1097 1451 1165 ab
1488 1100 1636 1185 ipsa
1686 1096 1845 1166 villa
1880 1099 2177 1167 recessit.
2233 1104 2319 1166 De
2358 1120 2493 1185 qua
2542 1098 2726 1168 febre
2778 1119 2909 1167 non
2953 1118 3168 1186 parvo

625 1197 927 1273 tempore
969 1184 1320 1252 laboravit.
1358 1189 1434 1251 Et
1474 1184 1798 1274 deinceps
1834 1186 2152 1276 princeps
2196 1208 2262 1255 re
2318 1188 2410 1259 ni,
2447 1208 2666 1276 usque
2707 1187 2790 1255 ad
2829 1186 3170 1256 moderna

626 1286 956 1362 tempora,
999 1273 1091 1342 ibi
1145 1294 1277 1341 non
1343 1274 1615 1353 mansit,
1654 1275 1834 1343 sicut
1884 1297 2005 1344 nec
2046 1276 2114 1343 in
2159 1281 2244 1345 Co
2302 1276 2512 1344 iciaco
2556 1275 2652 1344 vel
2695 1276 2984 1350 luliaco,
3031 1275 3171 1344 nisi

628 1362 1013 1431 Ludovicus
1068 1383 1176 1429 rex
1229 1364 1653 1443 Germaniae,
1693 1363 1970 1449 quando
2011 1386 2220 1452 super
2257 1364 2532 1434 fratrem
2586 1387 2787 1434 suum
2840 1363 3167 1433 Carolum

631 1471 916 1538 regnum
969 1449 1117 1537 ejus
1168 1451 1438 1530 invasit,
1499 1451 1568 1520 in
1632 1451 1901 1521 Juliaco
1954 1454 2227 1532 mansit,
2296 1453 2467 1523 etin
2520 1453 2630 1521 die
2678 1453 2979 1522 crastiua
3024 1466 3174 1522 tur—

631 1539 803 1628 piter
832 1552 988 1606 ante
1024 1539 1249 1627 ipsum
1301 1537 1577 1608 fratrem
1629 1538 1925 1630 fugiens,
1967 1543 2073 1610 vix
2124 1543 2357 1611 evasit.

717 1630 751 1712 ἓ
798 1632 889 1697 8.
943 1632 1179 1696 Nostra
1217 1642 1432 1697 aetate
1471 1629 1758 1698 colonus
1792 1629 2073 1716 quidam
2112 1630 2310 1699 villae
2342 1631 2748 1701 Rhemensis
2781 1630 3168 1720 Episcopii‚

629 1737 803 1803 quae
856 1716 1181 1786 Plumbea
1241 1721 1539 1785 Fontana
1586 1717 1871 1797 dicitur,
1929 1719 2248 1788 manebat
2284 1721 2483 1809 juxta
2553 1719 2799 1788 fiscum
2862 1719 3169 1808 regium,

632 1805 751 1891 qui
801 1810 1088 1875 Rosetus
1134 1818 1433 1886 vocatur,
1488 1821 1552 1875 et
1602 1829 1723 1875 nec
1776 1808 2146 1896 peculium,
2211 1830 2333 1878 nec
2369 1830 2684 1887 messem,
2734 1807 2830 1877 vel
2889 1820 3172 1897 pratum

633 1908 907 1983 propter
958 1894 1423 1963 fiscalinorum
1476 1894 1976 1965 infestationem
2028 1898 2253 1982 quiete
2315 1898 2564 1967 babere
2615 1895 2900 1966 valebat.
2969 1895 3174 1964 Unde

633 2004 832 2072 saepe
871 1983 1206 2072 justitiam
1268 1982 1451 2072 apud
1507 1985 1726 2073 regios
1778 1985 2261 2054 ministeriales
2314 1986 2525 2075 petiit,
2579 2007 2786 2072 quam
2851 1985 3172 2053 obtinere

632 2093 766 2139 non
824 2072 1061 2161 potuit.
1121 2071 1416 2141 Tandem
1471 2073 1728 2142 invenit
1797 2074 1929 2142 sibi
1979 2074 2255 2143 salubre
2303 2074 2698 2146 consilium.
2767 2079 2931 2142 Nam
2983 2074 3177 2142 coxit

637 2181 845 2249 panes
882 2174 946 2229 et
999 2182 1263 2242 carnes,
1328 2174 1392 2230 et
1436 2184 1594 2231 acce
1650 2163 1699 2230 it
1738 2164 2096 2232 cervisiam
2151 2164 2215 2232 in
2273 2163 2595 2241 vasculis,
2662 2176 2860 2252 prout
2914 2162 3168 2251 potuit.

634 2253 819 2330 Quae
845 2248 1078 2318 omnia
1112 2251 1175 2317 in
1218 2271 1397 2330 vase,
1436 2273 1571 2350 quo
1655 2250 1857 2341 vulgo
1892 2252 2113 2321 benna
2148 2252 2423 2333 dicitur,
2461 2252 2838 2332 collocavit,
2874 2266 2939 2319 et
2967 2271 3176 2319 carro

632 2339 1106 2427 superposuit:
1165 2340 1401 2425 sicque
1448 2340 1709 2426 junctis
1761 2340 2028 2420 bubuS,
2081 2340 2437 2409 candelam
2491 2341 2556 2408 in
2613 2362 2824 2408 manu
2872 2339 3172 2418 babenS,

632 2426 716 2493 ad
763 2426 1115 2494 basilicam
1151 2428 1365 2495 sancti
1416 2428 1711 2519 Remigii
1752 2430 2156 2520 properavit.
2211 2436 2355 2513 Quo
2407 2428 2828 2518 pervenienS,
2869 2428 2953 2496 de
2991 2449 3178 2518 pane

572 2526 581 2536 '
630 2529 696 2584 et
744 2538 947 2584 carne
995 2539 1073 2585 ac
1106 2517 1392 2587 cervisia
1431 2518 1938 2587 matricularios
1983 2521 2185 2607 pavit,
2240 2519 2594 2588 candelam
2633 2519 2719 2586 ad
2757 2517 3176 2605 sepulcrum

635 2605 862 2673 Sancti
907 2605 1153 2694 posuit,
1207 2617 1271 2673 et
1318 2609 1467 2697 ejus
1501 2607 1838 2676 auxilium
1887 2622 2123 2677 contra
2170 2610 2638 2698 opprimentes
2692 2630 2760 2677 se
2813 2605 3178 2675 fiscalinos

631 2716 709 2762 ex
763 2694 927 2762 etiit.
964 2694 1312 2763 l‘ulverem
1345 2718 1618 2783 quoque
1643 2695 1727 2764 de
1765 2697 2148 2786 pavimento
2174 2696 2522 2777 ecclesiae,
2553 2709 2888 2782 quantum
2924 2694 3175 2774 valuit,

630 2717 923 2874 collegit,
978 2796 1042 2852 et
1107 2784 1172 2852 in
1227 2805 1453 2873 panno
1506 2785 1758 2873 ligavit,
1820 2798 1884 2854 et
1937 2786 2000 2853 in
2064 2786 2475 2875 praedictam
2526 2787 2818 2854 bennam
2863 2785 3054 2853 misit
3111 2797 3180 2852 et

631 2871 927 2960 desuper
964 2871 1279 2951 linteum,
1333 2874 1510 2944 sicut
1558 2895 1772 2963 supra
1806 2871 2057 2962 corpus
2094 2875 2345 2944 mortui
2393 2874 2693 2943 affectari
2732 2874 2922 2950 solet,
2978 2894 3183 2941 com—

635 2962 883 3050 posuit,
926 2974 990 3029 et
1028 2984 1185 3031 cum
1229 2984 1423 3032 carro
1472 2985 1597 3031 suo
1632 2962 1714 3031 ad
1765 2963 2037 3052 propria
2081 2964 2426 3033 remeavit.
2467 2963 2902 3048 Quicumque
2930 2974 3180 3030 autem

632 3050 716 3118 de
748 3051 1183 3119 obviantibus
1213 3072 1370 3121 eum
1424 3053 1958 3141 interrogabant,
1997 3052 2161 3138 quid
2219 3054 2285 3121 in
2325 3051 2441 3121 illo
2481 3074 2677 3120 carro
2711 3051 3019 3128 duceret,
3063 3071 3184 3117 re-

634 3138 910 3225 spondit
949 3161 1019 3207 se
1058 3153 1370 3210 sanctum
1426 3140 1814 3229 Remigium
1880 3138 2155 3211 ducere.
2219 3146 2295 3210 Et
2341 3141 2868 3210 admirabantur
2926 3160 3181 3207 omnes

635 3227 702 3295 in
754 3227 934 3296 dicto
963 3240 1028 3295 et
1077 3228 1247 3297 facto
1298 3228 1508 3308 illius,
1558 3241 1874 3318 putantes
1913 3229 2107 3298 illum
2151 3252 2298 3299 esse
2348 3242 2711 3298 amentem.
2755 3227 3178 3297 Perveniens

634 3329 859 3384 autem
892 3338 1050 3384 cum
1085 3317 1319 3385 eodem
1356 3340 1549 3387 carro
1588 3318 1653 3385 in
1698 3331 1964 3405 pratum
1997 3340 2224 3396 suum,
2263 3319 2331 3386 in
2362 3339 2439 3385 eo
2478 3329 2781 3408 pastores
2816 3328 3182 3405 pascentes

635 3403 885 3473 diversi
919 3405 1188 3495 generis
1218 3405 1545 3475 animalia
1577 3406 1660 3475 de
1694 3407 1857 3475 fisco
1900 3412 2139 3476 Roseto
2170 3407 2464 3474 invenit:
2496 3419 2559 3475 et
2593 3406 2902 3475 invocato
2935 3416 3180 3473 sancto

636 3494 964 3584 RemigiO,
1020 3506 1095 3562 ut
1140 3515 1296 3563 eum
1348 3509 1584 3564 contra
1629 3517 2070 3595 oppressores
2120 3517 2281 3564 suos
2346 3495 2740 3582 adJuvaret,
2798 3505 3184 3582 coeperunt

638 3584 837 3653 boves
883 3597 947 3651 et
996 3605 1235 3653 vaccae
1264 3605 1423 3652 cum
1463 3584 1779 3653 maximis
1818 3584 2197 3673 mugitibus
2234 3584 2527 3654 invicem
2563 3605 2634 3651 se
2667 3583 2997 3651 cornibus
3041 3582 3184 3649 im-

638 3686 883 3762 petere,
948 3672 1122 3741 ltirci
1185 3673 1432 3753 hircos„
1493 3694 1741 3763 caprae
1796 3696 2040 3762 capras
2090 3674 2417 3742 cornibus
2469 3674 2903 3761 impugnare,
2981 3670 3178 3760 porci

635 3782 792 3830 cum
851 3762 1072 3851 porcis
1121 3762 1509 3852 confligere,
1565 3783 1873 3830 verveces
1911 3783 2069 3829 cum
2110 3762 2505 3830 vervecibus
2539 3782 2611 3830 se
2650 3760 3011 3837 collidere,
3056 3780 3182 3848 pa-

637 3862 850 3921 stores
899 3873 970 3919 se
1020 3851 1315 3920 fustibus
1363 3863 1427 3919 et
1469 3851 1722 3940 pugnis
1768 3862 2006 3919 mutuo
2059 3864 2432 3940 percutere.
2475 3855 2549 3917 Et
2599 3849 2814 3918 levato
2870 3847 3176 3916 maximo

641 3939 931 4018 turbine,
975 3953 1274 4027 pastores
1307 3940 1666 4028 ejulanteS,
1705 3938 2035 4008 animalia
2085 3938 2469 4008 secundum
2507 3960 2730 4028 genus
2761 3959 2967 4007 suum
3008 3958 3176 4004 cum

643 4030 936 4098 maximo
987 4029 1214 4098 sonitu
1250 4042 1313 4098 et
1346 4028 1775 4117 strepittk.ita
1825 4040 2197 4115 coeperunt
2249 4033 2566 4097 Rosetum
2620 4048 2857 4096 versus
2905 4024 3167 4113 fugere.

640 4138 719 4185 ac
751 4119 807 4186 si
842 4119 1140 4187 maxima
1176 4117 2100 4202 multitud0.insequentium
2138 4138 2253 4185 cos
2285 4139 2445 4185 oum
2488 4114 2779 4203 flagellis
2815 4133 3176 4203 perseque-

643 4219 848 4276 retur.
905 4206 1093 4289 Quod
1147 4207 1450 4276 videntes
1508 4222 1573 4273 et
1635 4206 1993 4274 audientes
2061 4204 2393 4285 fiscalini,
2453 4205 2664 4273 nimio
2718 4219 2968 4273 terrore
3028 4222 3186 4290 per-

640 4295 841 4374 culsi,
902 4318 1032 4364 non
1090 4306 1497 4379 putaverunt
1547 4316 1616 4362 se
1681 4293 1777 4361 vel
1835 4315 1973 4362 una
2025 4293 2190 4361 hora
2242 4294 2460 4362 vivere
2512 4315 2730 4382 posse.
2793 4291 2977 4360 Unde
3028 4311 3182 4359 cor-

646 4386 804 4454 recti
846 4407 884 4453 a
939 4384 1499 4475 praesumptione
1540 4404 1687 4462 sua,
1743 4382 1828 4450 ab
1870 4381 2233 4452 afflictione
2288 4383 2569 4472 pauperi
2620 4383 2837 4451 sancti
2889 4378 3224 4468 Remigii.

1388 4545 1461 4564 em.
