3347 4999
174 333 360 400 OCT.
411 332 451 397 4
1052 348 1128 393 ns
1179 349 1235 395 s.
1288 346 1635 395 FRANCISCO
1684 347 1866 396 conr.
2524 331 2638 396 ⁴721

170 449 255 537 ut
306 433 582 534 illorum
635 431 907 502 occulta
937 445 1003 501 et
1054 433 1228 500 mira
1275 432 1379 500 vis
1420 431 1849 521 stigmatum,
1899 431 2263 502 manifesta
2298 434 2556 523 pateret
2598 433 2739 503 cla·

177 537 383 594 ritate
433 544 820 612 signorum.

271 615 309 700 §
369 615 523 683 88.
584 616 658 679 In
718 610 1069 700 provincia
1130 630 1430 695 namque
1487 608 1770 678 Reatina
1831 609 2040 697 pestis
2095 609 2481 679 invaluerat
2547 608 2744 680 valde

177 702 439 791 gravis,
475 722 652 787 quae
690 721 848 768 oves
890 713 956 769 et
991 701 1194 768 boves
1226 719 1468 766 omnes
1502 698 1602 766 sic
1636 698 2089 767 consumebat
2117 697 2514 778 crudeliter,
2556 699 2741 786 quod

178 790 461 860 nullum
510 796 771 877 poterat
820 787 1203 857 remedium
1254 786 1594 856 adhiberi.
1648 787 1764 855 Vir
1810 800 2037 856 autem
2097 787 2379 873 quidam
2420 843 2435 867 ,
2491 788 2746 858 timens

180 885 426 959 Deum,
472 878 856 947 noctefuit
907 898 1025 967 per
1083 876 1416 945 visionem
1453 875 1947 957 commonitus,
2002 889 2077 943 ut
2124 876 2209 944 ad
2261 876 2737 946 eremitorium

174 966 474 1037 fratrum
497 967 914 1036 festinanter
958 965 1348 1044 accederet,
1393 977 1456 1034 et
1491 964 1788 1034 loturam
1824 986 2161 1033 manuum
2203 987 2283 1033 ac
2369 965 2577 1034 edum
2614 970 2740 1035 Fa-

175 1058 360 1126 muli
404 1056 521 1125 Dei
577 1055 950 1136 Francisci,
995 1055 1117 1141 qui
1168 1067 1338 1123 tunc
1381 1054 1713 1142 temporis
1757 1052 2158 1122 morabatur
2196 1054 2288 1123 ibi
2346 1076 2482 1134 em,
2548 1076 2745 1123 acce-

178 1158 401 1237 ptam,
469 1166 680 1235 super
728 1142 1060 1215 animalia
1111 1156 1361 1213 cuncta
1413 1164 1649 1232 resper
1699 1155 1861 1211 eret.
1919 1148 2114 1211 Mane
2147 1142 2376 1229 itaque
2416 1165 2738 1232 surgenS,

177 1234 374 1303 venit
422 1233 504 1303 ad
577 1234 840 1303 locum:
883 1233 1243 1318 loturaque
1291 1232 1623 1320 hujusmo
1682 1232 1701 1298 i
1759 1253 1880 1320 per
1931 1232 2153 1301 socios
2195 1232 2414 1301 sancti
2475 1231 2600 1300 viri
2661 1231 2748 1301 la·

180 1336 408 1393 tenter
456 1324 773 1402 obtenta,
814 1344 972 1391 oves
1019 1335 1086 1390 et
1118 1323 1319 1390 boves
1354 1321 1466 1390 lan
1523 1332 1761 1390 uentes
1794 1341 1874 1390 ex
1912 1321 2370 1410 ea‘respersit.
2437 1321 2746 1390 Mirabile

181 1413 414 1482 dictul
471 1412 711 1481 Statim
761 1424 839 1480 ut
886 1410 1194 1501 aspersio
1241 1410 1468 1478 anima
1508 1410 1569 1478 ia
1626 1408 1960 1498 languida
1993 1420 2060 1478 et
2094 1409 2162 1476 in
2207 1423 2383 1479 terra
2410 1410 2740 1499 jacentia,

181 1516 838 1589 quantumcumque
872 1498 1238 1589 paululum
1270 1499 1672 1589 attingebat,
1721 1498 2010 1588 pristino
2044 1512 2445 1585 recuperato
2478 1499 2735 1588 vigore,

180 1591 566 1680 surgebant
599 1591 952 1669 continuo,
997 1603 1061 1657 et
1096 1601 1449 1674 tamquam
1502 1586 1677 1657 nihil
1718 1586 1883 1656 mali
1924 1587 2326 1667 sensissent,
2366 1587 2449 1656 ad
2488 1610 2744 1676 pascua

181 1679 630 1749 festinabant.
666 1679 914 1765 Sicque
952 1677 1211 1747 factum
1262 1691 1385 1758 est,
1441 1691 1515 1745 ut
1565 1698 1688 1765 per
1720 1676 2041 1746 virtutem
2097 1675 2483 1745 mirandam
2523 1698 2745 1763 aquae

183 1768 406 1849 illius,
459 1789 636 1856 quae
684 1789 917 1836 sacras
979 1765 1215 1857 plagas
1265 1766 1684 1854 contigerat,
1744 1765 1973 1835 omn-is
2025 1786 2311 1854 prorsus
2359 1764 2562 1855 plaga
2602 1788 2748 1836 ces-

184 1871 393 1932 saret,
454 1857 918 1944 pestilensque
968 1858 1253 1924 morbus
1302 1877 1340 1925 a
1388 1855 1720 1944 gregibus
1770 1853 2150 1943 fugaretur.

278 1948 315 2033 §
362 1949 510 2017 84.
567 1946 754 2014 Circa
809 1944 1190 2034 praefatum
1247 1958 1543 2012 montem
1589 1942 1942 2024 Alvernae,
1991 1956 2358 2030 antequam
2422 1944 2538 2012 Vir
2585 1964 2747 2012 san-

182 2047 345 2104 ctus
395 2035 490 2102 ibi
540 2034 973 2103 contraheret
1023 2055 1314 2111 moram,
1354 2032 1537 2102 nube
1584 2054 1664 2101 ex
1700 2031 1852 2121 ipso
1888 2046 2117 2100 monte
2159 2045 2509 2122 surgente,
2548 2053 2745 2122 gran-

185 2123 380 2192 dinis
428 2123 721 2192 violenta
776 2135 1144 2214 tempestas
1195 2121 1462 2190 fructus
1518 2134 1737 2191 terrae
1784 2121 2394 2191 consuetudinarie
2442 2121 2750 2190 devasta-

186 2213 333 2281 bat.
390 2212 518 2280 Sed
564 2226 722 2300 post
767 2211 956 2280 illam
1024 2211 1526 2299 apparitionem
1591 2209 1858 2278 felicem
1896 2266 1910 2288 ‚
1968 2231 2100 2279 non
2157 2211 2307 2279 sine
2356 2209 2743 2279 incolarum

186 2301 673 2381 admiratione,
710 2300 973 2387 grando
1007 2300 1320 2379 cessavit,
1374 2315 1449 2368 ut
1481 2298 1796 2368 coelestis
1838 2298 2027 2369 illius
2078 2298 2361 2368 visionis
2410 2298 2750 2368 excellen-

196 2391 393 2464 tiam.
426 2405 491 2458 et
517 2391 915 2477 stigmatum
944 2388 1202 2458 ibidem
1233 2389 1729 2477 impressorum
1761 2386 2106 2468 virtutem,
2148 2388 2439 2457 serenati
2483 2400 2749 2477 praeter

190 2502 455 2548 morem
503 2479 650 2569 ipsa
696 2478 865 2548 coeli
902 2476 1110 2548 facies
1150 2476 1552 2547 declararet.
1593 2477 1889 2567 Cbntigit
1927 2498 2202 2564 quoque
2242 2501 2401 2548 eum
2442 2491 2748 2568 tempore

192 2568 482 2637 hiemali
519 2582 793 2657 propter
833 2567 1251 2636 debilitatem
1305 2566 1614 2656 corporis
1662 2578 1728 2635 et
1779 2568 2215 2656 asperitatem
2272 2568 2539 2636 viarum
2569 2622 2584 2647 ,
2625 2566 2749 2653 ho-

190 2656 407 2725 minis
440 2658 653 2727 unius
697 2658 1025 2747 pauperis
1060 2656 1461 2727 subvectum
1506 2654 1744 2736 ase110,
1784 2656 1917 2726 sub
1954 2657 2149 2745 rupis
2188 2656 2559 2746 cujusdam
2601 2674 2748 2755 pro·

189 2746 521 2814 minentis
561 2759 959 2835 pernoctare
992 2744 1370 2834 crepidine,
1411 2757 1487 2814 ut
1541 2745 1717 2813 nivis
1749 2757 1814 2813 et
1845 2745 2063 2814 noctis
2102 2745 2746 2833 supervenientium

187 2834 678 2921 quoquomodo
726 2833 1103 2903 declinaret
1154 2833 1614 2914 incommoda,
1668 2834 1929 2922 quibus
1982 2833 2445 2922 praepedituS,
2483 2833 2569 2902 ad
2622 2832 2748 2900 ho-

186 2923 374 3013 spitii
442 2923 669 2992 locum
716 2946 848 2993 non
905 2925 1211 2993 valuerat
1267 2924 1647 3013 pervenire.
1693 2927 1857 2991 Cum
1894 2936 2123 2991 autem
2163 2921 2277 2990 Vir
2309 2934 2593 2991 sanctus
2628 2921 2746 2989 ho·

190 3013 450 3081 minem
502 3011 703 3081 illum
753 3012 1149 3099 querulosis
1198 3013 1887 3081 submurmurantem
1940 3010 2318 3100 gemitibus
2370 3010 2532 3079 binc
2583 3008 2746 3078 inde

192 3102 784 3201 seipsumjactare
833 3102 1186 3181 sensisset,
1237 3115 1589 3188 tamquam
1640 3100 1762 3186 qui
1807 3100 1994 3168 tenui
2042 3100 2469 3186 operimento
2517 3111 2751 3168 conte-

187 3203 366 3269 ctuS,
425 3211 779 3276 quiescere
840 3213 1000 3280 prae
1046 3189 1326 3280 frigoris
1374 3188 1744 3259 acerbitate
1802 3187 2170 3274 nequibat,
2214 3187 2436 3256 divini
2486 3187 2748 3256 amoris

198 3277 464 3347 fervore
506 3300 907 3360 succensuS,
944 3300 1155 3348 manu
1206 3278 1403 3347 illum
1457 3290 1774 3368 protensa
1821 3276 2145 3366 palpavit.
2192 3276 2501 3346 Mirabile
2541 3278 2746 3346 certel

193 3373 493 3456 Repente
525 3366 608 3434 ad
649 3367 837 3437 illius
872 3390 1107 3437 sacrae
1144 3389 1394 3436 manus
1427 3377 1845 3445 contactum,
1883 3387 2060 3452 quae
2096 3366 2450 3455 Seraphici
2493 3364 2751 3435 calculi

194 3455 471 3544 gerebat
524 3456 953 3535 incendium,
1020 3456 1212 3525 omni
1254 3454 1489 3555 fugato
1547 3453 1824 3544 frigore,
1880 3467 2112 3524 tantus
2162 3456 2231 3523 in
2286 3456 2509 3525 virum
2562 3456 2752 3523 intus

192 3560 262 3614 et
305 3559 495 3613 extra
541 3543 729 3614 calor
774 3544 1099 3625 advenit,
1169 3567 1247 3614 ac
1297 3567 1355 3614 si
1404 3542 1744 3631 quaedam
1798 3544 1866 3611 in
1939 3567 2098 3613 eum
2151 3545 2252 3613 vis
2300 3545 2620 3613 flammea
2672 3564 2755 3612 ex

196 3632 496 3703 fornacis
554 3632 903 3723 spiraculo
974 3633 1438 3724 processisset.
1510 3638 1678 3704 Nam
1732 3632 1918 3702 illico
1966 3647 2033 3702 et
2082 3646 2306 3703 mente
2354 3646 2419 3702 et
2467 3653 2754 3720 corpore

196 3721 620 3793 confortatus
650 3777 665 3802 ‚
720 3723 1005 3793 suavius
1056 3723 1231 3791 inter
1280 3744 1464 3802 saxa,
1518 3734 1585 3791 et
1633 3721 1826 3791 nives
1876 3743 2094 3808 usque
2145 3743 2347 3791 mane
2394 3720 2744 3802 dormivit,

196 3833 397 3898 quam
441 3833 752 3898 unquam
799 3812 864 3878 in
906 3811 1182 3901 proprio
1224 3810 1396 3880 lecto
1434 3824 1864 3901 pausaverat,
1910 3812 2089 3880 sicut
2124 3810 2142 3877 i
2200 3832 2271 3879 se
2303 3810 2751 3911 postmodum

198 3900 564 3970 asserebat.
619 3900 832 3969 Certis
879 3901 1109 3988 itaque
1157 3912 1422 3969 constat
1470 3900 1788 3980 indiciis,
1847 3922 2044 3969 sacra
2095 3899 2138 3966 il
2174 3922 2212 3967 a
2263 3898 2623 3989 signacula
2671 3897 2750 3965 il·

203 3989 333 4060 lius
383 3990 719 4078 impressa
768 3987 983 4058 fuisse
1033 3989 1301 4069 virtute,
1337 3990 1459 4075 qui
1506 3990 1901 4077 operatione
1950 3988 2324 4077 Seraphica
2419 4001 2643 4078 urgat,
2673 3986 2759 4055 il-

205 4077 518 4158 luminat,
572 4092 637 4146 et
687 4077 1096 4159 inflammat,
1152 4100 1309 4146 cum
1365 4079 1516 4168 ipsa
1563 4077 1948 4148 forinsecus
1982 4100 2062 4146 ex
2118 4098 2336 4168 urgan
2394 4099 2433 4146 o
2464 4100 2500 4144 a
2541 4090 2750 4166 peste,

204 4166 515 4248 salutem,
572 4168 1035 4246 serenitatem,
1091 4181 1157 4234 et
1204 4166 1498 4235 calorem
1552 4167 1963 4257 corporibus
2012 4166 2047 4235 e
2100 4168 2312 4236 icacia
2367 4167 2540 4235 mira
2589 4187 2757 4233 con-

205 4255 501 4337 ferrent,
557 4256 738 4325 sicut
784 4268 850 4325 et
898 4267 1052 4344 post
1120 4268 1403 4324 mortem
1467 4255 2010 4324 evidentioribus
2057 4269 2158 4324 est
2207 4255 2756 4324 demonstratum

206 4343 560 4435 prodigiiS,
616 4368 743 4416 suo
795 4344 941 4421 loco
980 4344 1320 4434 posterius
1370 4343 1816 4413 adnotandis.

289 4435 324 4519 ἓ
370 4436 517 4505 85.
565 4439 722 4523 Ipse
774 4455 970 4513 vem,
1027 4432 1185 4502 licet
1253 4433 1651 4502 thesaurum
1721 4433 2078 4502 inventum
2129 4433 2200 4501 in
2263 4454 2473 4522 agro,
2541 4428 2758 4500 multa
