3347 4999
710 299 837 363 506
1498 314 1575 360 ns
1622 314 1679 360 s,
1734 313 2026 360 aanwma
2074 311 2267 361 vium
2840 295 3030 361 OCT.
3107 297 3190 361 Π

624 411 1230 491 repraesentarent,
1286 399 1718 468 veneratione
1766 399 2012 468 affecit.
2053 404 2217 468 Nam
2268 398 2691 486 ubicumque
2752 398 2957 467 humi
2996 420 3190 468 con·

623 490 842 580 spexit
879 489 1187 578 jacentes
1237 486 1574 577 stipulaS,
1647 488 1882 558 Crucis
1945 488 2315 577 imaginem
2381 486 2791 567 referentes,
2859 488 3188 576 genibus

622 579 811 648 flexis
858 576 1224 645 adorabat:
1291 576 1669 663 tollensque
1716 598 1831 644 eas
1878 588 1942 645 et
1988 576 2435 656 exosculans',
2489 575 2608 645 tali
2671 598 2786 645 eas
2837 575 2995 645 loco
3072 598 3190 646 re-

624 668 872 757 posuit,
925 666 1044 736 ubi
1103 687 1236 733 non
1284 677 1558 755 possent
1607 664 1899 754 pedibus
1936 664 2355 734 conculcari.

709 758 744 843 ἓ
794 759 955 826 ²8.
1012 754 1343 854 Diligebat
1388 754 1592 823 etiam
1635 753 1949 823 decorem
2001 753 2250 822 domus
2301 754 2452 822 Dei:
2487 766 2690 840 atque
2737 752 3009 822 idcirco
3064 775 3184 823 or·

620 858 942 914 namenta
1001 856 1290 931 pretiosa
1352 841 1662 911 ecclesiis
1723 854 1788 911 et
1835 841 2172 911 altaribus
2233 842 2535 912 donavit.
2591 847 2820 912 Vestes
2875 864 3180 930 quoque

618 931 1075 1005 sacerdotales
1122 945 1186 1001 et
1226 931 1551 1000 Leviticas
1584 943 1787 1017 atque
1823 931 2297 1001 ministrorum
2331 930 2595 1010 altaris,
2633 931 2780 1001 suis
2810 931 3176 1021 impensis

619 1022 1063 1112 comparavit,
1103 1021 1316 1090 immo
1375 1032 1440 1089 et
1490 1021 1749 1109 paravit
1797 1031 1940 1087 tum
1997 1041 2117 1108 per
2162 1019 2460 1105 seipsam
2498 1075 2515 1101 ,
2589 1033 2733 1090 tum
2786 1042 2912 1107 per
2985 1020 3172 1089 alias

616 1133 776 1180 cum
828 1110 973 1199 ipsa
1028 1122 1381 1179 manentes
1430 1106 1722 1177 feminas
1752 1161 1768 1187 ,
1832 1129 2010 1194 quae
2054 1130 2135 1177 ex
2183 1130 2353 1178 auro
2400 1120 2464 1177 et
2528 1110 2746 1179 serico
2809 1123 3168 1178 noverant

710 1199 889 1287 regie
935 1198 1226 1287 operari.
1280 1202 1379 1266 Ita
1425 1217 1588 1286 ergo
1636 1195 1778 1276 illa,
1845 1209 1919 1266 ut
1966 1197 2293 1276 diximus,
2351 1210 2415 1266 et
2475 1199 2558 1266 ad
2628 1211 3163 1267 sacramentum

619 1311 659 1357 a
694 1288 856 1357 taris
902 1286 1287 1365 accedebat,
1326 1296 1391 1354 et
1438 1307 1631 1355 sacra
1668 1284 1993 1373 mysteria
2043 1286 2506 1376 promovebat.
2558 1290 2656 1354 Ita
2704 1308 2864 1355 cum
2934 1286 3170 1354 fideli-

620 1377 753 1447 bus
801 1375 1057 1444 terebat
1096 1375 1337 1443 limina
1374 1373 1623 1443 domus
1662 1375 1769 1442 Dei
1805 1397 1818 1440 :
1854 1386 2058 1462 atque
2096 1374 2440 1461 ejusmodi
2474 1396 2632 1443 cum
2673 1374 3159 1444 moderatione

622 1487 852 1534 coram
889 1463 1290 1533 hominibus
1321 1462 1701 1533 devotionis
1730 1483 1896 1533 suae
1925 1462 2152 1532 studia
2182 1463 2556 1533 exercebat.
2591 1463 2888 1532 Peractis
2921 1476 3158 1532 autem

624 1554 879 1623 divinis
924 1551 1191 1634 officiis,
1244 1551 1648 1639 cunctisque
1686 1551 1802 1638 qui
1854 1550 2237 1631 adfuerant,
2280 1565 2581 1642 tempore
2612 1564 3012 1641 opportuno
3037 1551 3166 1620 do-

624 1663 814 1711 mum
845 1641 1280 1721 abeuntibuS,
1320 1653 1396 1710 ut
1426 1640 1734 1728 corporis
1773 1639 2095 1709 alimenta
2135 1641 2582 1730 perciperent,
2613 1652 2677 1709 et
2709 1662 2817 1709 res
2844 1662 3016 1709 suas
3045 1663 3166 1709 ex-

624 1744 852 1800 ternas
884 1744 1227 1807 curarent,
1268 1729 1384 1798 illa
1417 1751 1575 1799 cum
1616 1729 1856 1816 paucis
1907 1729 2299 1817 pedisequis
2331 1731 2399 1797 in
2434 1729 2718 1801 ecclesia
2759 1730 3158 1808 remanens,

626 1819 709 1888 ad
764 1820 1065 1888 internas
1116 1819 1362 1886 mentis
1401 1817 1642 1907 epulas
1690 1830 1755 1887 et
1786 1817 2180 1907 spirituales
2213 1817 2497 1888 delicias
2538 1819 2603 1886 in
2638 1818 2843 1887 domo
2880 1818 3160 1887 Domini

627 1908 1008 1999 captandas
1054 1929 1126 1976 se
1159 1906 1523 1996 diligenter
1569 1907 2169 1985 accommodabat,
2236 1907 2525 1996 cupiens
2589 1906 2706 1976 illa
2753 1905 3160 1975 divinarum

624 1997 1171 2068 consolationum
1223 1995 1556 2065 suavitate
1601 1995 1888 2064 uberius
1937 1995 2220 2085 perfrui,
2259 1996 2461 2085 cujus
2500 2006 2780 2086 gustum
2823 1994 3159 2064 suavissi-

627 2107 816 2157 mum
858 2087 1003 2185 jam
1047 2084 1409 2172 aliquoties
1455 2096 1724 2172 experta
1777 2097 1976 2153 esset.
2021 2088 2098 2153 Et
2135 2085 2295 2171 quia
2349 2098 2512 2154 tunc
2551 2084 2707 2153 aliis
2740 2084 3158 2152 absentibus

626 2195 699 2243 se
745 2173 1119 2242 solitariam
1162 2172 1494 2242 sentiebat
1526 2185 1591 2240 et
1636 2186 2133 2260 praeparatam,
2198 2173 2482 2244 liberius
2524 2193 2761 2241 vacare
2797 2176 3027 2261 potuit
3058 2172 3161 2240 di-

625 2262 840 2331 versis
891 2261 1111 2330 modis
1158 2260 1529 2348 quaerendi
1584 2260 1938 2329 Dilectum.
1984 2267 2217 2349 Itaque
2248 2262 2508 2332 orando
2546 2260 2966 2331 circumibat
3001 2283 3157 2330 aras

627 2370 888 2427 omnes,
930 2362 1299 2438 pectusque
1350 2348 1617 2429 tundes,
1670 2349 1968 2438 gemitus
2015 2350 2222 2419 dabat
2267 2364 2332 2419 et
2379 2350 2719 2438 suspiria;
2774 2348 3160 2437 levatisque

627 2439 696 2507 in
732 2437 997 2508 coelum
1030 2437 1251 2508 oculis
1282 2450 1346 2508 et
1380 2437 1724 2516 manibus,
1762 2450 1965 2525 atque
1995 2439 2196 2509 etiam
2231 2452 2452 2510 mente
2488 2440 2660 2529 ipsa,
2694 2450 2887 2507 stans
2916 2460 3160 2528 precae

628 2527 915 2597 Domino
963 2527 1312 2617 supplices
1359 2526 1719 2596 offerebat:
1781 2538 1926 2596 tum
1975 2549 2247 2615 quoque
2295 2529 2490 2599 humi
2554 2550 2626 2597 se
2678 2540 3152 2618 prosternens,

627 2616 712 2685 ad
756 2615 960 2705 pedes
1004 2616 1270 2685 Domini
1317 2621 1483 2685 ,lesu
1528 2637 1686 2684 cum
1729 2620 1829 2684 Ma
1882 2615 2128 2685 dalena
2164 2617 2517 2687 humiliter
2563 2639 2711 2688 sese
2757 2616 3159 2686 ab‘iciebat.

628 2705 762 2774 Etsi
798 2717 1023 2774 autem
1069 2704 1433 2773 Salvatoris
1480 2705 1691 2774 nostri
1746 2726 1827 2794 pe
1879 2726 1952 2772 cs
1998 2705 2443 2795 corporaliter
2480 2706 2624 2793 jam
2675 2726 2842 2774 oscu
2873 2707 2980 2774 ari
3018 2725 3155 2774 non

630 2806 899 2883 posset,
968 2805 1034 2862 at
1082 2792 1356 2863 illorum
1401 2805 1624 2861 tamen
1679 2792 1824 2862 loco
1874 2792 2164 2861 humum
2226 2794 2671 2863 osculabatur
2717 2793 3156 2882 saepissime,

629 2903 752 2951 nec
781 2903 932 2950 raro
966 2881 1432 2969 pavimentum
1472 2895 1537 2950 et
1575 2894 1822 2951 terram
1863 2881 2186 2972 lacrymis
2218 2883 2583 2971 irrigabat:
2621 2894 2832 2968 utque
2860 2895 2927 2950 et
2960 2903 3161 2951 amo-

630 2972 748 3049 ris,
786 2992 922 3057 quo
970 2970 1273 3050 ardebat,
1319 2992 1440 3039 nec
1472 2969 1693 3039 celare
1733 2983 2014 3060 poterat,
2055 2969 2383 3040 fervorem
2436 2972 2687 3041 Dilecto
2734 2971 3154 3052 ostenderet,

627 3072 691 3128 et
741 3071 1167 3148 peccatorum
1213 3059 1479 3128 veniam
1529 3060 2117 3148 copiosioremque
2163 3060 2454 3148 gratiam
2515 3061 2933 3150 impetraret,
2996 3059 3159 3150 pul-

631 3168 850 3216 verem
907 3160 970 3216 et
1028 3148 1325 3216 cinerem
1383 3169 1455 3215 se
1506 3169 1910 3236 agnoscenS,
1965 3169 2039 3216 os
2094 3169 2297 3217 suum
2341 3148 2697 3219 humiliter
2753 3147 3055 3237 ponebat
3083 3149 3156 3216 iu

631 3235 931 3325 pulvere,
988 3236 1194 3322 idque
1247 3238 1327 3305 ea
1380 3256 1502 3321 spe
1547 3250 1611 3304 et
1660 3235 1939 3313 fiducia,
1996 3237 2176 3323 quod
2224 3249 2538 3307 aeternae
2595 3237 2783 3327 pacis
2828 3237 3156 3307 osculum

628 3323 1042 3410 quandoque
1110 3346 1145 3392 3
1219 3324 1469 3392 Dilecto
1538 3339 1903 3414 acceptura
1967 3339 2165 3395 esset.
2228 3326 2683 3408 Quamobrem
2745 3326 2952 3394 etiam
3016 3345 3158 3394 non

627 3411 1059 3480 mediocriter
1121 3411 1523 3498 hujusmodi
1587 3413 2161 3502 prostrationibus
2208 3413 2570 3494 delectata,
2625 3413 2893 3483 tamdiu
2941 3435 3154 3503 saepe

620 3500 840 3588 jacuit
899 3520 1129 3568 coram
1182 3501 1464 3569 Domino
1515 3501 1583 3569 in
1647 3502 1932 3591 longum
1984 3515 2291 3590 porrecta
2322 3558 2337 3583 ,
2390 3516 2467 3573 ut
2527 3516 2660 3572 tam
2723 3501 2949 3571 debile
3001 3524 3162 3572 cor-

629 3587 1000 3678 pusculum
1062 3588 1253 3657 nulla
1308 3589 1567 3659 ratione
1621 3590 1688 3659 id
1748 3589 2049 3660 laturum
2107 3590 2356 3671 fuerit,
2418 3591 2550 3662 nisi
2595 3590 2975 3661 devotionis
3023 3591 3162 3660 fer·

631 3697 785 3746 vore
830 3690 893 3746 et
927 3676 1222 3765 Spiritus
1255 3677 1521 3746 Domini
1553 3677 1953 3748 fortitudine
1985 3680 2463 3751 corroboratus
2497 3691 2697 3749 esset.
2737 3685 2941 3749 Soror
2969 3683 3160 3750 Gau-

629 3764 855 3834 dentia
907 3765 1277 3852 aliquando
1322 3766 1666 3838 curiosius
1704 3767 2056 3857 explorare
2103 3768 2336 3839 volens
2382 3768 2810 3837 devotionem
2858 3768 3058 3840 illius
3093 3782 3166 3839 et

632 3854 874 3924 orandi
918 3854 1223 3934 modum,
1276 3876 1314 3925 a
1355 3855 1645 3944 prandio
1693 3877 1764 3926 se
1813 3856 2164 3937 subduxit,
2220 3857 2623 3944 intransque
2670 3857 2740 3925 in
2784 3856 3158 3946 templum,

630 3943 796 4012 vidit
842 3943 1032 4013 illam
1077 3955 1212 4014 toto
1259 3965 1541 4032 corpore
1592 3957 2024 4034 prostratam,
2068 3945 2332 4015 tamdiu
2380 3946 2760 4037 manere3in
2798 3945 3160 4035 precibuS,

630 4047 705 4101 ut
755 4033 899 4122 ipsa
951 4033 1224 4101 interim
1273 4031 1642 4102 dimidium
1693 4034 2059 4104 absolverit
2113 4033 2541 4123 psalterium.
2605 4039 2811 4104 Porro
2872 4047 2950 4102 ut
3009 4056 3166 4104 ma·-

619 4121 838 4210 jorem
890 4123 1156 4210 corpori
1208 4120 1601 4211 fatigatione
1634 4123 1924 4202 afferret,
1965 4143 2127 4213 prae
2172 4121 2581 4192 admirando
2629 4121 2888 4192 fervore
2936 4121 3168 4195 divini

630 4209 907 4289 amoris
967 4211 1084 4296 qui
1145 4231 1293 4279 eam
1346 4232 1616 4300 semper
1662 4210 1747 4280 ad
1801 4211 2018 4282 ardua
2062 4210 2478 4300 impellebat,
2533 4233 2692 4281 cum
2745 4212 2843 4280 sic
2891 4212 3167 4282 orando

632 4296 826 4366 humi
879 4310 1212 4388 prostrata
1263 4300 1551 4387 jaceret,
1614 4312 1851 4388 pectus
1896 4313 1961 4369 et
2008 4312 2216 4388 caput
2262 4299 2664 4369 sustollebat
2714 4299 2794 4368 ad
2843 4298 3168 4372 codicem

630 4407 857 4455 coram
932 4388 1081 4476 ipsa
1142 4409 1517 4477 expansum
1553 4442 1568 4466 ‚
1632 4401 1838 4475 atque
1902 4391 1967 4457 in
2028 4410 2107 4458 eo
2158 4389 2450 4478 scriptas
2497 4409 2731 4479 preces
2782 4387 3165 4458 lectitabat.
