3347 4999
156 410 327 477 OCT.
380 413 423 475 9
884 431 961 475 ωε
1009 430 1101 476 ss.
1155 428 1448 477 nonYsm
1495 430 1570 475 ET
1619 429 1818 476 socns
1866 431 1980 476 nn.
2482 414 2598 478 291

155 535 288 584 non
345 526 620 602 possent
658 514 955 601 Tyranni
1007 512 1499 593 contradicere,
1537 525 1719 581 torve
1758 526 1822 582 et
1851 514 2094 583 insane
2142 536 2257 584 eos
2304 515 2700 605 adspicien-

152 616 273 683 teS‚
329 603 585 672 strictis
624 602 899 693 gladiis,
942 624 1013 672 se
1066 616 1308 691 parant
1347 601 1433 670 ad
1482 601 1802 670 caedem.
1856 616 1922 671 et
1966 625 2153 684 cum,
2203 617 2553 690 tamquam
2605 605 2699 675 si-

201 712 288 760 no
319 691 501 770 dato,
536 700 652 760 cos
682 691 1081 760 eduxissent
1113 703 1300 759 extra
1348 691 1715 771 civitatem,
1756 690 2016 760 vinctos
2049 690 2318 760 ducunt
2362 692 2445 760 ad
2483 694 2701 776 quod-

151 715 313 850 ἔθη]
365 784 725 861 cacumen,
780 793 844 849 et
894 778 1173 849 tradunt
1222 779 1603 860 lictoribuS,
1649 791 1725 848 ut
1772 801 1887 848 eos
1936 780 2372 849 interficiant.
2434 783 2702 850 Interea

153 884 381 938 autem
452 881 687 955 petunt
743 868 972 938 Sancti
1021 880 1296 957 tempus
1348 867 1721 957 precandi,
1775 880 1838 936 et
1886 868 2169 938 flectunt
2216 890 2465 959 genua.
2528 874 2698 936 Tum

154 971 636 1028 sacrosanctus
688 957 935 1027 Christi
969 969 1230 1047 martyr
1267 957 1656 1047 DionysiuS,
1698 956 1992 1026 sublatis
2026 958 2093 1026 in
2128 958 2396 1027 coelum
2433 956 2692 1026 oculis:

152 1071 186 1113 «
225 1047 511 1115 Domine
566 1050 739 1115 Deus
789 1045 1251 1133 omnipotens,
1310 1046 1482 1128 Fili,
1538 1046 1815 1132 inquit,
1876 1045 2271 1136 Unigenite‚
2325 1057 2388 1114 et
2456 1049 2700 1114 Sancte

153 1136 474 1224 SpirituS,
531 1149 767 1203 sancta
806 1133 1104 1203 Trinitas
1148 1135 1489 1224 principio
1538 1156 1804 1216 carens,
1845 1148 1908 1204 et
1948 1135 2018 1203 in
2062 1157 2270 1222 quam
2324 1156 2460 1203 non
2512 1135 2698 1204 cadit

150 1224 423 1304 divisio,
465 1224 742 1311 suscipe
792 1245 1143 1293 servorum
1199 1237 1471 1293 tuorum
1529 1224 1597 1291 in
1643 1245 1805 1312 pace
1855 1224 2150 1303 animas,
2182 1223 2513 1310 quoniam
2546 1246 2702 1313 pro-

149 1326 302 1403 pter
354 1327 412 1382 te
479 1326 693 1382 morte
755 1310 1123 1382 afficimur.
1185 1336 1218 1379 »
1281 1318 1356 1381 Et
1405 1334 1561 1380 cum
1616 1312 1846 1381 Sancti
1894 1318 2103 1381 Amen
2151 1311 2693 1393 acclamassent,

150 1424 528 1473 conversus
578 1400 662 1470 ad
709 1400 1012 1470 lictores:
1051 1424 1086 1467 «
1125 1400 1347 1470 Facite
1381 1455 1395 1478 ,
1452 1400 1699 1487 inquit,
1753 1401 1936 1487 quod
1979 1399 2110 1470 fuit
2158 1400 2350 1469 vobis
2402 1402 2699 1490 impera-

149 1504 325 1561 tum.
359 1514 394 1556 »
446 1489 554 1557 Illi
597 1503 820 1558 autem
878 1489 1180 1576 primum
1231 1489 1510 1576 quidem
1564 1488 1744 1559 beati
1781 1489 2109 1580 Dionysii,
2148 1489 2699 1561 deindefflustici

148 1593 211 1649 et
259 1578 635 1649 Eleutherii
687 1593 905 1679 caput
944 1589 1332 1666 amputant.

241 1672 276 1757 ξ
330 1672 478 1741 18.
535 1666 657 1737 Sed
716 1687 837 1735 nec
876 1688 942 1734 tn
987 1667 1116 1736 hoc
1164 1667 1447 1753 quidem
1495 1667 1567 1756 (o
1616 1666 1929 1755 Dionysi)
1978 1672 2065 1747 Is,
2099 1667 2220 1753 qui
2270 1679 2545 1756 propter
2575 1689 2701 1739 nos

149 1779 403 1846 passus
451 1769 574 1837 est,
616 1755 744 1825 fuit
784 1755 1039 1825 oblitus
1073 1755 1250 1843 ejuS,
1305 1756 1424 1844 qui
1462 1768 1739 1844 propter
1772 1757 2003 1844 ipsum
2044 1758 2373 1825 moritur:
2412 1756 2526 1824 sed
2569 1757 2700 1824 mi-

151 1845 470 1915 raculum
513 1845 717 1913 etiam
769 1845 1066 1914 ostendit
1093 1846 1162 1913 in
1203 1845 1699 1935 amputatione.
1742 1845 2003 1914 Etenim
2046 1866 2204 1913 cum
2244 1866 2447 1915 suum
2486 1856 2697 1933 caput

150 1947 507 2019 tamquam
560 1932 838 2020 aliquod
876 1934 1273 2023 ‚praemium
1342 1939 1595 2022 Martyr
1665 1933 1811 2001 suis
1878 1933 2255 2022 accepisset
2323 1933 2691 2015 manibuS,

149 2022 399 2091 transit
430 2021 513 2090 ad
552 2021 781 2091 locum
814 2020 1161 2091 idoneum.
1217 2023 1500 2091 Ferebat
1546 2043 1709 2110 ergo
1759 2023 1907 2111 ipse
1956 2033 2166 2111 caput
2214 2023 2281 2090 in
2339 2023 2691 2102 manibus,

150 2124 506 2195 tamquam
558 2110 835 2197 aliquod
889 2110 1292 2202 trophaeum
1323 2166 1338 2192 ‚
1379 2134 1415 2178 a
1460 2110 1694 2179 divina
1738 2110 2024 2180 omnino
2070 2122 2378 2200 portatus
2427 2112 2691 2201 gratia;

150 2221 376 2285 neque
427 2200 622 2290 prius
669 2199 956 2280 dimisit,
1009 2222 1219 2287 quam
1266 2199 1536 2269 mulieri
1597 2199 1833 2268 divina
1879 2199 2180 2285 quadam
2233 2199 2519 2269 omnino
2584 2222 2700 2268 oc-

146 2309 438 2356 currens
491 2288 943 2378 providentia,
988 2288 1054 2356 in
1097 2288 1284 2357 illius
1328 2288 1651 2357 manibus
1699 2288 2041 2377 deposuit,
2084 2288 2290 2357 veluti
2324 2288 2697 2374 quemdam

148 2378 584 2447 thesaurum.
620 2377 945 2447 Jacebant
978 2394 1202 2446 autem
1259 2376 1567 2468 neglecta
1615 2392 2012 2447 sanctorum
2068 2391 2449 2466 martyrum
2501 2399 2700 2446 vene-

147 2463 374 2536 randa
422 2482 733 2557 corpora,
790 2464 952 2536 feris
984 2479 1046 2536 et
1081 2466 1325 2537 avibus
1375 2466 1459 2536 ad
1500 2465 1845 2535 edendum
1880 2466 2210 2556 exposita,
2246 2479 2311 2537 et
2362 2488 2483 2536 nec
2508 2466 2700 2555 justa

144 2554 434 2642 quidem
486 2555 884 2644 sepulturae
932 2570 1322 2625 consecuta.
1381 2556 1678 2625 Lictores
1725 2567 1953 2624 autem
1999 2577 2082 2624 ne
2145 2555 2481 2624 hactenus
2542 2557 2698 2642 qui-

148 2646 306 2712 dem
363 2644 569 2714 irasci
633 2644 1023 2724 desierunt;
1069 2645 1185 2713 sed
1238 2646 1442 2713 etiam
1481 2645 1548 2713 in
1600 2645 1789 2732 ipsas
1831 2644 2070 2714 furunt
2119 2644 2448 2731 reliquias
2485 2699 2500 2724 ‚
2557 2658 2695 2714 sta-

145 2746 420 2803 tuentes
467 2755 582 2802 eas
631 2733 698 2801 in
739 2735 948 2802 maris
989 2730 1407 2822 profundum
1457 2734 1813 2822 projicere,
1865 2755 1948 2802 ne
1989 2733 2086 2803 vel
2142 2733 2561 2802 inanimatae
2596 2731 2693 2802 ef-

144 2823 433 2891 ficerent
468 2820 830 2903 miracula,
874 2834 938 2891 et
979 2822 1129 2891 ideo
1157 2822 1573 2892 attraherent
1611 2823 1864 2891 multos
1898 2821 1981 2891 ad
2015 2823 2462 2911 agnitionem.
2503 2822 2696 2903 Quod

144 2911 380 2988 etiam,
437 2923 511 2980 ut
543 2911 606 2980 ei
639 2911 861 2979 visum
913 2924 1079 2993 erat,
1134 2910 1387 2981 sactum
1442 2925 1651 2992 esset,
1695 2911 1829 2980 nisi
1862 2911 1987 2980 hoc
2027 2910 2284 2978 malum
2322 2910 2693 2980 consilium

146 2999 233 3069 ad
282 3000 599 3069 effectum
650 2998 901 3069 deduci
956 3006 1126 3069 Deus
1165 2999 1649 3090 prohibuisset.
1691 3005 1853 3068 Nam
1898 3021 2057 3069 cum
2095 2999 2421 3068 sensisset
2454 3021 2695 3068 eorum

146 3088 520 3158 corssilium
572 3101 650 3156 ea
697 3110 873 3175 quae
924 3089 1298 3178 pretiosum
1354 3089 1669 3178 Martyris
1719 3100 1925 3173 caput
1974 3099 2353 3244 acceperat,
2406 3089 2522 3157 cui
2574 3109 2698 3156 no-

147 3198 303 3245 men
347 3188 494 3245 erat
542 3177 827 3256 Catulla,
879 3191 1173 3247 mentem
1225 3199 1422 3247 suam
1477 3176 1949 3247 communicat
1999 3175 2132 3244 fide
2166 3176 2362 3258 ibus,
2417 3190 2495 3246 ut
2559 3182 2691 3245 Deo

148 3277 415 3355 gratam
467 3277 532 3333 et
579 3279 954 3355 acceptam.
1037 3271 1115 3335 Et
1161 3288 1321 3335 cum
1374 3264 1810 3354 splendidam
1862 3277 1926 3333 et
1982 3262 2239 3334 lautam
2292 3277 2697 3366 apparasset

147 3374 488 3431 mensam,
545 3351 815 3423 lictores
863 3355 1114 3444 accipit
1175 3355 1510 3424 convivio.
1567 3354 1875 3432 Interim,
1924 3375 2079 3422 vero
2136 3353 2306 3422 dum
2357 3354 2696 3423 inconvi-

149 3442 337 3512 vium
394 3442 662 3511 inibant
710 3442 894 3532 apud
933 3443 1319 3523 mulierem,
1346 3443 1630 3531 quidam
1664 3465 1740 3511 ex
1774 3441 2097 3511 fidelibus
2129 3442 2482 3532 accipiunt
2518 3449 2696 3512 Mar-

148 3543 377 3619 tyrum
433 3530 783 3617 reliquias,
837 3545 901 3600 et
948 3555 1063 3603 eas
1112 3532 1568 3601 abscondunt.
1609 3530 1887 3610 Deinde,
1926 3531 2120 3600 finito
2160 3532 2495 3611 convivio,
2530 3554 2691 3600 cum

147 3640 294 3688 eam
350 3641 492 3689 rem
547 3619 1164 3709 deprehendissent
1212 3619 1507 3701 lictores,
1564 3620 1664 3688 ira
1714 3619 1911 3688 valde
1967 3634 2161 3689 erant
2233 3620 2509 3710 perciti3
2576 3620 2694 3689 sed

148 3706 478 3777 fervorem
533 3707 671 3776 irae
726 3708 1052 3778 sedarunt
1088 3729 1400 3785 munera,
1455 3722 1519 3777 et
1570 3708 2036 3778 vehementem
2089 3709 2389 3778 furorem
2450 3708 2700 3777 dissol-

145 3797 241 3866 vit
282 3797 535 3866 mulier
573 3797 886 3885 pecunia.
918 3802 1083 3867 Cum
1137 3798 1239 3866 illi
1272 3810 1499 3867 autem
1546 3797 2013 3884 recessissent,
2050 3798 2120 3866 in
2155 3796 2455 3884 quadam
2490 3796 2698 3866 domo

144 3884 428 3975 deponit
476 3885 737 3954 Catulla
788 3889 1157 3975 Martyrum
1225 3886 1574 3973 reliquias,
1632 3887 1827 3956 tertio
1879 3886 2137 3955 mensis
2186 3885 2519 3967 Octobris,
2571 3886 2698 3953 mi-

148 3974 405 4043 raculis
463 3975 722 4043 affatim
771 3974 1296 4062 profluentibuS,
1342 3975 1622 4063 perinde
1681 3997 1760 4044 ac
1818 3975 2052 4062 aliquo
2109 3974 2290 4043 fonte
2346 3974 2583 4062 pulcre
2632 3987 2698 4044 et

151 4063 452 4131 suaviter
515 4076 857 4132 manante.
903 4068 1046 4132 Non
1097 4063 1392 4133 multum
1454 4064 1784 4153 temporis
1836 4064 2267 4141 intercessit,
2330 4075 2394 4131 et
2448 4085 2698 4132 conve-

149 4148 415 4248 nientes
465 4151 856 4231 Christiani,
913 4152 1247 4240 templum
1299 4152 1618 4243 gloriosis
1665 4151 1965 4222 excitant
2026 4152 2445 4232 victoribus,
2512 4165 2576 4221 et
2625 4153 2697 4221 in

151 4259 303 4325 ipso
350 4260 585 4309 eorum
640 4242 972 4331 pretiosas
1005 4240 1364 4330 deponunt
1400 4241 1763 4328 reliquias:
1816 4240 1900 4310 ad
1956 4240 2247 4329 gloriam
2301 4241 2413 4308 Dei
2449 4242 2693 4320 PatriS,

151 4337 212 4396 et
251 4327 520 4396 Domini
549 4332 761 4399 nostri
796 4336 961 4399 ,lesu
995 4329 1278 4400 Christi:
1311 4352 1514 4416 quem
1553 4331 1746 4399 decet
1781 4330 2001 4399 honor
2032 4343 2096 4399 et
2134 4330 2466 4411 adoratio,
2508 4352 2695 4398 nunc

149 4426 216 4484 et
268 4436 562 4504 semper,
603 4431 667 4488 et
706 4419 777 4488 in
828 4419 1066 4490 secula
1112 4418 1531 4499 seculorum,
1572 4425 1809 4488 Amen.
