3347 4999
206 337 407 404 OCT.
470 335 552 400 ⁴8
1164 352 1242 397 mi:
1291 352 1349 398 s.
1401 349 1659 399 nononis
1708 353 1896 399 mar.
2575 286 2714 405 545¹

208 463 296 510 ac
344 437 596 506 matris
631 436 743 505 Dei
776 448 1272 516 consecratam,
1309 436 1395 505 ab
1426 436 1617 503 omni
1657 436 2009 505 exactione
2044 435 2358 508 liberam.
2399 441 2793 532 Episcopali

210 527 658 606 auctoritate,
715 527 782 593 in
836 548 961 594 sua
997 523 1402 612 provinciali
1439 524 1729 612 synod0‚
1789 537 2117 615 perpetuo
2167 548 2315 596 esse
2356 528 2677 600 decrevit.
2719 536 2796 600 Et

210 640 302 687 ne
329 639 420 686 ex
454 630 616 685 tunc
657 615 920 684 deesset
957 614 1263 683 officium
1307 612 1728 682 sacerdotale
1764 614 1830 681 in
1866 613 2155 683 ecclesia
2199 618 2500 705 Hoyensi
2539 632 2602 688 et
2633 619 2794 689 villa

208 706 543 787 Amania‚
583 703 667 773 ad
718 702 1248 792 persolvendum
1301 701 1614 770 divinum
1667 701 1973 771 officium
2027 704 2414 774 sacerdotes
2463 707 2784 788 instituit,

208 795 339 883 qui
389 816 517 884 per
557 794 739 861 vices
788 792 919 861 sibi
974 803 1215 860 mutuo
1267 790 1714 860 succedentes
1762 792 2127 861 Missarum
2163 793 2499 864 solemnia
2535 795 2618 864 ad
2672 797 2793 867 ho-

213 906 469 954 norem
517 881 848 971 praedicti
900 880 1238 969 MartyriS,
1296 885 1428 948 Deo
1477 880 1981 969 persolverent,
2042 903 2406 969 quousque
2463 906 2585 974 per
2627 897 2792 955 tem-

208 973 419 1064 poris
471 969 826 1039 intervalla
878 969 1114 1038 eadem
1154 967 1443 1037 ecclesia
1475 991 1552 1037 ex
1589 968 1899 1037 fidelium
1953 969 2321 1041 donatione
2372 973 2740 1062 proficiens
2771 1029 2786 1056 ‚

211 1060 533 1152 propriis
562 1059 925 1148 stipendiis
951 1057 1173 1126 cultui
1205 1057 1439 1126 divino
1465 1056 1832 1126 sufficeret.
1873 1063 2054 1127 Haec
2085 1071 2313 1130 autem
2346 1061 2793 1131 sacerdotalis

208 1149 579 1221 successio
630 1148 866 1218 eodem
925 1147 992 1215 in
1036 1146 1185 1215 loco
1225 1146 1500 1216 duravit
1549 1169 1588 1214 a
1631 1161 1934 1237 tempore
1990 1152 2060 1215 D.
2115 1150 2406 1218 Joannis
2458 1151 2793 1239 praedicti

210 1238 551 1331 Episcopi
601 1260 823 1322 usque
883 1236 967 1304 ad
1036 1248 1309 1322 tenipus
1358 1236 1583 1325 Pipini
1634 1240 1730 1303 III
1764 1290 1778 1315 ,
1833 1236 1955 1322 qui
2011 1258 2301 1328 regnum
2370 1243 2791 1309 Francorum

206 1330 547 1417 adeptuS‚
602 1325 963 1395 deficiente
1012 1325 1197 1413 regia
1239 1324 1449 1413 stirpe
1493 1323 1840 1403 Clodovei,
1880 1347 1920 1393 a
1954 1330 2136 1425 Papa
2176 1327 2500 1397 Zacharia
2532 1344 2790 1401 unctus

209 1419 429 1488 estin
473 1422 722 1505 Regem
773 1414 860 1483 ob
909 1412 1374 1482 defensionem
1414 1418 1762 1482 Romanae
1811 1413 2176 1484 Ecclesiae.
2231 1417 2357 1485 Hic
2403 1418 2633 1504 itaque
2682 1420 2791 1486 Pi-

213 1508 443 1597 pinus
496 1511 653 1583 Rex,
709 1502 873 1572 dum
914 1504 1089 1571 inter
1124 1501 1515 1571 venandum
1568 1502 2134 1572 Arduennensem
2236 1504 2636 1576 erlustraret
2668 1507 2791 1576 sil-

212 1619 410 1671 vam,
454 1599 589 1662 Deo
621 1593 1029 1681 disponente
1059 1590 1140 1659 ad
1174 1590 1534 1661 ecclesiam
1572 1591 1793 1660 sancti
1828 1592 2140 1661 Mononis
2223 1595 2467 1676 evenit,
2500 1617 2792 1682 eamque

206 1686 328 1774 (ut
378 1697 529 1752 erat
564 1683 663 1749 vir
714 1682 945 1770 magni
988 1680 1271 1748 affectus
1319 1701 1482 1769 erga
1534 1684 1743 1748 Deum
1778 1693 1843 1749 et
1877 1685 2160 1750 Sanctos
2193 1683 2375 1771 ejus)
2406 1684 2790 1754 devotionis

213 1777 444 1843 causa
495 1782 818 1840 oraturus
886 1769 1184 1837 intravit.
1238 1769 1367 1850 Qui
1401 1823 1415 1849 ‚
1487 1769 1587 1837 vis
1649 1768 2144 1839 miraculorum
2217 1773 2663 1842 monimentis
2710 1796 2791 1843 ex

213 1862 671 1931 infirmorum
726 1859 1083 1928 curatione
1130 1857 1387 1926 ibidem
1440 1856 1720 1938 relictis,
1777 1880 2218 1948 summopere
2258 1861 2642 1930 admiratus
2689 1875 2791 1932 est

213 1952 448 2021 sancti
510 1947 827 2036 Martyris
877 1948 1205 2025 v'irtutes;
1259 1969 1339 2014 ac
1391 1959 1729 2034 prostrato
1788 1969 2118 2037 corpore,
2185 1949 2421 2020 devote
2468 1953 2790 2022 exorabat

210 2040 372 2129 ejus
402 2038 590 2127 apud
626 2042 836 2105 Deum
882 2036 1233 2124 suffragia.
1269 2039 1482 2121 Atque
1519 2048 1596 2103 ut
1632 2034 1886 2103 ibidem
1925 2037 2340 2124 relinqueret
2384 2040 2784 2109 memoriam

214 2130 328 2200 sui
388 2126 645 2216 regalis
672 2125 1019 2206 beneficii,
1061 2146 1182 2213 per
1216 2123 1474 2213 pileum
1526 2123 1709 2210 quod
1752 2125 1974 2212 capite
2008 2128 2356 2214 gestabat,
2392 2151 2563 2198 auro
2594 2151 2787 2219 gem-

216 2218 503 2304 misque
551 2224 882 2298 ,ornatum
922 2269 937 2296 ‚
1004 2235 1246 2283 omnes
1308 2212 1614 2281 decimas
1670 2234 1845 2298 quas
1895 2213 2191 2285 habebat
2257 2218 2435 2286 inter
2494 2219 2784 2287 fluvium

217 2311 463 2375 Urtam
516 2316 582 2373 et
633 2303 913 2384 Letiam,
972 2312 1299 2392 perpetuo
1339 2303 1498 2391 jure
1548 2301 1831 2370 tradidit
1879 2302 2076 2373 beato
2117 2306 2387 2375 Mononi
2426 2306 2788 2397 possiden-

212 2395 348 2465 das
388 2394 450 2460 ’ἦ
509 2398 886 2482 Ipsumque
937 2392 1221 2480 pileum,
1276 2390 1344 2458 in
1400 2390 1870 2459 testimonium
1909 2393 2120 2480 hujus
2173 2395 2559 2486 largitionis
2590 2418 2782 2476 suae,

214 2483 288 2553 in
341 2481 587 2554 eodem
624 2481 773 2551 loco
808 2479 1224 2550 servandum
1264 2479 1562 2567 reliquit.
1617 2485 1831 2568 Atque
1867 2482 2111 2552 exinde
2149 2483 2326 2554 sacta
2365 2496 2467 2555 est
2500 2485 2788 2555 ecclesia

212 2572 610 2664 collegiata,
657 2570 1048 2639 constitutis
1086 2569 1345 2638 ibidem
1400 2570 1763 2638 Canonicis
1793 2625 1812 2651 ,
1871 2571 1992 2659 qui
2052 2586 2357 2662 tempore
2406 2575 2659 2644 diurno
2708 2597 2787 2642 ac

216 2676 566 2732 nocturno
631 2658 1093 2749 persolverent
1157 2657 1325 2727 odas
1390 2659 1728 2736 Domino,
1792 2658 2078 2747 ejusque
2139 2663 2439 2752 glorioso
2504 2664 2785 2752 Martyri

215 2750 503 2821 Mononi
534 2804 549 2830 ,
602 2762 875 2817 orantes
926 2769 1048 2836 pro
1097 2746 1278 2815 felici
1341 2758 1522 2816 statu
1580 2748 1777 2837 regni
1827 2753 2247 2820 Francorum
2281 2807 2296 2833 ‚
2355 2752 2787 2837 maximeque

216 2861 343 2928 pro
399 2838 623 2909 salute
663 2838 868 2926 Regis
915 2835 1166 2925 Pipini,
1222 2835 1428 2923 cujus
1480 2837 1957 2906 munificentia
1991 2838 2217 2909 dotata
2259 2853 2359 2909 est
2391 2853 2456 2909 et
2494 2840 2787 2908 exaltata

210 2929 467 2997 eadem
503 2926 794 2996 ecclesia
825 2949 838 2992 z
883 2937 1269 3014 praestante
1301 2937 1364 2994 et
1398 2924 1767 3014 adjuvante
1803 2927 2090 2997 Domino
2134 2943 2365 2998 nostro
2397 2929 2559 2998 Jesu
2595 2929 2785 2997 Chri-

217 3029 350 3099 sto,
390 3016 511 3104 qui
556 3038 716 3085 cum
759 3020 952 3084 Patre
984 3026 1048 3084 et
1083 3014 1344 3104 Spiritu
1380 3018 1625 3084 Sancto
1656 3027 1898 3104 regnat
1935 3021 2110 3086 Deus
2143 3017 2211 3085 in
2249 3018 2482 3086 omnia
2520 3016 2778 3097 secula,

217 3109 466 3175 Arnen.

310 3194 747 3283 Praescripta
794 3193 1029 3262 omnia
1064 3203 1434 3261 cantantur
1471 3192 1539 3260 in
1578 3192 1990 3265 lectionibus
2026 3194 2556 3264 matutinalibus
2593 3217 2786 3285 prae-

222 3285 628 3353 nominatae
659 3282 989 3352 ecclesiae
1023 3281 1240 3350 sancti
1282 3280 1618 3361 Mononis‚
1678 3281 1747 3350 in
1790 3281 1957 3354 festo
1987 3283 2296 3373 ejusdem
2340 3297 2405 3352 et
2444 3306 2562 3374 per
2600 3297 2785 3354 octa-

222 3393 393 3442 vas:
451 3372 931 3458 habenturque
983 3371 1050 3439 in
1096 3369 1270 3439 libro
1329 3370 1724 3440 Lectionum
1765 3393 1844 3440 ex
1882 3394 2294 3463 pergameno
2344 3373 2792 3443 laudabiliter

216 3461 646 3550 conscripta,
689 3462 811 3548 qui
845 3472 1288 3531 conservatur
1332 3459 1402 3527 in
1439 3458 1679 3528 eadem
1724 3461 2013 3532 ecclesia
2049 3462 2517 3534 Nassoniensi.

277 3657 301 3679 ‘⁵
334 3655 535 3704 Gallice.
561 3660 720 3699 our-use
745 3663 793 3698 et
816 3659 987 3702 Luam.
1011 3655 1118 3704 rivi,
1137 3657 1218 3706 qui
1240 3666 1295 3696 ex
1316 3656 1567 3698 Arduenna
1589 3653 1708 3698 silva
1726 3658 2007 3700 scaturiunt.

376 4523 637 4598 ‘surius
664 4570 689 4587 -
729 4539 896 4602 Vitae
924 4541 1025 4605 SS.
1056 4573 1084 4590 ·
1118 4540 1251 4607 Vol.
1281 4543 1353 4608 Χ.
2574 4555 2650 4615 35
