3347 4999
736 346 859 410 ⁴74
1505 359 1586 408 oa
1634 364 1694 408 s.
1745 361 2089 409 PRANCISCO
2139 361 2322 408 coxr.
2936 341 3138 407 OCT.
3193 342 3228 406 t

645 453 779 516 Deo
815 459 1066 527 nostr0,
1098 446 1263 532 quia
1293 467 1514 532 usque
1553 468 1739 515 nunc
1775 469 2018 535 parum
2057 445 2500 535 profecimus.
2529 470 2557 509 ι
2596 445 2974 536 Flagrabat
3006 447 3232 515 etiam

643 536 985 605 desiderio
1038 557 1286 635 magno
1319 535 1401 602 ad
1441 535 1856 604 humilitatis
1897 535 2118 604 redire
2150 534 2551 624 primordia,
2592 549 2666 603 ut
2701 535 3012 622 leprosis
3041 535 3231 605 sicut

643 647 682 694 a
721 624 1062 715 principio
1093 625 1538 703 ministraret,
1575 645 1969 712 corpusque
1996 624 2141 716 jam
2182 645 2342 713 prae
2379 622 2609 692 labore
2642 623 3085 714 collapsum,
3123 647 3227 693 re-

644 727 911 783 vocaret
957 713 1042 782 ad
1078 712 1440 802 pristinam
1479 713 1901 781 servitutem.
1941 712 2389 801 Proponebat,
2427 712 2694 782 Christo
2734 713 2947 793 duce,
2996 735 3080 781 se
3121 712 3225 782 fa·

640 816 916 873 cturum
970 802 1298 891 ingentia,
1352 814 1417 869 et
1465 801 1945 870 fatiscentibus
1990 801 2342 880 membriS,
2397 801 2650 890 spiritu
2707 801 2907 872 fortis
2968 815 3040 871 et
3094 801 3228 871 fer·

643 891 867 971 viduS‚
903 913 1077 960 novo
1127 890 1446 978 sperabat
1493 892 1870 959 certamine
1908 889 1992 958 de
2025 890 2217 958 hoste
2253 890 2710 980 triumphum.
2751 897 2997 978 Neque
3029 892 3224 961 enim

641 981 938 1083 languor
987 979 1085 1047 vel
1135 979 1398 1048 desidia
1445 978 1669 1047 locum
1709 979 1935 1058 habet,
1972 980 2094 1048 ubi
2144 980 2402 1047 amoris
2436 978 2769 1050 stimulus
2801 1002 3108 1070 semper
3136 982 3219 1050 ad
3305 981 3306 984 ’

640 1091 908 1156 majora
947 1081 1289 1157 perurget.
1328 1073 1541 1136 Tanta
1581 1081 1809 1136 autem
1866 1069 1932 1135 in
1976 1089 2056 1136 eo
2095 1069 2325 1136 carnis
2356 1067 2441 1136 ad
2479 1069 2799 1158 spiritum
2837 1083 3002 1139 erat
3053 1091 3223 1140 cou-

638 1158 897 1237 cordia,
941 1169 1121 1226 tanta
1157 1155 1584 1226 obedientiae
1629 1157 2124 1247 proinptitudO,
2178 1156 2359 1243 quod
2397 1179 2557 1227 cum
2612 1158 2726 1227 ille
2764 1159 2851 1227 ad
2922 1181 3220 1228 ornnem

644 1248 976 1316 niteretur
1009 1247 1437 1316 sanctitatem
1496 1247 1904 1336 pertingere,
1946 1247 2093 1336 ipsa
2132 1267 2265 1314 non
2305 1247 2529 1315 solum
2571 1268 2703 1315 non
2744 1262 3216 1338 repugnaret,

638 1337 753 1406 sed
802 1358 1245 1424 praecurrere
1298 1336 1657 1404 niteretur.

725 1428 762 1512 ξ
800 1428 941 1496 88.
1001 1429 1081 1493 Ut
1127 1439 1352 1493 autem
1391 1425 1545 1492 Viro
1584 1424 1698 1492 Dei
1731 1423 2058 1493 cumulus
2095 1424 2497 1494 meritorum
2534 1438 2996 1506 accresceret,
3041 1448 3221 1513 quae

637 1515 875 1583 omnia
904 1536 1055 1583 vere
1088 1513 1153 1582 in
1194 1513 1518 1603 patientia
1553 1526 2156 1592 consummantur,
2196 1514 2420 1604 coepit
2454 1514 3001 1584 infirmitatibus
3041 1516 3220 1584 mul·

638 1601 921 1673 timodis
971 1602 1282 1671 laborare
1333 1615 1468 1670 tam
1527 1603 1824 1691 graviter
1858 1656 1872 1680 ,
1927 1615 2004 1671 ut
2053 1603 2159 1670 vix
2210 1603 2278 1671 in
2333 1625 2412 1672 eo
2462 1603 2853 1672 membrum
2907 1605 3213 1692 aliquod

638 1706 1019 1761 remaneret
1067 1692 1328 1777 absque
1378 1691 1637 1781 ingenti
1693 1691 2036 1779 passionis
2084 1690 2341 1761 dolore.
2409 1691 2501 1760 Ad
2553 1691 2682 1760 hoc
2732 1691 3037 1761 tandem
3103 1716 3216 1783 per

634 1782 863 1851 varias
911 1793 974 1849 et
1023 1780 1393 1849 diuturnas
1441 1801 1521 1847 ac
1568 1781 1935 1848 continuas
1983 1781 2456 1870 aegritudines
2510 1779 2855 1850 deductus
2904 1796 3074 1860 est,
3149 1798 3217 1853 ut

635 1869 1071 1959 consumptis
1126 1869 1273 1969 jam
1343 1869 1720 1948 carnibus,
1774 1869 1972 1955 quasi
2024 1869 2165 1937 sola
2215 1870 2395 1938 cutis
2441 1869 2717 1939 ossibus
2764 1869 3211 1941 cohaereret.

638 1966 945 2046 Cumque
992 1958 1190 2026 duris
1239 1958 1547 2046 corporis
1586 1971 1955 2048 angeretur
2001 1957 2382 2038 doloribuS,
2423 1958 2581 2027 illas
2616 1979 2780 2028 suas
2827 1962 3215 2047 angustias

638 2070 773 2118 non
831 2068 1207 2136 poenarum
1260 2046 1580 2115 censebat
1630 2047 1943 2125 nomine,
1999 2046 2113 2114 sed
2168 2067 2512 2116 sororum.
2577 2051 2743 2116 Cum
2796 2060 3056 2117 autem
3115 2072 3216 2118 se-

637 2137 770 2207 mel
874 2135 1104 2204 ravius
1154 2134 1352 2204 solito
1399 2135 1717 2204 dolorum
1755 2149 2114 2224 urgeretur
2143 2134 2426 2215 aculeis,
2466 2136 2749 2222 quidam
2793 2134 3029 2206 frater
3055 2139 3215 2206 sim·

637 2227 790 2316 plex
823 2160 996 2294 gixit
1029 2223 1111 2292 ad
1150 2245 1351 2293 eum:
1391 2247 1428 2290 «
1458 2228 1709 2302 Frater,
1748 2245 1866 2292 ora
1908 2223 2301 2303 Dominum,
2335 2237 2409 2292 ut
2444 2224 2680 2293 mitius
2712 2237 2949 2293 tecum
3002 2240 3206 2316 agat:
3305 2295 3306 2306 ,

634 2336 922 2382 manum
975 2313 1158 2381 enim
1205 2335 1403 2381 suam
1460 2313 1614 2402 plus
1661 2311 1891 2381 debito
1940 2334 2149 2401 super
2197 2324 2259 2380 te
2305 2334 2592 2402 gravare
2640 2312 2946 2382 videtur.
2988 2339 3030 2380 »
3065 2322 3211 2399 Quo
3283 2315 3306 2338 “’

632 2401 897 2482 audit0,
954 2402 1068 2470 Vir
1102 2415 1383 2471 sanctus
1428 2424 1586 2471 curn
1631 2400 1894 2489 ejulatu
1941 2400 2361 2480 exclamans,
2394 2401 2527 2470 ait:
2574 2425 2609 2468 «
2648 2402 2786 2472 Nisi
2830 2424 3210 2476 noscerem

633 2491 702 2559 in
737 2504 799 2559 te
833 2489 1220 2581 simplicem
1262 2490 1651 2581 puritatem,
1692 2504 1885 2559 tuum
1914 2511 1993 2558 ex
2030 2512 2213 2558 nunc
2248 2490 2687 2561 abhorrerem
2723 2496 3205 2575 consortium,

627 2580 748 2667 qui
783 2602 997 2648 ausus
1030 2578 1244 2648 fueris
1276 2580 1459 2648 circa
1496 2600 1601 2647 me
1629 2579 1865 2648 divina
1891 2578 2155 2667 judicia
2194 2580 2761 2671 reprehensibilia
2784 2582 3210 2669 judicare.»

627 2675 705 2740 Et
753 2668 908 2739 licet
960 2681 1140 2738 totus
1176 2681 1353 2737 esset
1391 2668 1664 2737 attritus
1692 2668 1924 2824 gravis
1956 2667 2342 2757 prolixitate
2386 2670 2764 2760 languoris,
2803 2672 3206 2761 projiciens

629 2782 701 2830 se
748 2759 816 2827 in
871 2772 1146 2839 terram,
1185 2779 1342 2826 ossa
1387 2756 1643 2825 debilia
1744 2778 1867 2825 uro
1916 2779 2084 2826 casu
2135 2756 2437 2839 collisit;
2489 2770 2556 2827 et
2596 2758 3037 2830 deosculans
3093 2762 3210 2831 hu·

629 2871 822 2919 mum
856 2873 871 2915 ε
911 2872 947 2915 «
984 2848 1274 2926 GratiaS‚
1332 2845 1581 2933 inquit,
1629 2845 1752 2914 tibi
1787 2867 1940 2936 ago,
1981 2845 2267 2914 Domine
2320 2852 2521 2926 Deu8‚
2563 2846 2649 2915 de
2681 2848 3039 2919 omnibus
3098 2850 3208 2920 his

625 2938 983 3008 doloribus
1015 2938 1207 3017 meis,
1239 2949 1461 3023 teque,
1502 2935 1597 3003 mi
1632 2934 1941 3016 Domine,
1980 2956 2168 3024 rogo,
2213 2947 2289 3003 ut
2322 2935 2752 3025 centuplum,
2791 2935 2850 3004 si
2883 2938 3022 3007 tibi
3057 2941 3210 3029 pla-

630 3028 894 3105 cuerit,
947 3024 1197 3095 addas:
1251 3025 1416 3112 quia
1465 3024 1595 3093 hoc
1634 3023 1764 3092 erit
1800 3023 1968 3091 mihi
2001 3024 2591 3113 acceptissimum,
2625 3036 2703 3093 ut
2732 3024 3073 3114 affligens
3101 3051 3210 3097 me

624 3115 882 3195 dolore,
937 3136 1070 3184 non
1124 3136 1391 3204 parcaS,
1447 3133 1608 3182 cum
1661 3125 1818 3181 tuae
1867 3125 2147 3181 sanctae
2190 3112 2564 3182 voluntatis
2603 3113 2788 3181 adim
2853 3114 3054 3195 letio,
3112 3117 3203 3186 sit

626 3203 795 3272 mihi
847 3203 1223 3272 consolatio
1257 3224 1468 3291 super
1520 3202 1700 3270 lena.
1732 3223 1768 3267 »
1805 3201 2177 3270 Videbatur
2211 3214 2569 3291 propterea
2602 3201 2795 3270 fratri
2855 3225 2972 3285 uS,
3007 3205 3199 3292 quod

621 3292 823 3378 quasi
870 3291 1161 3360 alterum
1210 3290 1341 3360 Job
1389 3292 1450 3359 vi
1505 3302 1741 3369 erent;
1795 3290 1912 3360 cui
1957 3311 2117 3359 cum
2172 3289 2465 3381 languor
2510 3303 2849 3360 cresceret
2899 3294 3140 3362 carnis
3172 3348 3191 3374 ,

622 3379 975 3451 crescebat
1022 3378 1228 3449 simul
1277 3391 1342 3447 et
1374 3381 1568 3470 vigor
1611 3378 1886 3448 mentis.
1927 3383 2082 3469 Ipse
2131 3392 2359 3448 autem
2401 3380 2664 3449 obitum
2719 3402 2934 3450 suum
2985 3383 3197 3474 longe

621 3484 778 3538 ante
816 3467 1218 3558 praescivit:
1257 3467 1504 3554 dieque
1539 3468 1871 3537 transitus
1923 3467 2347 3548 imminente,
2405 3469 2578 3538 dixit
2619 3469 2965 3541 fratribus
3003 3526 3021 3552 ‚
3078 3472 3196 3541 sui

620 3558 929 3647 corporis
966 3556 1487 3626 tabernaculum
1523 3556 2015 3645 deponendum
2067 3557 2134 3626 in
2198 3557 2533 3647 proximo,
2573 3558 3192 3645 quemadmodum

621 3647 753 3716 sibi
790 3646 1010 3716 fuerat
1052 3644 1422 3714 revelatum
1456 3668 1494 3713 a
1536 3645 1828 3715 Christo.

712 3744 749 3816 ἓ
799 3739 951 3806 89.
1027 3739 1190 3804 Cum
1255 3733 1486 3820 itaque
1546 3755 1667 3834 per
1725 3734 2084 3805 biennium
2142 3735 2231 3804 ab
2292 3735 2748 3824 impressione
2818 3757 3196 3806 sacrorum

620 3824 1069 3914 stigmatum,
1126 3844 1310 3891 anno
1359 3821 1670 3892 videlicet
1731 3845 1769 3892 a
1834 3844 1961 3893 sua
2017 3824 2462 3892 conversione
2516 3824 2840 3893 vicesimo
2876 3880 2891 3904 ,
2939 3825 3197 3895 multis

619 3912 860 3982 fuisset
914 3910 1462 4003 angustiantium
1526 3910 2008 3981 infirmitatum
2076 3912 2446 4001 probativis
2506 3913 2956 3982 tunsionibus
3020 3936 3202 3983 con-

616 4001 1042 4087 quadratus,
1100 4016 1450 4088 tamquam
1503 3998 1681 4089 lapis
1734 3999 1802 4068 in
1860 4021 2203 4091 supernae
2246 4000 2626 4072 Jerusalem
2664 4000 2994 4071 aedificio
3043 4002 3200 4071 col-

615 4089 974 4171 locandus,
1024 4102 1090 4158 et
1135 4103 1487 4177 tamquam
1530 4087 1788 4158 ductile
1843 4110 2019 4180 opus
2067 4089 2198 4158 sub
2256 4088 2666 4180 multiplicis
2707 4090 3201 4163 tribulationis
3295 4102 3296 4143 ³

616 4178 864 4248 malleo
915 4179 1000 4247 ad
1061 4178 1543 4269 perfectionem
1594 4176 1935 4246 adductus
1970 4231 1986 4257 ‚
2050 4177 2134 4246 ad
2188 4191 2495 4248 sanctam
2550 4179 2834 4247 Mariam
2886 4179 2976 4247 de
3021 4185 3200 4249 Por-

615 4266 948 4351 tiuncula,
990 4288 1061 4339 se
1111 4268 1365 4359 portari
1426 4267 1737 4356 poposcit
1772 4266 1829 4348 ⁴⁸,
1881 4279 2226 4352 quatenus
2275 4268 2395 4337 ubi
2446 4280 2801 4357 acceperat
2847 4267 3200 4357 spiritum

609 4359 892 4450 gratiae,
950 4357 1049 4428 ibi
1102 4357 1412 4427 redderet
1457 4356 1781 4447 spiritum
1825 4355 2023 4424 vitae.
2077 4360 2224 4439 Quo
2272 4378 2433 4426 cum
2476 4356 2720 4427 fuisset
2768 4356 3195 4447 perductuS,

659 4486 688 4515 ⁸⁸
715 4487 782 4528 Ex
800 4485 977 4537 palatio
996 4482 1259 4536 episcopm
1275 4480 1546 4533 assisiensi,
1562 4484 1645 4526 ubl
1668 4486 1783 4526 tuno
1806 4482 2037 4534 temporis
2056 4481 2243 4525 delatus
2265 4483 2440 4526 fuerat.
