3347 4999
711 317 838 382 502
1501 332 1577 378 nn
1626 332 1682 379 s.
1737 329 2030 377 nssnwmss
2080 330 2272 377 vinna
2839 311 3011 378 OCT.
3071 314 3148 377 17

624 430 870 520 gustus
919 416 1189 497 mentiS,
1242 437 1445 502 quam
1497 413 1776 483 ventris,
1813 419 1914 483 Ita
1949 435 2102 483 vero
2135 413 2581 485 benedicebat
2626 413 2747 484 illa
2780 415 3146 484 Dominum

625 529 694 576 in
746 505 932 577 omni
991 516 1328 595 ternpore,
1381 515 1446 573 et
1493 525 1764 593 semper
1810 503 1961 573 laus
2007 503 2158 593 ejus
2207 503 2273 571 in
2326 525 2440 572 ore
2488 503 2697 575 illius.
2751 503 3150 574 Attendebat

623 596 847 665 etiam·
880 593 1103 662 locum
1168 613 1442 662 omnem
1513 605 1978 683 opportunum
2029 613 2177 662 esse
2224 591 2307 660 ad
2359 591 2906 662 benedicendum
2969 598 3142 675 De0‚

623 684 859 769 sicque
895 682 963 751 in
1000 682 1190 751 omni
1236 680 1440 750 etiam
1491 680 1637 750 loco
1673 680 2162 751 dominationis
2195 681 2345 770 ejus
2375 680 2647 751 laudem
2693 681 2960 750 Domini
2997 703 3152 772 pro-

622 772 849 842 mebat
894 770 1127 840 anima
1171 770 1345 859 ejus.
1396 773 1473 838 At
1520 780 1745 838 tamen
1797 768 1944 838 loca
1991 769 2374 849 secretiora,
2426 781 2491 838 et
2531 774 2662 839 Deo
2701 770 2952 848 dicata,
3042 770 3150 839 lus

620 859 1173 950 compunctionis
1203 870 1267 928 et
1314 858 1643 928 moeroris
1690 858 1931 926 afferre
1978 878 2111 928 non
2164 859 2529 947 ignorans,
2582 857 2667 927 ad
2717 859 2972 927 adoran
3028 880 3149 929 um

621 953 833 1019 Deum
886 948 1213 1018 libentius
1258 969 1337 1016 ea
1384 946 1617 1016 adibat
1661 958 1727 1015 et
1774 944 2267 1035 frequentabat,
2322 958 2398 1015 ut
2440 945 2733 1016 aliorum
2783 947 2986 1017 vitato
3033 945 3153 1015 ad-

619 1049 905 1126 spectu,
958 1036 1230 1106 facilius
1276 1047 1340 1106 et
1386 1035 1799 1105 familiarius
1862 1034 2046 1104 scala
2111 1034 2489 1104 devotionis
2546 1036 2866 1123 parietem
2918 1037 3150 1105 carnis

620 1125 1179 1206 transcenderet,
1237 1137 1458 1194 mente
1505 1124 1591 1194 ad
1640 1123 1972 1193 Dilectum
2030 1124 2486 1215 pertingeret,
2540 1125 2739 1210 eique
2789 1124 3040 1214 spiritu
3087 1137 3153 1195 et

619 1215 830 1284 animi
894 1213 1152 1284 fervore
1199 1213 1633 1283 commodius
1687 1212 2014 1302 con'ungi
2065 1227 2310 1302 posset.
2364 1216 2555 1281 Hanc
2602 1213 2783 1282 enim
2852 1213 3153 1285 Dilectus

619 1304 684 1373 ei
733 1304 997 1372 vineam
1051 1302 1382 1393 rependit,
1436 1314 1511 1371 ut
1556 1323 1714 1370 cum
1765 1324 1812 1369 u
1847 1301 1952 1370 nis
1999 1300 2374 1370 devotionis
2406 1313 2471 1370 et
2508 1301 2762 1371 amoris
2795 1301 3152 1372 ardentius

618 1413 776 1462 eum
820 1392 1223 1492 stringeret,
1287 1391 1489 1460 etiam
1542 1390 1629 1459 ab
1676 1403 1997 1470 externa,
2045 1390 2104 1458 si
2164 1411 2301 1476 qua
2341 1390 2686 1458 interdum
2739 1390 3144 1473 incidisset,

526 1514 531 1521 =
620 1480 1144 1570 interpolatione
1207 1479 1307 1547 vel
1371 1477 1868 1568 interruptione
1937 1499 2084 1547 eam
2157 1478 2402 1547 virtute
2472 1477 2878 1547 admiranda
2954 1500 3153 1569 prae-

619 1581 935 1639 servaret.

706 1660 743 1745 ἓ
792 1662 946 1731 24.
975 1655 1233 1726 Accidit
1256 1654 1693 1742 quandoque,
1725 1667 1801 1724 ut
1826 1653 1942 1723 illa
1970 1655 2066 1723 sic
2095 1654 2460 1744 separatim
2487 1667 2721 1724 orante
2750 1656 2815 1724 in
2846 1655 3147 1742 quodam

618 1745 992 1825 domicilio,
1031 1744 1341 1813 minister
1366 1744 1516 1834 eJus
1542 1742 1922 1900 Bopu’slaus
1950 1744 2314 1823 Sanonius,
2349 1744 2458 1812 cui
2490 1743 2606 1811 illa
2645 1743 2951 1813 culinam
2984 1766 3147 1833 pau-

623 1856 862 1924 perum
912 1832 1427 1903 commendarat
1470 1853 1638 1916 pecu
1669 1832 1885 1902 iarius
1930 1831 2334 1911 curandam,
2386 1830 2619 1911 ollam,
2676 1832 2744 1901 in
2793 1854 2930 1920 qua
2968 1854 3146 1920 aqua

622 1944 745 2013 pro
793 1923 937 2012 ipsa
978 1933 1408 2008 coqueretur,
1460 1941 1666 2007 quam
1720 1941 1843 2009 pro
1890 1919 2384 1990 consuetudine
2426 1920 2705 2002 biberet,
2766 1942 2846 1990 ex
2910 1920 3146 1991 eadem

619 2011 820 2081 domo
872 2010 1067 2080 vellet
1105 2008 1396 2079 auferre.
1434 2013 1739 2095 Cumque
1771 2031 1858 2097 ap
1914 2009 2353 2098 ropinq.uaret
2384 2008 2468 2077 ad
2505 2009 2758 2091 locum,
2801 2009 2967 2080 vidit
2998 2031 3149 2079 eam

504 2098 513 2108 ’
615 2111 949 2179 orantem,
1004 2101 1327 2185 tantaque
1374 2097 1528 2166 luce
1586 2098 1845 2167 circum
1884 2119 2103 2175 usam,
2156 2108 2234 2166 ut
2275 2098 2570 2179 territus,
2625 2098 2978 2185 multoque
3029 2120 3149 2188 pa-

617 2209 775 2256 vore
823 2186 1248 2276 compulsus,
1304 2186 1464 2255 inde
1523 2207 1593 2255 se
1639 2204 1854 2275 ocyus
1901 2185 2321 2343 proriperet,
2377 2207 2597 2274 neque
2646 2209 2888 2257 rursus
2934 2209 3149 2257 ausus

615 2289 793 2345 esset
839 2297 916 2345 eo
963 2275 1307 2356 accedere,
1360 2276 1574 2343 immo
1622 2296 1776 2343 vero
1817 2296 1897 2343 su
1951 2273 2200 2345 ducere
2250 2275 2473 2363 potius
2506 2296 2576 2345 se
2609 2274 2977 2345 festinaret.
3021 2276 3149 2345 Sed

620 2366 709 2434 ab
758 2363 875 2432 illa
937 2375 1334 2445 revocatus,
1389 2376 1666 2453 accepto
1707 2384 1907 2441 vase,
1961 2362 2458 2461 tremebundus
2506 2363 2719 2444 abiit,
2772 2377 2849 2433 ut
2900 2386 2981 2433 ex
3031 2364 3150 2433 illa

620 2452 773 2524 luce
820 2452 1108 2534 visibili,
1165 2465 1229 2522 et
1278 2453 1517 2521 timore
1561 2473 1697 2540 quo
1746 2452 1846 2521 vir
1885 2451 2000 2522 ille
2046 2465 2400 2542 correptus
2455 2451 2605 2535 fuit,
2709 2453 3023 2543 erspicue
3072 2454 3151 2522 li-

616 2553 797 2611 ceret
834 2542 1307 2623 animadverti,
1342 2561 1490 2609 eam
1527 2554 1750 2610 mente
1780 2552 1924 2611 tum
1964 2541 2339 2630 proximam
2377 2540 2588 2612 fuisse
2611 2541 2655 2609 il
2692 2543 2734 2622 i,
2772 2542 2891 2629 qui
2922 2542 3144 2612 lucem

622 2630 973 2700 habitabat
1022 2628 1585 2710 inaccessibilem,
1638 2629 1788 2717 ejus
1837 2629 2120 2711 lumine,
2172 2630 2289 2716 qui
2332 2630 2680 2699 illuminat
2716 2652 2991 2700 omnem
3031 2631 3150 2700 ho-

620 2719 877 2788 minem
931 2720 1306 2789 venientem
1360 2719 1426 2786 in
1480 2718 1665 2787 hunc
1709 2718 2090 2798 mundum,
2143 2718 2529 2808 specialiter
2578 2719 2790 2789 tuisse
2840 2719 3150 2790 illustra-

621 2820 781 2877 tam.
820 2809 1276 2891 Quamobrem
1309 2806 1544 2876 divina
1575 2806 1977 2897 prohibente
2011 2807 2279 2888 virtute,
2319 2807 2490 2877 nihil
2535 2821 2698 2878 tunc
2723 2808 3149 2878 extrinsecus

618 2918 978 2966 occurrere
1025 2896 1293 2986 potuit,
1346 2895 1527 2982 quod
1578 2917 1727 2964 eam
1784 2895 2190 2966 distraheret
2235 2907 2353 2965 aut
2416 2897 2763 2978 turbaret,
2812 2896 3152 2982 quamdiu

619 2985 906 3055 Domino
953 2986 1176 3056 visum
1225 2999 1441 3064 esset,
1495 2996 1571 3053 ut
1619 3005 1860 3054 somno
1919 2985 2516 3074 contemplationis
2562 2998 2627 3053 et
2690 2986 2921 3072 requie
2967 2983 3153 3054 frue-

617 3087 824 3154 retur,
879 3074 1039 3143 etin
1082 3073 1312 3142 cordis
1360 3072 1607 3142 lectulo
1644 3071 1877 3142 Dilecti
1916 3071 2500 3142 consolationibus
2537 3073 2940 3144 inhaereret.
2980 3075 3151 3156 Quis

618 3183 776 3231 vero
808 3184 941 3231 non
974 3161 1197 3231 videat
1243 3161 1660 3249 completum
1713 3173 1873 3231 tunc
1899 3162 1969 3229 in
2006 3183 2081 3230 ea
2131 3160 2342 3233 fuisse
2374 3162 2653 3231 verbum
2696 3162 2868 3232 illud
2901 3163 3151 3252 Sponsi

618 3250 1008 3320 suavissimi
1042 3275 1057 3316 ι
1108 3257 1202 3320 Ne
1246 3251 1599 3330 suscitetiS,
1654 3273 1866 3341 neque
1913 3252 2239 3341 eviyz'lare
2270 3252 2540 3339 faciatis
2573 3251 2912 3332 dilectam,
2944 3253 3150 3320 donec

617 3340 768 3429 ipsa
802 3340 1026 3408 velit?
1069 3338 1357 3426 (Cautio.
1399 3362 1447 3407 11
1494 3349 1555 3408 et
1589 3338 1716 3428 111).

705 3427 740 3512 ἓ
791 3431 946 3498 25.
1012 3430 1178 3495 Cum
1243 3427 1310 3494 in
1378 3426 1652 3517 templis
1716 3427 2066 3499 interesset
2115 3427 2320 3497 rebus
2366 3426 2659 3506 diviniS,
2711 3427 2799 3496 ab
2858 3425 3012 3496 aliis
3074 3450 3153 3498 se

618 3513 1078 3584 abscondebat
1145 3515 1275 3585 sub
1335 3515 1755 3601 quibusdam
1819 3538 2203 3606 pannorum
2273 3514 2780 3596 velaminibUS,
2833 3537 3038 3585 orans
3083 3530 3155 3586 et

619 3602 793 3672 flens
843 3615 978 3672 tam
1033 3603 1308 3693 largiter
1338 3658 1353 3684 ,
1397 3614 1475 3673 ut
1527 3603 1810 3673 domina
1858 3610 2046 3673 Anna
2097 3627 2315 3674 nurus
2362 3605 2536 3692 ejuS,
2639 3604 2781 3674 acis
2827 3604 3153 3676 osculum

618 3691 749 3761 sub
799 3691 1136 3763 sacrificio
1183 3693 1270 3762 ab
1317 3714 1396 3761 ea
1444 3704 1835 3782 acceptura,
1891 3693 2128 3764 oculos
2175 3693 2324 3784 ejus
2380 3715 2541 3784 prae
2616 3694 2910 3780 acrymis
2948 3694 3157 3780 quasi

617 3793 961 3861 cruentos,
1015 3793 1080 3851 et
1126 3780 1369 3850 faciem
1421 3801 1585 3870 prae
1631 3781 1794 3850 fletu
1848 3781 2194 3851 madidam
2240 3781 2501 3852 viderit.
2556 3783 2843 3871 Saepius
2887 3783 3096 3851 etiam
3132 3838 3149 3863 ,

613 3868 779 3938 dum
830 3882 1007 3940 esset
1055 3870 1124 3938 in
1178 3868 1519 3960 precibus,
1576 3868 1742 3938 vidit
1788 3892 1936 3939 eam
1992 3870 2190 3939 modo
2231 3871 2448 3950 niveo,
2491 3870 2692 3941 modo
2723 3892 2916 3941 roseo
2951 3870 3155 3941 vultu

610 3979 972 4028 coruscam
1010 4013 1025 4039 ,
1078 3971 1142 4027 et
1204 3957 1700 4048 propemodum
1768 3957 2156 4046 Angelicam
2214 3958 2455 4029 faciem
2522 3973 3152 4049 repraesentantem

616 4068 778 4135 prae
793 4047 1044 4137 jubilo,
1091 4048 1159 4115 in
1202 4068 1338 4133 quo
1380 4047 1800 4117 versabatur.
1839 4047 2002 4137 Ejus
2043 4048 2225 4116 enim
2260 4053 2488 4117 Annae
2520 4062 2966 4139 conspectum
3009 4070 3152 4118 non

615 4154 885 4224 semper
915 4136 1036 4205 illa
1081 4135 1448 4216 declinare,
1495 4158 1615 4205 nec
1657 4136 1929 4226 penitus
1961 4136 2432 4227 subterfugere
2464 4136 2709 4227 potuit,
2753 4136 2931 4225 quod
2969 4136 3157 4206 inter

615 4243 853 4293 omnes
884 4223 1176 4294 feminas
1195 4224 1252 4293 ei
1277 4236 1455 4295 esset
1484 4225 1850 4315 praecipue
1875 4222 2259 4306 familiam,
2292 4237 2355 4294 et
2381 4225 2449 4293 in
2472 4225 2725 4314 templo
2751 4226 2807 4295 ei
2836 4227 3156 4315 proxime

617 4309 960 4383 adstaret:
1012 4334 1188 4400 quae
1238 4335 1345 4383 res
1383 4313 1450 4381 in
1494 4335 1706 4383 causa
1761 4312 1912 4394 fuit,
1966 4327 2043 4383 ut
2083 4313 2422 4403 spiritales
2462 4312 2743 4383 delicias
2788 4327 2852 4384 et
2893 4315 3156 4384 mentis

618 4398 969 4482 laetitiam,
1014 4401 1267 4489 quibus
1314 4401 1431 4471 illa
1483 4403 1891 4492 potiebatur,
1937 4423 2072 4472 non
2123 4424 2275 4473 raro
2323 4401 2911 4472 animadverteret.
2967 4403 3160 4473 Vidit
