3347 4999
702 330 831 395 546
2853 330 3029 398 OCT.
3091 334 3184 398 ⁴9

1763 608 2010 685 VITA

1032 834 1109 931 S.
1180 832 1481 931 PETRI
1562 833 1686 931 DE
1755 831 2365 933 ALCANTARA
2442 833 2728 934 CONF.

694 1054 769 1099 Ex
820 1052 1017 1099 aucta
1069 1051 1593 1099 canonizanonrs
1640 1053 1683 1097 A
1730 1051 2048 1099 cucusam
2097 1053 2192 1098 ιη).
2248 1053 2311 1109 x,
2367 1052 2538 1099 Anno
2591 1036 2761 1099 4670
2810 1054 2994 1099 amu
3029 1030 3068 1065 ²*

1307 1218 1495 1273 Obiit
1536 1232 1715 1273 anno
1757 1221 1914 1274 1562
1957 1247 2035 1261 -—
2075 1218 2446 1287 Hispanus.

1084 1477 1380 1543 Clemens
1436 1476 1800 1564 episcopus,
1856 1496 2087 1552 servus
2132 1494 2476 1541 servorum
2524 1472 2672 1551 Dei,

1318 1600 1408 1667 ad
1450 1609 1848 1689 perpetuam
1886 1600 1992 1666 rei
2025 1600 2440 1666 memoriam.

697 1765 1098 1828 Paconium.
1156 1764 1620 1827 Romanorum
1675 1772 1860 1848 gesta
1903 1758 2309 1828 Pontificum
2345 1758 2776 1848 (praesertim
2818 1757 3152 1843 majorem

610 1850 723 1917 Dei
774 1847 1063 1936 gloriam
1116 1871 1194 1916 ac
1247 1852 1647 1916 Sanctorum
1700 1847 1853 1935 ejus
1886 1847 2125 1917 laudes
2156 1861 2219 1916 et
2254 1848 2578 1916 honorem
2612 1848 3153 1936 concernentia),

609 1960 817 2027 super
874 1938 1174 2023 quibuS,
1235 1936 1507 2005 illorum
1560 1937 2083 2026 superveniente
2130 1938 2322 2006 obitu
2355 1991 2369 2015 ,
2427 1937 2686 2004 litterae
2733 1937 3149 2024 apostolicae

607 2026 951 2096 confectae
1020 2047 1151 2094 non
1208 2024 1486 2093 fuerunt
1522 2079 1537 2105 ,
1607 2026 1946 2094 recenseri
2018 2026 2286 2111 justum
2342 2040 2744 2114 reputamus
2793 2037 2857 2093 et
2908 2028 3151 2095 rationi

607 2119 1014 2191 consonum,
1072 2127 1147 2182 ut
1198 2114 1315 2180 illa
1347 2113 1708 2182 universis
1754 2114 2324 2183 christifidelibus
2378 2114 2830 2182 innotescant.

694 2208 730 2291 ξ
778 2212 855 2275 1.
915 2202 1182 2271 Dudum
1237 2202 1580 2288 siquidem
1636 2202 1855 2271 felicis
1906 2203 2392 2271 recordationis
2442 2202 2751 2271 Clemens
2813 2208 2988 2291 Papa
3041 2208 3145 2284 tx,

609 2293 1089 2381 praedecessor
1162 2305 1437 2370 noster,
1494 2291 1774 2360 devotae
1837 2292 2406 2361 considerationis
2458 2291 2783 2381 indagine
2836 2293 3150 2381 perscru-

610 2398 783 2460 tans,
821 2380 1000 2466 quod
1048 2381 1223 2447 inter
1269 2380 1592 2449 coelestes
1640 2380 1903 2461 heroeS,
1956 2382 2251 2465 Quorum
2303 2380 2553 2448 eximia
2603 2382 2774 2449 vitae
2823 2383 3153 2451 sanctitas

606 2470 733 2538 rite
780 2471 1219 2558 comprobata
1284 2483 1711 2558 promeretur
1774 2470 2196 2559 singularem
2261 2469 2678 2539 christianae
2729 2469 3148 2559 reipublicae

607 2559 920 2638 cultum,
992 2558 1128 2626 illis
1183 2560 1546 2647 praecipue
1605 2563 1832 2628 Sancti
1885 2559 2186 2628 nominis
2235 2558 2815 2628 immortalitatem
2869 2565 3147 2648 Aposto-

608 2649 737 2717 lica
808 2648 1011 2716 Sedes
1079 2647 1443 2716 decernere
1490 2650 1843 2716 consuevit
1877 2703 1892 2729 ,
1946 2670 2238 2734 quorum
2296 2649 2510 2716 honor
2557 2669 2714 2717 cum
2766 2648 3016 2717 eximia
3067 2650 3150 2718 sit

608 2738 1018 2827 populorum
1075 2737 1364 2805 utilitate
1413 2737 1876 2822 conjunctus?
1921 2739 2094 2806 Hinc
2159 2736 2302 2817 illi,
2357 2737 2476 2823 qui
2539 2735 2871 2824 peculiari
2938 2736 3148 2807 alicui

604 2829 777 2896 vitae
829 2826 1140 2894 instituto
1190 2826 1411 2894 ideam
1468 2826 1850 2896 sanctitatis
1898 2826 2384 2906 exhibuerunt,
2437 2837 2502 2893 et
2542 2847 2896 2893 sacrorum
2957 2849 3146 2914 prae—

603 2916 831 2985 sertim
887 2916 1220 2983 Ordinum
1275 2914 1671 2983 fundatores
1723 2915 1982 3014 insigni
2034 2916 2280 2983 virtute
2329 2938 2407 2982 ac
2443 2914 2775 3003 prodigiis
2811 2913 3137 2996 illustre5‚

602 3004 1057 3074 libentissime
1094 3026 1324 3072 sacras
1359 3003 1441 3071 ad
1480 3025 1633 3072 aras
1667 3005 2146 3089 accipiuntur3
2191 3004 2449 3089 quibus
2475 3003 2874 3093 junguntur
2910 3005 2989 3083 ii,
3028 3006 3145 3091 qui

602 3094 956 3183 religiosas
997 3091 1296 3160 familias
1335 3093 1479 3182 jam
1518 3094 1762 3160 virtute
1797 3094 2115 3161 florentes
2149 3095 2230 3161 ad
2267 3093 2669 3161 severiorem
2701 3092 3141 3182 disciplinam

599 3196 1027 3260 revocarunt,
1072 3195 1137 3249 et
1184 3181 1267 3250 ad
1323 3182 1686 3251 sanctioris
1736 3182 2026 3251 instituti
2078 3183 2382 3251 studium
2449 3181 2535 3248 ab
2584 3180 2847 3250 excelsa
2900 3184 3145 3252 virtute

597 3269 1053 3338 commendati
1086 3271 1493 3350 invitarunt;
1524 3293 1818 3357 quorum
1852 3271 2090 3339 merita
2118 3272 2400 3360 exigunt
2440 3285 2513 3339 ut
2548 3276 2949 3340 Sanctorum
2985 3273 3152 3341 albo·

597 3358 1101 3426 adscribantur.
1186 3365 1423 3450 Magna
1482 3358 1826 3446 siquidem
1899 3359 2080 3429 haud
2157 3361 2448 3428 dubium
2518 3373 2662 3441 est,
2730 3361 2794 3427 in
2871 3383 3137 3429 sacram

595 3469 831 3516 eorum
888 3446 1202 3516 militiam
1257 3464 1461 3533 atque
1512 3449 1577 3515 in
1632 3449 2023 3517 universam
2079 3448 2449 3518 Ecclesiam
2502 3451 2864 3517 commoda
2921 3449 3148 3537 profe-

596 3548 813 3614 ctura,
869 3558 1075 3621 quam
1120 3539 1394 3626 egregio
1440 3537 1751 3626 exemplo
1803 3538 1885 3605 ad
1940 3540 2366 3606 sanctitatem
2410 3537 2766 3606 ardentius
2817 3561 3144 3627 provoca-

594 3624 789 3694 bunt.
847 3626 1332 3706 Quamobrem,
1385 3648 1542 3693 cum
1599 3627 2081 3695 sanctissimus
2114 3631 2379 3712 Deoque
2413 3626 2854 3715 gratissimus
2890 3628 2991 3696 vir
3025 3634 3146 3696 Pe·

490 3744 494 3748 <
594 3728 738 3783 trus
788 3713 871 3781 de
905 3713 1261 3782 Alcantara
1301 3716 1557 3802 optime
1609 3716 1895 3783 meritus
1944 3716 2030 3785 sit
2064 3715 2148 3784 de
2195 3716 2574 3784 christiana
2629 3715 3007 3805 republica,
3059 3739 3142 3786 eo

593 3803 773 3888 quod
830 3802 1251 3892 inculpatam
1308 3803 1636 3892 religione
1685 3817 1749 3873 et
1796 3804 2104 3874 doctrina
2159 3806 2375 3874 sancti
2413 3805 2757 3874 Francisci
2794 3804 3136 3875 familiam

590 3893 773 3962 foetu
826 3914 1037 3961 novae
1090 3892 1299 3982 prolis
1336 3893 1715 3972 adauxerit,
1761 3915 2073 3981 eamque,
2120 3894 2265 3983 jain
2321 3905 2441 3983 per‘
2489 3894 2860 3983 Hispaniae
2909 3909 2974 3963 et
3030 3901 3143 3963 In·

590 3983 862 4052 diarum
933 4004 1000 4050 re
1057 4004 1139 4050 na
1201 3981 1605 4061 dilatatam,
1677 4004 1797 4067 per
1859 3985 2139 4052 semitas
2186 3982 2660 4051 strictissimae
2713 3986 3150 4072 paupertatis

590 4073 948 4140 ambulare
1037 4072 1320 4151 ocuerit,
1363 4082 1426 4139 et
1474 4071 1802 4140 omnibus
1846 4072 2091 4142 Christi
2131 4070 2453 4141 fidelibus
2494 4073 2880 4160 praebuerit
2913 4095 3148 4143 exem·

592 4159 742 4249 plar
782 4161 1209 4231 incredibilis
1263 4160 1715 4250 poenitentiae
1749 4183 1908 4230 cum
1962 4162 2238 4230 summa
2271 4161 2660 4231 innocentia
2691 4163 3131 4251 conjunctae,

637 4360 661 4382 ⁰
692 4359 781 4406 Qui
816 4358 1097 4399 Sanctorum
1132 4369 1329 4400 numero
1361 4362 1551 4400 Petrum
1586 4361 1643 4400 de
1678 4361 1931 4400 Alcantara
1956 4358 2200 4408 inscripsit
2219 4361 2311 4401 fult
2335 4362 2550 4401 Clemens
2567 4362 2646 4409 Pp.
2665 4361 2739 4405 IX.
2760 4370 2881 4399 anno
2903 4361 3033 4404 1669:
3055 4362 3144 4402 ced

585 4412 724 4452 Bulla.
756 4415 1143 4458 canonizationis,
1168 4424 1311 4462 quam
1346 4412 1443 4462 ipse
1474 4415 1755 4460 confecerat,
1783 4424 1882 4458 nec.
1909 4417 2060 4454 morte
2089 4417 2386 4463 praeventus,
2421 4415 2638 4464 expedire
2660 4415 2828 4464 potuit,
2847 4424 2873 4454 a
2895 4415 3144 4455 Clemente

581 4469 664 4517 Pp.
684 4466 735 4512 X,
754 4467 857 4515 eJun
877 4475 1161 4512 successore,
1180 4469 1306 4507 edita
1322 4467 1427 4508 fuit.
