3347 4999
174 344 351 412 OCT.
405 345 446 409 ὃ
930 364 1010 409 nn
1042 359 1134 410 ss,
1173 361 1435 411 PLAclno
1483 364 1558 409 m·
1604 363 1806 412 socus
1855 367 1967 412 nu.
2512 353 2639 417 ⁴89

171 449 372 518 beato
421 445 697 516 Placido
745 446 1093 529 resideret,
1131 459 1196 517 et
1222 447 1558 518 nonnulla
1592 447 1677 516 de
1717 448 1828 517 bis
1865 472 2044 536 quae
2091 451 2177 520 ad
2229 465 2577 523 aeternam
2629 454 2728 522 vi-

175 550 313 607 tam
366 536 655 606 attinent
689 537 777 606 ab
827 535 846 603 i
901 558 977 607 so
1009 537 1302 617 audiret,
1358 537 1733 624 requisitus
1784 538 1871 607 ab
1920 538 2156 608 eodem
2211 564 2405 611 servo
2459 543 2736 626 Domini

174 638 278 695 est
308 624 394 694 de
431 558 982 713 possessionissus
1024 648 1104 695 ac
1155 625 1513 716 portubus,
1558 624 1643 694 de
1678 627 1891 695 servis
1924 640 1987 696 et
2012 627 2312 710 ancillis,
2366 652 2544 716 quae
2578 632 2728 722 ipse

172 736 317 784 una
364 735 525 783 cum
578 713 900 795 Tertullo,
957 728 1147 804 patre
1196 737 1353 785 suo,
1424 715 1937 804 imperpetuum
2024 716 2463 806 possidenda,
2533 720 2771 791 beato.

176 803 541 873 Benedicto
590 803 984 873 tradiderat.
1042 803 1481 873 Desiderabat
1538 804 1725 872 enim
1784 803 2011 874 videre
2059 805 2463 895 singillatim
2527 808 2721 890 loca,

176 892 250 961 in
297 890 555 979 quibus
588 892 1054 981 possessiones
1110 905 1326 962 erant.
1387 893 1673 982 Rogavit
1719 892 1923 961 etiam
1976 905 2053 963 ut
2099 894 2470 964 adventum
2512 918 2722 966 suum

178 981 505 1050 omnibus
539 982 783 1051 amicis
812 979 1092 1049 Tertulli
1125 981 1339 1070 patris
1371 982 1480 1050 sui
1515 981 1917 1062 notificaret,
1959 1004 2222 1053 necnon
2260 1005 2512 1065 servos,
2547 1006 2725 1071 quos

178 1069 273 1139 ibi
321 1069 642 1151 habebat,
708 1070 1116 1149 ostenderet,
1174 1082 1651 1161 procuratores
1704 1091 2012 1157 quoque,
2075 1094 2250 1160 quos
2298 1073 2445 1163 jam
2497 1073 2728 1143 dictus

178 1158 449 1260 genitor
478 1181 650 1230 suus
689 1180 898 1248 supcr
943 1159 1217 1228 easdem
1281 1172 1500 1229 cortes
1601 1172 2075 1249 raeposuerat‚
2138 1161 2223 1229 ad
2284 1183 2357 1232 se
2404 1163 2728 1233 accersiri

168 1248 402 1337 Jussit.
458 1248 866 1320 Messalinus
913 1269 1069 1317 vero
1103 1247 1449 1318 Metellum
1490 1181 1714 1317 fliium
1759 1270 1967 1319 suum
2011 1271 2325 1332 evocans,
2384 1252 2730 1353 praecepit

79 1386 98 1401 .
175 1351 254 1406 ut
281 1359 444 1407 cum
480 1359 621 1408 uno
668 1358 748 1406 ex
788 1337 1004 1406 servis
1054 1337 1201 1407 suis
1248 1350 1468 1406 cortes
1517 1349 1583 1407 et
1618 1337 2089 1427 possessiones
2119 1338 2401 1409 Tertulli
2454 1341 2727 1429 patricii

179 1439 636 1515 percurreret,
692 1439 756 1496 et
793 1425 1190 1495 earumdem
1242 1426 1534 1496 cortium
1589 1439 2066 1516 procuratores
2097 1450 2176 1497 ac
2229 1441 2551 1517 portuum
2603 1452 2729 1498 cu-

175 1514 406 1585 stodes
440 1537 601 1584 cum
644 1515 887 1584 amicis
927 1514 1071 1601 jam
1108 1514 1271 1583 dicti
1327 1515 1595 1604 patricii
1629 1515 1716 1584 ad
1765 1516 2042 1585 beatum
2107 1516 2459 1587 Placidum
2525 1519 2732 1588 duce-

174 1617 298 1673 ret.
354 1603 486 1685 Qui
536 1604 842 1692 paternis
879 1602 1100 1693 jussis
1147 1605 1657 1694 obtemperans,
1712 1625 1855 1674 uno
1891 1616 2157 1673 tantum
2217 1628 2409 1676 servo
2458 1629 2729 1677 assum-

174 1704 314 1781 pt0,
351 1693 660 1792 ascensis
707 1691 927 1780 equiS,
981 1713 1157 1778 quae
1218 1694 1354 1763 sibi
1405 1693 1719 1783 injuncta
1774 1692 2071 1779 fuerant,
2097 1695 2385 1785 implere
2435 1694 2727 1767 sollicite

174 1802 293 1851 coe
348 1793 422 1850 lt.
1725 1821 1728 1830 r
2065 1828 2086 1838 ι

264 1804 445 1956 §pst
501 1868 952 1938 Illuccscente
1000 1890 1158 1940 vero
1214 1869 1349 1950 die,
1412 1871 1654 1940 beatus
1706 1869 2025 1940 Placidus
2084 1872 2527 1942 Messalinum
2578 1895 2733 1943 evo-

175 1981 374 2039 canS,
416 1958 587 2027 dixit
617 1957 700 2026 ad
735 1979 939 2026 eum:
979 1981 1014 2025 «
1048 1962 1191 2028 Non
1242 1959 1435 2028 decet
1466 1958 1877 2029 Monachum
1923 1959 1990 2027 in
2029 1959 2355 2032 domibus
2388 1962 2728 2032 laicorum

177 2049 540 2118 stationem
593 2046 883 2126 habere,
943 2047 1109 2133 quia
1162 2048 1587 2117 contrarium
1652 2059 1755 2117 est
1815 2049 2144 2119 omnibus
2205 2050 2430 2121 modis
2488 2051 2730 2120 Ordini

174 2149 434 2206 nostro.
470 2141 919 2224 Quapropter,
957 2136 1014 2205 si
1049 2149 1307 2206 vestrae
1358 2136 1699 2206 nobilitati
1750 2158 1887 2206 non
1937 2137 2231 2208 habetur
2270 2141 2723 2222 contrarium,

174 2248 443 2305 eamus,
497 2237 560 2294 et
605 2223 1085 2313 provideamus
1136 2225 1363 2295 locum
1416 2226 1485 2294 in
1538 2226 2096 2315 possessionibus
2148 2228 2363 2317 patris
2421 2229 2590 2310 mei,
2658 2229 2729 2298 in

172 2336 316 2401 quo
367 2312 856 2382 monasterium
893 2327 1291 2385 construere
1339 2314 1626 2396 valeam,
1669 2335 1804 2383 non
1854 2315 2220 2385 aedificare
2267 2318 2454 2386 enim
2511 2339 2725 2406 supra

171 2401 705 2471 fundamentum
729 2401 1045 2471 alienum
1082 2402 1423 2473 decrevi.»
1458 2402 1886 2490 veniensque
1929 2416 2078 2494 post
2117 2405 2286 2474 haec
2319 2405 2407 2475 ad
2492 2419 2720 2476 ortum

174 2492 419 2571 maris,
478 2491 735 2561 invenit
769 2490 996 2561 locum
1039 2491 1339 2563 habilem
1372 2492 1457 2562 ad
1503 2492 1999 2563 monasterium
2051 2509 2422 2565 construen
2479 2519 2623 2577 um,
2665 2510 2731 2566 et

173 2602 339 2650 cum
390 2579 659 2659 baculo,
698 2580 881 2667 quod
916 2601 1130 2651 manu
1177 2582 1506 2683 gestabat,
1552 2581 1941 2673 designavit
1988 2582 2242 2666 locum,
2283 2585 2355 2654 in
2405 2607 2542 2672 quo
2580 2607 2732 2655 ora-

173 2669 431 2740 torium
465 2670 804 2769 Baptistae
847 2670 1140 2739 Joannis
1188 2693 1259 2739 ιιι
1310 2692 1448 2758 quo
1486 2670 1775 2739 domum
1825 2693 2022 2741 suam
2081 2684 2148 2742 et
2197 2674 2426 2743 omnis
2486 2696 2728 2742 mona-

174 2758 367 2828 sterii
408 2757 720 2828 officinas
768 2769 1164 2828 construere
1199 2759 1472 2829 valeret.
1513 2765 1669 2829 Post
1709 2760 1876 2830 haec
1926 2761 2168 2832 beatus
2217 2762 2538 2832 Placidus
2562 2783 2725 2831 con-

173 2869 419 2918 versus
443 2847 528 2916 ad
572 2846 1043 2929 Messalinum,
1083 2848 1290 2919 dixit:
1331 2871 1367 2915 «
1398 2849 1836 2939 Praepositus
1869 2850 2073 2920 istius
2107 2863 2347 2939 portus
2379 2857 2731 2920 Messanae

176 2935 474 3005 civitatis
521 2937 642 3007 ubi
689 2948 813 3017 est,
866 2948 931 3006 et
990 2956 1128 3024 quo
1189 2938 1469 3007 nomine
1527 2943 2028 3027 nuncupatur?
2061 2962 2096 3005 »
2139 2944 2215 3009 Et
2261 2938 2668 3009 Messalinus
2706 2994 2746 3020 ‚.

177 3025 394 3106 «Hic,
461 3025 710 3113 inquit,
769 3046 977 3115 prope
1030 3039 1169 3096 est:
1223 3027 1308 3096 de
1377 3027 1653 3097 nomine
1701 3040 1956 3108 autem,
2012 3027 2199 3097 unde
2259 3028 2723 3129 interrogasti,

177 3114 381 3194 sciaS,
428 3115 591 3200 quia
625 3116 989 3204 Pompejus
1011 3115 1220 3184 Cilius
1254 3115 1666 3206 appellatur.
1707 3138 1743 3181 »
1777 3122 1946 3185 Tum
1983 3128 2266 3185 sanctus
2283 3117 2494 3204 Jussit
2529 3117 2731 3187 illum

176 3202 407 3272 vocari
449 3203 533 3272 ad
571 3225 674 3283 se;
710 3205 856 3290 qui,
895 3204 1063 3271 dum
1095 3204 1410 3285 venisset,
1449 3203 1696 3273 cecidit
1726 3204 1811 3272 ad
1848 3203 2055 3293 pedes
2094 3206 2269 3294 ejus.
2316 3211 2530 3289 Quem
2569 3207 2726 3276 bea-

178 3303 289 3360 tus
322 3291 642 3360 Placidus
687 3313 725 3360 e
772 3306 949 3361 terra
1010 3291 1307 3375 elevanS,
1374 3293 1720 3382 praecepit
1767 3292 1951 3379 quod
2011 3292 2094 3362 de
2154 3296 2369 3383 pretio
2407 3295 2587 3383 quod
2643 3295 2729 3364 de

179 3393 386 3469 portu
412 3392 786 3467 acceperat,
824 3394 1249 3451 construeret
1281 3382 1592 3461 domum,
1633 3381 1703 3449 in
1739 3402 1878 3467 qua
1926 3382 2076 3469 ipse
2127 3406 2288 3452 eum
2332 3386 2479 3455 suis
2535 3384 2730 3453 habi-

181 3481 373 3549 taret,
429 3467 638 3538 simul
679 3470 883 3537 etiam
915 3481 981 3537 et
1017 3470 1377 3540 ecclesiam
1428 3470 1510 3539 ad
1566 3469 1894 3539 honorem
1942 3470 2119 3540 beati
2160 3475 2500 3562 Baptistae
2529 3474 2730 3542 Joan-

184 3559 292 3627 nis
328 3559 398 3625 in
430 3579 569 3644 qua
608 3557 718 3626 die
751 3580 830 3626 ac
871 3570 1066 3629 nocte
1095 3558 1551 3650 omnipotenti
1588 3559 1874 3627 Domino
1907 3559 2301 3631 deserviret.
2341 3568 2417 3632 Et
2449 3562 2620 3631 dixit
2641 3561 2729 3631 ad

185 3645 425 3716 illum:
465 3667 502 3712 «
534 3652 758 3716 Tuum
797 3647 974 3728 volO,
1027 3659 1104 3717 ut
1137 3647 1246 3728 sit,
1289 3646 1586 3716 artifices
1633 3647 1704 3716 in
1751 3647 1877 3717 hoc
1928 3647 2077 3719 loco
2125 3650 2211 3718 ad
2262 3651 2724 3739 operandum,

183 3735 608 3822 ubicumque
653 3756 769 3803 eos
810 3757 931 3824 per
985 3749 1192 3805 totam
1243 3736 1547 3805 Siciliam
1602 3735 1969 3818 inveneriS,
2024 3738 2388 3820 adducere,
2460 3760 2727 3810 necnon

186 3844 414 3894 servos
451 3837 517 3893 et
548 3822 837 3894 ancillas
869 3824 956 3893 ad
992 3824 1258 3914 lapides
1303 3837 1368 3893 et
1405 3846 1718 3911 quaeque
1766 3828 2153 3896 necessaria
2192 3841 2355 3897 sunt
2412 3849 2729 3919 compor-

188 3912 393 3982 tanda
426 3912 743 3993 adunari,
781 3924 857 3981 ut
890 3913 1019 3982 hoc
1053 3935 1229 4003 opus
1260 3913 1486 4002 ipsum
1524 3912 1818 3985 celerius
1860 3917 2073 4004 possit
2104 3916 2385 4007 expleri,
2434 3917 2732 3986 maxime

187 4011 411 4071 tamen
448 4001 695 4073 domus
737 4001 806 4069 in
865 4023 1003 4088 qua
1051 4002 1358 4071 habitare
1407 4001 1694 4071 valeam.
1760 4009 1837 4073 Et
1893 4016 1968 4073 ut
2018 4005 2183 4074 baec
2238 4006 2472 4074 omnia
2520 4006 2731 4075 citius

186 4088 378 4172 fiant,
430 4112 672 4160 omnes
720 4090 1144 4180 praepositos
1195 4103 1517 4180 portuum
1569 4104 1634 4161 et
1664 4104 2143 4182 procuratores
2189 4093 2482 4163 cortium
2538 4107 2727 4164 tanto

185 4175 401 4248 labori
438 4180 762 4249 interesse
799 4179 1141 4259 volumus,
1195 4179 1425 4249 dando
1472 4194 1797 4270 sumptus
1845 4194 1911 4250 et
1957 4203 2272 4269 quaeque
2338 4183 2728 4253 necessaria

190 4266 339 4335 sine
387 4266 711 4338 dilatione
764 4268 1019 4356 aliqua.
1082 4267 1328 4338 Filium
1378 4290 1536 4338 vero
1584 4280 1779 4338 tuum
1832 4270 1976 4338 vice
2024 4282 2141 4340 tua
2190 4293 2400 4360 super
2449 4285 2727 4361 portum

186 4371 552 4445 praepone.
606 4363 706 4427 Tu
747 4380 900 4428 vero
931 4357 1114 4426 insta
1161 4355 1481 4449 fabricae,
1522 4370 1598 4428 ut
1635 4357 1769 4427 cito
1805 4359 2019 4447 possit
2056 4360 2389 4450 expleri.»
2447 4366 2731 4430 Praece-

187 4441 421 4529 pitque
469 4457 542 4515 ut
579 4445 665 4515 de
712 4446 1100 4517 redditibus
1145 4447 1467 4530 cortium,
1504 4461 1570 4519 et
1614 4446 1700 4517 de
1733 4466 1948 4517 censu
1982 4462 2307 4539 portuum
2357 4450 2727 4540 pecuniam
