<?xml version="1.0" encoding="UTF-8"?>
<!DOCTYPE html PUBLIC "-//W3C//DTD XHTML 1.0 Transitional//EN"
    "http://www.w3.org/TR/xhtml1/DTD/xhtml1-transitional.dtd">
<html xmlns="http://www.w3.org/1999/xhtml" xml:lang="en" lang="en">
 <head>
  <title>
</title>
<meta http-equiv="Content-Type" content="text/html;charset=utf-8" />
  <meta name='ocr-system' content='tesseract 3.04.00' />
  <meta name='ocr-capabilities' content='ocr_page ocr_carea ocr_par ocr_line ocrx_word'/>
</head>
<body>
  <div class='ocr_page' id='page_1' title='image "./historiaeseuvit03lippgoog_0426.png"; bbox 0 0 3347 4999; ppageno 0'>
   <div class='ocr_carea' id='block_1_1' title="bbox 712 320 3177 387">
    <p class='ocr_par' dir='ltr' id='par_1_1' title="bbox 712 320 3177 387">
     <span class='ocr_line' id='line_1_1' title="bbox 712 320 3177 387; baseline 0 0"><span class='ocrx_word' id='word_1_1' title='bbox 712 324 839 387; x_wconf 83' lang='lat'><strong>368</strong></span> <span class='ocrx_word' id='word_1_2' title='bbox 1523 340 1600 386; x_wconf 70' lang='lat' dir='ltr'><strong>ns</strong></span> <span class='ocrx_word' id='word_1_3' title='bbox 1650 339 1706 385; x_wconf 81' lang='lat' dir='ltr'><strong>s,</strong></span> <span class='ocrx_word' id='word_1_4' title='bbox 1759 338 2051 385; x_wconf 58' lang='lat' dir='ltr'><strong>anuarino</strong></span> <span class='ocrx_word' id='word_1_5' title='bbox 2101 339 2259 385; x_wconf 71' lang='lat' dir='ltr'><strong>asan</strong></span> <span class='ocrx_word' id='word_1_6' title='bbox 2854 320 3026 386; x_wconf 84' lang='lat' dir='ltr'><strong>OCT.</strong></span> <span class='ocrx_word' id='word_1_7' title='bbox 3087 322 3177 387; x_wconf 74' lang='grc'><strong>13</strong></span> 
     </span>
    </p>
   </div>
   <div class='ocr_carea' id='block_1_2' title="bbox 512 422 3183 4511">
    <p class='ocr_par' dir='ltr' id='par_1_2' title="bbox 618 422 3183 1737">
     <span class='ocr_line' id='line_1_2' title="bbox 621 422 3178 513; baseline 0 -19"><span class='ocrx_word' id='word_1_8' title='bbox 621 424 958 495; x_wconf 90' lang='lat' dir='ltr'><strong>concessit</strong></span> <span class='ocrx_word' id='word_1_9' title='bbox 1009 423 1229 503; x_wconf 89' lang='lat' dir='ltr'><strong>nobis,</strong></span> <span class='ocrx_word' id='word_1_10' title='bbox 1262 422 1499 492; x_wconf 89' lang='lat' dir='ltr'><strong>dicens</strong></span> <span class='ocrx_word' id='word_1_11' title='bbox 1526 446 1539 485; x_wconf 90' lang='lat'><strong>:</strong></span> <span class='ocrx_word' id='word_1_12' title='bbox 1578 428 2039 513; x_wconf 79' lang='lat' dir='ltr'><strong><em>Quaecumque</em></strong></span> <span class='ocrx_word' id='word_1_13' title='bbox 2070 426 2349 493; x_wconf 81' lang='lat' dir='ltr'><strong>solveris</strong></span> <span class='ocrx_word' id='word_1_14' title='bbox 2381 446 2583 513; x_wconf 80' lang='lat' dir='ltr'><strong>super</strong></span> <span class='ocrx_word' id='word_1_15' title='bbox 2631 437 2907 503; x_wconf 75' lang='lat' dir='ltr'><strong>terram,</strong></span> <span class='ocrx_word' id='word_1_16' title='bbox 2940 428 3178 495; x_wconf 79' lang='lat' dir='ltr'><strong>soluta</strong></span> 
     </span>
     <span class='ocr_line' id='line_1_3' title="bbox 621 511 3178 602; baseline 0 -19"><span class='ocrx_word' id='word_1_17' title='bbox 621 525 816 583; x_wconf 82' lang='lat' dir='ltr'><strong>erunt</strong></span> <span class='ocrx_word' id='word_1_18' title='bbox 864 525 925 583; x_wconf 78' lang='lat' dir='ltr'><strong>et</strong></span> <span class='ocrx_word' id='word_1_19' title='bbox 960 516 1029 582; x_wconf 82' lang='lat' dir='ltr'><strong>in</strong></span> <span class='ocrx_word' id='word_1_20' title='bbox 1077 513 1275 583; x_wconf 77' lang='lat' dir='ltr'><strong>coelis</strong></span> <span class='ocrx_word' id='word_1_21' title='bbox 1320 512 1585 602; x_wconf 64' lang='lat' dir='ltr'><strong>(Mami.</strong></span> <span class='ocrx_word' id='word_1_22' title='bbox 1644 512 1801 601; x_wconf 77' lang='lat' dir='ltr'><strong>xvi).</strong></span> <span class='ocrx_word' id='word_1_23' title='bbox 1861 511 2108 580; x_wconf 87' lang='lat' dir='ltr'><strong>Deinde</strong></span> <span class='ocrx_word' id='word_1_24' title='bbox 2159 513 2625 601; x_wconf 84' lang='lat' dir='ltr'><strong>praecipimus</strong></span> <span class='ocrx_word' id='word_1_25' title='bbox 2672 513 2795 582; x_wconf 91' lang='lat' dir='ltr'><strong>tibi</strong></span> <span class='ocrx_word' id='word_1_26' title='bbox 2848 514 2978 584; x_wconf 90' lang='lat' dir='ltr'><strong>sub</strong></span> <span class='ocrx_word' id='word_1_27' title='bbox 3048 536 3178 583; x_wconf 90' lang='lat' dir='ltr'><strong>no·</strong></span> 
     </span>
     <span class='ocr_line' id='line_1_4' title="bbox 624 600 3178 691; baseline 0.001 -22"><span class='ocrx_word' id='word_1_28' title='bbox 624 602 810 672; x_wconf 91' lang='lat' dir='ltr'><strong>mine</strong></span> <span class='ocrx_word' id='word_1_29' title='bbox 842 614 1115 671; x_wconf 88' lang='lat' dir='ltr'><strong>sanctae</strong></span> <span class='ocrx_word' id='word_1_30' title='bbox 1173 601 1599 671; x_wconf 90' lang='lat' dir='ltr'><strong>obedientiae</strong></span> <span class='ocrx_word' id='word_1_31' title='bbox 1646 614 1712 670; x_wconf 89' lang='lat' dir='ltr'><strong>et</strong></span> <span class='ocrx_word' id='word_1_32' title='bbox 1761 600 2237 690; x_wconf 90' lang='lat' dir='ltr'><strong>poenitentiae,</strong></span> <span class='ocrx_word' id='word_1_33' title='bbox 2300 611 2375 670; x_wconf 91' lang='lat' dir='ltr'><strong>ut</strong></span> <span class='ocrx_word' id='word_1_34' title='bbox 2422 622 2793 691; x_wconf 86' lang='lat' dir='ltr'><strong>expensas,</strong></span> <span class='ocrx_word' id='word_1_35' title='bbox 2840 623 3012 688; x_wconf 88' lang='lat' dir='ltr'><strong>quas</strong></span> <span class='ocrx_word' id='word_1_36' title='bbox 3082 602 3178 671; x_wconf 91' lang='lat' dir='ltr'><strong>ad</strong></span> 
     </span>
     <span class='ocr_line' id='line_1_5' title="bbox 623 690 3175 780; baseline 0.001 -21"><span class='ocrx_word' id='word_1_37' title='bbox 623 690 748 760; x_wconf 91' lang='lat' dir='ltr'><strong>iter</strong></span> <span class='ocrx_word' id='word_1_38' title='bbox 786 691 966 761; x_wconf 90' lang='lat' dir='ltr'><strong>istud</strong></span> <span class='ocrx_word' id='word_1_39' title='bbox 1009 711 1393 780; x_wconf 81' lang='lat' dir='ltr'>paraveras,</span> <span class='ocrx_word' id='word_1_40' title='bbox 1451 690 1874 779; x_wconf 90' lang='lat' dir='ltr'><strong>pauperibus</strong></span> <span class='ocrx_word' id='word_1_41' title='bbox 1912 692 2028 759; x_wconf 77' lang='lat' dir='ltr'><strong>ero</strong></span> <span class='ocrx_word' id='word_1_42' title='bbox 2079 711 2174 772; x_wconf 90' lang='lat' dir='ltr'><strong>es,</strong></span> <span class='ocrx_word' id='word_1_43' title='bbox 2218 702 2283 758; x_wconf 90' lang='lat' dir='ltr'><strong>et</strong></span> <span class='ocrx_word' id='word_1_44' title='bbox 2322 690 2727 759; x_wconf 88' lang='lat' dir='ltr'><strong>coenobium</strong></span> <span class='ocrx_word' id='word_1_45' title='bbox 2784 691 3175 761; x_wconf 89' lang='lat' dir='ltr'><strong>monacho·</strong></span> 
     </span>
     <span class='ocr_line' id='line_1_6' title="bbox 621 779 3176 869; baseline 0 -21"><span class='ocrx_word' id='word_1_46' title='bbox 621 800 773 848; x_wconf 88' lang='lat' dir='ltr'><strong>rum</strong></span> <span class='ocrx_word' id='word_1_47' title='bbox 839 780 910 848; x_wconf 93' lang='lat' dir='ltr'><strong>in</strong></span> <span class='ocrx_word' id='word_1_48' title='bbox 976 780 1234 848; x_wconf 86' lang='lat' dir='ltr'>honore</span> <span class='ocrx_word' id='word_1_49' title='bbox 1282 779 1502 848; x_wconf 91' lang='lat' dir='ltr'><strong>sancti</strong></span> <span class='ocrx_word' id='word_1_50' title='bbox 1572 779 1745 848; x_wconf 88' lang='lat' dir='ltr'><strong>Petri</strong></span> <span class='ocrx_word' id='word_1_51' title='bbox 1797 784 2042 867; x_wconf 81' lang='lat' dir='ltr'><strong>Aposto</strong></span> <span class='ocrx_word' id='word_1_52' title='bbox 2074 801 2270 848; x_wconf 90' lang='lat' dir='ltr'><strong>orum</strong></span> <span class='ocrx_word' id='word_1_53' title='bbox 2353 779 2690 869; x_wconf 90' lang='lat' dir='ltr'><strong>principis</strong></span> <span class='ocrx_word' id='word_1_54' title='bbox 2737 792 2858 848; x_wconf 91' lang='lat' dir='ltr'><strong>aut</strong></span> <span class='ocrx_word' id='word_1_55' title='bbox 2907 801 3176 850; x_wconf 88' lang='lat' dir='ltr'><strong>novum</strong></span> 
     </span>
     <span class='ocr_line' id='line_1_7' title="bbox 619 867 3183 958; baseline 0.001 -23"><span class='ocrx_word' id='word_1_56' title='bbox 619 869 1020 947; x_wconf 79' lang='lat' dir='ltr'><strong>constituaS,</strong></span> <span class='ocrx_word' id='word_1_57' title='bbox 1060 880 1180 937; x_wconf 92' lang='lat' dir='ltr'><strong>aut</strong></span> <span class='ocrx_word' id='word_1_58' title='bbox 1212 880 1553 938; x_wconf 85' lang='lat' dir='ltr'><strong>vetustum</strong></span> <span class='ocrx_word' id='word_1_59' title='bbox 1601 867 1928 936; x_wconf 84' lang='lat' dir='ltr'><strong>emendes</strong></span> <span class='ocrx_word' id='word_1_60' title='bbox 1972 880 2037 936; x_wconf 94' lang='lat' dir='ltr'><strong>et</strong></span> <span class='ocrx_word' id='word_1_61' title='bbox 2076 889 2355 958; x_wconf 79' lang='lat' dir='ltr'><strong>augeaS,</strong></span> <span class='ocrx_word' id='word_1_62' title='bbox 2428 880 2492 937; x_wconf 90' lang='lat' dir='ltr'><strong>et</strong></span> <span class='ocrx_word' id='word_1_63' title='bbox 2537 867 3022 938; x_wconf 83' lang='lat' dir='ltr'><strong>sufficientiam</strong></span> <span class='ocrx_word' id='word_1_64' title='bbox 3076 870 3183 938; x_wconf 86' lang='lat' dir='ltr'><strong>vi·</strong></span> 
     </span>
     <span class='ocr_line' id='line_1_8' title="bbox 619 956 3179 1043; baseline 0 -16"><span class='ocrx_word' id='word_1_65' title='bbox 619 957 949 1027; x_wconf 87' lang='lat' dir='ltr'><strong>ctualium</strong></span> <span class='ocrx_word' id='word_1_66' title='bbox 983 957 1312 1026; x_wconf 87' lang='lat' dir='ltr'><strong>fratribus</strong></span> <span class='ocrx_word' id='word_1_67' title='bbox 1338 956 1422 1025; x_wconf 92' lang='lat' dir='ltr'><strong>de</strong></span> <span class='ocrx_word' id='word_1_68' title='bbox 1457 957 1592 1025; x_wconf 90' lang='lat' dir='ltr'><strong>tuis</strong></span> <span class='ocrx_word' id='word_1_69' title='bbox 1627 956 1960 1025; x_wconf 77' lang='lat' dir='ltr'><strong>reditibus</strong></span> <span class='ocrx_word' id='word_1_70' title='bbox 2000 957 2382 1026; x_wconf 88' lang='lat' dir='ltr'><strong>constituas</strong></span> <span class='ocrx_word' id='word_1_71' title='bbox 2418 980 2432 1019; x_wconf 72' lang='grc' dir='ltr'><strong>ι</strong></span> <span class='ocrx_word' id='word_1_72' title='bbox 2472 970 2814 1043; x_wconf 88' lang='lat' dir='ltr'><strong>quatenus</strong></span> <span class='ocrx_word' id='word_1_73' title='bbox 2856 957 3023 1026; x_wconf 88' lang='lat' dir='ltr'><strong>dum</strong></span> <span class='ocrx_word' id='word_1_74' title='bbox 3066 958 3179 1027; x_wconf 91' lang='lat' dir='ltr'><strong>illi</strong></span> 
     </span>
     <span class='ocr_line' id='line_1_9' title="bbox 620 1045 3182 1136; baseline 0 -20"><span class='ocrx_word' id='word_1_75' title='bbox 620 1046 898 1116; x_wconf 84' lang='lat' dir='ltr'><strong>assidue</strong></span> <span class='ocrx_word' id='word_1_76' title='bbox 946 1045 1116 1116; x_wconf 91' lang='lat' dir='ltr'><strong>inibi</strong></span> <span class='ocrx_word' id='word_1_77' title='bbox 1170 1050 1380 1115; x_wconf 91' lang='lat' dir='ltr'><strong>Deum</strong></span> <span class='ocrx_word' id='word_1_78' title='bbox 1449 1045 1902 1125; x_wconf 90' lang='lat' dir='ltr'><strong>laudaverint,</strong></span> <span class='ocrx_word' id='word_1_79' title='bbox 1954 1058 2017 1114; x_wconf 90' lang='lat' dir='ltr'><strong>et</strong></span> <span class='ocrx_word' id='word_1_80' title='bbox 2068 1045 2335 1115; x_wconf 91' lang='lat' dir='ltr'><strong>Sanctis</strong></span> <span class='ocrx_word' id='word_1_81' title='bbox 2393 1057 2727 1136; x_wconf 88' lang='lat' dir='ltr'><strong>augeatur</strong></span> <span class='ocrx_word' id='word_1_82' title='bbox 2789 1045 3052 1136; x_wconf 89' lang='lat' dir='ltr'><strong>gloria,</strong></span> <span class='ocrx_word' id='word_1_83' title='bbox 3107 1059 3182 1116; x_wconf 86' lang='lat' dir='ltr'><strong>et</strong></span> 
     </span>
     <span class='ocr_line' id='line_1_10' title="bbox 620 1133 3176 1226; baseline 0 -21"><span class='ocrx_word' id='word_1_84' title='bbox 620 1136 744 1205; x_wconf 91' lang='lat' dir='ltr'><strong>tibi</strong></span> <span class='ocrx_word' id='word_1_85' title='bbox 795 1134 1251 1226; x_wconf 81' lang='lat' dir='ltr'><strong>indulgentia.</strong></span> <span class='ocrx_word' id='word_1_86' title='bbox 1291 1134 1413 1203; x_wconf 91' lang='lat' dir='ltr'><strong>Cui</strong></span> <span class='ocrx_word' id='word_1_87' title='bbox 1463 1133 1609 1203; x_wconf 88' lang='lat' dir='ltr'><strong>loco</strong></span> <span class='ocrx_word' id='word_1_88' title='bbox 1657 1133 1986 1220; x_wconf 86' lang='lat' dir='ltr'><strong>quicquid</strong></span> <span class='ocrx_word' id='word_1_89' title='bbox 2038 1133 2438 1215; x_wconf 78' lang='lat' dir='ltr'><strong>contuleri5‚</strong></span> <span class='ocrx_word' id='word_1_90' title='bbox 2499 1133 2599 1203; x_wconf 92' lang='lat' dir='ltr'><strong>vel</strong></span> <span class='ocrx_word' id='word_1_91' title='bbox 2658 1134 2982 1203; x_wconf 90' lang='lat' dir='ltr'><strong>collatum</strong></span> <span class='ocrx_word' id='word_1_92' title='bbox 3039 1148 3176 1217; x_wconf 84' lang='lat' dir='ltr'><strong>est,</strong></span> 
     </span>
     <span class='ocr_line' id='line_1_11' title="bbox 618 1222 3171 1314; baseline 0.002 -25"><span class='ocrx_word' id='word_1_93' title='bbox 618 1223 721 1293; x_wconf 91' lang='lat' dir='ltr'><strong>vel</strong></span> <span class='ocrx_word' id='word_1_94' title='bbox 771 1223 1180 1306; x_wconf 84' lang='lat' dir='ltr'><strong>conferetur,</strong></span> <span class='ocrx_word' id='word_1_95' title='bbox 1233 1235 1311 1293; x_wconf 91' lang='lat' dir='ltr'><strong>ut</strong></span> <span class='ocrx_word' id='word_1_96' title='bbox 1359 1237 1584 1292; x_wconf 89' lang='lat' dir='ltr'><strong>ratum</strong></span> <span class='ocrx_word' id='word_1_97' title='bbox 1626 1222 1737 1303; x_wconf 90' lang='lat' dir='ltr'><strong>sit,</strong></span> <span class='ocrx_word' id='word_1_98' title='bbox 1776 1222 2162 1312; x_wconf 81' lang='lat' dir='ltr'><strong>Apostolica</strong></span> <span class='ocrx_word' id='word_1_99' title='bbox 2209 1224 2613 1293; x_wconf 90' lang='lat' dir='ltr'><strong>auctoritate</strong></span> <span class='ocrx_word' id='word_1_100' title='bbox 2664 1223 3171 1314; x_wconf 81' lang='lat' dir='ltr'><strong>praecipimuS,</strong></span> 
     </span>
     <span class='ocr_line' id='line_1_12' title="bbox 618 1311 3180 1403; baseline 0.001 -22"><span class='ocrx_word' id='word_1_101' title='bbox 618 1325 685 1382; x_wconf 91' lang='lat' dir='ltr'><strong>et</strong></span> <span class='ocrx_word' id='word_1_102' title='bbox 725 1325 800 1382; x_wconf 91' lang='lat' dir='ltr'><strong>ut</strong></span> <span class='ocrx_word' id='word_1_103' title='bbox 832 1333 1104 1403; x_wconf 87' lang='lat' dir='ltr'><strong>semper</strong></span> <span class='ocrx_word' id='word_1_104' title='bbox 1152 1312 1483 1383; x_wconf 87' lang='lat' dir='ltr'><strong>habitatio</strong></span> <span class='ocrx_word' id='word_1_105' title='bbox 1518 1312 2013 1381; x_wconf 86' lang='lat' dir='ltr'><strong>monachorum</strong></span> <span class='ocrx_word' id='word_1_106' title='bbox 2066 1312 2174 1392; x_wconf 91' lang='lat' dir='ltr'><strong>sit,</strong></span> <span class='ocrx_word' id='word_1_107' title='bbox 2232 1326 2294 1381; x_wconf 88' lang='lat' dir='ltr'><strong>et</strong></span> <span class='ocrx_word' id='word_1_108' title='bbox 2337 1311 2512 1381; x_wconf 90' lang='lat' dir='ltr'><strong>nulli</strong></span> <span class='ocrx_word' id='word_1_109' title='bbox 2567 1311 2790 1393; x_wconf 84' lang='lat' dir='ltr'><strong>laicae</strong></span> <span class='ocrx_word' id='word_1_110' title='bbox 2837 1334 3180 1402; x_wconf 85' lang='lat' dir='ltr'><strong>personae</strong></span> 
     </span>
     <span class='ocr_line' id='line_1_13' title="bbox 622 1399 3180 1491; baseline 0 -22"><span class='ocrx_word' id='word_1_111' title='bbox 622 1402 756 1470; x_wconf 90' lang='lat' dir='ltr'><strong>nisi</strong></span> <span class='ocrx_word' id='word_1_112' title='bbox 800 1405 940 1491; x_wconf 87' lang='lat' dir='ltr'><strong>regi</strong></span> <span class='ocrx_word' id='word_1_113' title='bbox 982 1401 1360 1472; x_wconf 81' lang='lat' dir='ltr'><strong>subdatur:</strong></span> <span class='ocrx_word' id='word_1_114' title='bbox 1413 1414 1987 1488; x_wconf 90' lang='lat' dir='ltr'><strong>etquaecumque</strong></span> <span class='ocrx_word' id='word_1_115' title='bbox 2031 1399 2271 1489; x_wconf 88' lang='lat' dir='ltr'><strong>privile</strong></span> <span class='ocrx_word' id='word_1_116' title='bbox 2328 1401 2390 1470; x_wconf 88' lang='lat' dir='ltr'><strong>ia</strong></span> <span class='ocrx_word' id='word_1_117' title='bbox 2448 1401 2543 1471; x_wconf 90' lang='lat' dir='ltr'><strong>ibi</strong></span> <span class='ocrx_word' id='word_1_118' title='bbox 2596 1401 3010 1471; x_wconf 88' lang='lat' dir='ltr'><strong>constituere</strong></span> <span class='ocrx_word' id='word_1_119' title='bbox 3061 1424 3180 1470; x_wconf 91' lang='lat' dir='ltr'><strong>vo-</strong></span> 
     </span>
     <span class='ocr_line' id='line_1_14' title="bbox 620 1489 3179 1578; baseline 0.001 -20"><span class='ocrx_word' id='word_1_120' title='bbox 620 1489 833 1559; x_wconf 89' lang='lat' dir='ltr'><strong>lueris</strong></span> <span class='ocrx_word' id='word_1_121' title='bbox 866 1491 953 1560; x_wconf 91' lang='lat' dir='ltr'><strong>ad</strong></span> <span class='ocrx_word' id='word_1_122' title='bbox 991 1492 1319 1560; x_wconf 84' lang='lat' dir='ltr'><strong>honorem</strong></span> <span class='ocrx_word' id='word_1_123' title='bbox 1370 1489 1481 1559; x_wconf 93' lang='lat' dir='ltr'><strong>Dei</strong></span> <span class='ocrx_word' id='word_1_124' title='bbox 1549 1489 1997 1578; x_wconf 82' lang='lat' dir='ltr'><strong>pertinentia,</strong></span> <span class='ocrx_word' id='word_1_125' title='bbox 2067 1511 2277 1558; x_wconf 92' lang='lat' dir='ltr'><strong>conce</strong></span> <span class='ocrx_word' id='word_1_126' title='bbox 2335 1491 2516 1560; x_wconf 89' lang='lat' dir='ltr'><strong>imus</strong></span> <span class='ocrx_word' id='word_1_127' title='bbox 2563 1502 2628 1559; x_wconf 91' lang='lat' dir='ltr'><strong>et</strong></span> <span class='ocrx_word' id='word_1_128' title='bbox 2681 1489 3179 1560; x_wconf 89' lang='lat' dir='ltr'><strong>robustissima</strong></span> 
     </span>
     <span class='ocr_line' id='line_1_15' title="bbox 621 1577 3179 1658; baseline 0 -11"><span class='ocrx_word' id='word_1_129' title='bbox 621 1580 1023 1649; x_wconf 86' lang='lat' dir='ltr'><strong>auctoritate</strong></span> <span class='ocrx_word' id='word_1_130' title='bbox 1055 1579 1574 1658; x_wconf 84' lang='lat' dir='ltr'><strong>confirmamuS,</strong></span> <span class='ocrx_word' id='word_1_131' title='bbox 1631 1592 1697 1647; x_wconf 90' lang='lat' dir='ltr'><strong>et</strong></span> <span class='ocrx_word' id='word_1_132' title='bbox 1735 1578 1804 1647; x_wconf 90' lang='lat' dir='ltr'><strong>in</strong></span> <span class='ocrx_word' id='word_1_133' title='bbox 1849 1578 1987 1648; x_wconf 88' lang='lat' dir='ltr'><strong>fine</strong></span> <span class='ocrx_word' id='word_1_134' title='bbox 2027 1577 2351 1648; x_wconf 86' lang='lat' dir='ltr'><strong>fractores</strong></span> <span class='ocrx_word' id='word_1_135' title='bbox 2399 1600 2636 1648; x_wconf 88' lang='lat' dir='ltr'><strong>eorum</strong></span> <span class='ocrx_word' id='word_1_136' title='bbox 2685 1591 2960 1648; x_wconf 89' lang='lat' dir='ltr'><strong>aeterna</strong></span> <span class='ocrx_word' id='word_1_137' title='bbox 3028 1601 3179 1648; x_wconf 89' lang='lat' dir='ltr'><strong>ma-</strong></span> 
     </span>
     <span class='ocr_line' id='line_1_16' title="bbox 621 1667 1538 1737; baseline -0.001 -2"><span class='ocrx_word' id='word_1_138' title='bbox 621 1667 986 1737; x_wconf 91' lang='lat' dir='ltr'><strong>ledictione</strong></span> <span class='ocrx_word' id='word_1_139' title='bbox 1025 1668 1466 1737; x_wconf 80' lang='lat' dir='ltr'><strong>damnamus,</strong></span> <span class='ocrx_word' id='word_1_140' title='bbox 1503 1692 1538 1733; x_wconf 88' lang='lat'>»</span> 
     </span>
    </p>

    <p class='ocr_par' dir='ltr' id='par_1_3' title="bbox 512 1754 3176 4511">
     <span class='ocr_line' id='line_1_17' title="bbox 710 1754 3170 1846; baseline -0.001 -19"><span class='ocrx_word' id='word_1_141' title='bbox 710 1759 745 1844; x_wconf 77' lang='lat'>§</span> <span class='ocrx_word' id='word_1_142' title='bbox 795 1763 924 1830; x_wconf 81' lang='lat' dir='ltr'><strong>n.</strong></span> <span class='ocrx_word' id='word_1_143' title='bbox 980 1755 1518 1846; x_wconf 87' lang='lat' dir='ltr'><strong>Responsalibus</strong></span> <span class='ocrx_word' id='word_1_144' title='bbox 1552 1768 1780 1825; x_wconf 86' lang='lat' dir='ltr'><strong>autern</strong></span> <span class='ocrx_word' id='word_1_145' title='bbox 1834 1755 2013 1845; x_wconf 85' lang='lat' dir='ltr'><strong>regis</strong></span> <span class='ocrx_word' id='word_1_146' title='bbox 2046 1768 2111 1825; x_wconf 97' lang='lat' dir='ltr'><strong>et</strong></span> <span class='ocrx_word' id='word_1_147' title='bbox 2144 1755 2389 1825; x_wconf 90' lang='lat' dir='ltr'><strong>litteris</strong></span> <span class='ocrx_word' id='word_1_148' title='bbox 2424 1754 2771 1825; x_wconf 87' lang='lat' dir='ltr'><strong>Pontificis</strong></span> <span class='ocrx_word' id='word_1_149' title='bbox 2804 1756 3170 1825; x_wconf 90' lang='lat' dir='ltr'><strong>oraculum</strong></span> 
     </span>
     <span class='ocr_line' id='line_1_18' title="bbox 619 1843 3173 1935; baseline 0 -21"><span class='ocrx_word' id='word_1_150' title='bbox 619 1846 907 1915; x_wconf 90' lang='lat' dir='ltr'><strong>coeleste</strong></span> <span class='ocrx_word' id='word_1_151' title='bbox 953 1844 1324 1915; x_wconf 84' lang='lat' dir='ltr'><strong>concurrit.</strong></span> <span class='ocrx_word' id='word_1_152' title='bbox 1370 1850 1525 1914; x_wconf 86' lang='lat' dir='ltr'><strong>Erat</strong></span> <span class='ocrx_word' id='word_1_153' title='bbox 1572 1843 1754 1912; x_wconf 86' lang='lat' dir='ltr'><strong>onim</strong></span> <span class='ocrx_word' id='word_1_154' title='bbox 1809 1845 1908 1912; x_wconf 92' lang='lat' dir='ltr'><strong>vir</strong></span> <span class='ocrx_word' id='word_1_155' title='bbox 1939 1843 2221 1932; x_wconf 88' lang='lat' dir='ltr'><strong>quidam</strong></span> <span class='ocrx_word' id='word_1_156' title='bbox 2263 1844 2329 1914; x_wconf 91' lang='lat' dir='ltr'><strong>in</strong></span> <span class='ocrx_word' id='word_1_157' title='bbox 2372 1843 2635 1935; x_wconf 83' lang='lat' dir='ltr'><strong>Anglia,</strong></span> <span class='ocrx_word' id='word_1_158' title='bbox 2691 1850 2823 1913; x_wconf 92' lang='lat' dir='ltr'><strong>Deo</strong></span> <span class='ocrx_word' id='word_1_159' title='bbox 2872 1844 3173 1916; x_wconf 87' lang='lat' dir='ltr'><strong>dilectus</strong></span> 
     </span>
     <span class='ocr_line' id='line_1_19' title="bbox 621 1932 3169 2021; baseline 0.001 -19"><span class='ocrx_word' id='word_1_160' title='bbox 621 1946 685 2002; x_wconf 91' lang='lat' dir='ltr'><strong>et</strong></span> <span class='ocrx_word' id='word_1_161' title='bbox 728 1934 1149 2014; x_wconf 77' lang='lat' dir='ltr'><strong>bominibuS,</strong></span> <span class='ocrx_word' id='word_1_162' title='bbox 1185 1933 1328 2019; x_wconf 90' lang='lat' dir='ltr'><strong>qui,</strong></span> <span class='ocrx_word' id='word_1_163' title='bbox 1393 1933 1460 2001; x_wconf 92' lang='lat' dir='ltr'><strong>in</strong></span> <span class='ocrx_word' id='word_1_164' title='bbox 1513 1955 1724 2021; x_wconf 87' lang='lat' dir='ltr'><strong>specu</strong></span> <span class='ocrx_word' id='word_1_165' title='bbox 1785 1934 2230 2003; x_wconf 90' lang='lat' dir='ltr'><strong>subterraneo</strong></span> <span class='ocrx_word' id='word_1_166' title='bbox 2274 1932 2510 2003; x_wconf 90' lang='lat' dir='ltr'><strong>multis</strong></span> <span class='ocrx_word' id='word_1_167' title='bbox 2558 1934 2765 2004; x_wconf 87' lang='lat' dir='ltr'><strong>annis</strong></span> <span class='ocrx_word' id='word_1_168' title='bbox 2820 1933 3169 2016; x_wconf 90' lang='lat' dir='ltr'><strong>inclusus,</strong></span> 
     </span>
     <span class='ocr_line' id='line_1_20' title="bbox 622 2021 3172 2112; baseline 0 -21"><span class='ocrx_word' id='word_1_169' title='bbox 622 2044 907 2092; x_wconf 89' lang='lat' dir='ltr'><strong>suorum</strong></span> <span class='ocrx_word' id='word_1_170' title='bbox 943 2035 1088 2091; x_wconf 91' lang='lat' dir='ltr'><strong>erat</strong></span> <span class='ocrx_word' id='word_1_171' title='bbox 1124 2022 1522 2092; x_wconf 89' lang='lat' dir='ltr'><strong>meritorum</strong></span> <span class='ocrx_word' id='word_1_172' title='bbox 1567 2021 1931 2111; x_wconf 91' lang='lat' dir='ltr'><strong>stipendiis</strong></span> <span class='ocrx_word' id='word_1_173' title='bbox 1970 2022 2116 2111; x_wconf 89' lang='lat' dir='ltr'><strong>jam</strong></span> <span class='ocrx_word' id='word_1_174' title='bbox 2156 2022 2446 2091; x_wconf 88' lang='lat' dir='ltr'><strong>vicinus.</strong></span> <span class='ocrx_word' id='word_1_175' title='bbox 2488 2023 2665 2092; x_wconf 89' lang='lat' dir='ltr'><strong>Huic</strong></span> <span class='ocrx_word' id='word_1_176' title='bbox 2722 2027 2962 2092; x_wconf 87' lang='lat' dir='ltr'><strong>Petrus</strong></span> <span class='ocrx_word' id='word_1_177' title='bbox 2996 2027 3172 2112; x_wconf 79' lang='lat' dir='ltr'><strong>Apo-</strong></span> 
     </span>
     <span class='ocr_line' id='line_1_21' title="bbox 621 2110 3167 2201; baseline 0 -20"><span class='ocrx_word' id='word_1_178' title='bbox 621 2111 840 2181; x_wconf 82' lang='lat' dir='ltr'><strong>stolus</strong></span> <span class='ocrx_word' id='word_1_179' title='bbox 877 2111 944 2178; x_wconf 93' lang='lat' dir='ltr'><strong>in</strong></span> <span class='ocrx_word' id='word_1_180' title='bbox 985 2112 1242 2180; x_wconf 84' lang='lat' dir='ltr'><strong>visione</strong></span> <span class='ocrx_word' id='word_1_181' title='bbox 1298 2111 1514 2181; x_wconf 88' lang='lat' dir='ltr'><strong>noctis</strong></span> <span class='ocrx_word' id='word_1_182' title='bbox 1571 2111 1923 2193; x_wconf 83' lang='lat' dir='ltr'><strong>assistenS,</strong></span> <span class='ocrx_word' id='word_1_183' title='bbox 1962 2111 2097 2180; x_wconf 87' lang='lat' dir='ltr'><strong>ait:</strong></span> <span class='ocrx_word' id='word_1_184' title='bbox 2153 2134 2187 2176; x_wconf 89' lang='lat'>«</span> <span class='ocrx_word' id='word_1_185' title='bbox 2224 2116 2360 2180; x_wconf 83' lang='lat' dir='ltr'><strong>Rex</strong></span> <span class='ocrx_word' id='word_1_186' title='bbox 2409 2110 2773 2180; x_wconf 89' lang='lat' dir='ltr'><strong>Eduardus</strong></span> <span class='ocrx_word' id='word_1_187' title='bbox 2833 2134 2953 2201; x_wconf 91' lang='lat' dir='ltr'><strong>pro</strong></span> <span class='ocrx_word' id='word_1_188' title='bbox 2989 2125 3167 2191; x_wconf 91' lang='lat' dir='ltr'><strong>voto,</strong></span> 
     </span>
     <span class='ocr_line' id='line_1_22' title="bbox 620 2199 3174 2291; baseline 0 -21"><span class='ocrx_word' id='word_1_189' title='bbox 620 2222 759 2287; x_wconf 89' lang='lat' dir='ltr'><strong>quo</strong></span> <span class='ocrx_word' id='word_1_190' title='bbox 794 2222 864 2268; x_wconf 91' lang='lat' dir='ltr'><strong>se</strong></span> <span class='ocrx_word' id='word_1_191' title='bbox 911 2222 1069 2269; x_wconf 88' lang='lat' dir='ltr'><strong>cum</strong></span> <span class='ocrx_word' id='word_1_192' title='bbox 1107 2200 1336 2269; x_wconf 83' lang='lat' dir='ltr'><strong>adbuc</strong></span> <span class='ocrx_word' id='word_1_193' title='bbox 1394 2199 1725 2270; x_wconf 81' lang='lat' dir='ltr'><strong>exultaret</strong></span> <span class='ocrx_word' id='word_1_194' title='bbox 1763 2199 2242 2281; x_wconf 84' lang='lat' dir='ltr'><strong>adstrinxerat‚</strong></span> <span class='ocrx_word' id='word_1_195' title='bbox 2301 2221 2421 2289; x_wconf 90' lang='lat' dir='ltr'><strong>pro</strong></span> <span class='ocrx_word' id='word_1_196' title='bbox 2471 2201 2667 2290; x_wconf 90' lang='lat' dir='ltr'><strong>regni</strong></span> <span class='ocrx_word' id='word_1_197' title='bbox 2730 2200 2935 2269; x_wconf 90' lang='lat' dir='ltr'><strong>etiam</strong></span> <span class='ocrx_word' id='word_1_198' title='bbox 3006 2222 3174 2291; x_wconf 90' lang='lat' dir='ltr'><strong>pace</strong></span> 
     </span>
     <span class='ocr_line' id='line_1_23' title="bbox 621 2287 3172 2378; baseline 0 -21"><span class='ocrx_word' id='word_1_199' title='bbox 621 2311 1147 2378; x_wconf 90' lang='lat' dir='ltr'><strong>pauperumque</strong></span> <span class='ocrx_word' id='word_1_200' title='bbox 1178 2289 1577 2358; x_wconf 89' lang='lat' dir='ltr'><strong>necessitate</strong></span> <span class='ocrx_word' id='word_1_201' title='bbox 1613 2310 1946 2378; x_wconf 88' lang='lat' dir='ltr'><strong>preceque</strong></span> <span class='ocrx_word' id='word_1_202' title='bbox 1977 2287 2336 2370; x_wconf 81' lang='lat' dir='ltr'><strong>sollicituS,</strong></span> <span class='ocrx_word' id='word_1_203' title='bbox 2373 2294 2754 2358; x_wconf 88' lang='lat' dir='ltr'><strong>Romanam</strong></span> <span class='ocrx_word' id='word_1_204' title='bbox 2789 2288 3172 2359; x_wconf 87' lang='lat' dir='ltr'><strong>Ecclesiam</strong></span> 
     </span>
     <span class='ocr_line' id='line_1_24' title="bbox 621 2376 3170 2466; baseline 0.001 -21"><span class='ocrx_word' id='word_1_205' title='bbox 621 2376 706 2445; x_wconf 91' lang='lat' dir='ltr'><strong>de</strong></span> <span class='ocrx_word' id='word_1_206' title='bbox 739 2378 1062 2448; x_wconf 89' lang='lat' dir='ltr'><strong>omnibus</strong></span> <span class='ocrx_word' id='word_1_207' title='bbox 1088 2376 1380 2447; x_wconf 90' lang='lat' dir='ltr'><strong>credidit</strong></span> <span class='ocrx_word' id='word_1_208' title='bbox 1411 2377 1929 2448; x_wconf 88' lang='lat' dir='ltr'><strong>consulendam.</strong></span> <span class='ocrx_word' id='word_1_209' title='bbox 1966 2379 2235 2448; x_wconf 88' lang='lat' dir='ltr'><strong>Noverit</strong></span> <span class='ocrx_word' id='word_1_210' title='bbox 2263 2399 2426 2466; x_wconf 89' lang='lat' dir='ltr'><strong>ergo</strong></span> <span class='ocrx_word' id='word_1_211' title='bbox 2466 2400 2537 2446; x_wconf 91' lang='lat' dir='ltr'><strong>se</strong></span> <span class='ocrx_word' id='word_1_212' title='bbox 2574 2400 2722 2446; x_wconf 87' lang='lat' dir='ltr'><strong>mea</strong></span> <span class='ocrx_word' id='word_1_213' title='bbox 2759 2377 3170 2448; x_wconf 90' lang='lat' dir='ltr'><strong>auctoritate</strong></span> 
     </span>
     <span class='ocr_line' id='line_1_25' title="bbox 621 2464 3167 2559; baseline 0 -24"><span class='ocrx_word' id='word_1_214' title='bbox 621 2467 708 2536; x_wconf 91' lang='lat' dir='ltr'><strong>ab</strong></span> <span class='ocrx_word' id='word_1_215' title='bbox 743 2466 868 2537; x_wconf 88' lang='lat' dir='ltr'><strong>hac</strong></span> <span class='ocrx_word' id='word_1_216' title='bbox 895 2467 1310 2559; x_wconf 82' lang='lat' dir='ltr'><strong>obligatione</strong></span> <span class='ocrx_word' id='word_1_217' title='bbox 1343 2464 1670 2547; x_wconf 89' lang='lat' dir='ltr'><strong>solutum,</strong></span> <span class='ocrx_word' id='word_1_218' title='bbox 1713 2481 1778 2537; x_wconf 91' lang='lat' dir='ltr'><strong>et</strong></span> <span class='ocrx_word' id='word_1_219' title='bbox 1823 2467 1908 2536; x_wconf 90' lang='lat' dir='ltr'><strong>de</strong></span> <span class='ocrx_word' id='word_1_220' title='bbox 1937 2467 2269 2538; x_wconf 91' lang='lat' dir='ltr'><strong>coenobio</strong></span> <span class='ocrx_word' id='word_1_221' title='bbox 2302 2466 2387 2536; x_wconf 92' lang='lat' dir='ltr'><strong>ad</strong></span> <span class='ocrx_word' id='word_1_222' title='bbox 2427 2467 2559 2536; x_wconf 90' lang='lat' dir='ltr'><strong>mei</strong></span> <span class='ocrx_word' id='word_1_223' title='bbox 2598 2466 2901 2536; x_wconf 84' lang='lat' dir='ltr'><strong>nominis</strong></span> <span class='ocrx_word' id='word_1_224' title='bbox 2955 2467 3167 2536; x_wconf 89' lang='lat' dir='ltr'><strong>hono-</strong></span> 
     </span>
     <span class='ocr_line' id='line_1_26' title="bbox 600 2556 3170 2646; baseline 0 -23"><span class='ocrx_word' id='word_1_225' title='bbox 600 2578 763 2630; x_wconf 74' lang='lat' dir='ltr'><strong>..rem</strong></span> <span class='ocrx_word' id='word_1_226' title='bbox 797 2556 1281 2637; x_wconf 92' lang='lat' dir='ltr'><strong>construendo,</strong></span> <span class='ocrx_word' id='word_1_227' title='bbox 1337 2578 1374 2624; x_wconf 90' lang='lat' dir='ltr'><strong>a</strong></span> <span class='ocrx_word' id='word_1_228' title='bbox 1427 2577 1699 2625; x_wconf 88' lang='lat' dir='ltr'><strong>summo</strong></span> <span class='ocrx_word' id='word_1_229' title='bbox 1748 2556 2072 2625; x_wconf 83' lang='lat' dir='ltr'><strong>Pontisice</strong></span> <span class='ocrx_word' id='word_1_230' title='bbox 2122 2557 2510 2646; x_wconf 85' lang='lat' dir='ltr'><strong>suscepisse</strong></span> <span class='ocrx_word' id='word_1_231' title='bbox 2572 2556 3003 2625; x_wconf 88' lang='lat' dir='ltr'><strong>mandatum.</strong></span> <span class='ocrx_word' id='word_1_232' title='bbox 3057 2562 3170 2624; x_wconf 90' lang='lat' dir='ltr'><strong>ln-</strong></span> 
     </span>
     <span class='ocr_line' id='line_1_27' title="bbox 620 2644 3169 2735; baseline 0 -22"><span class='ocrx_word' id='word_1_233' title='bbox 620 2659 1022 2715; x_wconf 88' lang='lat' dir='ltr'><strong>cunctanter</strong></span> <span class='ocrx_word' id='word_1_234' title='bbox 1085 2646 1315 2731; x_wconf 89' lang='lat' dir='ltr'><strong>itaque</strong></span> <span class='ocrx_word' id='word_1_235' title='bbox 1365 2644 1604 2714; x_wconf 90' lang='lat' dir='ltr'><strong>litteris</strong></span> <span class='ocrx_word' id='word_1_236' title='bbox 1666 2644 2067 2733; x_wconf 77' lang='lat' dir='ltr'><strong>Apostolicis</strong></span> <span class='ocrx_word' id='word_1_237' title='bbox 2130 2645 2335 2714; x_wconf 90' lang='lat' dir='ltr'><strong>fidem</strong></span> <span class='ocrx_word' id='word_1_238' title='bbox 2417 2645 2710 2724; x_wconf 89' lang='lat' dir='ltr'><strong>babeat,</strong></span> <span class='ocrx_word' id='word_1_239' title='bbox 2790 2644 3169 2735; x_wconf 84' lang='lat' dir='ltr'><strong>praeceptis</strong></span> 
     </span>
     <span class='ocr_line' id='line_1_28' title="bbox 621 2732 3165 2833; baseline -0.001 -32"><span class='ocrx_word' id='word_1_240' title='bbox 621 2732 916 2815; x_wconf 89' lang='lat' dir='ltr'><strong>obediat,</strong></span> <span class='ocrx_word' id='word_1_241' title='bbox 951 2734 1263 2804; x_wconf 88' lang='lat' dir='ltr'><strong>consiliis</strong></span> <span class='ocrx_word' id='word_1_242' title='bbox 1296 2734 1709 2820; x_wconf 89' lang='lat' dir='ltr'><strong>acquiescat.</strong></span> <span class='ocrx_word' id='word_1_243' title='bbox 1739 2738 1787 2801; x_wconf 85' lang='lat' dir='ltr'>A</span> <span class='ocrx_word' id='word_1_244' title='bbox 1818 2754 1922 2801; x_wconf 86' lang='lat' dir='ltr'><strong>mc</strong></span> <span class='ocrx_word' id='word_1_245' title='bbox 1952 2734 2137 2803; x_wconf 89' lang='lat' dir='ltr'><strong>enim</strong></span> <span class='ocrx_word' id='word_1_246' title='bbox 2174 2756 2494 2833; x_wconf 85' lang='lat' dir='ltr'><strong>egressus</strong></span> <span class='ocrx_word' id='word_1_247' title='bbox 2535 2747 2635 2802; x_wconf 91' lang='lat' dir='ltr'><strong>est</strong></span> <span class='ocrx_word' id='word_1_248' title='bbox 2668 2754 2918 2814; x_wconf 88' lang='lat' dir='ltr'><strong>sermo,</strong></span> <span class='ocrx_word' id='word_1_249' title='bbox 2961 2755 3165 2821; x_wconf 86' lang='lat' dir='ltr'><strong>quem</strong></span> 
     </span>
     <span class='ocr_line' id='line_1_29' title="bbox 623 2821 3165 2913; baseline -0.002 -21"><span class='ocrx_word' id='word_1_250' title='bbox 623 2822 753 2892; x_wconf 90' lang='lat' dir='ltr'><strong>sibi</strong></span> <span class='ocrx_word' id='word_1_251' title='bbox 805 2822 1154 2909; x_wconf 90' lang='lat' dir='ltr'><strong>quondam</strong></span> <span class='ocrx_word' id='word_1_252' title='bbox 1207 2836 1572 2912; x_wconf 91' lang='lat' dir='ltr'><strong>patronum</strong></span> <span class='ocrx_word' id='word_1_253' title='bbox 1609 2821 1836 2911; x_wconf 90' lang='lat' dir='ltr'><strong>elegit,</strong></span> <span class='ocrx_word' id='word_1_254' title='bbox 1894 2823 2040 2891; x_wconf 92' lang='lat' dir='ltr'><strong>viae</strong></span> <span class='ocrx_word' id='word_1_255' title='bbox 2072 2837 2416 2902; x_wconf 79' lang='lat' dir='ltr'><strong>comitem,</strong></span> <span class='ocrx_word' id='word_1_256' title='bbox 2447 2823 2708 2912; x_wconf 90' lang='lat' dir='ltr'><strong>gratiae</strong></span> <span class='ocrx_word' id='word_1_257' title='bbox 2738 2822 3165 2913; x_wconf 89' lang='lat' dir='ltr'><strong>largitorem.</strong></span> 
     </span>
     <span class='ocr_line' id='line_1_30' title="bbox 621 2909 3166 3000; baseline 0 -21"><span class='ocrx_word' id='word_1_258' title='bbox 621 2916 736 2981; x_wconf 92' lang='lat' dir='ltr'><strong>Est</strong></span> <span class='ocrx_word' id='word_1_259' title='bbox 762 2926 988 2981; x_wconf 90' lang='lat' dir='ltr'><strong>autem</strong></span> <span class='ocrx_word' id='word_1_260' title='bbox 1046 2912 1215 2979; x_wconf 89' lang='lat' dir='ltr'><strong>mihi</strong></span> <span class='ocrx_word' id='word_1_261' title='bbox 1271 2909 1462 2980; x_wconf 89' lang='lat' dir='ltr'><strong>locus</strong></span> <span class='ocrx_word' id='word_1_262' title='bbox 1521 2909 1585 2977; x_wconf 91' lang='lat' dir='ltr'><strong>in</strong></span> <span class='ocrx_word' id='word_1_263' title='bbox 1628 2911 2037 2980; x_wconf 88' lang='lat' dir='ltr'><strong>occidentali</strong></span> <span class='ocrx_word' id='word_1_264' title='bbox 2091 2923 2277 3000; x_wconf 88' lang='lat' dir='ltr'><strong>parte</strong></span> <span class='ocrx_word' id='word_1_265' title='bbox 2326 2911 2717 2980; x_wconf 89' lang='lat' dir='ltr'><strong>Londoniae</strong></span> <span class='ocrx_word' id='word_1_266' title='bbox 2773 2933 2830 2990; x_wconf 53' lang='lat' dir='ltr'><strong>a,</strong></span> <span class='ocrx_word' id='word_1_267' title='bbox 2874 2933 2982 2981; x_wconf 88' lang='lat' dir='ltr'><strong>me</strong></span> <span class='ocrx_word' id='word_1_268' title='bbox 3033 2912 3166 2980; x_wconf 88' lang='lat' dir='ltr'><strong>ele·</strong></span> 
     </span>
     <span class='ocr_line' id='line_1_31' title="bbox 619 2998 3173 3099; baseline -0 -30"><span class='ocrx_word' id='word_1_269' title='bbox 619 3014 795 3081; x_wconf 83' lang='lat' dir='ltr'><strong>ctuS‚</strong></span> <span class='ocrx_word' id='word_1_270' title='bbox 836 3001 1006 3069; x_wconf 89' lang='lat' dir='ltr'><strong>mihi</strong></span> <span class='ocrx_word' id='word_1_271' title='bbox 1055 2999 1371 3079; x_wconf 88' lang='lat' dir='ltr'><strong>dilectus,</strong></span> <span class='ocrx_word' id='word_1_272' title='bbox 1414 3020 1619 3085; x_wconf 90' lang='lat' dir='ltr'><strong>quem</strong></span> <span class='ocrx_word' id='word_1_273' title='bbox 1652 2999 2002 3086; x_wconf 89' lang='lat' dir='ltr'><strong>quondam</strong></span> <span class='ocrx_word' id='word_1_274' title='bbox 2043 2998 2210 3067; x_wconf 88' lang='lat' dir='ltr'><strong>mihi</strong></span> <span class='ocrx_word' id='word_1_275' title='bbox 2264 3000 2561 3099; x_wconf 90' lang='lat' dir='ltr'><strong>propriis</strong></span> <span class='ocrx_word' id='word_1_276' title='bbox 2614 2999 2941 3068; x_wconf 88' lang='lat' dir='ltr'><strong>manibus</strong></span> <span class='ocrx_word' id='word_1_277' title='bbox 3008 3023 3173 3070; x_wconf 91' lang='lat' dir='ltr'><strong>con-</strong></span> 
     </span>
     <span class='ocr_line' id='line_1_32' title="bbox 622 3087 3173 3178; baseline -0 -19"><span class='ocrx_word' id='word_1_278' title='bbox 622 3089 903 3170; x_wconf 87' lang='lat' dir='ltr'><strong>secravi,</strong></span> <span class='ocrx_word' id='word_1_279' title='bbox 965 3091 1115 3159; x_wconf 69' lang='lat' dir='ltr'><strong>mea</strong></span> <span class='ocrx_word' id='word_1_280' title='bbox 1150 3087 1501 3158; x_wconf 85' lang='lat' dir='ltr'><strong>nobilitavi</strong></span> <span class='ocrx_word' id='word_1_281' title='bbox 1550 3089 1959 3178; x_wconf 75' lang='lat' dir='ltr'><strong>praesentia,</strong></span> <span class='ocrx_word' id='word_1_282' title='bbox 2019 3087 2276 3158; x_wconf 88' lang='lat' dir='ltr'><strong>divinis</strong></span> <span class='ocrx_word' id='word_1_283' title='bbox 2321 3103 2525 3166; x_wconf 86' lang='lat' dir='ltr'><strong>ettam</strong></span> <span class='ocrx_word' id='word_1_284' title='bbox 2590 3088 2948 3158; x_wconf 88' lang='lat' dir='ltr'><strong>miraculis</strong></span> <span class='ocrx_word' id='word_1_285' title='bbox 3008 3089 3173 3158; x_wconf 90' lang='lat' dir='ltr'><strong>illu-</strong></span> 
     </span>
     <span class='ocr_line' id='line_1_33' title="bbox 620 3175 3168 3268; baseline -0.001 -22"><span class='ocrx_word' id='word_1_286' title='bbox 620 3179 850 3246; x_wconf 90' lang='lat' dir='ltr'><strong>stravi.</strong></span> <span class='ocrx_word' id='word_1_287' title='bbox 890 3178 1227 3268; x_wconf 82' lang='lat' dir='ltr'><strong>Thorneja</strong></span> <span class='ocrx_word' id='word_1_288' title='bbox 1278 3198 1522 3246; x_wconf 90' lang='lat' dir='ltr'><strong>nomen</strong></span> <span class='ocrx_word' id='word_1_289' title='bbox 1564 3189 1665 3245; x_wconf 91' lang='lat' dir='ltr'><strong>est</strong></span> <span class='ocrx_word' id='word_1_290' title='bbox 1701 3177 1854 3257; x_wconf 90' lang='lat' dir='ltr'><strong>loci,</strong></span> <span class='ocrx_word' id='word_1_291' title='bbox 1900 3177 2015 3264; x_wconf 89' lang='lat' dir='ltr'><strong>qui</strong></span> <span class='ocrx_word' id='word_1_292' title='bbox 2050 3175 2400 3263; x_wconf 88' lang='lat' dir='ltr'><strong>quondam</strong></span> <span class='ocrx_word' id='word_1_293' title='bbox 2443 3179 2532 3246; x_wconf 86' lang='lat' dir='ltr'><strong>ob</strong></span> <span class='ocrx_word' id='word_1_294' title='bbox 2581 3189 2858 3265; x_wconf 90' lang='lat' dir='ltr'><strong>peccata</strong></span> <span class='ocrx_word' id='word_1_295' title='bbox 2899 3177 3168 3267; x_wconf 89' lang='lat' dir='ltr'><strong>populi,</strong></span> 
     </span>
     <span class='ocr_line' id='line_1_34' title="bbox 621 3265 3168 3355; baseline 0.001 -22"><span class='ocrx_word' id='word_1_296' title='bbox 621 3266 1075 3337; x_wconf 88' lang='lat' dir='ltr'><strong>Barbarorum</strong></span> <span class='ocrx_word' id='word_1_297' title='bbox 1115 3265 1405 3336; x_wconf 90' lang='lat' dir='ltr'><strong>traditus</strong></span> <span class='ocrx_word' id='word_1_298' title='bbox 1444 3277 1545 3334; x_wconf 91' lang='lat' dir='ltr'><strong>est</strong></span> <span class='ocrx_word' id='word_1_299' title='bbox 1588 3266 1922 3354; x_wconf 84' lang='lat' dir='ltr'><strong>potestati,</strong></span> <span class='ocrx_word' id='word_1_300' title='bbox 1966 3266 2454 3355; x_wconf 88' lang='lat' dir='ltr'><strong>pauperrimus</strong></span> <span class='ocrx_word' id='word_1_301' title='bbox 2485 3286 2563 3334; x_wconf 81' lang='lat' dir='ltr'><strong>ex</strong></span> <span class='ocrx_word' id='word_1_302' title='bbox 2599 3265 2831 3345; x_wconf 88' lang='lat' dir='ltr'><strong>divite,</strong></span> <span class='ocrx_word' id='word_1_303' title='bbox 2874 3266 3168 3336; x_wconf 88' lang='lat' dir='ltr'><strong>humilis</strong></span> 
     </span>
     <span class='ocr_line' id='line_1_35' title="bbox 621 3353 3173 3443; baseline 0.002 -23"><span class='ocrx_word' id='word_1_304' title='bbox 621 3374 701 3423; x_wconf 84' lang='lat' dir='ltr'><strong>ex</strong></span> <span class='ocrx_word' id='word_1_305' title='bbox 742 3354 1049 3435; x_wconf 87' lang='lat' dir='ltr'><strong>sublimi,</strong></span> <span class='ocrx_word' id='word_1_306' title='bbox 1081 3377 1158 3423; x_wconf 87' lang='lat' dir='ltr'><strong>ex</strong></span> <span class='ocrx_word' id='word_1_307' title='bbox 1197 3353 1408 3424; x_wconf 92' lang='lat' dir='ltr'><strong>nobili</strong></span> <span class='ocrx_word' id='word_1_308' title='bbox 1444 3353 1662 3425; x_wconf 86' lang='lat' dir='ltr'><strong>factus</strong></span> <span class='ocrx_word' id='word_1_309' title='bbox 1694 3367 1793 3423; x_wconf 88' lang='lat' dir='ltr'><strong>est</strong></span> <span class='ocrx_word' id='word_1_310' title='bbox 1833 3354 2399 3443; x_wconf 88' lang='lat' dir='ltr'><strong>contemptibilis.</strong></span> <span class='ocrx_word' id='word_1_311' title='bbox 2437 3359 2636 3424; x_wconf 89' lang='lat' dir='ltr'><strong>Hunc</strong></span> <span class='ocrx_word' id='word_1_312' title='bbox 2677 3377 2783 3423; x_wconf 90' lang='lat' dir='ltr'><strong>me</strong></span> <span class='ocrx_word' id='word_1_313' title='bbox 2819 3376 2931 3422; x_wconf 84' lang='lat' dir='ltr'><strong>rex</strong></span> <span class='ocrx_word' id='word_1_314' title='bbox 3017 3377 3173 3424; x_wconf 89' lang='lat' dir='ltr'><strong>rae—</strong></span> 
     </span>
     <span class='ocr_line' id='line_1_36' title="bbox 608 3442 3162 3532; baseline 0.001 -25"><span class='ocrx_word' id='word_1_315' title='bbox 608 3442 914 3531; x_wconf 89' lang='lat' dir='ltr'><strong>.cipiente</strong></span> <span class='ocrx_word' id='word_1_316' title='bbox 956 3443 1031 3526; x_wconf 75' lang='lat' dir='ltr'><strong>in</strong></span> <span class='ocrx_word' id='word_1_317' title='bbox 1104 3442 1576 3512; x_wconf 87' lang='lat' dir='ltr'><strong>habitaculum</strong></span> <span class='ocrx_word' id='word_1_318' title='bbox 1656 3443 2152 3512; x_wconf 81' lang='lat' dir='ltr'><strong>monachorum</strong></span> <span class='ocrx_word' id='word_1_319' title='bbox 2230 3443 2565 3532; x_wconf 88' lang='lat' dir='ltr'><strong>suscipiat</strong></span> <span class='ocrx_word' id='word_1_320' title='bbox 2642 3465 2930 3531; x_wconf 89' lang='lat' dir='ltr'><strong>reparan</strong></span> <span class='ocrx_word' id='word_1_321' title='bbox 2993 3465 3110 3510; x_wconf 88' lang='lat' dir='ltr'><strong>um</strong></span> <span class='ocrx_word' id='word_1_322' title='bbox 3145 3499 3162 3525; x_wconf 93' lang='lat'><strong><em>‚</em></strong></span> 
     </span>
     <span class='ocr_line' id='line_1_37' title="bbox 621 3530 3168 3621; baseline 0.001 -23"><span class='ocrx_word' id='word_1_323' title='bbox 621 3530 1142 3600; x_wconf 89' lang='lat' dir='ltr'><strong>sublimandum</strong></span> <span class='ocrx_word' id='word_1_324' title='bbox 1180 3530 1537 3611; x_wconf 80' lang='lat' dir='ltr'><strong>aedificiiS,</strong></span> <span class='ocrx_word' id='word_1_325' title='bbox 1580 3533 2131 3621; x_wconf 85' lang='lat' dir='ltr'><strong>possessionibus</strong></span> <span class='ocrx_word' id='word_1_326' title='bbox 2158 3531 2666 3621; x_wconf 87' lang='lat' dir='ltr'><strong>ampliandum.</strong></span> <span class='ocrx_word' id='word_1_327' title='bbox 2712 3536 2853 3600; x_wconf 88' lang='lat' dir='ltr'><strong>Non</strong></span> <span class='ocrx_word' id='word_1_328' title='bbox 2906 3531 3036 3601; x_wconf 90' lang='lat' dir='ltr'><strong>erit</strong></span> <span class='ocrx_word' id='word_1_329' title='bbox 3069 3531 3168 3602; x_wconf 92' lang='lat' dir='ltr'><strong>ibi</strong></span> 
     </span>
     <span class='ocr_line' id='line_1_38' title="bbox 617 3617 3173 3711; baseline 0.001 -24"><span class='ocrx_word' id='word_1_330' title='bbox 617 3617 832 3700; x_wconf 90' lang='lat' dir='ltr'><strong>aliud,</strong></span> <span class='ocrx_word' id='word_1_331' title='bbox 889 3619 1021 3690; x_wconf 90' lang='lat' dir='ltr'><strong>nisi</strong></span> <span class='ocrx_word' id='word_1_332' title='bbox 1056 3620 1305 3690; x_wconf 90' lang='lat' dir='ltr'><strong>domus</strong></span> <span class='ocrx_word' id='word_1_333' title='bbox 1357 3619 1467 3688; x_wconf 80' lang='lat' dir='ltr'><strong>Dei</strong></span> <span class='ocrx_word' id='word_1_334' title='bbox 1509 3632 1574 3688; x_wconf 90' lang='lat' dir='ltr'><strong>et</strong></span> <span class='ocrx_word' id='word_1_335' title='bbox 1624 3632 1813 3709; x_wconf 90' lang='lat' dir='ltr'><strong>porta</strong></span> <span class='ocrx_word' id='word_1_336' title='bbox 1845 3621 2038 3690; x_wconf 89' lang='lat' dir='ltr'><strong>coeli.</strong></span> <span class='ocrx_word' id='word_1_337' title='bbox 2092 3622 2194 3691; x_wconf 93' lang='lat' dir='ltr'><strong>Ibi</strong></span> <span class='ocrx_word' id='word_1_338' title='bbox 2246 3620 2574 3711; x_wconf 89' lang='lat' dir='ltr'><strong>erigenda</strong></span> <span class='ocrx_word' id='word_1_339' title='bbox 2607 3631 2708 3691; x_wconf 89' lang='lat' dir='ltr'><strong>est</strong></span> <span class='ocrx_word' id='word_1_340' title='bbox 2758 3619 2980 3700; x_wconf 87' lang='lat' dir='ltr'><strong>scala,</strong></span> <span class='ocrx_word' id='word_1_341' title='bbox 3043 3642 3173 3710; x_wconf 90' lang='lat' dir='ltr'><strong>per</strong></span> 
     </span>
     <span class='ocr_line' id='line_1_39' title="bbox 621 3708 3172 3799; baseline 0 -23"><span class='ocrx_word' id='word_1_342' title='bbox 621 3729 829 3793; x_wconf 85' lang='lat' dir='ltr'><strong>quam</strong></span> <span class='ocrx_word' id='word_1_343' title='bbox 868 3708 1358 3778; x_wconf 88' lang='lat' dir='ltr'><strong>descendentes</strong></span> <span class='ocrx_word' id='word_1_344' title='bbox 1384 3720 1449 3777; x_wconf 92' lang='lat' dir='ltr'><strong>et</strong></span> <span class='ocrx_word' id='word_1_345' title='bbox 1480 3709 1928 3779; x_wconf 89' lang='lat' dir='ltr'><strong>ascendentes</strong></span> <span class='ocrx_word' id='word_1_346' title='bbox 1959 3709 2210 3799; x_wconf 87' lang='lat' dir='ltr'><strong>angeli,</strong></span> <span class='ocrx_word' id='word_1_347' title='bbox 2255 3731 2489 3798; x_wconf 90' lang='lat' dir='ltr'><strong>preces</strong></span> <span class='ocrx_word' id='word_1_348' title='bbox 2522 3722 2588 3779; x_wconf 90' lang='lat' dir='ltr'><strong>et</strong></span> <span class='ocrx_word' id='word_1_349' title='bbox 2623 3721 2770 3778; x_wconf 91' lang='lat' dir='ltr'><strong>vota</strong></span> <span class='ocrx_word' id='word_1_350' title='bbox 2802 3708 3172 3779; x_wconf 87' lang='lat' dir='ltr'><strong>hominum</strong></span> 
     </span>
     <span class='ocr_line' id='line_1_40' title="bbox 622 3795 3172 3888; baseline 0.001 -23"><span class='ocrx_word' id='word_1_351' title='bbox 622 3795 984 3886; x_wconf 88' lang='lat' dir='ltr'><strong>perferant,</strong></span> <span class='ocrx_word' id='word_1_352' title='bbox 1019 3811 1083 3867; x_wconf 89' lang='lat' dir='ltr'><strong>et</strong></span> <span class='ocrx_word' id='word_1_353' title='bbox 1117 3797 1422 3866; x_wconf 84' lang='lat' dir='ltr'><strong>deferant</strong></span> <span class='ocrx_word' id='word_1_354' title='bbox 1455 3796 1769 3885; x_wconf 88' lang='lat' dir='ltr'><strong>gratiam.</strong></span> <span class='ocrx_word' id='word_1_355' title='bbox 1802 3798 1968 3867; x_wconf 89' lang='lat' dir='ltr'><strong>Inde</strong></span> <span class='ocrx_word' id='word_1_356' title='bbox 2002 3798 2533 3868; x_wconf 86' lang='lat' dir='ltr'><strong>ascendentibus</strong></span> <span class='ocrx_word' id='word_1_357' title='bbox 2571 3798 2888 3867; x_wconf 90' lang='lat' dir='ltr'><strong>reserabo</strong></span> <span class='ocrx_word' id='word_1_358' title='bbox 2907 3798 3172 3888; x_wconf 88' lang='lat' dir='ltr'><strong>januas</strong></span> 
     </span>
     <span class='ocr_line' id='line_1_41' title="bbox 622 3885 3170 3988; baseline 0 -35"><span class='ocrx_word' id='word_1_359' title='bbox 622 3886 949 3988; x_wconf 90' lang='lat' dir='ltr'><strong>paradisi,</strong></span> <span class='ocrx_word' id='word_1_360' title='bbox 1005 3899 1080 3956; x_wconf 92' lang='lat' dir='ltr'><strong>ut</strong></span> <span class='ocrx_word' id='word_1_361' title='bbox 1126 3909 1206 3955; x_wconf 85' lang='lat' dir='ltr'><strong>ex</strong></span> <span class='ocrx_word' id='word_1_362' title='bbox 1235 3885 1483 3963; x_wconf 86' lang='lat' dir='ltr'><strong>officio,</strong></span> <span class='ocrx_word' id='word_1_363' title='bbox 1522 3885 1702 3971; x_wconf 90' lang='lat' dir='ltr'><strong>quod</strong></span> <span class='ocrx_word' id='word_1_364' title='bbox 1759 3909 1952 3958; x_wconf 88' lang='lat' dir='ltr'><strong>meus</strong></span> <span class='ocrx_word' id='word_1_365' title='bbox 2004 3887 2169 3955; x_wconf 85' lang='lat' dir='ltr'><strong>mihi</strong></span> <span class='ocrx_word' id='word_1_366' title='bbox 2210 3888 2541 3957; x_wconf 88' lang='lat' dir='ltr'><strong>Dominus</strong></span> <span class='ocrx_word' id='word_1_367' title='bbox 2591 3909 2667 3956; x_wconf 90' lang='lat' dir='ltr'><strong>ac</strong></span> <span class='ocrx_word' id='word_1_368' title='bbox 2720 3886 3026 3956; x_wconf 89' lang='lat' dir='ltr'><strong>Salvator</strong></span> <span class='ocrx_word' id='word_1_369' title='bbox 3060 3887 3170 3954; x_wconf 92' lang='lat' dir='ltr'><strong>in-</strong></span> 
     </span>
     <span class='ocr_line' id='line_1_42' title="bbox 512 3972 3167 4066; baseline 0.001 -24"><span class='ocrx_word' id='word_1_370' title='bbox 512 3997 516 4002; x_wconf 88' lang='lat'><strong>·</strong></span> <span class='ocrx_word' id='word_1_371' title='bbox 614 3975 868 4061; x_wconf 66' lang='lat' dir='ltr'><strong>junxit,</strong></span> <span class='ocrx_word' id='word_1_372' title='bbox 921 3989 987 4045; x_wconf 90' lang='lat' dir='ltr'><strong>et</strong></span> <span class='ocrx_word' id='word_1_373' title='bbox 1016 3976 1262 4066; x_wconf 91' lang='lat' dir='ltr'><strong>ligatos</strong></span> <span class='ocrx_word' id='word_1_374' title='bbox 1295 3972 1670 4054; x_wconf 87' lang='lat' dir='ltr'><strong>absolvam,</strong></span> <span class='ocrx_word' id='word_1_375' title='bbox 1711 3988 1775 4045; x_wconf 90' lang='lat' dir='ltr'><strong>et</strong></span> <span class='ocrx_word' id='word_1_376' title='bbox 1821 3975 2172 4046; x_wconf 87' lang='lat' dir='ltr'><strong>absolutos</strong></span> <span class='ocrx_word' id='word_1_377' title='bbox 2212 3976 2635 4066; x_wconf 89' lang='lat' dir='ltr'><strong>suscipiam:</strong></span> <span class='ocrx_word' id='word_1_378' title='bbox 2676 3987 2742 4044; x_wconf 87' lang='lat' dir='ltr'><strong>et</strong></span> <span class='ocrx_word' id='word_1_379' title='bbox 2802 3998 3012 4062; x_wconf 89' lang='lat' dir='ltr'><strong>quam</strong></span> <span class='ocrx_word' id='word_1_380' title='bbox 3063 3976 3167 4044; x_wconf 91' lang='lat' dir='ltr'><strong>eis</strong></span> 
     </span>
     <span class='ocr_line' id='line_1_43' title="bbox 618 4061 3163 4155; baseline 0.001 -24"><span class='ocrx_word' id='word_1_381' title='bbox 618 4061 946 4133; x_wconf 88' lang='lat' dir='ltr'><strong>delictum</strong></span> <span class='ocrx_word' id='word_1_382' title='bbox 997 4064 1399 4143; x_wconf 89' lang='lat' dir='ltr'><strong>occluserat,</strong></span> <span class='ocrx_word' id='word_1_383' title='bbox 1437 4062 1836 4151; x_wconf 88' lang='lat' dir='ltr'><strong>justificatis</strong></span> <span class='ocrx_word' id='word_1_384' title='bbox 1871 4078 2131 4154; x_wconf 90' lang='lat' dir='ltr'><strong>portam</strong></span> <span class='ocrx_word' id='word_1_385' title='bbox 2170 4066 2427 4154; x_wconf 84' lang='lat' dir='ltr'><strong>patriae</strong></span> <span class='ocrx_word' id='word_1_386' title='bbox 2461 4062 2772 4134; x_wconf 87' lang='lat' dir='ltr'><strong>coelestis</strong></span> <span class='ocrx_word' id='word_1_387' title='bbox 2821 4063 3163 4155; x_wconf 87' lang='lat' dir='ltr'><strong>aperiam.</strong></span> 
     </span>
     <span class='ocr_line' id='line_1_44' title="bbox 622 4152 3165 4241; baseline 0.001 -22"><span class='ocrx_word' id='word_1_388' title='bbox 622 4157 718 4220; x_wconf 90' lang='lat' dir='ltr'><strong>Tu</strong></span> <span class='ocrx_word' id='word_1_389' title='bbox 748 4165 975 4221; x_wconf 90' lang='lat' dir='ltr'><strong>autem</strong></span> <span class='ocrx_word' id='word_1_390' title='bbox 1018 4154 1273 4234; x_wconf 90' lang='lat' dir='ltr'><strong>omnia,</strong></span> <span class='ocrx_word' id='word_1_391' title='bbox 1312 4173 1490 4241; x_wconf 88' lang='lat' dir='ltr'><strong>quae</strong></span> <span class='ocrx_word' id='word_1_392' title='bbox 1536 4153 1791 4224; x_wconf 89' lang='lat' dir='ltr'><strong>audisti</strong></span> <span class='ocrx_word' id='word_1_393' title='bbox 1832 4177 1871 4222; x_wconf 90' lang='lat' dir='ltr'><strong>a</strong></span> <span class='ocrx_word' id='word_1_394' title='bbox 1932 4175 2029 4222; x_wconf 78' lang='lat' dir='ltr'><strong>ine</strong></span> <span class='ocrx_word' id='word_1_395' title='bbox 2067 4166 2131 4222; x_wconf 90' lang='lat' dir='ltr'><strong>et</strong></span> <span class='ocrx_word' id='word_1_396' title='bbox 2179 4153 2509 4234; x_wconf 80' lang='lat' dir='ltr'><strong>didicisti,</strong></span> <span class='ocrx_word' id='word_1_397' title='bbox 2566 4152 2808 4223; x_wconf 87' lang='lat' dir='ltr'><strong>litteris</strong></span> <span class='ocrx_word' id='word_1_398' title='bbox 2858 4153 3165 4234; x_wconf 80' lang='lat' dir='ltr'><strong>tradenS,</strong></span> 
     </span>
     <span class='ocr_line' id='line_1_45' title="bbox 621 4241 3176 4332; baseline 0.001 -22"><span class='ocrx_word' id='word_1_399' title='bbox 621 4241 765 4330; x_wconf 85' lang='lat' dir='ltr'><strong>regi</strong></span> <span class='ocrx_word' id='word_1_400' title='bbox 804 4242 1015 4322; x_wconf 89' lang='lat' dir='ltr'><strong>mitte,</strong></span> <span class='ocrx_word' id='word_1_401' title='bbox 1055 4256 1153 4323; x_wconf 88' lang='lat' dir='ltr'><strong>ut,</strong></span> <span class='ocrx_word' id='word_1_402' title='bbox 1188 4262 1471 4311; x_wconf 91' lang='lat' dir='ltr'><strong>munere</strong></span> <span class='ocrx_word' id='word_1_403' title='bbox 1509 4242 1621 4310; x_wconf 92' lang='lat' dir='ltr'><strong>Dei</strong></span> <span class='ocrx_word' id='word_1_404' title='bbox 1654 4241 2028 4332; x_wconf 82' lang='lat' dir='ltr'><strong>duplicatO,</strong></span> <span class='ocrx_word' id='word_1_405' title='bbox 2055 4256 2120 4311; x_wconf 83' lang='lat' dir='ltr'><strong>ct</strong></span> <span class='ocrx_word' id='word_1_406' title='bbox 2159 4242 2242 4311; x_wconf 92' lang='lat' dir='ltr'><strong>de</strong></span> <span class='ocrx_word' id='word_1_407' title='bbox 2269 4241 2704 4312; x_wconf 90' lang='lat' dir='ltr'><strong>absolutione</strong></span> <span class='ocrx_word' id='word_1_408' title='bbox 2738 4243 3064 4322; x_wconf 89' lang='lat' dir='ltr'><strong>securior,</strong></span> <span class='ocrx_word' id='word_1_409' title='bbox 3105 4254 3176 4312; x_wconf 89' lang='lat' dir='ltr'><strong>et</strong></span> 
     </span>
     <span class='ocr_line' id='line_1_46' title="bbox 621 4329 3175 4419; baseline 0.001 -21"><span class='ocrx_word' id='word_1_410' title='bbox 621 4331 967 4419; x_wconf 90' lang='lat' dir='ltr'><strong>praecepti</strong></span> <span class='ocrx_word' id='word_1_411' title='bbox 1000 4332 1396 4401; x_wconf 84' lang='lat' dir='ltr'><strong>executione</strong></span> <span class='ocrx_word' id='word_1_412' title='bbox 1428 4329 1753 4414; x_wconf 90' lang='lat' dir='ltr'><strong>devotior,</strong></span> <span class='ocrx_word' id='word_1_413' title='bbox 1791 4332 1862 4399; x_wconf 93' lang='lat' dir='ltr'><strong>in</strong></span> <span class='ocrx_word' id='word_1_414' title='bbox 1902 4332 2028 4400; x_wconf 91' lang='lat' dir='ltr'><strong>mei</strong></span> <span class='ocrx_word' id='word_1_415' title='bbox 2067 4343 2293 4401; x_wconf 89' lang='lat' dir='ltr'><strong>autem</strong></span> <span class='ocrx_word' id='word_1_416' title='bbox 2327 4331 2693 4401; x_wconf 91' lang='lat' dir='ltr'><strong>dilectione</strong></span> <span class='ocrx_word' id='word_1_417' title='bbox 2733 4332 3175 4417; x_wconf 88' lang='lat' dir='ltr'><strong>etobsequio</strong></span> 
     </span>
     <span class='ocr_line' id='line_1_47' title="bbox 620 4419 3172 4511; baseline 0.001 -24"><span class='ocrx_word' id='word_1_418' title='bbox 620 4419 1002 4510; x_wconf 85' lang='lat' dir='ltr'><strong>reperiatur</strong></span> <span class='ocrx_word' id='word_1_419' title='bbox 1049 4420 1545 4511; x_wconf 82' lang='lat' dir='ltr'><strong>propensior.»</strong></span> <span class='ocrx_word' id='word_1_420' title='bbox 1596 4420 1719 4489; x_wconf 89' lang='lat' dir='ltr'><strong>His</strong></span> <span class='ocrx_word' id='word_1_421' title='bbox 1768 4420 1993 4501; x_wconf 82' lang='lat' dir='ltr'><strong>dictis,</strong></span> <span class='ocrx_word' id='word_1_422' title='bbox 2052 4420 2166 4492; x_wconf 84' lang='lat' dir='ltr'><strong>lux</strong></span> <span class='ocrx_word' id='word_1_423' title='bbox 2215 4442 2376 4491; x_wconf 91' lang='lat' dir='ltr'><strong>cum</strong></span> <span class='ocrx_word' id='word_1_424' title='bbox 2425 4419 2745 4509; x_wconf 89' lang='lat' dir='ltr'><strong>loquente</strong></span> <span class='ocrx_word' id='word_1_425' title='bbox 2793 4420 3172 4511; x_wconf 88' lang='lat' dir='ltr'><strong>disparuit.</strong></span> 
     </span>
    </p>
   </div>
  </div>
 </body>
</html>
