3347 4999
758 330 886 394 406
1400 346 1479 392 na
1527 346 1582 392 s,
1637 344 2008 393 nuacaaano
2058 345 2305 391 nxnmr.
2358 344 2456 391 ΕΡ.
2886 324 3058 391 OCT.
3119 326 3203 390 Η»

670 430 898 531 pigri,
974 451 1179 516 quam
1251 426 1449 499 beati
1501 428 1801 510 Kiliani,
1878 428 2083 518 primi
2198 427 2551 498 lantatoris
2615 427 2992 499 industriae
3058 447 3205 496 nou

667 519 1223 597 inconvenienter
1267 518 1754 589 adscribimus,
1807 517 2103 605 Ideoque
2177 539 2301 588 uce
2340 516 2598 586 clarius
2643 528 2907 587 constat
2951 536 3208 605 operae

671 607 965 697 pretium
1017 629 1165 678 esse
1198 661 1213 687 ‚
1265 606 1825 694 quandoquidem
1890 607 2251 694 utriusque
2299 606 2561 676 meritis
2591 661 2607 687 ‚
2659 606 2718 675 si
2764 604 3092 675 veraciter
3139 616 3210 673 et

667 695 878 787 digne
925 695 1253 765 membris
1299 707 1533 786 utpote
1580 694 1983 764 membrella
2048 694 2561 784 congloriemur
2596 750 2613 776 ,
2674 716 2761 763 ne
2820 692 3155 763 terminos
3183 747 3200 774 ,

667 806 841 871 quos
891 785 1024 875 ipsi
1075 785 1275 855 bouis
1321 782 1651 873 exemplis
1701 783 1847 854 suis
1882 795 2272 874 posuerant,
2307 796 2373 853 et
2404 804 2530 853 nos
2560 782 2764 852 laude
2801 781 3049 873 dignos
3080 803 3209 871 ap-

668 874 1067 964 probamuS,
1106 872 1289 960 quod
1323 872 1523 954 absit,
1558 885 1635 942 ut
1667 871 1797 940 filii
1831 892 2127 957 nequam
2159 870 2766 963 transgrediamur,
2812 870 2928 940 sed
2972 871 3206 960 potius

665 961 996 1062 exemplis
1041 983 1280 1031 eorum
1314 959 1695 1061 innitendo,
1746 959 2292 1049 confidendoque
2331 961 2677 1050 precibuS,
2738 958 2943 1029 fidem
2994 958 3207 1031 dictis

666 1063 919 1122 nostris
969 1071 1087 1139 per
1117 1071 1324 1139 opera
1361 1049 1722 1119 faciamus.

753 1147 792 1220 ἓ
838 1142 988 1212 19.
1042 1144 1306 1208 Interea
1353 1149 1631 1208 sanctus
1668 1137 1805 1217 Dei,
1857 1137 2197 1224 quamvis,
2225 1148 2301 1207 ut
2333 1158 2533 1227 saepe
2566 1136 2892 1218 diximuS,
2930 1135 3199 1205 activae

666 1227 840 1297 vitae
881 1226 1469 1297 sollicitudinibus
1517 1225 1837 1315 plurimis
1884 1248 2044 1296 cum
2094 1225 2353 1296 Martha
2405 1247 2902 1313 nonnunquam
2955 1225 3045 1294 ob
3095 1224 3206 1292 in·

672 1316 898 1387 cultae
929 1316 1158 1386 adhuc
1206 1315 1597 1385 Dominicae
1646 1314 1881 1383 vineae
1926 1335 2167 1384 curam
2211 1314 2635 1394 turbat-etum
2682 1328 2905 1385 tamen
2956 1312 3202 1382 crebro

669 1404 756 1474 ad
807 1405 1013 1505 pedes
1057 1411 1224 1475 Jesu
1256 1404 1600 1495 refugium
1640 1423 1992 1489 quaerere,
2034 1402 2264 1489 ibique
2297 1424 2454 1472 cum
2491 1405 2698 1472 Maria
2746 1403 2877 1472 sub
2925 1401 3202 1471 alarum

669 1493 916 1563 Christi
958 1493 1333 1563 velamento
1366 1504 1734 1582 protectuS,
1791 1491 1859 1560 in
1911 1491 2320 1562 lectionibus
2367 1490 2668 1562 assiduis
2716 1492 3000 1560 verbum
3053 1489 3196 1571 Dei,

666 1582 876 1669 cujus
910 1604 980 1651 se
1027 1581 1400 1650 debitorem
1437 1580 1723 1650 caeteris
1770 1593 2090 1658 noverat,
2142 1580 2472 1651 intentius
2526 1580 2767 1650 audire
2815 1578 3201 1649 delectaba-

672 1686 804 1750 tur,
858 1669 1095 1739 dicens
1127 1670 1304 1739 intra
1352 1690 1465 1738 se:
1506 1670 1798 1738 Audiam
1831 1670 1996 1760 quid
2032 1673 2092 1738 lo
2138 1681 2346 1739 uatur
2377 1672 2446 1739 in
2502 1690 2603 1737 me
2646 1670 2967 1737 Dominus
3024 1672 3200 1736 Deus

664 1758 880 1847 (Psal.
935 1758 1073 1846 84).
1128 1758 1318 1827 Unde
1363 1778 1519 1826 cum
1563 1757 1851 1827 Paulum
1905 1757 2034 1827 sibi
2136 1759 2418 1827 icentem
2476 1756 2877 1837 intenderet,
2941 1757 3202 1825 Labora

663 1849 837 1917 sicut
894 1849 1096 1916 bonus
1126 1850 1319 1915 miles
1370 1847 1621 1916 Christi
1650 1847 1812 1915 Jesu
1844 1846 1941 1935 (2.
2005 1849 2170 1915 Tim.
2224 1846 2324 1934 11),
2375 1857 2440 1913 et
2484 1857 2748 1915 caetera
2794 1845 2980 1923 talia,
3040 1844 3201 1914 nul-

668 1936 805 2005 lam
858 1933 1258 2004 villicationi
1290 1956 1457 2003 suae
1488 1935 1824 2004 concessit
1854 1935 1974 2003 otii
2011 1956 2295 2015 moram,
2328 1934 2524 2020 quin,
2566 1945 2642 2003 ut
2662 1934 2808 2023 Jam
2859 1932 3191 2013 diximus,

665 2037 787 2094 aut
811 2022 1112 2092 Marthae
1150 2021 1577 2100 ministeriis,
1602 2036 1721 2092 aut
1753 2023 2002 2091 Mariae
2050 2021 2746 2112 contemplationibus
2777 2019 3192 2112 invigilaret.

672 2117 1099 2201 Quapropter
1147 2110 1451 2199 ejusdem
1528 2110 1826 2181 exercitii
1878 2111 2009 2182 sibi
2068 2110 2415 2201 providere
2482 2111 2747 2181 curavit
2792 2110 3144 2180 officinam
3175 2163 3191 2191 ,

660 2222 850 2270 exem
908 2200 972 2268 lo
1020 2199 1280 2269 scilicet
1325 2199 1502 2269 beati
1559 2200 1869 2281 Martini,
1942 2199 2062 2287 qui
2116 2214 2495 2289 separatam
2559 2200 2647 2269 ab
2687 2198 3034 2289 Episcopii
3088 2209 3198 2269 tu-

668 2288 865 2358 multi
920 2311 1003 2358 us
1035 2287 1273 2357 eadem
1309 2311 1430 2377 pro
1481 2309 1690 2358 causa
1743 2300 2213 2359 construxerat
2244 2287 2513 2369 cellam,
2564 2289 2634 2356 in
2686 2301 2874 2357 arcto
2907 2285 3197 2377 proclivi

671 2378 925 2446 montis
966 2398 1166 2467 saepe
1212 2376 1419 2457 dicti,
1462 2390 1527 2447 et
1572 2376 1844 2466 allapsu
1898 2377 2118 2446 Moeni
2165 2377 2513 2456 fluminiS,
2568 2377 2792 2466 coepit
2837 2376 3197 2446 instituere

661 2466 1071 2536 coenobium
1102 2488 1116 2530 ε
1146 2466 1327 2553 quod
1382 2465 1451 2534 in
1489 2466 1742 2535 honore
1792 2465 1905 2536 Dei
1938 2465 2299 2537 Genitricis
2353 2465 2706 2553 sanctique
2738 2464 3038 2556 Apostoli
3068 2468 3199 2535 An-

662 2554 863 2624 dreae
907 2567 1402 2636 constructum,
1456 2559 1642 2625 tanta
1681 2554 1958 2625 donavit
2013 2555 2389 2642 quantitate
2455 2553 2937 2642 praediorum,
3066 2574 3196 2623 uae

668 2643 1031 2713 duodecim
1087 2643 1412 2713 fratribus
1451 2643 1844 2724 CanoniciS,
1901 2643 2153 2713 ibidem
2212 2648 2339 2714 Deo
2399 2643 2878 2724 militantibus,
2933 2665 3017 2712 su
3097 2664 3198 2711 ce·

665 2744 817 2801 rent
863 2731 945 2800 ad
998 2733 1255 2802 victum
1303 2743 1369 2800 et
1422 2731 1764 2800 vestitum.
1822 2738 2006 2801 Inter
2063 2754 2238 2819 quae
2289 2731 2542 2802 dotalia
2587 2731 2807 2800 eidem
2858 2730 3198 2800 concessit

661 2820 1074 2891 monasterio
1111 2818 1534 2909 praedictum
1586 2834 1882 2890 montem
1930 2821 2320 2911 wirciburg
2364 2842 2523 2889 cum
2582 2819 2881 2910 praediis
2918 2830 2984 2889 et
3044 2818 3198 2887 red-

660 2908 945 2990 ditibus,
999 2909 1178 2978 sicut
1224 2907 1635 2994 acquisierat
1687 2932 1724 2978 a
1775 2908 2058 2998 praefati
2117 2909 2318 2979 Ducis
2367 2910 2636 2979 Hettani
2693 2908 2874 2989 filia;
2928 2907 3197 2977 stabili-

658 2998 887 3085 vitque
934 2997 1368 3067 donationem
1420 2995 1609 3066 illam
1650 2997 1809 3085 jure
1850 2998 2156 3087 gentium
2203 3019 2434 3067 coram
2482 2998 2751 3067 cunctis
2850 2996 3198 3067 rovinciae

660 3086 1098 3176 primatibus,
1149 3084 1485 3155 ordinatis
1514 3084 1769 3155 ibidem
1806 3085 1874 3154 in
1913 3087 2300 3156 servitutem
2344 3086 2611 3156 Domini
2653 3086 2791 3155 duo
2843 3085 3017 3154 ecim
3061 3084 3196 3155 sub

665 3175 1002 3244 Canonica
1038 3176 1173 3243 vita
1235 3173 1585 3243 fratribus.
1638 3179 1795 3264 Ipse
1840 3196 2112 3263 quoque
2161 3175 2277 3244 Dei
2325 3173 2653 3257 famulu8‚
2715 3173 2938 3261 quoad
2995 3173 3190 3255 vixit,

661 3261 891 3332 locum
916 3262 1233 3332 eumdem
1270 3283 1390 3352 per
1419 3263 1750 3352 seipsum,
1783 3275 2014 3363 utpote
2041 3285 2080 3332 a
2106 3263 2521 3333 secularium
2545 3263 2826 3334 'turbine
2859 3283 3194 3332 curarum

662 3350 747 3419 ad
797 3350 1198 3439 hujusmodi
1249 3365 1484 3439 portus
1525 3351 2091 3438 tranquillitatem
2141 3351 2571 3442 confugienS,
2617 3351 2930 3431 incoluit,
2968 3363 3036 3420 et
3071 3371 3196 3440 pro

661 3438 1065 3507 facultatum
1124 3461 1409 3508 suarum
1456 3441 1874 3527 quantitate,
1926 3441 2329 3512 necessariis
2393 3441 2727 3529 impensis
2777 3442 3198 3526 summaque

661 3526 1018 3614 diligentia
1063 3526 1364 3597 excolere
1421 3550 1555 3598 non
1603 3528 1936 3611 cessavit;
1989 3529 2272 3598 forsitan
2320 3528 2407 3598 ob
2461 3528 2591 3598 hoc
2642 3529 2970 3609 maxime,
3028 3528 3200 3614 quia

664 3615 923 3704 Spiritu
978 3620 1221 3685 Sancto
1270 3629 1880 3705 praemonstrante,
1937 3618 2244 3707 corporis
2293 3617 2401 3687 sui
2451 3616 2777 3705 reliquias
2829 3616 3198 3708 praescivit

659 3703 914 3774 ibidem
965 3705 1377 3792 quandoque
1424 3705 1819 3775 condendas
1866 3705 2048 3786 fore,
2115 3704 2332 3776 donec
2383 3705 2598 3776 altera
2645 3704 2861 3785 stola,
2929 3703 3199 3774 scilicet

656 3793 1211 3873 immortalitatis,
1267 3792 1589 3863 indutum
1640 3793 1924 3864 mortale
1971 3794 2096 3864 hoc
2123 3848 2138 3875 ,
2177 3794 2456 3864 incorru
2509 3795 2689 3865 tione
2735 3795 3031 3885 potiatur
3077 3815 3197 3864 ae—

661 3894 890 3951 ternae
939 3883 1134 3951 vitae.
1188 3880 1593 3952 Recondidit
1638 3882 1844 3951 etiam
1893 3883 1965 3951 in
2012 3882 2253 3952 eadem
2303 3817 2590 3953 basilica
2628 3883 2842 3974 digna
2887 3905 3047 3953 cum
3080 3905 3195 3953 ve·

660 3973 1008 4040 neratione
1039 3992 1290 4060 corpus
1329 3970 1699 4059 cujusdam
1750 3972 2084 4061 MartyriS,
2133 3972 2362 4062 Magni
2397 3971 2698 4042 nomine.

745 4061 781 4145 ξ
832 4063 1002 4131 ²⁰.
1055 4060 1349 4130 Lucebat
1396 4061 1571 4129 inter
1610 4059 1778 4130 haec
1824 4073 1890 4131 et
1936 4060 2283 4151 posthaec
2332 4061 2481 4130 sine
2528 4060 3038 4131 intermissione
3074 4058 3197 4130 lux

658 4157 885 4216 tantae
943 4147 1260 4219 lucernae
1293 4203 1309 4229 ,
1377 4148 1683 4219 ardentis
1744 4149 1878 4218 fide
1925 4162 1989 4219 et
2046 4148 2457 4230 dilectione,
2523 4148 2817 4221 lucentis
2883 4148 3087 4218 verbo
3129 4162 3196 4218 et

657 4234 956 4318 actione,
1013 4259 1136 4306 nec
1186 4249 1444 4327 poterat
1511 4236 1844 4307 abscondi
1918 4259 2131 4330 supra
2201 4237 2699 4308 candelabrum
2771 4235 3196 4327 pontificalis

656 4324 937 4394 honoris
969 4325 1186 4414 posita
1216 4326 1505 4416 lampaS,
1530 4326 1895 4397 salvatoris
1935 4329 2094 4418 igne
2120 4327 2492 4396 flammata.
2529 4326 2719 4396 Unde
2735 4324 3196 4416 quamplures

655 4411 965 4500 undique
1003 4414 1440 4485 confluebant
1485 4415 1571 4485 ad
1612 4415 1784 4486 tanti
1809 4415 2112 4487 Doctoris
2149 4414 2599 4498 audientiam,
2652 4414 2905 4487 diversi
2954 4435 3190 4496 sexus,
