3347 4999
240 335 417 402 OCT.
475 339 513 400 ὃ
1006 356 1084 400 m:
1118 355 1210 401 ss.
1250 353 1510 401 PLAcmo
1553 357 1625 401 nr
1676 354 1879 402 scens
1928 356 2042 401 mr.
2588 336 2712 399 -197

289 439 453 509 edes
485 438 843 529 suspendi,
891 461 968 508 ac
1012 440 1344 508 membris
1377 441 1706 509 omnibus
1740 441 1989 509 acriter
2024 438 2347 525 torqueri,
2391 437 2804 525 fumumque

234 463 603 598 liorridum
640 529 771 598 sub
811 528 911 597 eis
951 528 1446 602 administrari,
1488 529 1762 597 dicensi
1800 534 2047 617 Negate
2082 527 2426 596 Christum
2461 541 2795 608 vestrum,

234 629 302 687 et
342 617 550 686 dicite
603 617 670 685 in
736 638 894 685 eum
944 618 1276 697 convicia,
1311 631 1375 687 et
1413 618 1741 688 dabimus
1791 618 1984 686 vobis
2027 617 2207 683 bona
2254 615 2468 704 hujus
2522 615 2794 685 mundi.

237 712 397 776 Post
438 706 605 774 haer.
640 719 924 776 sanctus
963 719 1224 795 martyr
1262 707 1510 776 Christi
1544 706 1870 776 Placidus
1903 705 2146 774 erectis
2174 704 2244 772 in
2278 704 2543 772 coelum
2579 704 2803 774 oculis

238 795 587 864 clamabat
637 794 721 863 ad
778 795 1170 876 Dominum,
1225 795 1500 864 dicens:
1538 802 2009 866 Nar-raverunt
2047 795 2230 861 nobis
2271 793 2494 882 iniqui
2526 795 2806 880 sabula—

242 888 474 963 tt‘oneS,
500 885 617 952 sed
646 907 779 952 non
810 887 911 952 ita
943 895 1019 952 ut
1054 888 1173 952 lem
1206 896 1349 965 tua,
1392 885 1702 954 Domine.
1738 886 1978 955 Omnia
2003 883 2334 951 mandata
2367 892 2488 949 tua
2524 883 2800 962 veritas,

244 975 467 1063 iniqui
506 975 843 1063 persecuti
883 984 1037 1042 stt-nt
1080 994 1225 1054 nos,
1284 976 1543 1063 adjuva
1584 996 1732 1053 nos,
1769 975 2041 1042 Domine
2070 977 2245 1040 Deus
2269 980 2512 1039 noster.
2546 970 2802 1052 Quinta

243 1084 401 1131 vero
436 1062 549 1130 die
589 1061 1036 1132 saevissimus
1069 1061 1208 1132 dux
1239 1063 1453 1151 jussit
1491 1062 2009 1132 sanctissimum
2044 1060 2397 1129 Placidum
2433 1082 2594 1128 cum
2628 1058 2804 1127 duo-

241 1152 376 1220 bus
408 1150 736 1222 fratribus
781 1164 845 1220 et
894 1172 1050 1220 cum
1107 1173 1335 1221 sorore
1387 1152 1616 1221 Flavia
1658 1150 1934 1228 ‚tamdiu
1985 1150 2198 1239 virgis
2239 1147 2550 1228 mactari,
2585 1147 2803 1217 donec

244 1239 423 1308 inter
466 1261 714 1309 manus
762 1239 1152 1308 deficerent.
1209 1241 1400 1322 Quod
1444 1240 1611 1309 dum
1655 1240 1914 1310 factum
1965 1239 2233 1319 fuisset,
2281 1237 2529 1328 pagani
2576 1237 2807 1306 existi-

245 1341 515 1397 mantes
545 1350 661 1397 eos
712 1342 1041 1409 mortum,
1082 1343 1533 1399 recesserunt.
1575 1329 1704 1398 Sed
1758 1334 1934 1398 Deus
1982 1327 2447 1417 omnipotens,
2485 1326 2602 1394 cui
2632 1348 2804 1395 cura

244 1431 345 1486 est
374 1432 439 1486 et
472 1417 864 1487 sollicitudo
892 1439 1205 1497 suorum,
1244 1419 1431 1488 misit
1459 1418 1795 1508 Angelum
1848 1440 2056 1487 suum
2111 1428 2454 1496 sanctum,
2493 1415 2615 1502 qui
2646 1437 2804 1484 san?

245 1520 511 1576 ctorum
552 1519 932 1597 martyrum
969 1506 1268 1588 Placidi,
1310 1508 1652 1597 Eutychii,
1707 1505 2035 1576 Victorini
2085 1518 2150 1574 et
2198 1504 2489 1594 virginis
2539 1503 2808 1572 Flaviae

246 1595 593 1664 roboravit
626 1603 950 1685 corpora,
976 1608 1040 1664 et
1071 1596 1336 1666 curavit
1364 1595 1728 1687 plagarum
1767 1595 2076 1664 vulnera.
2108 1600 2302 1663 Mane
2328 1605 2555 1663 autem
2594 1591 2800 1673 sacto,

246 1685 501 1775 pagani
554 1684 917 1754 redeuntes
965 1683 1048 1752 ad
1102 1684 1446 1766 stadium,
1502 1700 1916 1771 sanctosque
1965 1697 2302 1773 martyres
2353 1682 2467 1751 Dei
2533 1681 2807 1752 illaesos

246 1775 619 1843 consistere
670 1774 1199 1863 perspicientes,
1257 1773 1579 1843 dicebant
1628 1773 1713 1843 ad
1763 1795 1915 1843 eos:
1978 1771 2512 1842 Animadvertite
2569 1783 2634 1839 et
2696 1771 2800 1838 vi-

248 1863 401 1931 dete
469 1875 727 1948 quanta
796 1862 1267 1931 misericordia
1334 1864 1443 1950 usi
1493 1876 1654 1933 sunt
1724 1862 1895 1932 deus
1943 1874 2008 1931 et
2057 1866 2182 1930 Pro
2237 1861 2393 1930 heta
2443 1872 2671 1928 noster
2735 1860 2804 1927 in

248 1951 468 2029 vobis,
524 1950 640 2036 qui
692 1972 852 2019 cum
903 1950 1305 2021 debuissent
1353 1952 1737 2021 interficere
1785 1973 1925 2031 νος,
1981 1962 2192 2020 contu
2222 1962 2424 2019 erunt
2472 1948 2664 2017 vobis
2701 1971 2809 2018 sa-

249 2039 560 2107 nitatem.
615 2039 1005 2125 Relinquite
1051 2060 1212 2140 ergo
1261 2041 1628 2110 vanitatem
1680 2053 1745 2109 et
1793 2052 2045 2108 sectam
2097 2038 2684 2129 superstitiosam,
2739 2048 2807 2107 et

252 2127 529 2196 adorate
576 2149 693 2196 eos
738 2130 858 2214 qui
910 2142 1396 2218 praestiterunt
1426 2131 1617 2198 vobis
1648 2129 2036 2208 sanitatem,
2071 2140 2135 2197 et
2168 2128 2562 2218 gubernant
2592 2126 2800 2194 vitam

249 2228 573 2284 vestram.
648 2220 938 2286 Sanctus
1006 2217 1325 2288 Placidus
1391 2240 1498 2288 res
1551 2218 1782 2287 ondit:
1839 2240 1874 2283 «
1929 2222 2061 2285 Vos
2133 2216 2363 2306 potius
2438 2214 2806 2302 relinquite

252 2303 604 2373 diabolum
657 2326 859 2391 quern
912 2306 1259 2386 adoratis,
1313 2318 1378 2376 et
1445 2331 1484 2377 a
1537 2320 1723 2391 orate
1773 2306 2141 2375 Dominum
2197 2317 2510 2375 nostrum
2558 2310 2801 2374 Jesum

226 2392 623 2473 -Christum,
677 2395 798 2478 qui
847 2394 1003 2463 fecit
1050 2395 1318 2466 coelum
1370 2409 1435 2466 et
1484 2409 1760 2476 terram,
1807 2418 1993 2464 mare
2024 2408 2088 2464 et
2119 2395 2356 2464 omnia
2390 2394 2669 2482 quaein
2705 2391 2807 2462 eis

256 2494 440 2564 sunt,
494 2493 557 2552 et
605 2482 971 2571 relinquite
1023 2485 1367 2574 perditum
1419 2486 1649 2575 ipsum
1702 2496 2001 2555 vestrum
2063 2483 2465 2575 prophetam
2500 2540 2515 2566 ‚
2569 2497 2634 2554 et
2700 2506 2807 2552 sa-

255 2584 485 2640 tanam
522 2626 536 2651 ,
575 2593 780 2658 quem
833 2574 893 2642 is
937 2595 1057 2662 pro
1093 2580 1220 2643 Deo
1265 2574 1499 2655 coluit,
1537 2596 1697 2643 cum
1742 2597 1878 2661 quo
1912 2574 2285 2644 damnatus
2326 2586 2427 2643 est
2461 2573 2529 2642 in
2573 2573 2806 2667 ⁴ignem

252 2673 633 2730 aeternum.
668 2685 703 2727 »
733 2663 1053 2731 Saraceni
1081 2676 1307 2732 autem
1346 2685 1504 2732 cum
1544 2663 1853 2733 viderent
1886 2663 2068 2751 quod
2101 2684 2322 2751 neque
2351 2662 2561 2733 minis
2585 2683 2808 2747 neque

252 2750 834 2838 promissionibus
883 2764 1157 2820 sanctos
1198 2752 1310 2820 Dei
1346 2751 1431 2821 ad
1470 2774 1667 2821 suam
1703 2752 2048 2821 culturam
2094 2752 2400 2822 valerent
2425 2752 2800 2830 inflectere,

251 2852 401 2906 acta
451 2851 516 2907 et
562 2839 747 2908 dicta
796 2841 959 2909 duci
1012 2841 1314 2910 seriatim
1368 2840 1620 2910 referre
1685 2852 2046 2911 curarunt.
2119 2846 2265 2910 Dux
2339 2861 2495 2910 vero
2563 2859 2809 2908 saevus

250 2927 653 3017 indignans,
703 2929 918 3015 jussit
965 2942 1282 3000 sanctum
1335 2930 1689 3000 Placidum
1743 2952 1904 2999 cum
1959 2950 2190 3000 sorore
2236 2942 2301 2998 et
2341 2929 2618 2999 duobus
2666 2926 2806 2995 fra-

251 3017 474 3085 tribus
521 3018 667 3086 suis
704 3039 825 3107 per
862 3017 1064 3107 pedes
1104 3019 1463 3107 suspendi,
1504 3034 1568 3089 et
1617 3018 1921 3088 fustibus
1961 3017 2179 3099 caedi,
2216 3031 2281 3087 et
2309 3018 2583 3087 fumum
2612 3037 2807 3085 acer-
2904 3041 2908 3046 ·

250 3105 505 3174 rimum
559 3106 1098 3189 subministrari,
1134 3108 1602 3179 clamantibus
1640 3108 1931 3197 paganis
1958 3108 2150 3194 juxta
2189 3105 2799 3177 consuetudinem:

249 3198 498 3282 Negate
546 3194 890 3266 Christum
924 3211 1251 3279 vestrum,
1292 3210 1557 3287 negate.
1594 3196 1784 3279 Quod
1822 3196 1988 3265 dum
2028 3194 2287 3266 factum
2340 3195 2623 3275 fuisset,
2661 3192 2805 3263 cla-

251 3283 484 3351 mabat
533 3282 773 3353 beatus
838 3284 1157 3353 Placidus
1205 3307 1347 3354 una
1392 3308 1554 3355 cum
1604 3285 1936 3354 fratribus
1984 3285 2132 3355 suis
2181 3285 2517 3376 Eutychio
2575 3295 2640 3353 et
2688 3283 2804 3352 vi-

251 3371 515 3439 ctorino
542 3393 620 3438 ac
654 3372 917 3472 virgine
945 3373 1196 3451 Flavia,
1240 3376 1437 3461 quasi
1480 3397 1555 3444 ex
1605 3396 1746 3442 uno
1776 3395 1892 3442 ore
1925 3373 2274 3443 dicentes:
2314 3398 2350 3441 «
2379 3372 2646 3444 Gratias
2679 3371 2807 3441 tibi

251 3460 551 3549 agimuS,
588 3464 872 3530 Domlne
914 3468 1078 3532 Jesu
1112 3464 1396 3543 Christe,
1436 3463 1555 3550 qui
1605 3461 1951 3531 confortas
1981 3484 2213 3532 servos
2249 3478 2400 3534 tuos
2432 3464 2502 3531 in
2550 3477 2609 3531 te
2641 3481 2801 3550 spe-

252 3560 502 3617 rantes.
536 3571 572 3615 »
612 3554 688 3618 At
735 3549 1157 3621 durissimus
1205 3551 1345 3621 dux
1409 3552 1643 3621 dolore
1689 3564 1755 3620 et
1803 3551 1908 3621 ira
1956 3564 2348 3642 permotus,
2402 3551 2805 3621 beatissimo

252 3638 537 3726 martyri
586 3636 884 3719 Placido,
927 3640 1047 3727 qui
1097 3661 1260 3730 prae
1311 3640 1641 3710 omnibus
1688 3651 1754 3709 et
1803 3662 1927 3731 pro
1975 3642 2307 3711 omnibus
2357 3640 2795 3727 loquebatur,

250 3748 412 3795 cum
464 3726 694 3815 lapide
740 3750 814 3797 os
852 3741 918 3798 et
965 3730 1253 3799 arterias
1284 3728 1626 3819 confringi
1658 3729 1895 3819 jussit,
1937 3729 2213 3799 dicens:
2252 3730 2485 3800 Sinon
2516 3727 2807 3818 negabis

252 3814 593 3884 Christum
651 3828 872 3898 tuum,
924 3832 989 3887 et
1030 3831 1104 3887 tu
1151 3830 1216 3886 et
1263 3817 1380 3886 alii
1433 3818 1615 3888 mala
1664 3831 1882 3888 morte
1935 3819 2272 3908 peribitis.
2321 3823 2616 3888 Sanctus
2646 3837 2803 3886 vero

252 3916 517 3994 martyr
542 3904 863 3975 Placidus
889 3905 1322 3996 glorificabat
1351 3908 1746 3988 Dominum,
1794 3908 2074 3977 dicens:
2113 3930 2148 3975 «
2179 3908 2447 3979 Gratias
2483 3906 2606 3976 tibi
2646 3926 2799 3996 ag0,

252 3994 535 4062 Domine
579 4000 747 4063 Jesu
796 3994 1081 4077 Christe,
1116 3996 1236 4083 qui
1286 4017 1394 4065 me
1442 4010 1846 4087 computare
1884 3997 2217 4086 dignatus
2264 4019 2337 4065 es
2387 3996 2456 4065 in
2510 4015 2802 4064 numero

254 4103 600 4151 servorum
655 4096 1025 4152 tuorum.»

338 4172 373 4255 ἓ
419 4176 581 4243 81).
635 4177 776 4243 Non
842 4170 1068 4241 ferens
1128 4185 1358 4242 autem
1408 4173 1873 4263 impiissimus
1912 4174 2050 4243 dux
2097 4173 2279 4260 quod
2332 4173 2432 4242 sic
2481 4170 2802 4242 beatissi-

256 4279 419 4358 mus·
448 4259 769 4331 Placidus
822 4283 1026 4352 saepe
1067 4261 1414 4332 Christum
1468 4263 1901 4344 nominaret,
1961 4263 2061 4331 ira
2110 4284 2362 4352 magna
2411 4282 2748 4331 accensus
2779 4315 2795 4340 ,

223 4360 453 4435 „jussit
499 4351 558 4417 ei
611 4350 922 4439 linguam
978 4349 1307 4421 radicitus
1349 4355 2071 4447 amputari.3Sanctus
2115 4372 2270 4419 vero
2304 4351 2625 4420 Placidus
2658 4348 2801 4418 cla-

254 4436 483 4506 mabat
529 4437 782 4539 lingua·
819 4440 1126 4531 praecisa
1160 4493 1176 4523 ‚
1230 4439 1508 4511 dicens:
1566 4463 1600 4506 «
1640 4440 2083 4510 Benedictum
2148 4462 2397 4510 nomen
2461 4453 2526 4509 et
2582 4439 2801 4506 virtus
