3347 4999
717 356 846 418 446
1355 372 1432 417 ηε
1479 371 1839 426 ociacsnn
1890 372 2161 416 uana.
2215 369 2428 416 Arate.
2851 352 3026 417 OCT.
3092 356 3171 418 16

627 457 844 525 multo
893 468 1194 545 tempore
1246 455 1433 525 nudo
1471 456 1694 544 jacuit
1742 456 1873 524 sub
1930 459 2109 523 ae're:
2175 475 2517 523 annorum
2568 468 2713 522 erat
2764 454 2923 542 plus
2977 470 3167 525 octo-

626 546 813 636 ginta
848 569 861 611 :
912 566 1116 631 quem
1154 567 1278 615 nos
1309 558 1470 613 ωηο
1520 543 1815 633 indigni,
1856 543 1925 612 in
1970 543 2088 612 tali
2127 543 2368 612 exsilio
2418 544 2801 612 meruimus
2833 543 3162 613 salutare.

713 636 748 721 ξ
794 638 871 704 2.
925 633 1233 715 Quodam
1285 647 1587 721 tempore
1632 632 1986 732 paschalis
2033 632 2433 701 solemnitas
2478 632 2833 721 agebatur,
2887 646 2953 701 et
2985 632 3161 703 dum

627 725 692 791 in
744 722 1042 809 quodam
1089 722 1260 800 loco,
1311 721 1433 809 qui
1485 727 1691 811 Regia
1743 722 2099 799 vocitatur,
2137 721 2227 789 ob
2274 720 2456 789 diem
2496 720 2842 809 paschalis
2876 722 3164 791 honoris

627 812 840 881 nostri
890 811 1166 880 sibimet
1205 810 1512 879 clausam
1546 809 1907 879 ecclesiam
1946 821 2326 877 reserarent
2352 823 2838 898 compererunt
2870 810 3163 879 Arriani.

626 901 862 970 Statim
899 900 1183 986 quidam
1221 899 1572 988 presbyter
1600 920 1837 967 eorum
1872 897 2116 967 Andiot
2148 898 2448 976 nomine,
2479 901 2895 998 congregata
2927 920 3169 970 secum

624 1001 1049 1058 armatorum
1124 1009 1360 1063 manu,
1413 987 1497 1055 ad
1548 986 2082 1087 expugnandam
2152 987 2424 1055 turbam
2490 987 2894 1056 accenditur
2962 988 3170 1056 inno-

624 1091 929 1147 centum.
983 1078 1384 1150 Introeunt.
1453 1076 1833 1165 evaginatis
1904 1075 2218 1165 spathis,
2288 1097 2481 1144 arma
2551 1076 2976 1165 corripiunt,
3046 1078 3169 1147 alii

623 1186 898 1253 quoque
971 1178 1141 1234 tecta
1202 1163 1718 1244 conscendunt,
1791 1177 1855 1233 et
1903 1186 2025 1252 per
2089 1163 2420 1233 fenestras
2487 1164 2816 1234 ecclesiae
2879 1166 3165 1255 sagittas

624 1265 988 1344 spargunt.
1043 1258 1120 1323 Et
1169 1265 1332 1322 tunc
1381 1253 1550 1322 forte
1595 1266 1661 1322 et
1707 1267 1993 1322 canente
2043 1274 2127 1341 po
2182 1252 2297 1323 ulo
2348 1253 2485 1331 Dei,
2523 1252 2736 1323 lector
2783 1276 2971 1323 unus
3001 1254 3162 1341 pul-

626 1344 767 1442 pito
817 1342 1092 1421 sistens,
1144 1341 1639 1431 allelujaticum
1703 1341 1916 1410 melos
1962 1362 2132 1409 cane
2183 1355 2273 1410 at.
2339 1346 2486 1424 Quo
2551 1354 2858 1432 tempore
2915 1344 3161 1432 sagitta

624 1454 692 1501 ιη
746 1444 1022 1521 gutture
1061 1430 1432 1518 jaculatus,
1485 1430 1770 1499 cadente
1807 1429 1891 1498 de
1943 1430 2267 1499 manibus
2316 1429 2585 1510 codice,
2644 1442 2957 1500 mortuus
3002 1443 3161 1521 post

622 1519 870 1590 cecidit
938 1520 1106 1609 ipse.
1183 1524 1346 1587 Nam
1408 1531 1474 1587 et
1537 1519 1657 1587 alii
1725 1518 2229 1608 quamplurimi
2300 1518 2567 1607 sagittis
2633 1532 2698 1588 et
2756 1518 3013 1609 jaculis
3088 1520 3158 1588 in

625 1608 853 1678 medio
898 1608 1275 1697 crepidinis
1322 1607 1559 1676 altaris
1610 1606 1989 1697 probantur
2034 1607 2267 1676 occisi.
2305 1612 2474 1676 Nam
2518 1608 2639 1693 qui
2686 1607 2940 1697 gladiis
2994 1621 3159 1677 ωηο

626 1697 1019 1787 interempti
1079 1717 1212 1765 non
1277 1710 1475 1777 sunt,
1546 1709 1781 1786 postea
1843 1697 2081 1785 poenis
2142 1696 2377 1776 attriti,
2432 1698 2619 1787 regio
2652 1695 2862 1783 jussu
2921 1718 3162 1766 omnes

624 1807 795 1877 pene
865 1786 1086 1855 necati
1163 1797 1372 1864 sunt,
1444 1785 1845 1874 praesertim
1906 1785 2301 1853 maturioris
2383 1786 2645 1854 aetatis.
2720 1784 2896 1854 Alibi
2964 1807 3159 1854 nam-

591 1897 756 1963 ‚que
815 1875 996 1943 sicut
1051 1872 1508 1943 Thunazudae
1567 1874 1890 1961 contigit,
1957 1871 2286 1955 Galibus,
2357 1874 2502 1942 vico
2557 1874 3003 1953 Ammoniae,
3058 1872 3157 1942 vel

622 1963 779 2032 aliis
843 1964 914 2031 in
965 1962 1179 2040 loci3‚
1237 1975 1581 2051 tempore,
1647 1983 1786 2047 quo
1858 1973 2286 2030 sacramenta
2352 1963 2464 2030 Dei
2532 1960 2786 2051 populo
2857 1962 3159 2051 porrige-

621 2052 897 2132 bantur,
956 2051 1377 2119 introeuntes
1417 2050 1711 2119 maximo
1743 2049 1994 2129 furore,
2038 2072 2291 2136 corpus
2339 2050 2581 2119 Christi
2631 2064 2697 2118 et
2743 2051 3152 2140 sanguinem

631 2138 1042 2231 pavimentis
1072 2150 1496 2228 sparserunt,
1533 2151 1599 2207 et
1637 2137 1806 2209 illud
1862 2138 2141 2227 pollutis
2176 2137 2468 2227 pedibus
2510 2138 2969 2208 calcaverunt.
3008 2144 3160 2228 Ipse

626 2230 810 2297 enim
849 2228 1234 2297 Geisericus
1283 2248 1520 2316 praece
1571 2239 1749 2307 erat,
1806 2227 1900 2296 ita
1955 2226 2529 2317 persuadentibus
2577 2228 2933 2317 Episcopis
2981 2229 3150 2308 suis,

623 2331 699 2385 ut
747 2317 925 2384 intra
974 2315 1204 2384 aulam
1257 2337 1451 2385 suam
1532 2315 1947 2402 iliorumque
1995 2337 2280 2385 suorum
2345 2337 2477 2384 non
2531 2315 2663 2383 nisi
2724 2316 2993 2385 Arriani
3044 2338 3159 2407 per

624 2404 892 2473 diversa
949 2404 1329 2473 ministeria
1383 2418 1820 2493 ponerentur.
1878 2409 2061 2472 Inter
2116 2403 2289 2473 alios
2354 2416 2626 2472 ventum
2691 2417 2793 2474 est
2840 2417 3006 2474 tunc
3073 2406 3157 2474 ad

625 2497 1094 2582 Armogastem
1148 2506 1484 2563 nostrum.
1519 2493 1723 2581 Cujus
1761 2515 1918 2562 cum
1954 2492 2073 2562 diu
2114 2517 2194 2561 ac
2225 2492 2500 2582 saepius
2530 2492 2729 2563 tibias
2779 2493 3158 2580 torquendo

623 2581 1052 2652 tumentibus
1098 2580 1609 2670 confringerent
1676 2581 1995 2663 chordiS,
2048 2596 2113 2652 et
2161 2581 2484 2662 frontem,
2539 2583 2609 2650 in
2658 2604 2794 2669 qua
2845 2584 3155 2653 Christus

625 2669 948 2741 vexillum
988 2692 1155 2739 suae
1195 2670 1432 2739 fixerat
1464 2670 1723 2750 CruciS,
1793 2685 2108 2761 rugatam
2159 2672 2516 2771 magisque
2562 2684 2822 2740 aratam
2873 2671 3156 2741 descen-

622 2759 861 2829 dentes
909 2771 1112 2846 atque
1182 2759 1568 2849 mugientes
1635 2759 2071 2829 ostenderent
2120 2781 2332 2841 nervi,
2382 2773 2459 2829 ut
2506 2759 2624 2829 fila
2692 2782 3102 2830 aranearum
3134 2815 3150 2840 ,

625 2861 863 2918 sancto
911 2847 1176 2918 coelum
1247 2847 1696 2938 respiciente,
1756 2850 2152 2939 crepabant.
2205 2853 2280 2916 At
2326 2847 2447 2917 ubi
2516 2860 2799 2919 tortores
2850 2849 3155 2918 nervicas

621 2937 915 3007 chordas
961 2936 1313 3026 disruptas
1359 2957 1507 3005 esse
1541 2936 1883 3017 viderunt,
1923 2937 2150 3006 allatis
2176 2935 2486 3007 crebrius
2520 2935 2918 3007 fortioribus
2950 2937 3149 3006 chor-

621 3026 730 3096 dis
763 3039 966 3113 atque
997 3025 1382 3105 canabinis,
1421 3024 1539 3094 illo
1566 3024 1740 3094 nihil
1775 3025 1989 3106 aliud,
2030 3025 2164 3094 nisi
2198 3024 2445 3094 Christi
2488 3047 2734 3094 nomen
2766 3027 3144 3104 invocante,

620 3114 738 3183 illa
788 3114 1021 3184 omnia
1059 3114 1538 3184 vanescebant.
1608 3113 1736 3183 Sed
1797 3127 1864 3183 et
1908 3115 2132 3204 capite
2191 3113 2514 3184 deorsum
2576 3113 2744 3183 dum
2795 3114 2880 3183 ad
2929 3136 3151 3185 unum

623 3202 949 3294 penderet
1003 3202 1271 3291 pedem,
1335 3203 1637 3272 dormire
1683 3203 1884 3290 quasi
1933 3225 2141 3293 super
2204 3203 2453 3272 lectum
2505 3201 2767 3292 plumis
2809 3215 3095 3272 stratum
3129 3257 3146 3283 ,

620 3290 947 3360 omnibus
978 3290 1356 3360 videbatur.
1411 3295 1625 3374 Quem
1665 3314 1827 3361 cum
1864 3291 2323 3361 Theodoricus
2371 3292 2576 3380 Regis
2610 3291 2820 3370 filius,
2856 3291 2975 3378 qui
2999 3291 3150 3380 ejus

619 3379 947 3448 dominus
983 3390 1148 3458 erat,
1206 3380 1444 3467 poenis
1491 3402 1626 3449 non
1680 3379 2111 3460 valentibu3‚
2164 3380 2389 3469 capite
2436 3381 2738 3449 truncari
2779 3380 3146 3467 jussisset,

619 3490 660 3536 a
694 3489 819 3536 suo
870 3466 1271 3557 prohibetur
1309 3468 1624 3555 jucundo
1673 3470 2092 3558 presbyterO,
2148 3468 2415 3537 dicente
2456 3469 2630 3537 sibi:
2684 3468 2941 3539 Poteris
2985 3490 3147 3537 eum

618 3555 908 3625 diversis
955 3554 1442 3627 afflictionibus
1490 3558 1896 3627 interficere.
1949 3561 2115 3627 Nam
2152 3558 2210 3626 si
2245 3556 2476 3647 gladio
2572 3557 2917 3637 eremeriS,
2972 3556 3152 3625 inci-

619 3645 810 3734 pient
858 3643 1148 3714 Romani
1200 3658 1566 3734 martyrem
1611 3645 2027 3746 praedicare.
2085 3652 2272 3713 Tunc
2320 3645 2497 3715 Theo
2549 3646 2778 3715 oricus
2827 3646 2893 3712 in
2945 3649 3151 3734 Byza-

617 3754 857 3803 cenam
903 3733 1325 3824 provinciam
1364 3734 1448 3803 ad
1498 3733 1856 3804 fodiendas
1887 3756 2044 3804 eum
2095 3733 2505 3804 condemnat
2567 3733 2865 3803 scrobes.
2914 3738 3153 3802 Postea

617 3822 817 3911 quasi
859 3823 943 3893 ad
995 3824 1227 3910 majus
1266 3822 1716 3914 opprobrium
1755 3823 1941 3893 haud
1977 3821 2209 3913 procul
2249 3822 2677 3912 Carthagine,
2708 3822 2829 3891 ubi
2876 3822 2962 3891 ab
3000 3843 3152 3890 om-

617 3912 825 3983 nibus
875 3912 1239 3992 videretur,
1298 3925 1635 4002 pastorem
1686 3933 1844 3980 eum
1899 3912 2244 4002 praecepit
2275 3933 2423 3982 esse
2473 3932 2860 3979 vaccarum.

703 4004 739 4088 ξ
786 4004 867 4072 S.
920 4006 1105 4070 Inter
1142 3999 1335 4082 haec:
1389 4001 1675 4070 Domino
1716 3999 2075 4082 revelante,
2120 4022 2280 4069 cum
2330 3998 2763 4068 dormitionis
2789 4020 2951 4068 suae
2990 4020 3155 4098 pro-

614 4088 876 4157 ximum
927 4102 1233 4159 cerneret
1302 4090 1511 4170 diem,
1566 4090 1852 4159 advocat
1909 4089 2277 4176 quemdam
2329 4087 2616 4157 Felicem
2692 4086 3151 4157 venerabilem

615 4174 1102 4258 Christianum,
1163 4190 1671 4268 procuratorem
1724 4177 1972 4248 domus
2019 4178 2143 4247 filii
2198 4178 2432 4267 Regis,
2504 4177 2626 4263 qui
2674 4181 3147 4264 Armogastem

613 4278 691 4334 ut
723 4266 1116 4352 Apostolum
1168 4267 1640 4347 venerabatur,
1695 4266 1997 4353 dicitque
2046 4267 2188 4335 illi:
2225 4290 2260 4333 «
2304 4272 2602 4354 Tempus
2652 4286 2840 4334 meae
2890 4265 3155 4335 resolu-

614 4354 820 4424 tionis
852 4353 1168 4424 advenit:
1208 4358 1490 4425 obsecro
1533 4370 1592 4425 te
1642 4378 1761 4446 per
1809 4355 2039 4436 fidem,
2087 4377 2295 4442 quam
2347 4356 2620 4443 utrique
2683 4368 3017 4434 tenemuS,
3072 4366 3154 4423 ut

614 4444 745 4515 sub
796 4443 920 4512 hac
960 4442 1253 4532 siliquae
1299 4443 1541 4514 arbore
1569 4466 1677 4514 me
1715 4444 2004 4535 sepelire
2043 4444 2375 4535 digneris,
2432 4443 2829 4514 redditurus
2859 4442 3153 4513 Domino
