3347 4999
756 327 882 389 54ss
1544 344 1619 389 nr:
1668 345 1722 389 s.
1779 343 2068 390 nssnwme
2121 344 2305 389 vrum
2882 324 3054 389 OCT.
3117 326 3194 391 ¹7

670 430 790 499 tibi
841 430 1156 519 signum:
1210 427 1562 519 Concipies
1610 442 1673 498 et
1781 430 1956 499 aries
2021 428 2279 509 filiam,
2333 449 2508 515 quae
2576 427 2945 506 morietur.
2994 441 3056 497 et
3122 441 3196 498 tu

669 532 819 609 post
887 541 1033 588 eam
1110 517 1418 588 decedes.
1474 544 1500 583 >³
1566 523 1703 587 Non
1764 542 1875 588 um
1944 518 2220 607 gravida
2301 531 2441 587 tum
2519 530 2660 586 erat
2724 517 3012 586 mulier:
3072 519 3192 586 sed

669 622 894 699 postea
934 608 1288 687 natatilia,
1328 606 1649 677 defuncta
1689 620 1812 688 est,
1849 620 1915 677 et
1957 609 2101 699 ipsa
2141 606 2548 697 gravissimo
2581 619 2889 696 correpta
2926 606 3187 686 morbO,

667 699 892 767 triduo
940 698 1079 768 visa
1150 710 1250 766 est
1297 697 1599 766 animam
1642 698 2027 788 expirasse:
2088 719 2218 766 non
2274 709 2496 765 tamen
2564 695 2882 765 mandata
2931 710 3031 765 est
3089 719 3195 765 se·

664 786 1002 878 pulturae‚
1048 786 1225 873 quod
1274 787 1716 887 perexiguum
1770 786 2096 875 quiddam
2136 785 2358 854 vitalis
2393 783 2680 873 spiritus
2719 785 2783 853 in
2837 808 2914 853 ea
2949 808 3194 874 super-

660 899 809 946 esse
861 876 1222 956 videretur,
1269 889 1529 945 tametsi
1570 898 1691 945 nec
1728 875 1952 967 ignem
1991 875 2259 965 corpori
2293 874 2643 943 admotum
2679 876 2980 944 sentiret.
3018 876 3194 944 ned-

662 966 802 1035 dita
830 965 1101 1036 tandem
1132 965 1335 1034 saluti
1364 978 1487 1045 est,
1524 978 1601 1034 ut
1631 964 1736 1055 pie
1771 965 2093 1046 creditur,
2134 986 2251 1055 per
2279 963 2510 1032 beatae
2537 963 2878 1053 Hedwigis
2915 965 3187 1033 merita:

661 1068 838 1125 utet
886 1055 1170 1145 spiritus
1200 1054 1351 1142 ejus
1392 1054 1831 1145 propheticus
1871 1053 2354 1133 declararetur,
2401 1064 2466 1121 et
2520 1054 2736 1122 virtus
2801 1053 3034 1122 divina
3089 1055 3195 1120 in-

665 1156 1083 1226 notesceret,
1152 1166 1327 1231 quae
1382 1144 1469 1214 ob
1523 1144 1675 1232 ejus
1737 1144 1977 1213 merita
2026 1143 2200 1213 vitae
2250 1141 2654 1212 restituisset
2702 1142 3033 1212 feminam
3091 1143 3189 1212 illi

664 1233 856 1303 valde
897 1233 1238 1305 addictam
1281 1245 1484 1318 atque
1518 1231 1948 1303 familiarem.

750 1326 785 1409 ἓ
833 1328 971 1396 an.
1015 1324 1548 1393 Procuratricem
1588 1323 1779 1391 beata
1815 1322 2153 1412 Hedwigis
2188 1322 2452 1398 babuit.
2499 1320 2842 1410 imprimis
2874 1321 3004 1392 sibi
3037 1344 3196 1409 gra-

666 1424 800 1481 tam
850 1425 915 1481 et
964 1412 1284 1481 familiari
1334 1412 1830 1481 consuetudine
1895 1411 2357 1498 conjunctam.
2433 1409 2807 1480 Demundis
2866 1432 2945 1480 ea
3005 1411 3194 1479 dice-

663 1502 885 1571 batur.
925 1501 1150 1588 Hujus
1182 1501 1485 1572 absentis
1527 1512 1810 1570 mortem
1862 1505 1925 1570 S.
1971 1500 2310 1601 Hedwigis
2354 1522 2485 1569 non
2523 1499 2672 1569 sine
2713 1500 2930 1569 multa
2963 1501 3194 1569 animi

659 1591 1254 1660 commiseratione
1305 1590 1729 1680 praedicenS,
1775 1589 2168 1671 Demundis,
2226 1590 2470 1677 inquit,
2523 1610 2602 1657 ex
2650 1611 2729 1657 ea
2771 1590 2903 1658 vita
2964 1603 3196 1658 morte.

660 1680 893 1749 odiosa
944 1680 1266 1750 discedet.
1324 1679 1600 1749 Interim
1638 1679 1985 1769 Hedwigis
2033 1693 2266 1750 sancte
2315 1682 2563 1767 migrat
2612 1700 2648 1746 a
2696 1700 3004 1769 corpore,
3069 1683 3194 1747 De-

661 1770 940 1839 mundis
998 1769 1258 1857 aliquot
1305 1770 1508 1838 annis
1557 1769 2022 1857 supervivenS,
2075 1770 2345 1839 tandem
2412 1768 2767 1837 subitanea
2811 1780 3027 1838 morte
3071 1790 3187 1836 ex-

660 1859 753 1926 tin
786 1859 1018 1928 ruitur.
1066 1858 1381 1927 Triennio
1416 1870 1593 1936 ante,
1632 1880 1838 1944 quam
1883 1880 2124 1927 caesus
2172 1871 2273 1929 est
2317 1863 2453 1926 Dux
2502 1858 2861 1937 HenricuS,
2911 1870 3192 1928 sanctae

659 1952 753 2016 He
807 1948 1000 2037 wigis
1035 1948 1245 2029 filius,
1289 1948 1437 2037 ipsa
1489 1946 1834 2016 Adellieidi
1888 1945 2394 2018 sanctimoniali
2436 1946 2643 2015 dixit:
2682 1969 2716 2011 «
2755 1946 2860 2016 Sis
2896 1968 3186 2026 memor,

663 2035 783 2104 filii
830 2037 1004 2115 mei;
1059 2058 1194 2105 non
1257 2037 1439 2105 enim
1499 2036 1667 2106 lecto
1723 2038 2142 2106 decumbens
2201 2036 2545 2106 morietur.
2590 2059 2625 2101 »
2660 2036 2916 2105 Territa
2956 2035 3074 2104 illa
3107 2059 3189 2104 ac

663 2139 989 2215 stupens:
1028 2149 1062 2191 «
1099 2125 1306 2207 Absit,
1347 2125 1648 2206 domina,
1692 2126 1936 2213 inquit.
1995 2126 2248 2196 Unicus
2281 2125 2400 2194 tibi
2442 2136 2577 2195 est:
2620 2124 2872 2193 idcirco
2908 2126 3184 2203 metuis,

664 2236 748 2283 ne
798 2214 897 2284 sic
928 2214 1025 2283 illi
1063 2214 1371 2284 accidat:
1428 2214 1539 2283 sed
1589 2214 1788 2303 rejice
1825 2216 1998 2284 lianc
2034 2214 2496 2284 formidinem.
2532 2236 2567 2279 »
2603 2215 2976 2303 Respondit
3012 2216 3190 2283 Hed-

662 2303 901 2393 wigis:
957 2308 1165 2373 «Non
1224 2305 1458 2383 time0,
1505 2304 1619 2374 sed
1661 2304 2039 2373 certissime
2087 2305 2226 2375 scio
2270 2303 2460 2372 illum
2517 2301 2941 2373 interfectum
2996 2304 3105 2372 iri.
3152 2328 3183 2367 ιι

662 2397 816 2461 Post
864 2415 1081 2461 annos
1131 2406 1286 2473 treS,
1320 2394 1576 2462 Tartari
1610 2393 1675 2460 in
1723 2393 2029 2463 Silesiam
2063 2393 2542 2483 irrumpentes,
2586 2392 2651 2461 in
2692 2404 2954 2461 tantum
2989 2415 3190 2482 gras—

657 2482 784 2550 sati
837 2495 1046 2564 sunt,
1112 2495 1185 2552 ut
1256 2483 1403 2574 ipsa
1470 2483 1663 2553 beata
1709 2482 2055 2573 Hedwigis
2103 2507 2260 2553 cum
2313 2481 2454 2553 fitia
2501 2494 2566 2552 et
2615 2505 2798 2552 nuru
2846 2486 3040 2552 Anna
3114 2483 3184 2551 in

663 2576 986 2642 Crosnam
1037 2586 1336 2642 castrum
1390 2594 1460 2641 se
1510 2572 1953 2643 transtulerit.
2009 2572 2133 2642 Ubi
2185 2595 2342 2643 cum
2395 2585 2591 2652 esset,
2645 2571 2943 2659 quadam
2989 2584 3191 2641 nocte

656 2661 749 2731 ait
788 2660 871 2729 ad
925 2661 1333 2731 Demundim
1372 2685 1385 2726 :
1424 2685 1457 2727 «
1494 2663 1769 2732 Noveris
1819 2683 1928 2731 me
1975 2662 2280 2731 orbatam
2346 2661 2487 2730 filio
2538 2683 2708 2730 meo.
2757 2661 3017 2731 Unicus
3069 2661 3187 2731 ille

661 2771 892 2831 meus,
938 2751 1156 2821 instar
1202 2750 1531 2833 aviculae,
1588 2763 1863 2841 repente
1912 2750 2201 2820 avolavit
2249 2775 2282 2818 a
2332 2773 2459 2820 me.
2526 2773 2561 2816 »
2604 2751 2927 2839 Princeps
2989 2753 3187 2819 enim

657 2838 770 2908 ille
816 2840 1179 2922 Henricus,
1234 2840 1353 2927 qui
1413 2841 1587 2930 patri
1648 2852 2092 2921 successerat,
2150 2840 2429 2910 collecto
2478 2838 2772 2907 exercitu
2812 2893 2826 2919 ,
2880 2841 3189 2909 occurrit

652 2929 983 3010 TartariS,
1042 2953 1083 2998 a
1128 2929 1382 3017 quibus
1428 2929 1697 3000 occisus
1745 2942 1844 2998 est
1911 2951 2092 2999 anno
2143 2929 2384 2998 Christi
2437 2927 2803 2996 millesimo
2852 2926 3188 2998 ducente·

651 3017 827 3087 simo
873 3018 1402 3108 quadragesimo
1454 3019 1710 3109 primo:
1757 3018 1874 3087 sed
1911 3017 2139 3088 caedis
2178 3017 2329 3106 ejus
2376 3017 2669 3087 nuncius
2721 3016 3029 3085 nondum
3072 3019 3178 3085 al-

654 3106 833 3175 latus
879 3118 1043 3177 erat.
1084 3107 1455 3178 Demundis
1494 3118 1719 3177 autem
1769 3108 2108 3178 consolari
2140 3131 2288 3176 eam
2325 3106 2578 3184 volens,
2617 3118 2962 3192 tamquam
2997 3128 3183 3193 quae

652 3196 957 3264 humana
991 3197 1313 3284 opinione
1349 3196 1412 3264 id
1456 3196 1770 3266 dixisset:
1811 3220 1846 3264 «
1884 3196 2191 3276 Domina,
2241 3195 2482 3282 inquit,
2535 3194 2812 3263 missam
2859 3193 2965 3262 fac
3004 3197 3187 3263 lianc

655 3286 1207 3373 persuasionem:
1265 3286 1554 3355 necdum
1625 3287 1998 3373 quicquam
2058 3285 2268 3375 hujus
2332 3295 2756 3373 compertum
2822 3296 2945 3352 est.
3013 3308 3049 3348 »
3111 3290 3190 3352 At

652 3373 808 3441 illa:
849 3397 884 3439 «
917 3374 1026 3442 Sic
1082 3386 1203 3452 est,
1264 3376 1378 3455 ait,
1444 3387 1520 3443 ut
1560 3375 1733 3444 dixi:
1790 3389 1863 3444 tu
1913 3387 2135 3444 tamen
2189 3372 2363 3454 vide,
2432 3395 2515 3441 ne
2573 3372 2753 3441 filiae
2801 3386 2920 3442 aut
2969 3374 3185 3442 nurui

652 3483 841 3530 meae
895 3462 1120 3532 isthuc
1172 3461 1570 3535 innotescat}
1610 3487 1645 3529 »
1691 3470 1847 3534 Post
1898 3463 2198 3535 triduum
2249 3461 2397 3551 ejus
2458 3460 2861 3532 sententiam
2927 3462 3193 3530 confir-

651 3551 858 3620 mavit
905 3563 1132 3621 certus
1185 3553 1481 3622 nuncius
1530 3552 1712 3622 caesi
1762 3552 2117 3643 Principis.
2183 3553 2466 3622 Domino
2533 3550 2866 3621 Lutlioldo
2937 3550 3187 3640 Capel-

650 3639 806 3709 lano
871 3652 935 3711 et
1009 3641 1430 3731 procuratori
1481 3663 1604 3713 suo
1652 3642 2066 3731 quandoque
2113 3641 2418 3711 dicebat:
2476 3663 2509 3706 «
2549 3640 2814 3709 Miseret
2863 3661 2970 3708 me
3026 3639 3125 3708 tui
3165 3695 3183 3720 ,

648 3729 927 3799 domine
978 3730 1345 3800 Lutholde:
1402 3753 1611 3822 nepos
1660 3732 1844 3801 enim
1897 3753 2090 3802 meus
2139 3735 2283 3801 Dux
2339 3728 2687 3799 Boleslaus
2738 3728 2953 3798 multa
2997 3730 3190 3797 mala

649 3820 767 3888 tibi
820 3820 1052 3890 faciet:
1093 3832 1151 3888 te
1190 3832 1473 3908 tuosque
1506 3843 1746 3890 omnes
1788 3821 1993 3891 rebus
2027 3821 2352 3890 omnibus
2384 3819 2724 3909 spoliabit.
2757 3842 2792 3886 »
2836 3817 2960 3887 Sed
2989 3819 3190 3904 quod

646 3909 713 3977 in
754 3932 1001 3999 magna
1044 3909 1330 3980 Boleslai
1384 3911 1602 4000 gratia
1654 3924 1813 3981 tunc
1847 3921 2022 3981 esset
2059 3908 2456 3990 Lutholdus,
2500 3930 2708 4009 prope
2751 3907 3040 3976 indicrne
3089 3906 3195 3977 fe-

649 4020 803 4067 rens
866 3999 1099 4069 beatae
1158 3999 1504 4089 Hedwigis
1565 3998 1822 4069 dictum
1888 3999 1976 4069 ita
2039 3998 2428 4088 respondit:
2474 4021 2508 4064 «
2551 4002 2813 4066 Utinam
2872 3997 2914 4066 ti
2972 3996 3020 4077 i,
3062 3996 3198 4067 do-

648 4088 857 4165 mina,
900 4089 1114 4158 liceat'
1140 4110 1412 4179 semper
1463 4110 1626 4177 pace
1666 4087 1839 4156 frui:
1889 4087 2058 4157 mihi
2089 4101 2154 4157 et
2187 4088 2357 4157 meis
2393 4085 2562 4155 nihil
2599 4085 3050 4179 metuendum
3085 4101 3196 4156 est

644 4197 679 4242 a
732 4176 1058 4247 BoleslaO.
1103 4184 1338 4246 »Tum
1396 4177 1510 4246 illa
1558 4200 1715 4247 eum
1771 4179 2082 4246 intuens:
2130 4200 2164 4242 «
2202 4182 2336 4265 Ego
2370 4175 2673 4263 quidem,
2713 4174 2960 4261 inquit,
3015 4197 3200 4265 pace

645 4265 869 4332 fruar:
912 4267 1026 4334 sed
1071 4279 1143 4335 tu
1184 4267 1433 4335 senties
1468 4289 1576 4335 me
1620 4266 1739 4334 tibi
1785 4288 1935 4335 vera
1976 4265 2414 4356 praedixisse.
2451 4289 2483 4331 »
2527 4269 2693 4333 Cum
2728 4265 2810 4333 ad
2848 4265 3198 4334 eumdem

642 4353 1024 4424 Boleslaum
1068 4361 1314 4426 Ducem
1350 4355 1808 4424 adduceretur
1837 4355 1977 4424 filia
2026 4356 2301 4426 Comitis
2341 4353 2729 4435 Anhaltani,
2766 4353 2918 4442 ejus
2949 4352 3202 4425 futura

642 4464 836 4524 uxor,
880 4456 1157 4534 excepta
1213 4458 1314 4513 est
1363 4467 1401 4513 a
1453 4445 1643 4514 beata
1686 4442 2039 4533 Hedwige:
2079 4466 2254 4531 quae
2287 4442 2493 4514 simul
2540 4454 2744 4530 atque
2779 4442 3039 4514 intuita
3087 4457 3207 4514 est
