3347 4999
778 358 902 420 ,108
1412 373 1490 419 DE
1538 373 1593 418 s.
1650 371 1956 418 pernoxto
2006 369 2202 416 episc.
2260 370 2487 415 noxox.
2989 348 3193 414 OCT.
3240 353 3266 412 :3

684 456 966 538 solebat,
1002 457 1131 527 nisi
1182 457 1407 546 primo
1455 456 1814 527 ecclesiam
1867 456 2245 546 ingressus,
2279 454 2740 524 sanctioribus
2781 452 3155 543 precibus
3189 455 3264 520 rei

682 545 989 647 agendae
1033 544 1367 616 auxilium
1417 567 1454 615 a
1502 549 1631 614 Deo
1682 543 2101 634 imploraret,
2157 542 2240 612 ad
2282 563 2441 612 eum
2495 563 2716 613 unum
2770 540 3118 611 referens
3175 565 3266 610 co-

682 634 1068 724 gitationes,
1122 634 1449 715 actiones,
1489 647 1555 703 et
1603 632 1832 703 studia
1865 655 2016 702 sua.

772 726 807 810 ξ
850 728 937 794 8.
992 723 1406 793 Confirmata
1456 722 1603 811 jam
1656 733 1915 802 aetate,
1970 720 2212 791 ardore
2259 720 2558 808 quodam
2601 719 3062 790 christianae
3123 720 3269 788 reh-

733 812 908 882 ionis
956 812 1426 881 vehementius
1474 812 1950 880 inflammatus
1981 865 1996 888 ,
2053 810 2549 880 monachorum
2599 808 2978 899 imprimis
3035 831 3266 879 amore

682 835 1029 992 gagravit,
1083 921 1378 988 quorum
1428 921 1507 969 eo
1555 912 1863 989 tempore
1910 898 2278 989 disciplina
2334 910 2480 968 erat
2527 899 2596 967 in
2647 899 2959 998 Aegypti
3018 898 3263 968 solitu·

681 990 968 1061 dinibus
1013 1011 1219 1077 quam
1266 988 1777 1057 florentissima.
1823 992 2069 1070 Quare,
2123 988 2247 1057 etsi
2298 1008 2782 1075 quaecumque
2833 986 2956 1056 111i
3019 987 3149 1076 pie
3185 1010 3265 1055 re·

684 1078 1062 1168 ligioseque
1102 1090 1404 1167 agerent,
1459 1077 1545 1145 ab
1594 1076 1751 1145 aliis
1800 1077 1947 1165 ipse
1995 1080 2359 1166 cognorat:
2414 1089 2643 1146 tamen
2694 1097 2858 1145 cum
2924 1075 3026 1143 ad
3079 1077 3290 1144 insti-¹

684 1169 810 1237 tuti
872 1168 977 1236 sui
1030 1167 1361 1236 rationem
1417 1186 1551 1234 non
1603 1167 1769 1234 satis
1816 1187 1965 1234 esse
2002 1179 2270 1254 putaret
2315 1188 2394 1235 ea
2450 1161 2740 1235 auribus
2805 1166 3256 1253 percepisse.

681 1256 905 1325 oculis
956 1254 1438 1344 perlustranda
1506 1254 1918 1322 existimavit
1980 1266 2124 1323 tum
2179 1254 2325 1323 loca
2359 1309 2376 1332 ,
2434 1267 2580 1323 tum
2633 1265 2914 1321 caetera
2981 1257 3226 1320 omnia

681 1366 856 1431 quae
906 1344 1210 1413 studiose
1258 1343 1593 1412 audierat.
1648 1348 1884 1428 Itaque
1941 1342 2008 1412 in
2061 1348 2440 1433 Aegyptum
2497 1343 2700 1418 venit,
2762 1342 2895 1411 ubi
2965 1343 3048 1409 in
3126 1346 3260 1410 inn-

685 1454 865 1502 mam
903 1435 1212 1501 eremum
1267 1444 1655 1520 penetrans,
1713 1430 2148 1521 singulorum
2202 1431 2546 1519 colloquio
2599 1432 2699 1501 uti
2749 1452 2893 1498 non
2962 1430 3248 1500 destitit,

681 1521 906 1608 quoad
963 1520 1163 1610 plane
1211 1542 1290 1589 co
1347 1520 1529 1589 novit
1578 1534 1816 1589 sancta
1863 1541 2101 1590 eorum
2143 1521 2315 1588 vitae
2357 1521 2689 1590 instituta.
2739 1518 2921 1619 Inde
2961 1520 3248 1589 domum

686 1631 1023 1688 reversuS,
1064 1609 1252 1678 illam
1344 1608 1733 1697 isciplinam
1775 1623 1909 1677 tam
1947 1609 2381 1678 vehementer
2413 1610 2690 1687 amavit,
2730 1620 2807 1677 ut
2845 1608 3247 1679 litterarum

683 1699 1129 1768 monimentis
1179 1698 1537 1766 tradiderit
1600 1698 2099 1767 monachorum
2170 1699 2383 1767 vitas:
2435 1719 2606 1784 quas
2673 1697 3030 1788 religiose
3112 1721 3250 1767 con·

684 1788 998 1876 scriptas,
1055 1785 1387 1873 valdeque
1438 1786 1757 1874 probatas
1805 1787 2014 1855 iidem
2084 1788 2403 1856 monachi
2464 1786 2759 1875 amplexi
2815 1800 3007 1856 sunt
3064 1791 3246 1874 quasi

680 1891 899 1945 certas
946 1875 1282 1963 quasdam
1332 1875 1632 1965 regulas,
1666 1877 1734 1943 in
1768 1875 2027 1962 quibus
2059 1876 2355 1945 maxime
2384 1875 2684 1945 eluceret
2714 1875 2965 1944 omnis
2996 1879 3248 1966 optima

686 1965 1045 2034 monastici
1098 1964 1391 2032 instituti
1444 1964 1551 2033 sui
1603 1965 1776 2033 ratio
1817 1965 1872 2032 ¹⁶.

773 2063 809 2135 ἓ
858 2058 949 2124 3.
1003 2052 1200 2122 Omni
1256 2053 1467 2141 igitur
1513 2074 1679 2121 cura
1720 2066 1784 2121 et
1817 2055 2228 2143 cogitatione
2283 2052 2385 2121 vir
2434 2052 2801 2142 religiosus
2843 2052 3156 2123 defixus
3194 2057 3242 2119 in

682 2141 1143 2211 sanctissimis
1190 2141 1605 2210 christianae
1671 2142 1831 2210 fidei
1883 2143 2238 2220 institutis,
2291 2163 2427 2227 quo
2478 2140 2700 2229 magis
2753 2142 2819 2210 in
2876 2141 3054 2210 dies
3098 2164 3246 2211 con·

682 2230 1121 2319 templatione
1168 2230 1680 2308 accenderetur,
1733 2232 2012 2321 Aegypti
2067 2229 2440 2300 solitudine
2473 2230 2619 2318 jam
2674 2245 3095 2331 peragrata,
3152 2231 3244 2298 Je

683 2318 1095 2405 rosolymam
1140 2320 1563 2410 peregrinari
1597 2321 1858 2397 statuit,
1901 2320 2022 2389 ubi
2057 2333 2369 2410 peractae
2419 2319 2922 2408 redemptionis
2974 2332 3242 2390 nostra÷

680 2409 1018 2496 impressa
1067 2408 1347 2496 vestigia
1398 2407 1708 2478 Christus
1759 2409 2057 2495 reliquit,
2113 2430 2312 2477 verus
2353 2412 2531 2477 Deus
2594 2420 2659 2476 et
2710 2408 2944 2478 homo.
3015 2414 3242 2496 Itaque

679 2518 837 2565 cum
889 2496 972 2564 ad
1016 2504 1175 2565 eam
1217 2496 1459 2567 urbem
1512 2498 1944 2578 veniwotus
1982 2497 2443 2567 meditationis
2479 2496 2707 2567 studio
2739 2496 3219 2567 exardescens

678 2585 947 2655 Domini
987 2586 1381 2686 sepulcrum
1425 2585 1795 2672 imprimis,
1844 2586 2204 2673 etreliqua
2248 2584 2435 2655 illius
2471 2607 2664 2655 sacra
2721 2607 2961 2655 rerum
3029 2602 3238 2688 gesta·

684 2695 837 2742 rum
891 2686 1338 2755 monimenta,
1375 2696 1454 2743 ac
1488 2674 1766 2764 singula
1799 2675 1966 2754 loca,
2019 2695 2195 2761 quae
2234 2675 2484 2744 absens
2533 2675 2774 2743 intima
2826 2674 3074 2745 animi
3115 2677 3236 2765 pie·

679 2776 811 2832 tate
843 2764 1170 2844 coluerat,
1226 2784 1556 2853 praesens
1589 2777 1952 2833 veneratus
2000 2776 2102 2833 est
2141 2777 2373 2832 sancte
2419 2777 2484 2832 et
2532 2761 2876 2850 religiose.
2917 2768 3232 2851 Cumqu÷

678 2853 909 2921 omnia
964 2851 1236 2921 tandem
1311 2851 1790 2942 perlustrasset
1841 2852 2227 2923 incredibili
2281 2852 2578 2939 quodam
2635 2854 2889 2921 mentis
2954 2854 3228 2924 ardore.

675 2962 813 3027 quo
852 2953 1077 3010 tamen
1133 2941 1354 3031 magis
1402 2940 1484 3009 ad
1546 2941 2194 3029 contemplationem
2258 2942 2390 3010 fixa
2443 2942 2509 3009 in
2565 2941 2799 3009 animo
2841 2940 2965 3009 illa
3011 2943 3234 3011 haere·

678 3041 850 3105 rent,
897 3029 1236 3120 singulari
1270 3031 1472 3098 etiam
1511 3030 1896 3119 diligentia,
1936 3052 2171 3098 eorum
2203 3031 2412 3099 situm
2450 3050 2530 3097 ac
2567 3030 2900 3098 rationem
2943 3034 3228 3099 notavit.

680 3118 1136 3199 Quamobrem
1181 3119 1424 3189 merito
1463 3119 1743 3205 quidem
1789 3118 2145 3187 Theodosii
2200 3119 2525 3200 minoriS,
2613 3119 2685 3188 ui
2736 3131 2881 3188 tum
2929 3119 3232 3209 impera·

676 3205 815 3284 bat,
849 3206 1352 3295 religiosissimi
1387 3207 1749 3298 principis,
1781 3209 2069 3298 gratiam
2104 3221 2168 3276 et
2193 3228 2496 3276 amorem
2523 3207 2577 3275 si
2634 3208 2767 3275 iita
2802 3209 3228 3279 conciliavit,

679 3306 757 3362 ut
804 3294 863 3363 is
912 3296 1293 3363 sanctitatis
1340 3295 1664 3383 opinione
1716 3317 1850 3364 non
1903 3298 2138 3365 minus
2171 3296 2598 3379 auctoritatis
2639 3295 2820 3385 apud
2868 3296 3087 3366 illum
3130 3300 3235 3367 ob-

681 3382 949 3461 tineret,
1004 3404 1211 3469 quarn
1247 3396 1437 3472 pater
1483 3385 1897 3454 obtinuisset
1945 3406 2174 3453 rerum
2218 3385 2678 3474 gerendarum
2733 3384 3125 3454 industria.

764 3473 800 3557 ξ
849 3476 931 3543 4.
987 3476 1149 3540 Nam
1204 3473 1450 3561 pietate
1499 3473 1582 3540 ad
1641 3473 1753 3541 Dei
1804 3472 2208 3563 religionem
2277 3474 2713 3543 attentissimi
2766 3473 2895 3540 viri
2948 3489 3022 3543 et
3078 3499 3231 3565 pru·

674 3559 905 3628 dentia
953 3559 1251 3649 cognita,
1293 3560 1718 3630 Theodosius
1765 3562 1917 3651 ejus
1965 3583 2175 3652 opera
2219 3564 2316 3631 uti
2371 3562 2584 3631 voluit
2630 3563 2698 3629 in
2755 3562 2850 3629 rei
2903 3568 3228 3653 gravissi·

675 3669 828 3717 mae
877 3648 1302 3717 tractatione.
1350 3650 1740 3719 conabatur
1780 3652 1962 3719 enim
2015 3672 2095 3719 eo
2135 3664 2439 3739 tempore
2488 3651 2838 3721 Nestorius
2887 3656 3230 3723 Constan-

675 3735 1173 3827 tinopolitanus
1189 3738 1581 3827 episcopuS,
1604 3736 2002 3808 divinarum
2026 3739 2405 3809 litterarum
2433 3739 2660 3809 studio
2682 3740 3228 3830 intemperanter

672 3826 958 3905 abusuS,
999 3825 1507 3895 sanctissimam
1551 3827 1927 3897 catholicae
1967 3827 2125 3897 fidei
2162 3827 2543 3897 doctrinam
2597 3827 2851 3896 violare
2902 3851 3229 3919 perverso
3291 3822 3292 3877 Ν

671 3915 1009 4004 dogmate.
1070 3915 1140 3984 Ei
1195 3915 1287 3983 rei
1342 3915 1500 4004 pius
1551 3915 1874 4006 princeps
1923 3916 2345 3987 Theodosius
2387 3928 2654 3986 mature
2711 3921 3224 3990 occurrendum

674 4003 1069 4084 arbitratus,
1106 4004 1466 4073 universae
1516 4004 1855 4073 Ecclesiae
1907 4018 2245 4094 pastorem
2298 4017 2363 4074 et
2412 4006 2946 4096 gubernatorem
2980 4063 2995 4088 ‚
3057 4015 3224 4080 Pon·

671 4091 922 4161 titicem
987 4097 1399 4169 Romanum,
1455 4092 1588 4161 sibi
1638 4093 2141 4163 consulendum
2195 4094 2633 4163 existimavit.
2709 4099 2950 4182 Itaque
3003 4102 3226 4169 Petro-

672 4182 894 4260 nium,
937 4181 1160 4249 virum
1201 4180 1335 4250 sibi
1377 4181 1941 4338 probatissimum
1982 4188 2267 4252 Romam
2314 4183 2611 4275 legatum
2654 4184 2880 4263 misit,
2917 4187 3052 4272 qui
3088 4209 3223 4256 rem

669 4290 827 4337 cum
882 4268 1202 4358 pontifice
1250 4273 1376 4340 Cae
1406 4271 1626 4340 estino
1673 4270 2043 4361 diligenter
2090 4285 2342 4361 ageret.
2401 4277 2676 4341 Factum
2708 4286 3081 4343 estautem
3117 4276 3222 4345 Dei

669 4357 985 4440 consili0,
1039 4370 1114 4428 ut
1160 4381 1200 4428 a
1247 4381 1384 4446 quo
1433 4371 1738 4449 tempore
1786 4361 1845 4429 is
1893 4382 1932 4429 a
1982 4359 2358 4430 Theodosio
2393 4361 2651 4430 missus
2679 4366 2972 4431 Romam
3014 4366 3219 4434 venit.

726 4485 751 4509 ³·
778 4485 950 4527 Parum
970 4485 1242 4527 verosimile
1262 4484 1461 4527 eruditis
1480 4487 1686 4533 videtur,
1703 4487 1828 4537 qnod
1849 4488 1892 4529 S.
1913 4488 2162 4528 Petronius
2183 4487 2511 4536 hujuscemodi
2534 4485 2667 4529 Vitas
2688 4486 2970 4530 exaraverit.
