3347 4999
731 322 858 386 482
1333 339 1412 386 nn
1460 339 1516 385 s.
1569 338 1921 387 nuncnunc
1968 340 2109 387 Anu.
2162 340 2237 387 nr
2284 336 2475 388 naar.
2868 321 3042 388 OCT.
3108 325 3210 389 16

645 435 947 493 senserat
996 444 1235 512 sopore
1275 423 1584 494 coelestis
1634 423 1939 494 visionis.
1980 429 2215 512 Itaque
2244 447 2281 493 a
2331 446 2575 495 somno
2622 425 2987 496 excitatus:
3039 430 3194 507 «O,

641 512 889 599 inquit,
913 511 1254 593 Berchari,
1280 524 1584 582 votorum
1620 534 1929 583 meorum
1958 534 2241 604 compar
2279 512 2637 593 fidissime,
2668 535 2876 600 quam
2900 525 3200 614 gratum

646 600 815 670 mihi
851 613 950 669 est
991 600 1126 671 huc
1175 599 1540 690 paululum
1593 602 1859 692 soporis
1907 603 2125 693 gratia
2171 601 2551 671 divertisse.
2590 601 2780 685 Quod
2831 623 3013 671 enim
3056 601 3201 673 diu

644 688 964 759 differens
988 689 1192 759 corde
1229 701 1675 780 gestaveram,
1716 690 1998 761 visionis
2031 712 2283 761 arcano
2307 691 2648 761 maturius
2681 690 2961 782 aggredi
2995 712 3202 761 com-

642 778 880 867 pellor.
916 778 1247 865 »Illoque
1295 779 1519 847 visum
1572 777 1923 860 referente,
1978 780 2071 848 ait
2104 780 2550 849 Bercharius:
2613 784 2723 850 «Ο
2759 794 2951 870 pater
3013 800 3190 849 san-

643 867 969 947 ctissime,
1012 865 1341 954 quicquid
1383 867 1449 935 in
1483 866 1741 937 visione
1789 868 2076 958 spiritus
2115 867 2450 938 divinitus
2500 868 2622 939 tibi
2679 870 2944 939 testaris
2992 868 3188 938 indi-

643 970 897 1036 catum,
972 956 1239 1024 noveris
1285 956 1488 1024 etiam
1553 976 1660 1025 me
1720 957 2156 1046 conspexisse
2203 956 2676 1047 corporaliter.
2715 980 2752 1023 »
2802 958 3197 1028 Tum‘vero

646 1043 917 1134 praesul
981 1043 1107 1114 hoc
1148 1056 1457 1129 sanctum
1516 1065 1690 1132 opus
1746 1043 1898 1132 ejus
1968 1045 2346 1115 industriae
2415 1045 2652 1116 statuit
2697 1047 3186 1116 committere:

644 1132 763 1219 qui
812 1133 878 1201 in
918 1131 1066 1202 loco
1121 1133 1292 1222 ipso,
1347 1132 1465 1218 qui
1518 1131 1886 1202 Altivillare
1944 1133 1978 1168 ⁴*
2024 1133 2302 1214 dicitur,
2354 1133 2666 1204 coenobii
2722 1133 3194 1205 fundamenta

637 1220 827 1310 jecit,
869 1243 988 1290 nec
1031 1221 1222 1307 prius
1269 1219 1354 1290 ab
1389 1241 1589 1310 opere
1639 1220 1917 1303 destitit,
1954 1244 2164 1308 quam
2210 1244 2385 1311 opus
2417 1234 2736 1312 coeptum
2775 1223 2859 1293 ad
2896 1222 3191 1294 laudem

646 1310 761 1378 Dei
833 1309 1222 1399 compleret.
1292 1311 1871 1399 congregavitque
1943 1310 2082 1380 illic
2151 1311 2566 1381 monasticae
2639 1312 3192 1383 conversationis

646 1398 826 1466 viros
869 1397 1240 1488 religiosos.
1294 1411 1359 1467 et
1404 1411 1676 1478 cuncta,
1730 1421 1904 1500 quae
1954 1399 2117 1470 huic
2165 1399 2393 1468 ordini
2434 1399 2796 1470 commoda
2845 1399 3183 1490 judican-

648 1498 780 1567 tur,
816 1485 1177 1579 diligenter
1228 1485 1555 1577 implevit.
1619 1486 1798 1558 obi1t
1860 1501 2088 1557 autem
2151 1500 2430 1559 sanctus
2486 1488 2821 1559 Nivardus
2860 1488 3191 1558 Calendis

649 1575 1086 1665 Septembris.

738 1671 774 1744 ἓ
810 1667 901 1735 8.
939 1668 1227 1735 Sanctus
1261 1675 1484 1733 autem
1516 1663 1947 1744 BerchariuS,
1981 1663 2146 1733 dum
2183 1665 2398 1734 multa
2437 1665 2711 1736 ordinat
2743 1678 2808 1735 et
2848 1665 3181 1756 disponit,

643 1749 812 1821 forte
860 1752 1128 1833 accidit,
1173 1764 1247 1822 ut
1280 1752 1571 1821 filiolum
1606 1774 1810 1823 suum
1850 1752 1938 1822 Da
1991 1754 2298 1834 ovinum,
2351 1776 2555 1841 quem
2598 1754 2680 1823 de
2728 1776 2924 1824 sacro
2987 1754 3167 1822 fonte

649 1854 1064 1930 susceperat,
1101 1854 1165 1911 et
1206 1840 1619 1909 monachum
1660 1862 1807 1911 esse
1862 1862 1940 1910 vo
1975 1853 2189 1922 uerat,
2258 1841 2345 1910 ob
2394 1842 2504 1911 cul
2559 1864 2634 1912 as
2690 1843 2840 1943 ejus
2905 1842 3172 1912 verbere

647 1929 1136 2019 increpationis
1175 1928 1556 1998 feriendum
1595 1929 2007 1999 decerneret.
2052 1929 2178 2000 Sed
2224 1929 2337 1999 ille
2367 1931 2454 2001 ob
2534 1942 2815 2000 emerita
2865 1954 2991 2002 sua
3013 1952 3175 2000 cum

643 2017 832 2086 Juda
895 2031 1172 2088 satanae
1219 2016 1553 2098 tradituS,
1608 2018 1822 2107 patris
1881 2017 2084 2106 objur
2134 2018 2428 2088 ationem
2479 2019 2764 2177 indigne
2813 2018 2990 2088 tulit.
3047 2024 3181 2088 Ita·

692 2127 776 2175 ue
817 2128 973 2175 cum
1027 2105 1142 2175 ille
1188 2105 1495 2177 defessus
1526 2106 1592 2174 in
1638 2105 1887 2177 lectulo
1924 2128 2098 2175 mem
2157 2129 2228 2176 ra
2263 2108 2490 2197 sopori
2539 2108 2621 2181 de
2677 2108 2861 2188 isset,
2894 2120 3180 2177 satanae

669 2194 831 2263 llius
880 2195 1153 2264 irruens
1213 2193 1279 2261 in
1331 2216 1533 2275 eum,
1609 2194 1854 2265 lethale
1901 2195 2156 2264 vulnus
2203 2197 2264 2265 ei
2321 2195 2611 2265 inflixit:
2678 2209 3175 2287 arreptumque

643 2281 926 2363 ferrum,
980 2304 1116 2370 quo
1163 2304 1320 2352 eum
1375 2297 1835 2371 percusserat,
1892 2284 1959 2352 in
2017 2283 2398 2373 piscinam,
2451 2306 2627 2373 quae
2679 2286 2856 2355 intra
2929 2307 3175 2355 mona-

646 2370 926 2439 sterium
971 2383 1135 2451 erat,
1175 2370 1527 2441 celerrime
1559 2371 1905 2442 demersit.
1943 2372 2218 2442 Videres
2267 2386 2409 2443 tum
2441 2373 2735 2454 laticem,
2784 2372 2969 2443 velut
3005 2373 3179 2443 tanti

646 2457 920 2528 sceleris
952 2462 1330 2540 conscium,
1382 2458 1635 2530 ferrum
1676 2460 1845 2531 illud
1897 2461 1966 2530 in
2020 2482 2090 2530 se
2124 2461 2422 2553 recipere
2451 2461 2964 2535 detrectantem.
3000 2467 3171 2532 Nam

645 2568 797 2616 mox
849 2562 923 2619 ut
960 2571 1208 2636 aquam
1260 2549 1501 2639 attigit,
1554 2571 1681 2619 ceu
1713 2549 1948 2639 pluma
1997 2549 2341 2620 levissima
2391 2574 2599 2642 super
2645 2575 2860 2639 aquas
2906 2551 3178 2622 fereba-

645 2646 777 2705 tur.
819 2641 894 2707 At
942 2637 1245 2707 nefarius
1292 2637 1635 2707 homicida
1683 2660 1920 2707 amens
1958 2637 2200 2721 factm,
2235 2639 2592 2710 ecclesiam
2645 2642 2860 2731 petiit,
2912 2662 3163 2710 cruen-

642 2724 864 2812 tisque
914 2727 1238 2796 manibus
1307 2727 1582 2815 signum
1646 2726 1923 2816 pulsare
1989 2728 2233 2818 coepit.
2303 2733 2579 2800 Fratres.
2635 2751 2767 2799 non
2840 2729 3175 2799 consueta

643 2812 813 2882 hora
845 2836 1000 2883 cum
1053 2814 1506 2885 admiratione
1556 2828 1934 2905 surgenteS,
1984 2830 2048 2886 et
2096 2829 2407 2886 sanctum
2460 2818 2680 2888 virum
2735 2816 3172 2887 interfectum

643 2901 1020 2984 audientes,
1063 2904 1144 2974 ad
1202 2904 1453 2974 lectum
1503 2902 1654 2990 ejus
1702 2919 2235 2987 concurrerunt,
2281 2919 2346 2976 et
2404 2928 2560 2977 eum
2614 2906 2841 2976 adhuc
2892 2907 3172 2997 spiran-

640 3001 770 3059 tem
852 3007 1270 3081 repererunt.
1339 2992 1918 3080 Comprehensum
1972 2993 2180 3084 igitur
2240 2995 2664 3085 Dagovinum
2719 2995 2782 3080 ei
2830 2995 3167 3073 offerunt,

641 3080 814 3149 scire
862 3082 1241 3171 cupientes,
1280 3080 1442 3169 quid
1497 3080 1580 3150 de
1630 3093 1814 3150 tanto
1863 3082 2115 3151 scelere
2163 3083 2746 3171 pronunciaturus
2795 3085 2905 3153 sit.
2944 3089 3021 3152 At
3054 3082 3179 3152 ille

641 3170 911 3238 Domini
962 3192 1095 3239 non
1147 3171 1548 3240 immernor:
1603 3174 1840 3250 Deum,
1891 3169 2135 3257 inquit,
2178 3170 2298 3239 tibi
2336 3169 2541 3240 frater
2575 3171 2993 3260 poenitentia
3023 3170 3173 3262 pla-

641 3269 870 3325 catum
923 3258 1190 3327 reddas,
1244 3264 1407 3327 Nam
1473 3271 1809 3346 quantum
1862 3258 1946 3327 ad
2004 3279 2113 3327 me
2160 3258 2436 3340 attinet,
2507 3262 2696 3330 omni
2746 3273 2807 3331 te
2870 3261 3172 3331 liberum

641 3344 992 3433 impietate
1039 3346 1331 3416 dimitto.
1384 3351 1475 3415 Ex
1521 3346 1673 3435 ejus
1723 3348 2036 3437 sepulcro
2086 3347 2284 3438 longe
2322 3359 2484 3472 3⁰³¹
2529 3348 2754 3419 oleum
2806 3350 3032 3420 visum
3071 3362 3181 3420 est

638 3451 983 3515 emanare,
1037 3436 1304 3504 cunctis
1351 3435 1590 3505 morbo
1639 3437 1967 3526 correptis
2002 3435 2276 3507 salubre
2399 3492 2413 3507 .

688 3628 714 3654 ³*
745 3628 937 3675 Gallice,
957 3631 1257 3677 Hammonem,
1275 3633 1323 3672 in
1345 3633 1594 3682 campanis
1616 3631 1938 3683 (champagne).

687 3681 743 3709 *¹⁸²
772 3682 815 3723 Β.
837 3682 1132 3730 Rei-charius,
1151 3690 1329 3735 martyr
1348 3685 1572 3728 dicendus
1593 3692 1664 3728 est
1684 3687 1930 3728 charitatis
1951 3691 1999 3728 et
2012 3688 2229 3737 justiti-e
2248 3686 2405 3738 potins
2424 3696 2565 3737 quam
2584 3686 2708 3729 fidei.
