3347 4999
700 315 826 379 470
1473 331 1551 377 nt.
1597 331 1654 377 s,
1711 329 2053 378 rnAthsco
2100 328 2284 378 conr.
2890 311 3099 378 OCT.
3163 312 3204 375 l·

610 426 1109 510 praenosceret,
1153 436 1226 483 se
1276 436 1408 484 non
1464 437 1584 504 per
1632 417 2040 502 martyrium
2093 414 2349 494 carniS‚
2407 413 2524 484 sed
2579 435 2699 504 per
2750 412 3202 483 incendium

611 506 887 665 anemis,
958 517 1172 574 totum
1232 504 1298 572 in
1362 503 1610 573 Christi
1663 504 1984 574 Crucifixi
2055 503 2589 574 similitudinem
2656 503 3204 574 transforman-

662 616 806 664 um.

699 686 736 772 ξ
781 687 934 755 SD.
991 682 1358 771 Disparens
1409 681 1621 770 igitur
1670 680 1864 760 visio,
1914 681 2301 753 mirabilem
2352 682 2422 750 in
2473 679 2966 770 corde-ipsius
3022 679 3203 749 reli·

609 775 760 861 quit
806 771 1120 841 ardorem
1152 794 1167 850 ;
1204 771 1322 840 sed
1380 783 1445 839 et
1497 770 1565 838 in
1617 791 1824 838 carne
1876 791 2010 839 non
2065 771 2299 841 minus
2353 770 2740 840 mirabilem
2793 770 3198 859 signorum

610 861 963 952 impressit
1011 859 1337 949 effigiem.
1393 858 1630 928 Statim
1691 880 1992 945 namque
2051 860 2120 927 in
2177 859 2501 930 manibus
2545 860 2703 947 ejus
2750 872 2818 928 et
2909 858 3195 927 edibus

612 971 946 1041 apparere
990 961 1364 1038 coeperunt
1412 948 1611 1037 signa
1660 947 2042 1026 clavorum,
2082 948 2673 1034 quemadmodum
2728 970 2865 1038 pau
2898 969 2944 1016 o
3016 959 3196 1015 ante

609 1041 679 1110 in
730 1039 955 1129 effigie
1005 1037 1121 1106 illa
1169 1037 1294 1105 viri
1330 1035 1648 1106 Crucifixi
1692 1050 2160 1125 conspexerat.
2219 1043 2457 1107 Manus
2518 1038 2702 1107 enim
2739 1049 2803 1106 et
2844 1035 3078 1125 pedes
3124 1035 3196 1103 in

609 1129 761 1219 ipso
806 1127 1029 1196 medio
1064 1126 1276 1196 clavis
1316 1125 1625 1195 confixae
1675 1125 2108 1199 videbantur,
2153 1125 2500 1195 clavorum
2553 1148 2632 1195 ca
2691 1125 2907 1195 itibus
2951 1125 3028 1193 in
3083 1124 3201 1192 in·

614 1217 841 1288 teriori
880 1230 1069 1306 parte
1103 1237 1464 1292 manuum,
1501 1227 1566 1283 et
1599 1215 1944 1305 superiori
1982 1214 2232 1304 pedum
2269 1216 2630 1304 apparenti
2687 1238 2790 1294 us,
2823 1227 2892 1283 et
2923 1235 3193 1283 eorum

613 1307 1061 1377 acuminibus
1119 1303 1567 1374 existentibus
1615 1326 1694 1372 ex
1743 1303 2053 1372 adverso.
2120 1309 2460 1389 Erantque
2524 1304 2878 1373 clavorum
2939 1302 3195 1392 capita

615 1395 684 1464 in
740 1395 1064 1464 manibus
1111 1406 1177 1463 et
1230 1392 1520 1483 pedibus
1571 1392 1866 1461 rotunda
1914 1406 1979 1462 et
2029 1393 2252 1482 nigra,
2301 1393 2450 1482 ipsa
2484 1396 2641 1462 vero
2679 1392 3032 1462 acumina
3067 1391 3198 1461 ob-

611 1482 841 1572 longa,
884 1495 1130 1552 retorta
1167 1495 1231 1551 et
1271 1482 1469 1570 quasi
1513 1503 1918 1569 repercussa
1948 1536 1963 1562 ,
2010 1504 2188 1570 quae
2216 1481 2302 1549 de
2344 1482 2494 1572 ipsa
2528 1504 2734 1551 carne
2774 1503 2902 1550 sur
2961 1481 3193 1559 entia,

619 1594 897 1643 carnem
936 1572 1318 1658 relinquam
1344 1569 1788 1641 excedebant.
1831 1575 2146 1639 Dextrum
2177 1592 2452 1657 quoque
2483 1570 2660 1640 latus
2686 1570 2891 1658 quasi
2963 1573 3200 1639 ancea

615 1662 1045 1741 transfixum,
1101 1662 1312 1730 rubra
1361 1660 1685 1729 cicatrice
1731 1659 2110 1729 obductum
2160 1675 2329 1739 erat,
2384 1660 2567 1745 quod
2622 1680 2825 1748 saepe
2877 1658 3196 1750 sangui-

613 1773 768 1821 nem
823 1772 1093 1821 sacrum
1144 1748 1554 1828 effundens,
1613 1749 1916 1818 tunicam
1966 1761 2033 1817 et
2083 1748 2439 1817 femoralia
2489 1749 2966 1839 respergebat.
3034 1754 3197 1817 Cer-

617 1861 789 1910 nens
836 1853 1064 1908 autem
1118 1838 1365 1907 Christi
1418 1842 1690 1917 Servus,
1780 1838 1908 1906 uod
1953 1838 2300 1926 stigmata,
2348 1839 2540 1906 carni
2589 1851 2720 1907 tam
2776 1836 3200 1907 luculenter

615 1929 975 2016 impressa,
1046 1928 1267 1997 socios
1317 1926 1695 1995 familiares
1779 1928 1960 1996 atere
2027 1949 2161 1996 non
2218 1940 2541 2016 possent,
2599 1927 2845 1995 timens
2919 1925 3200 1994 nihilo·

620 2019 853 2087 minus
907 2014 1260 2105 publicare
1324 2015 1590 2085 Domini
1649 2031 2159 2086 sacramentum
2198 2070 2214 2095 ‚
2281 2016 2347 2084 in
2404 2037 2656 2105 magno
2706 2014 2989 2104 positus
3063 2013 3198 2083 fuit

614 2105 1068 2176 dubitationis
1114 2127 1356 2194 agone,
1404 2117 1634 2174 utrum
1676 2104 2010 2183 videlicet,
2049 2105 2232 2190 quod
2273 2105 2555 2183 viderat,
2595 2104 2876 2184 diceret,
2918 2103 3036 2173 vel
3090 2118 3196 2172 ta-

616 2208 819 2265 ceret.
860 2193 1131 2262 vocavit
1176 2194 1459 2282 proinde
1513 2193 1786 2280 aliquos
1816 2216 1894 2262 ex
1932 2194 2259 2263 fratribus
2291 2249 2306 2274 ,
2352 2207 2416 2263 et
2451 2192 2895 2282 generalibus
2949 2193 3197 2261 verbis

616 2283 929 2370 loquens,
986 2282 1279 2353 dubium
1337 2304 1568 2352 coram
1639 2282 1740 2351 eis
1799 2283 2176 2370 proposuit,
2227 2296 2293 2352 et
2347 2282 2716 2351 consilium
2773 2281 3187 2368 requisivit.

618 2371 911 2455 Quidam
967 2393 1119 2440 vero
1166 2393 1244 2440 ex
1294 2369 1622 2439 fratribus
1677 2373 1898 2460 gratia
1951 2370 2394 2441 Illuminatus
2442 2384 2507 2440 et
2558 2371 2862 2447 nomine,
2914 2370 3192 2439 intelli-

615 2482 785 2551 gens
831 2458 1010 2548 quod
1065 2459 1296 2547 aliqua
1348 2460 1663 2530 miranda
1715 2460 2017 2541 vidisset,
2077 2482 2197 2551 pro
2259 2483 2338 2530 eo
2377 2460 2558 2547 quod
2621 2458 2999 2529 videbatur
3065 2458 3192 2529 ad-

622 2551 900 2620 modum
952 2549 1398 2639 stupefactuS,
1453 2549 1621 2618 dixit
1673 2550 1757 2618 ad
1807 2551 2036 2618 Virum
2091 2564 2451 2619 sanctum:
2508 2572 2544 2615 «
2585 2555 2835 2628 Frater,
2884 2570 3033 2617 non
3074 2570 3190 2617 so·

618 2638 762 2708 lum
819 2654 1093 2728 propter
1143 2652 1242 2717 te,
1306 2638 1420 2707 sed
1473 2638 1678 2707 etiam
1742 2651 2015 2727 propter
2079 2638 2253 2708 alios
2301 2638 2482 2707 scias
2533 2638 2652 2707 tibi
2703 2637 2985 2708 ostendi
3061 2637 3183 2706 ali·

616 2728 896 2815 quando
947 2740 1370 2797 sacramenta
1422 2728 1679 2796 divina.
1761 2727 2172 2797 Timendum
2229 2739 2585 2817 propterea
2634 2728 2795 2815 jure
2846 2726 3179 2804 videtur,

619 2839 703 2889 ne
743 2818 835 2897 si,
873 2816 1055 2904 quod
1097 2816 1418 2905 pluribus
1458 2816 1892 2904 profuturum
1945 2817 2296 2905 accepisti,
2351 2815 2682 2886 celaveris
2735 2836 2853 2903 pro
2915 2815 3186 2884 talento

617 2906 1022 2976 abscondito
1070 2905 1635 2994 reprehensibilis
1695 2905 2058 2994 judiceris
2099 2929 2133 2972 »
2177 2905 2268 2974 Ad
2319 2905 2523 2993 cujus
2591 2896 2876 2973 verbum
2943 2919 3189 2974 motus

618 2996 732 3064 Vir
766 3010 1068 3074 sanctuS,
1110 2993 1266 3063 licet
1298 2994 1471 3064 alias
1512 2995 1740 3063 dicere
1781 2993 2025 3064 solitus
2061 3006 2280 3064 esset:
2318 2996 2664 3064 Secretum
2697 3015 2921 3062 meum
2956 2994 3184 3062 mihi.-

620 3098 786 3154 tunc
829 3097 1052 3152 tamen
1096 3106 1255 3152 cum
1311 3083 1527 3152 multo
1590 3084 1833 3152 timore
1873 3084 2118 3153 seriem
2176 3081 2411 3151 retulit
2461 3082 2745 3151 visionis
2797 3082 3182 3170 praefatae,

618 3172 883 3242 addens
929 3171 1111 3258 quod
1167 3172 1249 3252 is,
1303 3171 1421 3257 qui
1474 3171 1607 3240 sibi
1656 3185 2096 3329 apparuerat,
2157 3171 2394 3258 aliqua
2442 3171 2716 3250 dixerit,
2761 3192 2943 3257 quae
2999 3193 3188 3239 nun-

616 3283 827 3348 quam
880 3260 1048 3329 dum
1102 3260 1373 3339 viveret,
1442 3259 1652 3331 alicui
1753 3261 2070 3331 ominum
2125 3261 2445 3349 aperiret.
2521 3258 2955 3330 Credendum
3008 3280 3186 3330 sane

622 3364 757 3419 tam
810 3370 1063 3416 arcana
1124 3347 1240 3416 illa
1291 3348 1506 3418 fuisse
1555 3350 1732 3418 sacri
1779 3349 1970 3419 illius
2023 3350 2308 3439 Seraph,
2366 3350 2433 3416 in
2485 3353 2699 3419 Cruce
2759 3347 3187 3418 mirabiliter

619 3438 1043 3527 apparentis,
1096 3435 1396 3523 eloquia,
1452 3439 1635 3525 quod
1698 3438 1868 3508 forte
1920 3460 2052 3507 non
2107 3438 2344 3508 liceret
2394 3438 2797 3508 hominibus
2829 3459 2910 3507 ea
2955 3436 3182 3524 loqui.

620 3531 988 3612 Postquam
1035 3526 1245 3615 igitur
1293 3549 1493 3596 verus
1543 3528 1792 3596 Christi
1841 3550 2039 3597 amor
2074 3528 2141 3596 in
2184 3526 2497 3597 eamdem
2543 3527 2919 3615 imaginem
2951 3540 3190 3596 trans-

623 3614 942 3684 formavit
988 3621 1342 3684 Amantem
1390 3616 1851 3707 quadraginta
1902 3616 2172 3686 dierum
2228 3636 2541 3697 numero,
2587 3617 2784 3705 juxta
2818 3615 3009 3701 quod
3063 3616 3189 3684 de-

619 3717 945 3783 creverat,
1003 3706 1070 3773 in
1131 3703 1507 3774 solitudine
1556 3719 2063 3786 consummato,
2104 3706 2629 3795 superveniente
2676 3725 2953 3791 quoque
3003 3705 3190 3775 sole-

627 3793 914 3862 mnitate
944 3792 1350 3882 Archangeli
1396 3794 1772 3873 Michaelis,
1828 3794 2185 3864 descendit
2225 3794 2582 3884 angelicus
2613 3794 2728 3862 Vir
2767 3794 3191 3863 Franciscus

622 3882 706 3951 de
745 3895 969 3951 monte
1009 3904 1244 3952 secum
1291 3882 1515 3952 ferens
1575 3883 1898 3952 Crucifixi
1948 3883 2273 3974 effigiem,
2317 3905 2449 3952 non
2486 3884 2554 3952 in
2592 3882 2850 3952 tabulis
2880 3883 3192 3972 lapideis

622 3971 721 4040 vel
768 3971 1014 4060 ligneis
1066 3993 1277 4040 manu
1313 3971 1679 4061 figuratam
1718 3972 2031 4051 artificis,
2085 3971 2202 4042 sed
2255 3973 2322 4041 in
2384 3973 2656 4041 carneis
2693 3972 3032 4061 membris
3066 3973 3193 4042 de-

622 4061 946 4149 scriptam
982 4060 1200 4150 digito
1242 4061 1352 4130 Dei
1405 4061 1562 4130 vivi.
1606 4065 1681 4129 Et
1721 4062 2050 4148 quoniam
2095 4073 2607 4132 sacramentum
2646 4063 2852 4151 Regis
2881 4062 3194 4131 abscon-

618 4148 779 4217 dere
838 4151 1093 4218 bonum
1149 4163 1273 4228 est,
1316 4150 1466 4220 ideo
1516 4151 1757 4219 secreti
1810 4149 2061 4239 regalis
2114 4151 2214 4219 vir
2263 4151 2610 4230 conscius,
2649 4150 3020 4239 signacula
3065 4151 3196 4222 illa

622 4259 814 4307 sacra
849 4260 969 4326 pro
1000 4239 1261 4307 viribus
1285 4239 1696 4308 occultabat.
1737 4244 1983 4308 Verum
2021 4240 2184 4326 quia
2223 4240 2334 4309 Dei
2366 4254 2490 4320 est,
2523 4240 2607 4308 ad
2645 4238 3194 4328 gloriam'suam

625 4348 872 4417 magna
926 4328 1224 4396 revelare
1271 4349 1449 4415 quae
1482 4327 1681 4396 facit:
1741 4328 2073 4399 Dominus
2124 4329 2295 4417 ipse,
2348 4328 2468 4415 qui
2518 4327 2883 4418 signacula
2927 4328 3053 4398 illa
3089 4354 3198 4400 se-

618 4430 797 4485 crete
831 4416 1310 4505 impresserat,
1354 4416 1690 4486 miracula
1734 4417 2074 4503 quaedam
2124 4429 2356 4504 aperte
2392 4439 2512 4506 per
2553 4417 2701 4506 ipsa
2743 4421 3191 4503 monstravit,
