3347 4999
184 326 354 392 OCT.
407 326 479 389 3⁴
849 342 928 387 1)ss
966 344 1023 388 s.
1068 342 1454 388 woeaeanso
1493 343 1590 387 ar.
1630 342 2045 390 aartsrouan.
2499 325 2636 390 753

182 429 250 497 in
298 425 651 507 coenobio,
709 426 873 506 sive,
924 438 1003 494 ut
1050 438 1289 494 auctor
1339 425 1678 512 loquitur,
1750 425 1820 493 in
1871 425 2172 495 claustro
2229 425 2594 508 sederent,
2664 438 2734 497 et

183 515 451 586 lectioni
504 515 1025 594 incumberent;
1096 528 1665 602 peramanterque
1723 535 1840 583 eos
1901 513 2328 593 hortabatur,
2401 537 2487 584 ne
2553 516 2734 585 inte-

183 605 381 675 rioris
444 604 747 674 hominis
805 603 1071 673 cultum
1120 614 1188 672 et
1235 601 1573 692 spiritalia
1646 602 1967 671 exercitia
2038 602 2503 692 negligerent,
2561 607 2723 674 cum

183 695 510 764 baberent
556 692 886 773 carnalia,
920 704 986 762 et
1022 713 1200 778 quae
1245 691 1516 781 corpori
1558 691 2009 760 sustentando
2051 689 2467 762 sufficerent.
2522 698 2600 761 In
2639 693 2728 762 iis

186 805 338 853 vero
384 782 711 852 omnibus
760 781 1067 870 seipsum
1097 781 1198 850 eis
1241 780 1610 870 praebebat
1655 780 2075 869 exemplum,
2130 780 2300 850 adeo
2337 794 2413 850 ut
2463 781 2598 871 jam
2643 782 2730 851 ab

184 872 509 943 omnibus
559 893 692 939 non
744 870 1062 950 clericuS,
1109 869 1224 938 sed
1258 871 1639 938 monachus
1679 868 2047 939 diceretur.
2095 873 2359 939 Interea
2394 870 2732 940 Henricus

186 962 795 1051 ArchiepiscopuS,
843 958 1132 1048 jubente
1184 958 1446 1028 Othone
1495 962 1951 1048 Imperatore,
2006 962 2292 1027 Romam
2348 958 2729 1047 proficisci-

190 1062 318 1130 tur,
353 1062 418 1118 et
449 1070 608 1118 cum
643 1046 1078 1135 aliquamdiu
1106 1045 1247 1116 illic
1290 1060 1596 1116 moratus
1629 1059 1829 1128 esset,
1869 1044 2245 1116 admodum
2285 1046 2729 1117 incommoda

186 1139 405 1228 coepit
453 1137 765 1207 laborare
813 1135 1225 1204 valetudine.
1280 1140 1585 1222 Cumque
1624 1157 1817 1224 spem
1860 1136 2371 1224 recuperandae
2405 1136 2723 1205 sanitatis

187 1227 566 1318 abjecisset,
621 1230 1107 1314 Imperatorem
1160 1223 1242 1293 ad
1293 1246 1368 1293 se
1399 1223 1779 1303 accersivit,
1819 1246 2064 1311 resque
2113 1224 2289 1294 beati
2335 1223 2723 1315 Wolfgangi

188 1317 247 1385 ei
303 1336 673 1405 exponens,
728 1314 989 1403 rogavit
1035 1335 1221 1395 eum,
1276 1325 1352 1382 ut
1414 1313 1722 1383 Treviros
1774 1312 2029 1383 litteras
2079 1312 2417 1393 mitteret,
2469 1313 2638 1400 quib
2696 1336 2727 1384 s

187 1405 513 1474 omnibus
570 1401 1042 1482 interdiceret,
1099 1423 1184 1471 ne
1229 1423 1436 1489 quam
1491 1401 1816 1491 injuriam
1884 1423 2077 1470 servo
2131 1401 2244 1469 Dei
2311 1401 2662 1493 irrogaren
2705 1458 2720 1470 .

189 1498 399 1580 Atque
449 1493 535 1561 ita
576 1491 692 1560 ille
728 1498 982 1560 Romae
1030 1490 1345 1560 decessit.

276 1585 313 1669 ξ
358 1584 438 1653 8.
493 1586 657 1650 Cum
710 1592 934 1649 autem
995 1580 1224 1648 obitus
1271 1580 1422 1668 ejus
1475 1579 1777 1648 nuncius
1825 1578 2134 1647 Treviros
2195 1578 2450 1650 allatus
2497 1591 2721 1662 esset,

190 1673 429 1740 beatus
476 1668 924 1759 wolfgangus
977 1670 1198 1757 primo
1243 1667 1525 1755 quidem
1575 1689 1853 1736 summo
1893 1668 2109 1736 animi
2159 1666 2394 1737 dolore
2442 1669 2728 1738 affectus

189 1774 324 1829 est:
379 1759 495 1827 sed
547 1757 797 1827 deinde
858 1757 1164 1846 seipsum
1222 1756 1564 1826 consolari
1609 1769 1673 1826 et
1739 1756 2151 1825 confirmare
2222 1756 2727 1845 coepit,quod

189 1870 362 1935 qnae
425 1845 847 1935 jampridem
908 1846 993 1914 de
1043 1845 1288 1914 mundi
1335 1859 1735 1934 contemptu
1782 1844 1967 1934 apud
2020 1866 2092 1914 se
2147 1847 2534 1926 statuisset,
2595 1845 2722 1914 hac

188 1937 414 2006 oblata
470 1935 1003 2023 opportunitate,
1058 1935 1127 2002 in
1180 1956 1321 2004 rem
1370 1934 1682 2004 conferre
1744 1945 1992 2022 posset.
2066 1938 2430 2021 Postquam
2513 1935 2728 2023 igitur

187 2025 371 2115 apud
423 2047 495 2094 se
523 2023 921 2093 deliberavit
963 2022 1184 2093 redire
1221 2023 1287 2091 in
1328 2023 1642 2111 patriam,
1689 2027 1940 2103 Bruno,
1993 2023 2567 2112 Archiepiscopus
2602 2027 2722 2092 Co-

194 2113 547 2196 loniensis,
600 2113 719 2201 qui
771 2124 914 2181 tum
965 2111 1168 2181 etiam
1227 2111 1557 2180 ducatum
1609 2111 2090 2202 Lotharingiae
2149 2111 2721 2194 administrabat,

190 2224 347 2272 eum
399 2202 487 2272 ad
538 2224 608 2272 se
664 2204 955 2270 accitum
1008 2198 1193 2290 apud
1246 2222 1317 2268 se
1367 2201 1655 2269 retinere
1707 2213 1994 2269 conatus
2049 2212 2183 2280 est,
2246 2199 2619 2270 liberaliter
2667 2201 2731 2269 ei

194 2292 601 2381 promittens
647 2311 919 2360 omnem
964 2288 1492 2368 humanitatem,
1545 2301 1749 2374 atque
1796 2290 2001 2357 etiam
2066 2290 2384 2378 Episcopi
2432 2289 2730 2379 dignita-

192 2394 351 2450 tem.
409 2379 533 2449 Sed
585 2379 688 2448 vir
723 2392 1004 2449 sanctus
1054 2379 1313 2466 majora
1358 2390 1424 2446 et
1461 2376 1681 2446 ardua
1735 2378 1969 2446 animo
2016 2390 2441 2459 consectans,
2494 2400 2574 2447 ea
2625 2400 2730 2447 re-

191 2468 499 2539 cusavit:
552 2468 905 2556 aliquanto
958 2467 1228 2536 interim
1293 2480 1597 2556 tempore
1645 2466 1863 2536 nihilo
1915 2467 2147 2536 minus
2199 2468 2487 2537 haerens
2542 2465 2725 2557 apud

192 2558 421 2638 illum,
469 2557 553 2627 de
599 2579 737 2645 quo
790 2571 1020 2645 postea
1066 2556 1305 2625 crebro
1357 2556 1501 2644 ipse
1548 2555 1798 2625 referre
1847 2554 2128 2635 solebat,
2180 2579 2334 2626 raro
2373 2554 2452 2626 se'
2488 2578 2731 2643 quem-

189 2669 403 2734 quam
455 2647 644 2715 omni
699 2646 1030 2735 probitate
1063 2650 1111 2714 E
1167 2646 1400 2734 iscopo
1443 2645 1745 2714 Brunoni
1785 2666 2013 2734 parem
2058 2644 2517 2733 conspexisse.
2569 2643 2731 2713 Obi-

192 2749 294 2805 ter
339 2747 565 2804 autem
604 2734 716 2803 hic
756 2736 1085 2804 observan
1148 2756 1261 2803 um
1300 2736 1502 2815 venit,
1549 2732 2132 2822 quapersectione
2170 2733 2314 2820 jam
2361 2746 2502 2800 tum
2536 2751 2730 2821 prae-

191 2824 380 2894 ditus
411 2823 616 2893 fuerit
649 2823 889 2893 beatus
929 2822 1401 2913 Wolfgangus,
1436 2823 1550 2891 cui
1578 2835 1713 2891 tam
1749 2820 1976 2909 ampla
2025 2820 2361 2910 promissa
2388 2831 2453 2888 et
2488 2818 2732 2887 mundi

189 2908 414 3000 hujus
464 2912 904 3002 prosperitas,
975 2912 1329 2997 multaque
1376 2910 1553 2991 alia,
1605 2931 1783 2997 quae
1847 2908 2128 2998 longum
2182 2910 2268 2977 sit.
2315 2929 2733 2978 commemo-

195 3024 371 3081 rare,
427 3001 609 3071 ultro
657 3000 878 3071 oblata
923 3022 1079 3068 cum
1134 2998 1444 3079 fuissent,
1503 2998 1703 3087 plane
1754 3009 2063 3066 recusata
2100 2998 2381 3067 suntab
2425 2996 2564 3065 illo.
2600 3002 2733 3065 Ma-

194 3110 374 3179 gnae
418 3090 602 3159 enim
655 3088 925 3159 virtutis
957 3101 1022 3157 et
1072 3089 1294 3157 meriti
1343 3101 1443 3157 est
1493 3088 1752 3156 isthaec
1802 3087 2035 3156 omnia
2085 3085 2494 3174 relinquere,
2547 3098 2612 3154 et
2662 3086 2732 3154 in

193 3179 326 3247 hoc
392 3179 625 3248 seculo
681 3177 1138 3247 voluntariam
1191 3176 1552 3266 complecti
1607 3188 2103 3266 paupertatem.
2160 3176 2471 3244 Sentiens
2524 3174 2737 3264 igitur

246 3267 537 3336 loriosus
582 3266 1154 3356 Archiepiscopus
1199 3270 1429 3334 Bruno
1480 3265 1700 3334 virum
1756 3264 1869 3332 Dei
1936 3264 2248 3333 arctioris
2300 3265 2473 3332 vitae
2523 3263 2737 3332 teneri

191 3290 561 3435 desiderio,
605 3356 945 3442 peramice
976 3368 1042 3423 et
1087 3352 1644 3445 gratulabundus
1682 3375 1839 3422 eum
1882 3374 2002 3442 pro
2049 3374 2176 3422 suo
2211 3353 2544 3422 arbitratu
2593 3374 2634 3422 a
2666 3373 2738 3424 se

195 3444 515 3534 permisit
562 3444 771 3513 abire.

286 3534 323 3620 ἓ
370 3538 463 3603 θ.
522 3533 812 3601 Veniens
847 3553 1012 3621 ergo
1058 3531 1176 3600 ille
1209 3531 1520 3611 domum,
1564 3553 1602 3599 a
1642 3531 1957 3621 cognatis
1984 3546 2051 3600 et
2084 3531 2326 3600 amicis
2374 3550 2741 3620 peraman-

195 3632 301 3691 ter
348 3633 670 3711 acceptus
718 3633 841 3702 est,
874 3620 988 3689 sed
1044 3622 1135 3689 ita
1187 3633 1440 3701 tamen,
1492 3632 1570 3689 ut
1602 3619 1783 3689 velut
1830 3619 2001 3688 alter
2034 3620 2306 3709 Ulysses
2348 3620 2413 3687 in
2451 3624 2743 3708 syrenes

193 3710 526 3781 incidisse
574 3709 942 3780 videretur.
996 3711 1464 3780 Hortabantur
1525 3710 1710 3778 enim
1781 3720 1846 3777 et
1893 3709 2347 3778 obsecrabant
2404 3729 2559 3776 eum
2622 3729 2743 3794 pa-

196 3812 427 3870 rentes
461 3811 526 3868 et
560 3799 929 3889 propinqui
979 3820 1243 3880 omneS,
1301 3798 1629 3888 potiorem
1670 3797 1735 3866 ei
1785 3797 2208 3867 substantiae
2250 3795 2753 3866 haereditariae

196 3890 580 3978 portionem
633 3889 1058 3979 pollicenteS,
1103 3910 1188 3957 ne
1239 3888 1425 3977 ipsos
1474 3886 1838 3968 desereret,
1894 3885 2386 3974 dicebantque:

594 3996 747 4057 Cum
773 3998 854 4057 sis
884 4002 1250 4057 cunctorum
1283 4012 1416 4074 spes
1445 3996 1838 4070 solamenque
1870 4003 2139 4067 tuorum,

592 4077 795 4154 Atque
827 4078 1045 4137 domus
1078 4084 1319 4136 nostrae
1360 4078 1448 4135 vis
1479 4079 1680 4136 omnis
1707 4073 2030 4136 adhaereat
2063 4077 2124 4134 in
2159 4080 2247 4146 te,

597 4154 687 4216 Ne
718 4159 923 4233 procul
958 4157 1101 4217 hinc
1130 4156 1334 4227 abeaS,
1368 4171 1446 4216 ne
1480 4170 1606 4225 noe,
1641 4154 1882 4226 dilecte,
1915 4152 2250 4230 relinquas:

593 4233 746 4296 Nam
781 4236 886 4295 tibi
922 4243 1133 4296 cuncta
1166 4236 1403 4307 damuS,
1434 4234 1658 4313 quibus
1693 4235 1752 4293 in
1789 4235 1910 4292 vita
1943 4240 2031 4295 est
2063 4250 2212 4310 opus
2245 4235 2374 4293 ista.

197 4335 331 4400 Nec
370 4329 674 4411 deerant,
728 4331 850 4417 qui
907 4330 1017 4402 his
1064 4331 1548 4421 adjungerent,
1603 4330 1857 4419 scripta
1909 4329 2142 4399 divina
2190 4330 2450 4420 jubere,
2504 4344 2581 4399 ut
2629 4351 2753 4420 pa-

199 4419 516 4488 rentibus
575 4442 723 4490 mos
780 4433 1082 4511 geratur.
1154 4420 1277 4489 Sed
1353 4420 1675 4511 egregius
1724 4420 1969 4490 Christi
2041 4419 2234 4490 miles
2287 4418 2518 4488 surdis
2585 4419 2758 4490 haec

365 4540 606 4596 surius
636 4566 664 4582 ·
705 4539 870 4599 Vuae
904 4536 1007 4600 SS.
1039 4571 1061 4582 -
1089 4538 1215 4600 Vol.
1247 4537 1320 4597 X.
1371 4584 1378 4590 .
2526 4538 2605 4601 48

218 3265 226 3272 .
