3347 4999
216 326 388 393 OCT.
442 328 527 391 26
943 345 1022 391 nn
1068 345 1160 391 ss,
1206 344 1559 391 Rosulano
1606 343 1683 390 nr
1730 342 1863 391 soc.
1918 344 2030 391 n.
2533 330 2659 394 723

302 433 338 517 ἓ
389 434 478 500 2.
530 433 584 499 Ο
629 430 903 499 beatum
957 449 1325 509 carcerem,
1383 449 1584 515 quem
1637 425 2005 497 illustravit
2055 441 2271 498 vestra
2324 432 2741 519 praesentia!

217 522 267 588 Ο
315 519 587 587 beatum
638 539 1009 598 carcerem,
1064 517 1182 604 qui
1234 516 1548 587 homines
1588 516 1706 585 Dei
1742 515 1946 585 mittit
1993 514 2077 585 ad
2128 517 2423 588 coelum!
2470 523 2522 589 Ο
2571 533 2751 590 tene-

217 609 377 678 bras
415 606 785 676 lucidiores
825 605 966 675 sole
1000 606 1172 696 ipso,
1227 619 1291 676 et
1339 604 1494 675 luce
1530 605 1656 673 hac
1693 604 1934 675 mundi
1983 603 2331 685 clariores,
2382 607 2504 677 ubi
2549 609 2750 679 modo

218 696 580 766 constituta
630 708 793 766 sunt
833 695 945 764 Dei
987 693 1265 784 templa,
1317 708 1383 763 et
1427 693 1849 765 sanctificata
1898 693 2151 766 divinis
2198 693 2749 767 confessionibus

225 785 529 856 membra
565 787 822 853 vestra!
859 789 987 854 Nec
1018 784 1388 870 quicquam
1429 804 1614 851 nunc
1662 796 1968 854 versetur
1995 783 2061 851 in
2105 783 2431 853 cordibus
2469 797 2533 854 et
2561 807 2749 855 men-

223 874 404 943 tibus
441 873 704 952 vestris,
739 894 947 959 quam
980 872 1215 941 divina
1265 884 1619 961 praecepta
1652 884 1719 941 et
1760 871 2083 940 mandata
2115 872 2455 955 coelestia,
2491 875 2750 961 quibus

226 984 339 1031 vos
393 962 477 1030 ad
545 961 969 1030 tolerantiam
1024 961 1362 1051 passionis
1394 960 1688 1050 Spiritus
1730 965 2020 1030 Sanctus
2072 982 2345 1052 semper
2390 963 2742 1032 animavit.

222 1056 429 1122 Nemo
479 1063 762 1119 mortem
798 1051 1066 1140 cogitet,
1105 1049 1219 1120 sed
1263 1048 1871 1128 immortalitatem;
1908 1071 2031 1118 nec
2067 1052 2546 1142 temporariam
2590 1073 2751 1140 poe-

224 1161 410 1220 nam,
464 1137 581 1207 sed
616 1138 903 1228 gloriam
956 1138 1468 1228 sempiternam,
1527 1159 1685 1207 cum
1738 1139 2069 1228 scriptum
2122 1140 2252 1208 sit:
2304 1142 2604 1209 Pretiosa
2652 1152 2751 1210 est

222 1230 292 1298 in
325 1237 671 1317 conspectu
717 1229 985 1296 Domini
1010 1249 1185 1296 mors
1219 1229 1561 1317 justorum
1590 1227 1736 1316 ejus
1770 1228 1917 1316 (Ps.
1960 1226 2140 1316 ⁴⁴5);
2192 1229 2575 1298 etiterum:
2625 1232 2751 1300 Sa-

223 1317 548 1406 crificium
575 1321 707 1384 Deo
738 1317 1016 1419 spiritus
1061 1316 1580 1395 contribulatus,
1639 1338 1750 1383 cor
1796 1319 2152 1385 contritum
2201 1327 2264 1386 et
2311 1318 2749 1387 humiliatum

222 1411 396 1475 Deus
427 1428 554 1473 non
600 1405 877 1495 despicit
907 1410 1041 1487 (Ps.
1080 1404 1218 1492 50);
1248 1417 1312 1473 et
1344 1405 1589 1473 iterum
1641 1403 1762 1472 ubi
1797 1404 2102 1491 loquitur
2133 1405 2483 1495 Scriptura
2510 1406 2748 1476 divina

222 1493 306 1563 de
355 1493 749 1573 tormentis,
801 1514 974 1579 quae
1025 1505 1356 1583 martyres
1419 1493 1528 1563 Dei
1578 1506 2005 1573 consecrant,
2070 1506 2135 1561 et
2195 1495 2346 1583 ipsa
2409 1496 2750 1582 passionis

225 1582 619 1672 probatione
660 1582 1129 1652 sanctificant:
1161 1584 1307 1651 Etsi
1341 1604 1564 1651 coram
1597 1581 1971 1651 hominibus
2009 1592 2337 1652 tormenta
2360 1585 2551 1674 passi
2568 1594 2744 1665 sunt,

221 1693 369 1762 spes
406 1693 632 1740 eorum
681 1672 1189 1740 immortalitate
1216 1672 1421 1761 plena
1450 1681 1568 1739 est.
1613 1675 1695 1739 Et
1732 1671 1803 1738 in
1830 1674 2070 1760 paucis
2093 1674 2353 1751 vemati,
2398 1674 2465 1740 in
2513 1675 2748 1741 multis

223 1762 381 1830 bene
416 1761 891 1850 disponentur:
933 1762 1248 1851 quoniam
1286 1765 1460 1828 Deus
1507 1760 1789 1828 tentavit
1827 1761 2003 1841 illos,
2041 1769 2105 1828 et
2153 1761 2406 1829 invenit
2447 1763 2601 1829 illos
2646 1762 2749 1829 di·-

221 1871 385 1940 ynos
428 1871 521 1917 se.
562 1854 919 1938 Tamquam
950 1871 1194 1917 aurum
1219 1850 1289 1916 in
1333 1851 1605 1936 fornace
1647 1847 1955 1937 probavit
2012 1849 2188 1926 illos,
2230 1860 2291 1917 et
2340 1851 2542 1940 quasi
2569 1850 2752 1919 holo-

224 1939 447 2006 causti
490 1937 773 2006 ltostiam
805 1939 1060 2027 accepit
1097 1939 1273 2016 illos,
1330 1939 1493 2005 etin
1541 1947 1831 2026 tempore
1878 1938 2007 2004 erit
2049 1948 2386 2027 respectus
2443 1940 2742 2007 illorum.

225 2027 603 2116 Fulqebunt
643 2027 842 2115 justi,
881 2037 944 2095 et
996 2037 1340 2183 tamgouam
1387 2026 1726 2093 scintillae
1775 2025 1844 2091 in
1901 2025 2294 2095 arundineto
2350 2026 2744 2096 discurrent.

221 2115 629 2184 Iudicabunt
666 2117 987 2192 nationes,
1026 2125 1088 2183 et
1205 2115 1638 2182 minabuntur
1658 2115 1954 2202 populis,
2007 2123 2070 2181 et
2114 2115 2422 2204 reynabit
2473 2117 2749 2185 illorum

233 2205 543 2272 Dominus
589 2203 661 2270 in
699 2213 1094 2293 perpetuum
1131 2204 1323 2291 (Sap.
1376 2201 1498 2290 ιιι).
2552 2203 2565 2216 ·

316 2295 353 2376 ξ
399 2295 490 2360 8.
544 2290 830 2371 Quando
867 2313 1028 2379 ergo
1081 2290 1499 2360 'udicaturos
1548 2311 1665 2359 vos
1702 2302 1767 2358 et
1816 2302 2219 2379 regnaturos
2272 2313 2430 2361 cum
2483 2292 2749 2362 Christo

229 2379 514 2447 Domino
546 2378 881 2465 cogitatis,
933 2314 1245 2447 eminetis
1273 2399 1544 2446 necesse
1591 2391 1713 2458 est,
1745 2391 1810 2446 et
1840 2376 2229 2448 futurorum
2264 2381 2519 2471 gaudio
2555 2401 2752 2470 prae-

225 2466 440 2537 sentia
481 2465 822 2555 supplicia
870 2467 1176 2537 calcetis:
1216 2467 1503 2538 scientes
1535 2466 1622 2536 ab
1657 2465 1852 2536 initio
1886 2466 2127 2537 mundi
2177 2468 2277 2538 sic
2325 2468 2741 2549 institutum,

226 2569 300 2626 ut
340 2554 599 2625 laboret
645 2556 846 2625 isthic
881 2557 950 2624 in
989 2556 1279 2626 seculari
1315 2557 1815 2627 conflictatione
1848 2556 2144 2646 justitia,
2182 2556 2461 2644 quando
2508 2558 2579 2627 in
2615 2559 2751 2627 ori-

222 2646 382 2735 gine
414 2643 641 2713 statim
695 2645 920 2733 prima
957 2644 1113 2714 Abel
1159 2646 1392 2731 justus
1435 2645 1794 2725 occiditur,
1846 2658 1911 2715 et
1956 2646 2202 2724 exinde
2235 2646 2412 2735 justi
2457 2646 2742 2733 quique,

221 2748 288 2804 et
335 2732 728 2824 prophetae,
780 2745 844 2802 et
890 2733 1183 2823 Apostoli
1238 2734 1452 2804 missi.
1498 2735 1762 2816 Quibus
1809 2734 2135 2803 omnibus
2186 2735 2518 2803 Dominus
2575 2755 2746 2821 quo-

221 2823 457 2910 quein
493 2822 719 2912 seipso
765 2823 1116 2893 constituit
1162 2822 1575 2912 exemplum,
1612 2822 1867 2891 docens
1904 2822 1989 2891 ad
2033 2844 2235 2892 suum
2278 2844 2565 2912 regnum
2610 2843 2746 2892 non

223 2912 356 2981 nisi
403 2933 518 2980 eos
564 2911 681 2998 qui
749 2932 822 2979 se
872 2934 989 3001 per
1039 2912 1213 2980 viam
1272 2933 1465 2980 suam
1521 2911 1739 2980 secuti
1786 2910 1945 2989 sint,
2002 2911 2391 3001 pervenire,
2453 2911 2741 2981 dicens:

221 3003 353 3083 Qui
393 3010 580 3069 amat
619 3002 918 3070 animam
954 3023 1149 3070 suam
1192 3003 1262 3069 in
1307 3002 1430 3070 isto
1475 3003 1720 3081 seculo,
1769 2999 1996 3087 perdet
2042 3002 2268 3068 illam:
2327 3010 2391 3069 et
2436 3002 2561 3089 qui
2610 3000 2751 3068 odit

221 3091 527 3158 animam
557 3092 853 3158 suumin
885 3092 1006 3159 isto
1050 3092 1288 3167 secula,
1333 3090 1402 3157 in
1447 3090 1658 3156 vitam
1700 3097 2042 3156 aeternam
2091 3089 2500 3157 conservabit
2552 3090 2750 3157 illam

217 3179 441 3267 (Joan.
476 3186 624 3262 x11)·‚
674 3192 740 3246 et
787 3180 1074 3246 iterum:
1114 3178 1330 3247 Nolite
1360 3179 1591 3245 timere
1631 3198 1739 3244 eos
1769 3177 1891 3265 qui
1938 3176 2242 3244 occidunt
2290 3199 2549 3267 corpus,
2600 3178 2746 3246 ani·

220 3289 398 3335 mam
436 3288 591 3336 vero
642 3289 770 3335 non
826 3275 1097 3356 possunt
1161 3266 1475 3333 occidere.
1539 3266 1755 3353 Maqis
1792 3274 2016 3333 autem
2081 3266 2355 3334 metuite
2419 3288 2570 3334 eum
2628 3269 2755 3356 qui

265 3364 426 3423 otest
459 3364 518 3422 et
558 3357 857 3423 animam
890 3364 950 3423 et
981 3360 1216 3443 corpus
1257 3353 1550 3422 occidere
1602 3354 1670 3420 in
1715 3353 2092 3443 qehennam
2134 3353 2398 3441 (Mattli.
2436 3354 2525 3442 x).
2577 3358 2749 3424 Pau-

215 3377 332 3511 fus
379 3442 581 3510 etiam
660 3464 780 3511 nos
849 3441 1293 3521 adhortatur,
1360 3453 1432 3509 ut
1482 3441 1599 3526 qui
1665 3442 1750 3509 ad
1808 3440 2071 3509 Domini
2130 3442 2466 3530 promissa
2516 3443 2749 3512 venire

218 3530 564 3617 cupimus,
621 3530 869 3599 imitari
907 3530 1270 3598 Dominum
1315 3529 1381 3597 in
1415 3529 1741 3598 omnibus
1761 3527 2154 3600 debeamus.
2191 3532 2459 3611 Sumus,
2494 3531 2742 3617 inquit,

215 3621 352 3707 filii
394 3620 553 3686 Dei:
583 3621 647 3686 si
674 3628 899 3688 autem
939 3620 1095 3708 filii,
1131 3627 1192 3686 et
1237 3618 1579 3687 haeredes.-
1614 3618 1930 3687 ltaeredes
1960 3618 2229 3702 quidem
2256 3622 2397 3700 Dei,
2436 3619 2750 3689 colmere-

217 3710 331 3778 des
363 3716 588 3775 autem
646 3707 938 3777 Christi.-
987 3709 1051 3775 si
1084 3707 1351 3797 quidem
1406 3708 1917 3796 compatiamur,
1961 3718 2037 3776 ut
2090 3709 2742 3797 commaqnificemur

214 3803 236 3873 (
276 3802 453 3865 Rom.
507 3794 693 3885 vm).
745 3795 943 3865 Addit
1000 3795 1201 3864 etiam
1251 3795 1828 3884 comparationem
1884 3797 2262 3885 praesentis
2313 3796 2640 3884 temporis
2679 3807 2746 3865 et

213 3884 486 3956 suturae
531 3884 883 3964 claritatiS‚
919 3883 1191 3953 dicens:
1227 3889 1368 3952 Non
1397 3894 1551 3952 sunt
1581 3884 1950 3973 condiqnae
2033 3886 2323 3953 assiones
2356 3884 2561 3973 liujus
2586 3894 2744 3952 tem·

210 3976 394 4063 poris
421 3974 1089 4072 ad,superventuram
1113 3974 1516 4051 claritatem,
1547 3995 1720 4062 quae
1742 3977 1969 4042 revela
2015 3975 2155 4041 itur
2178 3974 2250 4041 in
2272 3973 2456 4041 nobis
2479 3972 2741 4060 (Ibid.).

215 4062 422 4151 Cujus
460 4060 790 4131 claritatis
838 4061 1123 4152 gloriam
1175 4061 1576 4149 cogitantes,
1625 4082 1982 4150 pressuras
2030 4082 2270 4132 omnes
2316 4072 2382 4129 et
2420 4081 2751 4150 persecu·

215 4151 430 4220 tiones
481 4150 764 4220 tolerare
805 4172 927 4219 nos
957 4149 1292 4219 convenit:
1348 4149 1509 4235 quia
1552 4150 1678 4217 etsi
1729 4162 1891 4218 sunt
1931 4148 2189 4219 multae
2229 4170 2592 4238 pressurae
2636 4150 2749 4240 ju·

212 4250 501 4321 storum,
547 4261 626 4309 ex
659 4239 985 4309 omnibus
1037 4251 1261 4307 tamen
1315 4237 1717 4315 liberantur,
1770 4237 1890 4324 qui
1925 4238 1995 4306 in
2033 4242 2241 4306 Deum
2280 4236 2529 4306 fidunt.

299 4330 337 4416 ξ
385 4334 468 4400 4.
521 4332 757 4399 Beatas
802 4329 1004 4399 etiam
1043 4327 1356 4408 feminaS,
1391 4348 1567 4414 quae
1617 4326 1966 4397 vobiscum
2002 4340 2165 4397 sunt
2203 4326 2273 4395 in
2309 4326 2544 4396 eadem
2581 4347 2742 4395 con·

211 4415 532 4487 fessionis
578 4417 798 4507 gloria
835 4416 1282 4498 constitutae,
1335 4435 1511 4503 quae
1558 4415 1981 4485 Dominicam
2046 4414 2251 4485 fidem
2305 4428 2631 4496 tenentes,
2677 4426 2743 4484 et
