3347 4999
597 269 761 332 28³2
1235 286 1311 332 ni:
1360 286 1451 332 ss.
1505 283 1861 331 Anonomco
1911 285 1985 330 ET
2034 280 2391 331 ArnANAsu.
2815 266 2987 331 OCT.
3047 269 3097 332 9

544 370 935 439 extulerunt
984 368 1409 438 venerandas
1468 368 1792 455 reliquias
1840 368 2292 448 Athanasiae,
2364 374 2573 446 Deum
2624 368 3099 456 glorificantes

547 460 662 546 qui
710 471 965 528 tantam
1005 457 1432 527 tolerantiam
1479 458 1797 547 praebuit
1830 456 2126 526 mulieri.
2168 459 2589 545 Exspectavit
2622 470 2848 526 autem
2882 480 3098 528 senex

545 547 912 637 septimum
949 546 1131 615 diem
1170 547 1404 615 beatae
1453 546 1886 615 Athanasiae.
1940 551 2172 615 Postea
2225 568 2379 615 vero
2414 545 2626 615 voluit
2674 568 2877 617 senex
2909 548 3099 617 acci-

542 658 701 726 pere
749 657 980 704 secum
1018 636 1337 705 Abbatem
1389 635 1882 715 Andronicum,
1930 634 2046 703 sed
2092 657 2223 703 non
2280 634 2347 703 id
2399 636 2750 715 sustinuit,
2793 635 3086 705 dicens:

543 749 578 792 «
624 725 868 793 Moriar
902 747 1060 794 cum
1102 747 1246 793 mea
1282 724 1588 793 domina.
1624 748 1659 791 »
1702 729 2010 810 Cumque
2050 746 2206 793 eum
2245 724 2834 813 rursusjussisset
2866 725 3095 795 valere

544 819 779 887 Senex.
817 815 1217 903 priusquam
1255 815 1273 881 i
1330 833 1399 880 se
1428 814 1552 881 iret
1577 813 1660 881 ad
1693 826 2006 881 sanctum
2039 818 2328 892 Menam,
2360 812 2644 882 venitad
2667 835 2822 882 eum
2848 813 3086 895 frater,

543 902 818 973 dicens:
856 925 890 967 «
923 904 1209 972 Laborat
1241 908 1284 970 A
1338 902 1459 971 bas
1484 902 1938 981 AndronicuS,
1980 914 2044 970 et
2067 915 2168 971 est
2195 901 2511 972 redactus
2542 902 2626 970 ad
2657 903 3092 992 angustias.»

545 997 758 1061 Senex
799 1013 953 1059 vero
1011 1013 1253 1061 rursus
1288 990 1475 1059 misit
1509 990 1575 1058 in
1615 995 1900 1070 Scetem‚
1955 989 2236 1059 dicens:
2293 1014 2327 1057 «
2357 990 2594 1059 Adeste
2643 990 2777 1059 huc
2814 992 3094 1061 venien-

545 1093 667 1150 tes.
701 1081 922 1150 Abbas
962 1082 1144 1148 enim
1184 1079 1613 1148 Andronicus
1648 1078 1959 1165 sequitur
2010 1079 2329 1148 Abbatem
2368 1080 2839 1148 Athanasium.
2887 1104 2924 1147 »
2974 1080 3087 1150 Illi

544 1184 771 1239 autem
806 1191 964 1238 cum
995 1168 1443 1248 audivissent,
1490 1180 1947 1247 accesserunt,
1983 1182 2047 1236 et
2079 1170 2488 1238 invenerunt
2525 1190 2683 1237 eum
2720 1168 3086 1239 viventem.

545 1266 591 1328 A
624 1280 761 1345 quo
791 1278 949 1327 cum
983 1258 1409 1347 accepissent
1444 1257 2014 1337 benedictionem,
2053 1257 2335 1326 dormiit
2380 1257 2449 1325 in
2495 1258 2802 1325 Domino.

631 1349 667 1435 ξ
716 1351 796 1419 S.
853 1352 1167 1415 Exortum
1234 1359 1334 1415 est
1386 1369 1548 1436 ergo
1596 1346 1851 1415 bellum
1923 1346 2098 1415 inter
2155 1359 2378 1434 patres
2448 1346 2967 1425 Decimioctavi,
3021 1360 3092 1417 et

544 1436 911 1506 Monachos
960 1435 1308 1515 Scetiotas‚
1362 1434 1665 1504 dicentes
1698 1459 1711 1500 :
1768 1458 1801 1500 «
1840 1440 2071 1504 Noster
2108 1449 2208 1504 est
2238 1434 2465 1517 frater,
2504 1448 2569 1504 et
2610 1456 2766 1503 cum
2806 1435 3089 1505 habebi-

544 1547 700 1593 mus
736 1526 801 1593 in
843 1529 1053 1604 Scete‚
1114 1538 1188 1593 ut
1246 1523 1440 1593 nobis
1478 1545 1677 1614 opem
1736 1522 1955 1592 ferant
2011 1523 2160 1611 ejus
2221 1544 2475 1612 preces:
2509 1547 2545 1589 »
2591 1528 2821 1593 Patres
2859 1537 3084 1593 autem

542 1613 1028 1683 Octavidecimi
1067 1611 1430 1682 dicebant:
1470 1636 1504 1679 «
1546 1618 1886 1681 Ponemus
1918 1634 2074 1682 eum
2112 1634 2270 1681 curn
2306 1635 2432 1681 sua
2459 1634 2688 1681 sorore
2713 1613 2768 1680 ⁴.
2809 1637 2844 1679 »
2882 1613 3089 1681 Vehe-

543 1718 808 1771 menter
857 1703 1068 1793 igitur
1117 1692 1465 1771 instabant
1500 1701 1872 1781 Scetiotae;
1926 1714 1990 1770 et
2038 1700 2206 1769 dicit
2246 1701 2796 1771 Archimandrita
2829 1702 3090 1770 Octavi-

543 1790 841 1861 decimi:
903 1821 926 1853 «
969 1791 1034 1859 Si
1075 1790 1240 1876 quid
1297 1811 1501 1859 senex
1549 1789 1846 1868 dixerit,
1909 1789 2340 1859 faciamus.»
2390 1790 2613 1861 Abbas
2648 1811 2802 1858 vero
2854 1789 3088 1859 Daniel

543 1879 995 1951 dicebateum
1035 1894 1347 1967 oportere
1386 1878 1527 1947 illic
1556 1878 1856 1967 sepeliri.
1901 1878 2007 1946 llli
2049 1891 2277 1947 autem
2323 1901 2457 1948 non
2494 1879 2868 1948 audiebant
2895 1901 3082 1959 eum,

543 1969 887 2038 dicentes:
946 1989 981 2033 (ι
1016 1973 1128 2036 Est
1160 1989 1385 2047 senex,
1430 1981 1495 2037 et
1536 1989 1668 2036 non
1714 1968 1905 2036 timet
1937 1966 2240 2056 amplius
2276 1969 2532 2039 bellum
2568 1968 2900 2057 corporis.
2957 1973 3088 2037 Nos

545 2072 773 2127 autem
817 2055 1425 2142 suniusjuniores‚
1464 2068 1529 2126 et
1571 2055 1889 2125 volumus
1930 2056 2233 2147 fratrem,
2275 2070 2352 2126 ut
2387 2057 2582 2126 nobis
2617 2078 2814 2156 opem
2868 2055 3088 2125 ferant

543 2148 697 2231 ejus
731 2166 989 2234 preces.
1044 2144 1306 2214 Sufficit
1345 2146 1529 2214 enim
1584 2145 1798 2224 vobis,
1852 2146 2033 2231 quod
2090 2145 2498 2232 reliquimus
2531 2146 2722 2215 vobis
2761 2145 3086 2214 Abbatem

542 2234 1013 2304 Athanasium.
1048 2256 1090 2299 »·
1136 2239 1301 2302 Cum
1343 2256 1495 2303 vero
1537 2234 1818 2303 vidisset
1852 2256 2054 2304 senex
2089 2256 2237 2303 esse
2274 2255 2592 2323 magnam
2628 2234 3089 2323 perturbatio-

550 2345 701 2392 nem
738 2376 752 2401 ,
806 2322 974 2390 dicit
1027 2320 1356 2391 fratribus
1389 2323 1577 2391 suis:
1634 2346 1667 2387 «
1701 2324 1767 2390 si
1807 2344 1912 2391 me
1953 2344 2083 2391 non
2128 2322 2448 2403 audiati5‚
2493 2344 2619 2412 ego
2650 2343 2926 2409 quoque
2976 2322 3089 2391 hic

548 2410 858 2490 maneb0,
903 2422 967 2478 et
1001 2411 1294 2499 sepeliar
1325 2433 1483 2479 cum
1532 2433 1680 2479 meo
1723 2410 1906 2491 filio;
1952 2435 1985 2476 »
2034 2423 2099 2479 et
2149 2425 2310 2481 tunc
2343 2412 2751 2498 quieverunt
2781 2425 2846 2480 et
2893 2423 3091 2482 extu-

545 2501 771 2569 lerunt
797 2499 1071 2569 fratrem
1102 2498 1593 2570 Andronicum.
1627 2502 1870 2569 Dicunt
1900 2523 2062 2590 ergo
2096 2502 2269 2570 seni:
2303 2507 2608 2570 «Eamus
2643 2502 2711 2569 in
2751 2507 3087 2570 Scetem.»

545 2590 713 2657 Dicit
745 2592 844 2657 eis
881 2611 1129 2658 senex:
1178 2611 1214 2655 «
1249 2591 1458 2658 Sinite
1486 2643 1504 2669 ,
1569 2602 1643 2658 ut
1692 2589 1937 2658 faciam
1990 2591 2356 2676 septimum
2402 2589 2582 2658 diem
2636 2589 2867 2659 fratris
2897 2590 2969 2665 *Τ
3000 2613 3016 2670 ;
3052 2614 3087 2656 »

539 2691 605 2746 et
642 2700 770 2746 non
812 2678 1116 2747 siverunt
1147 2700 1303 2747 eum
1346 2700 1642 2747 manere.
1699 2684 1797 2746 lta
1845 2678 2131 2746 confidit
2179 2678 2400 2748 Abbas
2445 2678 2675 2747 Daniel
2718 2701 2843 2748 suo
2877 2679 3090 2748 disci-

546 2767 732 2856 pulo.
788 2771 1078 2836 Oremus
1131 2788 1253 2835 nos
1303 2788 1577 2853 quoque
1613 2821 1627 2846 ‚
1690 2779 1767 2835 ut
1814 2768 2175 2841 veniamus
2223 2767 2307 2835 ad
2363 2789 2755 2837 mensuram
2808 2767 3087 2837 Abbatis

542 2856 888 2924 Athanasii
921 2869 984 2923 ct
1019 2855 1294 2924 Abbatis
1326 2855 1722 2932 Andronici,
1770 2857 2087 2943 precibus
2112 2856 2423 2924 omnium
2456 2861 2860 2926 Sanctorum
2898 2857 3090 2926 Chri-

542 2945 665 3014 sti:
702 2945 812 3014 cui
850 2944 1066 3034 gloria
1098 2958 1163 3014 et
1199 2945 1497 3034 potentia
1527 2944 1735 3014 simul
1777 2967 1936 3014 cum
1973 2950 2162 3013 Patre
2194 2956 2259 3013 et
2300 2949 2544 3014 Sancto
2581 2945 2861 3035 Spiritu,
2900 2967 3087 3015 nunc

469 3049 484 3060 ·
539 3047 603 3103 et
636 3055 909 3123 semper
945 3045 1009 3102 et
1052 3034 1118 3101 in
1157 3034 1390 3103 secula
1425 3033 1843 3118 seculorum,
1883 3038 2117 3102 Amen.

539 3196 715 3247 Lanam
748 3199 767 3216 ⁴·
798 3194 838 3236 si
867 3198 998 3245 virgo
1028 3194 1212 3241 obierit.
1239 3198 1453 3247 reliquae
1481 3194 1702 3246 virgines.
1731 3207 1838 3236 cum
1868 3206 1972 3237 eam
1993 3197 2049 3236 ad
2069 3197 2365 3245 sepulturum
2387 3198 2782 3242 concinnaverint.
2802 3199 3015 3241 efferunt.
3036 3201 3087 3237 et

541 3261 641 3289 eam
671 3251 852 3297 ponunt
882 3250 938 3287 ad
967 3250 1116 3298 ripam
1144 3249 1367 3291 fluminis.
1396 3251 1708 3299 Trajicientes
1730 3252 1884 3289 nutem
1906 3251 2077 3289 fratres
2096 3260 2202 3289 cum
2223 3251 2396 3300 palmis
2415 3254 2461 3290 et
2480 3252 2621 3291 ramis
2645 3251 2797 3290 olivae
2819 3254 2865 3290 et
2885 3251 3087 3300 psalmo-

540 3305 618 3344 din
637 3313 736 3342 eam
758 3303 1087 3342 transmittunt
1109 3304 1156 3342 et
1175 3302 1222 3342 in
1244 3304 1344 3343 suis
1364 3303 1681 3343 monumentis
1706 3303 1957 3354 sepeliunt.
1977 3333 1996 3350 .

596 3357 620 3382 *
650 3355 934 3394 monasteria
961 3356 1068 3398 duo,
1086 3367 1169 3404 pro
1189 3354 1303 3395 viris
1326 3367 1485 3399 unum.
1505 3358 1705 3396 alterum
1726 3357 1926 3401 feminis.
1947 3355 2245 3397 interfluente
2267 3355 2372 3397 Nilo
2393 3357 2626 3402 distincta.
2645 3357 2914 3397 condiderat
2933 3355 2975 3396 S.
3001 3356 3087 3395 Pn-

542 3410 719 3468 comius
749 3409 799 3467 in
838 3409 1069 3456 superiori
1110 3409 1355 3449 Thebaide.
1405 3412 1835 3449 Decimum-octavum
1881 3412 2179 3472 appellabant
2200 3439 2210 3455 .
2245 3411 2372 3460 quod
2409 3413 2459 3452 18
2493 3409 2771 3452 milliaribus
2809 3407 3088 3450 Alexandri&

541 3463 760 3506 distabat,
784 3472 830 3500 m
849 3470 943 3510 quo
962 3463 1120 3510 piures
1141 3473 1288 3501 annos
1308 3460 1435 3512 degit
1455 3465 1496 3503 S.
1516 3461 1782 3503 Athanasio.

595 3515 649 3542 ¹⁸*
680 3516 797 3556 Nota
815 3513 1050 3565 vigentem
1065 3518 1267 3564 jamtum
1289 3517 1411 3565 apud
1431 3526 1511 3556 eos
1532 3516 1785 3555 monachos
1804 3517 1949 3556 ritum
1972 3515 2184 3566 Septima«
2203 3520 2250 3557 et
2275 3519 2535 3568 Trcqesimae
2552 3526 2636 3566 pro
2661 3515 2914 3559 Defunctis.
