3347 4999
148 371 329 437 OCT.
384 373 420 436 4
1023 391 1205 438 nas.
1259 391 1602 439 FRANmsco
1650 391 1837 440 conr.
2494 380 2619 443 1123

144 474 553 562 rapiebatur
599 475 1044 551 excessibus:
1099 474 1692 560 quemadmodum
1766 491 1830 546 et
1877 499 2003 566 ego
2053 479 2201 566 ipse
2250 481 2522 550 oculata
2574 481 2710 551 fide

144 563 528 650 conspexi:
583 576 659 633 ut
713 562 935 653 magis
994 575 1391 633 censeretur
1434 564 1611 634 inter
1664 565 1982 637 homines
2035 568 2241 637 vitam
2305 570 2705 660 Angelicam

154 673 384 741 agere,
419 673 628 738 quam
665 651 1076 720 humanam.
1433 736 1442 746 ·

242 742 280 827 ξ
332 743 459 810 n.
516 739 640 808 Illo
686 761 962 827 quoque
1013 753 1314 829 tempore
1353 741 1630 810 cuidam
1677 741 2013 812 sacerdoti
2067 743 2363 814 civitatis
2419 747 2654 817 Assisii
2689 803 2705 830 ‚

149 828 435 898 nomine
471 827 812 909 Silvestro,
871 828 1195 898 honestae
1241 831 1781 901 conversationis
1831 830 2015 912 viro,
2070 832 2408 920 quaedam
2480 858 2519 903 a
2581 840 2709 904 Do-

148 917 345 986 mino
393 917 523 987 fuit
570 930 840 987 ostensa
890 917 1064 988 visio
1113 940 1249 987 non
1304 919 1611 989 tacenda.
1667 923 1834 988 Cum
1868 920 2052 989 enim
2094 922 2377 991 modum
2420 935 2484 992 et
2528 924 2708 993 viam

149 1006 552 1086 Francisci,
610 1005 1040 1094 fratrumque
1097 1029 1381 1077 suorum
1441 1007 1751 1077 humano
1800 1009 2052 1097 spiritu
2112 1010 2555 1093 abhorreret,
2626 1034 2711 1083 ne

151 1094 660 1184 periclitaretur
710 1117 834 1185 pro
883 1095 1259 1165 temeritate
1292 1095 1568 1184 judicii,
1627 1109 1941 1185 respectu
1990 1097 2120 1168 fuit
2169 1121 2508 1188 supernae
2555 1123 2710 1191 gra—

149 1184 287 1253 tiae
321 1184 658 1254 visitatus».
713 1183 999 1254 Videbat
1046 1206 1345 1272 namque
1394 1186 1463 1254 in
1527 1186 1792 1255 somnis
1829 1199 2036 1257 totam
2078 1188 2315 1257 Assisii
2366 1190 2709 1259 civitatem

148 1295 193 1342 a
241 1272 542 1342 dracone
593 1295 845 1364 magno
907 1273 1364 1354 circumdati,
1420 1295 1582 1363 prae
1650 1275 1859 1362 cujus
1912 1277 2392 1366 magnitudine
2439 1279 2703 1358 nimia,

153 1375 295 1431 tota
343 1362 533 1453 regio
582 1361 944 1431 videbatur
990 1363 1396 1431 exterminio
1444 1362 1825 1452 subjacere.
1882 1365 2346 1436 contuebatur
2378 1380 2532 1456 post
2579 1367 2709 1436 hoc

150 1455 438 1520 Crucem
482 1451 834 1539 quandam
884 1471 1191 1533 auream,
1236 1472 1312 1519 ex
1365 1472 1481 1521 ore
1534 1452 2016 1541 procedentem
2077 1456 2448 1537 Francisci,
2505 1455 2711 1544 cujus

149 1540 522 1610 summitas
569 1539 798 1610 caelos
845 1539 1209 1630 tangebat,
1263 1540 1603 1629 cujusque
1649 1540 1932 1610 brachia
1975 1555 2293 1633 protensa
2341 1544 2410 1612 in
2465 1544 2704 1625 latum,

145 1650 374 1715 usque
424 1629 510 1697 ad
561 1627 806 1698 mundi
856 1627 1031 1698 fines
1071 1628 1485 1698 videbantur
1537 1629 1839 1699 extendi.
1876 1630 1972 1700 Ad
2015 1632 2218 1722 cujus
2252 1633 2454 1702 etiam
2518 1655 2714 1723 aspe-

147 1731 341 1786 ctum
383 1716 919 1818 praefulgidum,
958 1717 1167 1786 draco
1201 1717 1317 1787 ille
1345 1731 1510 1788 teter
1547 1732 1612 1787 et
1642 1719 1984 1790 horridus.
2008 1720 2283 1809 penitus
2308 1720 2704 1812 fugabatur.

147 1810 295 1876 Hoc
345 1805 512 1875 dum
557 1806 690 1875 sib1
744 1805 936 1874 tertio
987 1820 1532 1889 monstraretur,
1589 1806 1903 1877 divinum
1948 1811 2321 1880 aestimans
2360 1832 2509 1879 esse
2556 1832 2710 1880 ora-

150 1895 423 1973 culum,
481 1893 624 1963 viro
661 1895 778 1964 Dei
825 1906 889 1962 et
936 1893 1266 1965 fratribus
1317 1896 1464 1965 suis
1512 1918 1635 1984 per
1665 1897 1982 1966 ordinem
2031 1900 2397 1989 enarravit,
2443 1921 2522 1968 ac
2574 1921 2709 1969 non

147 1982 375 2052 multo
440 1995 590 2073 post
660 1997 965 2073 tempore
1032 1985 1376 2053 mundum
1453 1985 1900 2071 relinquens,
1964 1987 2269 2076 vestigiis
2319 1987 2563 2057 Christi
2614 1990 2712 2057 sic

150 2071 450 2162 perfecte
482 2070 815 2151 adhaesit,
869 2071 1051 2158 quod
1103 2073 1239 2142 vita
1291 2073 1513 2162 ipsius
1560 2075 1630 2142 in
1681 2074 1925 2143 ordine
1973 2076 2439 2145 authenticam
2488 2077 2710 2170 reddit

149 2184 333 2241 eam,
389 2182 598 2248 quam
642 2161 712 2229 in
762 2160 994 2230 seculo
1046 2160 1403 2242 habuerat,
1458 2162 1818 2232 visionem.
1873 2169 1964 2232 Ex
2013 2164 2231 2252 hujus
2271 2167 2552 2235 visionis
2593 2188 2711 2235 au·

146 2250 302 2319 ditu
338 2249 440 2317 vir
490 2250 600 2317 Dei
655 2270 790 2317 non
843 2248 910 2317 in
964 2250 1185 2341 gloria
1232 2263 1334 2320 est
1380 2250 1603 2320 elatus
1651 2245 2143 2333 humana,*sed
2191 2254 2559 2323 bonitatem
2600 2256 2712 2324 Dei

148 2340 223 2406 in
279 2338 427 2408 suis
477 2337 831 2408 beneficiis
882 2360 1379 2429 recognoscens
1411 2394 1426 2419 ,
1488 2339 1734 2410 fortius
1800 2341 2150 2414 animatus
2213 2357 2315 2413 est
2361 2343 2444 2412 ad
2496 2344 2714 2415 hostis

148 2426 424 2585 antiqui
475 2424 853 2518 fugandam
927 2428 1346 2510 versutiam,
1400 2441 1465 2499 et
1513 2429 1748 2499 Crucis
1798 2429 2047 2501 Christi
2096 2429 2386 2524 gloriam
2442 2434 2714 2524 praedi-

147 2539 280 2586 can
338 2538 475 2585 am.

244 2608 280 2692 ξ
330 2608 468 2677 18.
523 2604 833 2687 Quadam
884 2617 1113 2675 autem
1166 2606 1277 2675 die
1307 2607 1474 2677 dum
1517 2607 1587 2676 in
1620 2607 1921 2695 quodam
1972 2609 2277 2680 solitario
2311 2611 2458 2681 loco
2493 2633 2715 2683 annos

150 2716 317 2763 suos
350 2695 419 2763 in
453 2693 920 2763 amaritudine
952 2696 1337 2784 recogitans
1384 2695 1795 2785 deploraret,
1849 2699 2068 2768 sancti
2119 2699 2417 2789 Spiritus
2451 2700 2520 2767 in
2552 2722 2711 2768 eum

151 2782 680 2872 superveniente
732 2782 1011 2865 laetitia,
1066 2782 1482 2855 certificatus
1515 2797 1616 2855 est
1650 2785 1737 2855 de
1771 2787 2178 2857 remissione
2229 2788 2536 2875 plenaria
2569 2810 2713 2856 om·

146 2872 347 2940 nium
401 2871 838 2941 delictorum.
895 2876 1159 2962 Raptus
1206 2873 1458 2943 deinde
1497 2896 1711 2964 supra
1761 2897 1869 2957 se,
1923 2897 2003 2945 ac
2054 2876 2122 2945 in
2175 2875 2524 2962 quoddam
2582 2877 2713 2946 mi-

146 2959 450 3029 randum
495 2959 732 3030 lumen
786 2972 965 3032 totus
1015 2961 1406 3052 absorptuS‚
1450 2955 2034 3033 dilatato'mentis
2085 2964 2265 3044 sinu,
2310 2985 2487 3052 quae
2528 2965 2714 3034 circa

149 3070 225 3118 se
271 3062 337 3118 et
384 3048 565 3118 filios
614 3071 778 3118 suos
824 3049 1060 3120 futura
1108 3064 1351 3134 erant,
1409 3051 1797 3121 luculenter
1830 3051 2164 3141 adspexit.
2221 3057 2377 3123 Post
2429 3053 2558 3122 hoc
2608 3074 2714 3122 re·

148 3160 394 3207 versus
434 3137 517 3206 ad
562 3136 852 3208 fratres:
909 3161 944 3205 «
1004 3138 1523 3221 Confortamini,
1577 3141 1690 3209 ait.
1748 3141 2119 3224 carissimi,
2174 3152 2239 3210 et
2287 3142 2579 3233 gaudete
2642 3143 2713 3211 in

149 3228 484 3296 Domino:
540 3248 663 3295 nec
705 3227 871 3314 quia
921 3229 1123 3317 pauci
1169 3230 1355 3311 estiS,
1401 3227 1802 3299 efficiamini
1847 3229 2093 3310 tristeS,
2157 3251 2378 3317 neque
2421 3252 2536 3300 vos
2585 3244 2714 3300 ter-

152 3328 299 3385 reat
353 3336 504 3384 mea
564 3314 664 3383 vel
716 3328 939 3386 vestra
990 3317 1402 3418 simplicitas
1435 3319 1833 3406 :quoniam
1885 3318 2065 3388 sicut
2113 3318 2287 3388 mihi
2337 3343 2376 3388 a
2426 3320 2714 3390 Domino

151 3405 226 3473 in
264 3404 542 3473 veritate
576 3415 932 3475 ostensum
965 3417 1089 3488 est,
1127 3428 1195 3474 m
1231 3428 1550 3497 magnam
1588 3406 2108 3495 multitudinem
2142 3407 2344 3478 faciet
2376 3430 2501 3478 nos
2538 3414 2714 3479 Deus

152 3513 511 3572 crescere,
580 3513 884 3580 suaeque
934 3495 1436 3565 benedictionis
1484 3496 1707 3585 gratia
1757 3495 2237 3586 multipliciter
2292 3498 2630 3568 dilatabit.
2675 3521 2711 3563 »
2807 3582 2810 3583 f

152 3581 405 3650 Eodem
457 3602 730 3668 quoque
788 3594 1138 3672 tempore,
1183 3584 1483 3671 quodam
1527 3583 1664 3653 alio
1715 3583 1895 3655 bono
1948 3586 2091 3654 viro
2150 3586 2550 3677 religionem
2602 3587 2713 3654 in-

152 3683 400 3751 trante,
446 3670 530 3737 ad
574 3672 1042 3758 septenarium
1079 3693 1451 3742 numerum
1496 3672 1619 3740 viri
1660 3673 1775 3743 Dei
1825 3673 2095 3743 soboles
2143 3675 2502 3745 benedicta
2601 3697 2709 3744 er-

155 3760 362 3828 venit.
427 3763 616 3827 Tunc
660 3759 816 3847 pius
866 3773 1059 3849 pater
1114 3782 1358 3830 omnes
1403 3760 1490 3830 ad
1542 3782 1631 3843 se,
1661 3761 1843 3832 filios
1890 3765 2334 3844 convocavit,
2388 3775 2454 3833 et
2509 3786 2551 3854 p
2583 3786 2712 3834 ura

153 3849 253 3917 eis
291 3848 378 3916 de
412 3867 623 3937 regno
658 3849 795 3929 Dei,
835 3848 919 3917 de
966 3862 1368 3938 contemptu
1428 3850 1698 3933 mundi,
1753 3850 1837 3919 de
1886 3851 2342 3941 abnegatione
2392 3852 2712 3943 propriae

153 3935 574 4016 voluntatis,
645 3938 1091 4025 corporisque
1159 3938 1610 4028 castigatione
1680 3940 2204 4029 pronuncians,
2277 3941 2709 4032 propositum

157 4047 358 4096 suum
397 4024 481 4094 de
523 4025 853 4095 mittendo
887 4024 1044 4094 illos
1079 4027 1147 4094 in
1184 4041 1482 4112 quatuor
1521 4041 1749 4119 partes
1785 4028 1974 4100 orbis
2005 4029 2300 4118 aperuit.
2339 4035 2492 4099 Jar'n
2522 4030 2709 4098 enim

157 4113 406 4183 sterilis
453 4126 518 4183 et
568 4113 991 4204 paupercula
1042 4115 1454 4205 simplicitas
1489 4118 1711 4187 sancti
1762 4119 1976 4207 patris
2029 4132 2380 4208 pepererat
2415 4131 2703 4207 septem,

159 4214 222 4272 ct
280 4201 717 4272 desiderabat
781 4203 1295 4273 universitatem
1370 4204 1681 4276 fidelium
1743 4206 1829 4275 ad
1892 4206 2348 4294 poenitentiae
2413 4206 2712 4277 lamenta

159 4288 486 4371 vocaiam,
542 4291 808 4362 Christo
859 4293 1149 4362 Domino
1203 4294 1562 4382 parturire.
1612 4317 1648 4360 «
1687 4299 1807 4375 Ite,
1855 4295 2079 4380 inquit
2125 4294 2352 4366 dulcis
2385 4310 2577 4387 pater
2623 4298 2710 4366 ad

159 4378 357 4460 filios,
405 4382 912 4473 annunciantes
961 4381 1362 4451 hominibus
1415 4405 1694 4471 pacem,
1772 4383 2176 4472 praedicate
2218 4386 2710 4474 poenitentiam

158 4469 225 4536 in
278 4469 752 4537 remissionem
807 4483 1277 4560 peccatorum.
1318 4476 1540 4540 Estote
1589 4472 1656 4538 in
1713 4470 2281 4544 tribulationibus
2329 4473 2703 4563 patienteS,
