3347 4999
163 340 354 407 OCT.
412 341 450 405 3
868 361 945 405 nn
994 357 1049 403 s.
1104 343 1392 406 chasano
1440 348 1681 405 Annua
1731 359 2063 406 ancxir-:nsi
2558 342 2640 406 89

160 465 285 513 me
318 455 586 534 gestum
637 443 787 522 erit,
841 457 940 522 tu,
994 444 1278 532 auspice
1312 444 1598 522 Christo,
1644 444 1795 530 ejus
1839 444 2179 531 particeps
2226 441 2406 511 effici
2461 464 2726 512 merea-

158 532 291 602 ris.
342 555 379 597 »
421 537 592 602 Turn
644 554 799 601 vero
833 536 1093 612 ComeS‚
1139 532 1441 601 subortis
1478 532 1823 619 lacrymiS,
1861 530 2277 619 singultiens
2303 531 2674 620 respondet
2709 556 2721 598 :

163 645 210 687 «
249 626 464 698 Itane,
504 621 887 690 amicorum
924 621 1370 701 amicissime,
1409 621 1714 690 amicum
1749 641 2031 709 prorsus
2060 620 2463 689 unanimem
2497 620 2728 690 deser-

158 723 374 780 turus
420 713 540 779 es?
572 709 831 797 Ecquid
868 731 1024 778 vero
1059 709 1183 777 tibi
1215 710 1283 777 in
1321 731 1431 778 me
1470 708 1860 798 displicuit?
1889 714 1966 777 In
2022 722 2105 787 te,
2139 708 2341 788 eheu,
2387 708 2723 779 hactenus

158 799 690 880 recumbebam,
731 800 801 867 in
839 812 1082 868 mutua
1117 799 1293 867 inter
1326 820 1452 868 nos
1491 797 1863 869 concordia
1896 811 2100 884 atque
2129 797 2528 866 animorum
2564 821 2728 867 con-

161 887 553 977 spiratione
608 886 1157 976 acquiescebam.
1205 886 1332 956 Sed
1383 901 1461 957 ut
1500 887 1819 976 conjici0,
1873 885 2271 986 evangelica
2319 887 2724 955 auctoritate

156 975 479 1057 edoctus,
526 976 802 1077 gladius
853 974 1220 1046 Salvatoris
1269 997 1395 1046 nos
1435 975 1579 1044 vult
1618 956 1835 1046 aliufn
1869 975 1957 1044 ab
1998 974 2134 1044 alio
2166 996 2508 1064 separare.
2549 974 2728 1043 Alio-

158 1066 294 1152 qui
326 1066 461 1134 nisi
494 1065 828 1135 divinitus
862 1065 1092 1135 isthuc
1118 1064 1262 1134 fieri
1299 1066 1793 1143 existimarem,
1832 1064 1990 1151 quis
2024 1078 2083 1132 te
2132 1062 2235 1132 vel
2283 1066 2725 1133 centimanus

158 1156 372 1245 gigas
419 1177 459 1223 a
513 1175 664 1223 meo
714 1167 942 1244 posset
990 1153 1355 1243 complexu
1389 1151 1744 1223 divellere?
1792 1158 1986 1222 Nunc
2034 1174 2226 1232 vero,
2275 1152 2555 1239 quando
2606 1153 2728 1221 tibi

158 1243 461 1313 coelitus
494 1243 607 1312 hic
642 1243 922 1313 animus
970 1243 1341 1332 aspiratur,
1400 1264 1482 1311 ne
1525 1255 1779 1311 temere
1813 1242 2044 1310 videar
2090 1241 2447 1331 aspernari
2491 1263 2728 1331 preces

162 1346 352 1412 tuas,
405 1331 525 1401 fiat
574 1332 891 1401 voluntas
943 1332 1081 1412 Dei,
1127 1345 1193 1401 et
1240 1332 1422 1419 quod
1476 1344 1551 1401 tu
1601 1331 1777 1421 petis
1825 1352 1861 1398 a
1915 1351 2109 1399 me.»

574 1439 780 1501 Dulcia
825 1440 1117 1501 fraternis
1163 1448 1313 1501 tunc
1360 1440 1661 1517 imprimit
1704 1438 1910 1500 oscula
1957 1438 2165 1510 labris,

576 1519 779 1580 Edidit
820 1525 881 1580 et
926 1518 1103 1581 talem
1149 1528 1376 1581 moesto
1419 1518 1495 1581 de
1537 1527 1776 1596 pectore
1820 1532 2066 1580 vocem:

570 1598 826 1659 Nostrae
856 1615 991 1676 pars
1018 1600 1282 1670 animae,
1316 1600 1503 1660 nostri
1535 1614 1766 1660 memor
1792 1605 1942 1670 estc,
1976 1597 2250 1676 valeque.

572 1678 772 1756 Atque
803 1694 1057 1755 gemens
1082 1679 1277 1753 valde,
1314 1680 1587 1757 permisit
1615 1679 1784 1740 abire
1815 1685 2193 1754 gementem.

260 1779 297 1862 ξ
347 1781 478 1846 11.
532 1780 738 1844 Porro
788 1775 892 1842 vir
941 1775 1211 1844 Domini
1280 1775 1438 1845 inde
1503 1775 1861 1855 recedens,
1917 1775 1997 1843 ad
2054 1779 2525 1863 Tungrensem
2578 1775 2725 1863 epi-

166 1885 463 1953 scopum
530 1864 953 1952 Stephanum
1025 1876 1205 1934 recta
1269 1864 1774 1954 proficiscitur:
1827 1876 1903 1932 ut
1950 1863 2115 1950 quia
2166 1876 2317 1952 post
2355 1862 2717 1933 'summum

170 1965 551 2041 pastorem,
593 1964 824 2041 pastor
854 1952 1005 2040 ejus
1042 1967 1208 2035 erat,
1248 1953 1336 2031 ab
1369 1976 1448 2025 eo
1498 1953 1625 2022 hac
1673 1952 1744 2021 in
1792 1973 1859 2021 re
1907 1965 1972 2021 et
2019 1951 2391 2024 consilium
2444 1963 2719 2039 peteret.

170 2054 241 2110 et
291 2040 711 2110 facultatem.
768 2041 1169 2111 Plurimum·
1203 2042 1391 2111 enim
1443 2041 1512 2111 id
1563 2042 1698 2112 sibi
1751 2040 2192 2131 profuturum
2252 2040 2609 2120 credebat,
2667 2041 2725 2108 si

175 2150 343 2198 cum
393 2128 773 2228 episcopali
823 2129 1300 2200 benedictione
1361 2131 1585 2200 hostia
1645 2129 1797 2199 viva
1847 2135 1979 2199 Deo
2026 2130 2254 2199 offerri
2320 2141 2719 2198 mereretur.

174 2219 276 2288 Ab
327 2216 448 2287 illo
497 2231 725 2288 autem
776 2239 878 2300 ea,
932 2241 1070 2307 qua
1119 2242 1245 2309 par
1290 2233 1457 2300 erat,
1512 2219 1891 2288 reverentia
1939 2232 2288 2309 acceptus,
2347 2219 2487 2287 sive
2535 2218 2719 2304 quod

173 2308 240 2375 ei
293 2319 628 2397 cognatus
675 2320 876 2385 esset,
910 2308 1050 2377 sive
1082 2309 1260 2395 quod
1315 2309 1468 2396 ejus
1500 2308 1928 2378 sanctitatem
1963 2309 2221 2397 optime
2252 2319 2505 2387 nosset,
2548 2307 2725 2374 inter
2762 2387 2766 2390 ¹

174 2408 424 2465 mutua
457 2396 542 2465 de
594 2395 798 2465 rebus
847 2397 1273 2469 salutaribus
1302 2397 1672 2484 colloquia,
1710 2395 1930 2487 aperit
1961 2399 2023 2466 ei
2062 2417 2345 2467 causam
2383 2395 2720 2465 adventus

173 2486 314 2554 sui.
391 2491 465 2555 At
522 2484 936 2555 venerabilis
984 2487 1310 2567 antistes,
1364 2499 1441 2557 ut
1487 2498 1633 2557 erat
1678 2499 1743 2557 et
1791 2487 1860 2555 in
1914 2486 2292 2576 Scripturis
2338 2484 2724 2555 eruditissi-

173 2595 358 2654 mus,
416 2588 483 2643 et
521 2596 637 2645 ore
686 2573 1260 2657 facundissimus,
1316 2577 1555 2646 multis
1603 2598 1759 2646 eum
1815 2576 2039 2646 verbis
2090 2576 2534 2665 praemonere
2571 2595 2724 2653 coe-

171 2663 294 2751 pit,
350 2663 443 2732 ita
491 2663 774 2733 dicens:
812 2688 849 2729 «
882 2665 1242 2751 Equidem,
1286 2664 1384 2734 fili
1420 2665 1593 2735 mihi
1622 2665 2004 2744 carissime,
2056 2685 2190 2733 non
2231 2663 2485 2752 derogo
2527 2663 2722 2748 quic-

166 2774 380 2837 quam
419 2752 763 2822 devotioni
798 2764 991 2822 tuae:
1031 2753 1148 2824 sed
1181 2755 1303 2824 tibi
1337 2776 1778 2843 summopere
1804 2753 2188 2823 cavendum
2221 2765 2345 2831 est,
2389 2773 2474 2820 ne
2507 2772 2722 2819 ausus

169 2841 267 2910 sis
299 2841 368 2909 in
409 2841 736 2911 humeros
768 2853 924 2911 tuos
958 2844 1301 2911 sarcinam
1342 2844 1721 2932 imponere,
1762 2864 1972 2930 quam
2008 2853 2264 2931 postea,
2309 2839 2478 2908 velis
2511 2837 2715 2915 nolis,

169 2951 331 2998 cum
386 2929 770 3018 ignominia
818 2930 1148 3021 deponas.
1217 2933 1443 3001 Animi
1495 2933 1592 3002 tui
1647 2931 2075 3022 propositum
2130 2951 2260 2998 non
2317 2941 2532 3017 potest
2583 2949 2718 2995 non

220 3018 555 3088 lurimum
606 3020 1116 3101 commendari,
1172 3020 1289 3091 sed
1338 3022 1543 3091 etiam
1598 3019 2124 3112 perfectioribus
2174 3017 2339 3086 viris
2389 3016 2719 3086 formida-

220 3107 308 3176 ile
356 3106 574 3176 videri
619 3119 861 3197 potest.
907 3116 984 3179 At
1030 3123 1105 3178 tu
1155 3110 1434 3200 ignoras
1466 3165 1481 3191 ,
1539 3110 1605 3179 in
1659 3109 1848 3178 mille
1897 3128 2042 3176 sese
2090 3106 2397 3176 formans
2437 3104 2722 3174 transfe-

171 3196 382 3267 rentis
431 3201 723 3265 Satanae
772 3198 1157 3268 versutias?
1204 3199 1397 3280 Quod
1449 3221 1611 3289 ergo
1662 3200 1771 3266 vix
1823 3209 2042 3285 potest
2088 3196 2407 3275 clericuS,
2447 3193 2721 3263 divinae

169 3285 556 3374 scripturae
604 3285 849 3375 clypeo
899 3287 1236 3367 munitus,
1281 3309 1584 3375 quonam
1640 3298 1836 3376 pacto
1887 3284 2107 3355 laicus
2156 3284 2290 3354 sibi
2341 3283 2713 3374 promittet,

169 3395 248 3444 eo
280 3372 625 3462 praesidio
666 3374 1143 3445 destitutusi»
1179 3375 1271 3451 Ad
1314 3398 1492 3463 quae
1523 3376 1773 3445 Christi
1815 3387 1963 3463 tyro
1997 3375 2096 3442 sic
2136 3372 2533 3464 respondit:
2574 3396 2609 3438 «
2643 3377 2721 3440 Et

168 3484 316 3552 eg0‚
373 3461 467 3530 mi
517 3476 749 3551 pater,
808 3464 977 3533 haec
1025 3465 1178 3555 ipsa
1228 3486 1362 3534 non
1416 3464 1626 3535 semel
1679 3462 1991 3552 reputavi
2042 3484 2355 3533 mecum:
2410 3461 2522 3533 sed
2579 3482 2717 3529 non

169 3571 294 3642 ego
345 3550 518 3620 meis
563 3550 745 3621 nitor
794 3552 1081 3633 viribuS‚
1139 3554 1255 3623 sed
1310 3555 1598 3623 Domino
1647 3551 2147 3645 commendans
2180 3572 2435 3641 corpus
2474 3563 2539 3619 et
2571 3550 2719 3619 ani-

174 3660 378 3720 mam,
418 3638 665 3709 mundi
697 3640 904 3728 hujus
937 3640 1302 3731 gloriolam
1336 3664 1494 3712 cum
1530 3641 1678 3711 suis
1705 3634 2226 3711 oblectamentis
2258 3653 2650 3725 contemno.
2682 3662 2715 3703 »

170 3733 338 3799 Tum
389 3749 633 3798 rursus
666 3730 1086 3821 Episcopus:
1126 3754 1163 3796 «
1193 3730 1504 3812 Quando,
1544 3730 1659 3810 ait,
1697 3730 1797 3799 sili
1828 3729 2209 3810 carissime,
2249 3729 2483 3798 animo
2517 3741 2579 3796 te
2617 3727 2717 3794 vi-

171 3817 294 3887 deo
338 3838 491 3887 esse
558 3816 690 3886 fixo
751 3831 817 3887 et
863 3818 1275 3900 obfirmam,
1332 3841 1414 3888 ne
1464 3819 1698 3889 videar
1746 3818 2151 3890 dissuadere
2183 3872 2198 3899 ,
2251 3815 2437 3905 quod
2491 3817 2717 3906 potius

174 3905 425 3975 hortari
456 3918 521 3974 et
555 3907 970 3996 persuadere
999 3908 1311 3988 debeam,
1351 3909 1409 3980 si
1449 3908 1618 3996 quid
1664 3909 1905 3980 vovisti
1959 3908 2269 3986 Domin0‚
2309 3904 2375 3975 id
2416 3904 2665 3976 reddas
2697 3932 2710 3969 :

174 3994 416 4064 melius
463 4008 565 4064 est
612 3996 799 4064 enim
852 4017 987 4066 non
1038 4018 1321 4077 vovere,
1375 4020 1585 4086 quam
1656 4009 1811 4088 post
1883 4011 2115 4067 votum
2182 3995 2522 4085 promissa
2576 4016 2711 4063 non

176 4082 536 4153 reddere.»
574 4083 837 4154 Deinde
864 4084 952 4154 ab
999 4084 1329 4155 omnibus
1375 4109 1533 4156 eum
1588 4086 1888 4177 peccatis
1937 4084 2344 4163 absolvens,
2402 4104 2716 4153 summae

173 4172 516 4241 Trinitatis
564 4173 930 4263 signaculo
977 4173 1364 4263 consignat,
1416 4187 1482 4245 et
1530 4197 1692 4245 cum
1727 4196 1884 4245 eum
1916 4172 2270 4244 osculatus
2303 4185 2504 4252 esset,
2537 4172 2715 4240 hanc

174 4260 481 4350 adiunxit
516 4260 1109 4333 benedictionem:

546 4390 599 4424 ιι
637 4368 800 4442 Jesu,
841 4385 1079 4431 summa
1122 4369 1300 4443 salus,
1331 4371 1655 4433 hominum
1699 4372 1804 4450 qui
1850 4371 2099 4449 respicis
2139 4376 2331 4442 actus,

557 4448 672 4511 Cui
715 4450 869 4511 nihil
914 4448 1250 4524 occultum,
1280 4453 1376 4514 cui
1412 4459 1650 4530 pectora
1695 4457 1894 4513 nostra
1939 4450 2308 4529 loquuntur:
