3347 4999
242 388 418 453 0le.
476 389 513 450 4-
1123 405 1197 449 na
1249 405 1303 450 s,
1358 401 1710 454 FaAnmsco
1761 402 1947 451 conr.
2594 388 2718 451 439

237 503 513 558 evectus
563 488 644 556 ad
698 488 1030 562 officium,
1087 488 1357 557 solitam
1427 500 1607 557 tenet
1658 487 2161 566 humilitatem;
2204 491 2354 577 plus
2397 489 2799 568 honoratus,

237 579 400 668 plus
454 590 723 665 reputat
785 599 858 647 se
909 577 1305 678 indignum.
1374 599 1409 642 »
1468 577 1639 646 Dixit
1686 576 2064 664 aliquando
2114 578 2299 647 socio
2351 600 2526 654 suo:
2573 605 2608 644 κ
2661 583 2802 646 Nou

234 667 413 735 mihi
465 666 698 735 videor
744 665 952 736 frater
999 671 1242 745 Minor,
1302 666 1433 734 nisi
1485 665 1680 734 fuero
1728 666 1799 734 in
1853 678 2056 745 statu,
2110 688 2313 752 quem
2369 667 2491 735 tibi
2542 666 2801 735 descri-

232 777 463 845 psero,
520 761 686 825 Ecce
741 754 1086 845 praelatus
1135 754 1434 824 existens
1474 754 1794 830 fratrum,
1830 755 2002 824 vado
2036 754 2122 823 ad
2154 754 2569 844 capitulum,
2609 778 2804 845 prae-

230 845 393 914 dico
440 859 505 914 et
552 864 949 914 commoveo
989 842 1267 914 fratres:
1322 857 1387 912 et
1438 844 1504 911 in
1548 843 1688 912 fine
1720 843 1978 912 dicitur
2006 855 2247 912 contra
2280 864 2426 912 me:
2461 849 2602 912 Non
2642 847 2804 913 eon-

234 934 437 1003 venis
486 934 707 1014 nebiS‚
761 933 925 1019 quia
974 931 1370 1003 illitteratus
1402 954 1498 1008 es,
1537 932 1868 1022 elinguis,
1906 932 2139 1012 idiota,
2185 944 2252 1001 et
2282 933 2601 1020 simplex.
2636 938 2805 1001 Tan·

230 1023 394 1092 dem
445 1023 683 1110 ejicior
727 1044 890 1092 cum
958 1021 1330 1111 opprobrio
1361 1077 1376 1102 ,
1433 1020 1819 1111 vilipensus
1867 1022 1955 1090 ab
2004 1022 2358 1091 omnibus.
2416 1022 2579 1091 Dico
2629 1022 2798 1102 tibi,

233 1113 378 1180 nisi
426 1111 665 1181 eodem
718 1111 956 1189 vultu,
1010 1110 1250 1179 eadem
1305 1111 1554 1179 mentis
1627 1110 1882 1179 laetitia
1923 1165 1939 1190 ,
1992 1123 2058 1179 et
2129 1110 2368 1179 eodem
2422 1109 2805 1180 sanctitatis

230 1201 587 1291 proposito
637 1201 804 1270 llaec
854 1200 1057 1268 verba
1106 1198 1415 1281 audiero,
1469 1198 1678 1268 frater
1743 1199 1963 1268 Minor
2013 1220 2456 1286 nequaquam
2530 1222 2715 1269 sum.
2765 1223 2801 1265 »

234 1296 317 1358 Et
364 1288 707 1358 addebat:
762 1312 798 1354 «
850 1294 926 1358 In
981 1288 1403 1379 praelatione
1450 1310 1704 1368 casus,
1760 1287 1829 1356 in
1882 1286 2088 1357 laude
2142 1287 2624 1378 praecipitium
2663 1343 2678 1370 ‚
2733 1290 2802 1356 in

235 1376 631 1448 humilitate
692 1377 978 1458 subditi,
1036 1378 1311 1446 animae
1365 1378 1636 1447 lucrum
1690 1392 1815 1447 est.
1870 1381 2003 1447 Cur
2048 1398 2212 1467 ergo
2264 1375 2596 1466 periculis
2647 1376 2807 1467 plus

234 1489 447 1552 quam
502 1466 714 1537 lucris
761 1465 1209 1546 attendimuS,
1262 1488 1420 1536 cum
1473 1488 1633 1535 acce
1688 1466 1951 1535 erimus
2001 1480 2277 1555 tempus
2335 1464 2422 1534 ad
2474 1466 2807 1536 lucrum?

235 1561 380 1626 Hac
452 1556 664 1646 igitur
726 1556 810 1625 de
875 1577 1087 1624 causa
1154 1554 1569 1624 humilitatis
1644 1576 1836 1624 orma
1889 1557 2298 1624 Franciscus
2348 1553 2594 1624 fratres
2641 1576 2805 1624 suos

235 1645 454 1714 voluit
482 1645 709 1714 vocari
747 1645 1063 1724 Minores,
1098 1657 1164 1712 et
1202 1645 1539 1744 praelatos
1574 1644 1683 1713 sui
1717 1641 2019 1725 Ordinis,
2052 1644 2190 1713 dici
2225 1644 2596 1713 Ministros:
2637 1657 2709 1712 ut
2742 1658 2808 1713 et

242 1733 473 1804 verbis
513 1747 820 1803 uteretur
869 1732 1242 1823 Evangelii,
1296 1732 1479 1821 quod
1529 1734 1896 1802 observare
1939 1734 2372 1821 promiserat,
2410 1746 2475 1802 et
2522 1754 2601 1801 ex
2650 1734 2801 1821 ipso

242 1823 524 1891 nomine
572 1822 917 1891 discerent
961 1822 1290 1910 discipuli
1325 1817 1500 1912 ejuS,
1533 1821 1716 1908 quod
1750 1819 1835 1890 ad
1867 1820 2269 1890 discendam
2302 1820 2793 1901 humilitatem,

243 1911 327 1980 ad
383 1911 653 1980 scholas
705 1910 993 1981 humilis
1040 1910 1288 1979 Christi
1331 1911 1702 1980 venissent.
1757 1910 2078 2000 Magister
2124 1910 2466 1997 siquidem
2508 1909 2795 1978 humili·

242 2000 402 2067 tatis
448 2000 645 2068 lesus
693 1999 1025 2080 Christus,
1057 2012 1134 2069 ut
1182 1999 1585 2068 informaret
1614 1999 2000 2087 discipulos
2033 1999 2115 2068 ad
2150 1997 2606 2068 humilitatem
2645 2022 2795 2088 per-

236 2087 511 2166 fectam,
564 2087 768 2158 dixit:
825 2091 1235 2180 Quicumque
1281 2091 1571 2159 voluerit
1612 2091 1788 2157 inter
1833 2111 1947 2156 vos
1990 2091 2212 2179 major
2246 2090 2422 2177 fieri,
2458 2090 2795 2157 silvester

235 2177 587 2245 minister:
630 2189 691 2245 et
738 2180 1140 2268 quicumque
1186 2179 1475 2247 voluerit
1524 2180 1702 2246 inter
1747 2200 1861 2247 vos
1893 2181 2161 2267 primus
2210 2199 2371 2254 esse,
2412 2179 2538 2246 erit
2572 2189 2790 2245 vester

234 2288 465 2334 servus
510 2266 773 2355 (Mutela.
831 2286 934 2345 xx,
987 2272 1095 2345 26,
1136 2267 1274 2355 27).
1321 2271 1485 2335 Cum
1529 2279 1758 2335 autem
1797 2266 2175 2352 requireret
2214 2267 2301 2336 ab
2335 2288 2415 2335 eo
2464 2267 2793 2334 Dominus

239 2355 595 2433 Ostiensis,
642 2355 919 2425 Ordinis
958 2355 1296 2424 Minorum
1340 2367 1680 2442 protector
1708 2367 1774 2424 et
1812 2369 2162 2444 promotor
2200 2355 2643 2444 praecipuus.
2683 2358 2803 2440 qui

237 2443 702 2532 postmodum,
748 2446 945 2534 juxta
991 2443 1175 2531 quod
1218 2443 1399 2514 idern
1452 2444 1565 2514 Vir
1613 2457 1896 2514 sanctus
1949 2443 2428 2534 praedixeratu
2473 2444 2558 2513 ad
2613 2465 2800 2513 sum-

237 2553 432 2600 mum
500 2533 942 2603 Pontificatus
1004 2533 1422 2603 sublimatus
1492 2533 1869 2615 honorem,
1947 2535 2316 2624 Gregorius
2381 2538 2469 2602 IX
2532 2548 2634 2602 est
2695 2533 2802 2600 di-

235 2634 409 2701 ctuS,
465 2634 697 2691 utrum
750 2623 880 2691 sibi
934 2621 1251 2711 placeret,
1306 2622 1489 2709 quod
1525 2622 1771 2692 fratres
1805 2623 1914 2691 sui
1958 2636 2526 2712 promoverentur
2560 2621 2644 2689 ad
2684 2644 2798 2690 ee-

238 2709 661 2779 clesiasticas
710 2710 1102 2801 dignitates,
1148 2710 1541 2799 respondit:
1596 2734 1632 2777 «
1672 2712 1980 2791 Domine,
2030 2714 2338 2791 Minoi-ex,
2397 2709 2550 2779 ideo
2576 2709 2797 2779 vocati

237 2813 403 2867 sunt
449 2798 692 2868 fratres
743 2801 898 2880 mei,
931 2813 1008 2869 ut
1058 2801 1351 2887 majores
1403 2800 1549 2869 fieri
1603 2822 1737 2869 non
1791 2816 2268 2889 praesumant.
2310 2800 2375 2869 Si
2411 2797 2641 2878 vultis,
2676 2800 2792 2879 ait,

235 2900 314 2956 ut
352 2885 606 2956 faciant
652 2887 952 2958 fructum
999 2890 1066 2958 in
1120 2888 1439 2963 Ecclesia
1473 2889 1612 2970 Dei,
1668 2902 1888 2959 tenete
1936 2889 2117 2968 illos,
2171 2902 2236 2958 et
2284 2901 2679 2958 conservate
2730 2888 2798 2955 in

230 2989 413 3045 statu
443 2978 816 3047 vocationis
841 2999 1109 3059 eorum,
1142 2992 1208 3048 et
1236 2978 1319 3047 ad
1359 2977 1818 3068 praelationes
1850 2977 2356 3048 ecclesiasticas
2400 2975 2800 3046 nullatenus

235 3065 605 3134 ascendere
656 3067 1090 3156 permittatis.
1130 3089 1165 3133 »

321 3157 357 3240 ξ
404 3160 544 3227 41.
600 3160 676 3225 Et
721 3155 1055 3242 quoniam
1108 3155 1572 3225 humilitatem
1626 3167 1764 3224 tam
1816 3153 1884 3222 in
1939 3175 2035 3233 se,
2073 3174 2288 3241 quarn
2340 3154 2410 3222 in
2461 3152 2794 3236 subditis,

230 3244 505 3314 cunctis
605 3244 977 3315 raeferebat
1027 3244 1433 3323 honoribus,
1487 3255 1756 3314 amator
1806 3243 2171 3313 bominum
2212 3246 2392 3312 Deus
2433 3242 2799 3313 altioribus

228 3334 467 3420 ipsum
592 3333 829 3423 ignum
876 3333 1239 3420 judicabat
1288 3332 1580 3423 fastigiis
1619 3387 1634 3412 ,
1693 3330 2079 3402 seeundum
2132 3332 2319 3418 quod
2375 3332 2495 3401 uni
2546 3331 2793 3413 fratri,

229 3420 377 3489 viro
425 3421 697 3491 virtutis
745 3435 810 3491 et
847 3421 1230 3493 devotionis
1284 3422 1724 3512 praecipuae,
1767 3421 1937 3490 visio
1967 3420 2259 3491 coelitus
2292 3436 2565 3490 ostensa
2601 3442 2797 3489 mon-

218 3509 494 3589 §travit
550 3514 715 3579 Cum
766 3511 953 3580 enim
1002 3523 1181 3581 esset
1231 3510 1296 3578 in
1349 3511 1682 3579 comitatu
1733 3509 1871 3577 Viri
1924 3513 2062 3589 Dei,
2116 3523 2183 3579 et
2229 3532 2373 3579 una
2419 3533 2578 3580 cum
2648 3510 2799 3599 ipso

231 3599 303 3665 in
341 3596 643 3684 quadam
693 3599 983 3669 ecclesia
1016 3599 1286 3670 desecta
1336 3597 1617 3668 ferventi
1670 3612 1895 3668 oraret
1943 3598 2217 3677 affectu,
2277 3599 2343 3667 in
2396 3599 2644 3668 exstasi
2696 3597 2799 3667 fa-

228 3701 384 3757 ctus
422 3741 437 3766 ‚
493 3686 662 3755 vidit
733 3688 912 3757 inter
960 3688 1215 3759 multas
1264 3689 1332 3757 in
1385 3687 1577 3757 coelo
1624 3687 1824 3758 sedes
1874 3709 2086 3757 unam
2143 3709 2307 3777 prae
2354 3688 2641 3757 caeteris
2691 3687 2794 3756 di-

228 3776 570 3865 gniorem,
627 3777 942 3864 pretiosis
991 3789 1303 3846 ornatam
1358 3775 1740 3865 lapidibuS,
1795 3791 1861 3845 et
1906 3777 2103 3846 omni
2153 3775 2375 3866 gloria
2445 3776 2796 3867 refulgen-

232 3883 394 3933 tem.
452 3864 735 3936 Miratus
785 3865 962 3935 intra
1012 3888 1084 3936 se
1129 3865 1458 3956 praecelsi
1514 3864 1998 3955 refulgentiam
2037 3865 2290 3946 throni,
2321 3866 2526 3935 anxia
2574 3866 2798 3954 coepit

227 3953 641 4042 cogitatione
693 3956 1089 4042 perquirere
1125 4007 1146 4033 ,
1203 3955 1365 4040 quis
1411 3953 1498 4022 ad
1571 3954 1771 4023 illum
1823 3954 2102 4025 deberet
2148 3954 2440 4023 assumi.
2521 3954 2796 4024 Audivit

229 4042 408 4110 inter
457 4041 624 4111 haec
674 4063 906 4111 vocem
960 4043 1301 4112 dicentem
1355 4042 1530 4112 sibi:
1589 4065 1623 4109 «
1658 4043 1866 4114 Sedes
1898 4043 2025 4114 ista
2066 4043 2277 4112 unius
2311 4042 2396 4113 de
2434 4042 2795 4113 ruentibus

231 4129 383 4210 fuit,
429 4144 494 4199 et
534 4152 722 4200 nunc
755 4131 1009 4200 humili
1049 4146 1366 4201 servatur
1400 4133 1788 4201 Francisco.
1828 4155 1864 4197 »
1904 4137 2239 4201 Reversus
2272 4131 2551 4202 demum
2590 4131 2799 4200 frater

232 4218 315 4287 ad
383 4241 454 4290 se
516 4219 604 4289 ab
670 4221 1003 4289 orationis
1053 4242 1381 4299 excessu,
1439 4221 1675 4290 Virum
1728 4221 2007 4290 beatum
2075 4220 2376 4289 exterius
2441 4220 2796 4311 prodeun-

233 4322 363 4375 tem
419 4307 616 4379 solito
667 4309 794 4380 fuit
849 4330 1036 4378 more
1084 4322 1441 4395 sequutus.
1501 4315 1810 4395 Cumque
1871 4308 2265 4378 incedentes
2316 4331 2436 4399 per
2485 4311 2659 4376 viam
2709 4308 2795 4376 de

233 4401 364 4465 Deo
414 4397 708 4468 invicem
761 4398 1252 4486 loquerentur,
1308 4398 1517 4468 frater
1564 4399 1727 4478 ille,
1784 4396 2069 4467 visionis
2131 4419 2298 4468 suae
2366 4420 2501 4468 non
2556 4398 2797 4465 imme-

237 4505 404 4565 mor,
445 4486 726 4556 solerter
775 4487 861 4556 ab
911 4509 990 4556 eo
1040 4487 1399 4575 quaesivit,
1454 4486 1621 4572 quid
1676 4486 1758 4554 de
1810 4485 2034 4574 seipso
2084 4486 2387 4555 sentiret.
2444 4485 2532 4554 Ad
2586 4506 2790 4569 quem
