3347 4999
755 329 841 393 46
2939 335 3134 401 OCT.
3201 336 3226 398 i

965 533 1211 609 VITA
1263 531 1743 613 EJUSDEM
1798 534 1873 612 S.
1937 533 2353 613 REMIGII
2407 536 2896 617 ARCHIEP.

1267 716 1279 733 ’
1348 748 1636 798 Aneronss
1685 751 2056 798 FORTUNATO
2106 752 2497 800 rnsssvrsno
2849 802 2855 807 ,

900 852 1092 901 emus
1140 854 1403 902 usuum*
1454 854 1818 901 ammanus
1866 854 1931 901 m
1981 855 2413 903 rassrsrions
2460 857 2543 903 An
2591 856 2782 904 viru
2830 858 2985 906 nius

1298 957 1471 1012 ouini
1518 958 1633 1003 xm
1681 958 1790 1003 mr.
1832 957 2131 1005 JANUARH
2179 930 2586 1006 aerumans*

743 1134 778 1218 ξ
831 1134 902 1200 Ι.
946 1131 1129 1200 Beati
1179 1130 1473 1220 Remigii
1521 1131 2240 1221 Antistitis,depositio
2287 1145 2547 1213 sancta,
2606 1134 2802 1203 nobis
2864 1134 3220 1207 hodierna

652 1219 762 1289 die
814 1221 1140 1309 mysticae
1188 1219 1353 1288 festa
1388 1220 1843 1289 solemnitatis
1875 1220 2207 1301 exhibuit,
2246 1242 2423 1307 quae
2456 1223 2659 1290 annis
2699 1223 3002 1313 singulis
3037 1247 3214 1296 cum

651 1309 721 1377 in
772 1330 844 1377 se
892 1330 1139 1378 cursus
1181 1321 1564 1397 temporum
1613 1309 1925 1388 volvitur,
1967 1310 2216 1378 nostris
2247 1310 2608 1380 desideriis
2644 1313 3041 1382 innovatur.
3078 1316 3211 1384 Hic

643 1398 883 1485 itaque
933 1398 1175 1487 primis
1204 1409 1393 1467 ortus
1430 1397 1799 1477 natalibuS,
1835 1412 2197 1487 parentum
2234 1399 2585 1468 nobilitate
2616 1399 2942 1557 fulgebat.
2979 1407 3211 1484 Quem
3297 1420 3298 1431 ¹

652 1486 886 1556 divina
935 1487 1150 1576 pietas
1203 1508 1334 1556 non
1401 1486 1623 1555 solum
1681 1488 2084 1576 priusquam
2155 1502 2584 1568 nasceretur,
2644 1511 2714 1557 se
2812 1503 3208 1585 antequam

649 1575 1145 1665 conciperetur,
1198 1574 1441 1663 elegit:
1496 1576 1866 1655 intantum,
1907 1590 1982 1645 ut
2030 1580 2391 1646 Montanus
2439 1577 2725 1664 quidam
2779 1580 3202 1661 monachuS,

650 1664 815 1732 dum
869 1664 1214 1734 levissimo
1261 1686 1504 1753 sopore
1549 1664 1968 1750 quiesceret,
2024 1666 2219 1734 tertia
2267 1664 2471 1735 fuerit
2518 1666 2989 1736 admonitione
3043 1670 3208 1758 pul-

646 1766 862 1834 satus,
907 1765 983 1822 ut
1034 1754 1232 1823 matri
1273 1775 1437 1822 suae
1488 1753 1886 1823 benedictae
1928 1754 2234 1835 Ciliniae,
2287 1754 2469 1842 quod
2507 1756 2895 1825 masculum
2946 1778 3206 1827 conce-

647 1854 847 1931 ptura
880 1854 1077 1920 esset,
1118 1842 1413 1911 veridica
1454 1842 1780 1911 relatione
1815 1844 2255 1932 praediceret,
2307 1857 2372 1912 et
2421 1864 2668 1913 nomen
2718 1846 2870 1933 ejus
2906 1845 3011 1914 vel
3053 1870 3202 1916 me-

646 1930 853 2000 ritum
906 1931 1319 2021 designaret.
1356 1931 1484 2012 Qui
1533 1930 1720 2000 illico
1765 1932 2075 2021 implevit
2109 1932 2505 2021 imperium,
2538 1947 2602 2001 et
2650 1932 3204 2005 fecundissimae

640 2020 962 2176 genitrici
1010 2019 1501 2110 concipiendae
1549 2019 1805 2090 sobolis
1868 2021 2120 2111 gaudia
2186 2022 2559 2090 nunciavit.
2614 2021 2738 2091 Illa
2799 2043 2951 2091 vero
3008 2023 3200 2094 sicut

694 2108 801 2177 dei
865 2122 928 2178 et
975 2108 1400 2178 credulitatis
1451 2130 1585 2178 non
1636 2110 1960 2198 apparuit
2007 2109 2219 2179 dubia
2251 2165 2265 2190 ,
2343 2110 2431 2178 ita
2483 2132 2683 2179 susce
2736 2111 2785 2179 it
2839 2111 2906 2178 in
2986 2128 3200 2201 partu

639 2198 825 2285 quod
880 2198 1289 2288 praescierat
1323 2198 1389 2266 in
1431 2211 1643 2267 utero.
1683 2198 1880 2267 Haud
1925 2219 2196 2268 morosa
2235 2199 2472 2279 extitit,
2520 2199 2655 2267 hau
2747 2200 3055 2269 incerta:
3102 2201 3199 2272 se·

641 2287 1053 2356 licissimum
1105 2287 1358 2376 pignus
1407 2308 1649 2357 secura
1693 2289 2007 2376 protinus
2045 2287 2269 2363 edidit
2315 2287 2499 2375 quod
2550 2289 2746 2378 prius
2778 2289 2985 2357 corde
3026 2312 3201 2359 con-

639 2377 841 2466 cepit.
891 2381 970 2444 ln
1002 2397 1136 2463 quo
1184 2376 1505 2446 assiduae
1555 2390 1878 2445 venturae
1917 2377 2157 2446 aetatis
2207 2378 2446 2446 merita
2479 2376 2705 2446 dulcis
2740 2376 3040 2447 infantia
3070 2379 3197 2449 de-

640 2465 979 2557 signabat,
1032 2478 1097 2535 et
1124 2465 1308 2552 quod
1357 2478 1513 2534 ante
1550 2479 1958 2556 conceptum
1998 2478 2211 2535 mater
2240 2478 2631 2557 agnoverat,
2675 2479 2831 2536 ante
2872 2480 3006 2538 tem
3023 2491 3197 2557 pora

629 2555 772 2643 jam
824 2554 1116 2624 videbat.
1164 2554 1490 2624 Studebat
1538 2569 1805 2624 teneros
1851 2577 2072 2623 annos
2124 2577 2389 2623 morum
2444 2556 2835 2625 maturitate
2880 2557 3191 2640 vincere,

635 2657 699 2714 et
722 2642 1262 2713 benevolentiam
1295 2643 1918 2725 cordiS,charitatis
1951 2644 2154 2713 melle
2185 2643 2489 2713 condire.
2521 2644 2697 2727 Quid
2732 2643 2986 2733 plura?
3016 2651 3196 2716 Cum

633 2732 960 2804 secundis
1008 2732 1444 2802 successibus
1490 2734 1799 2802 certatim
1851 2745 2124 2801 sanctae
2170 2734 2707 2803 conversationis
2742 2733 2994 2805 studiis
3027 2735 3194 2805 ado·

634 2823 900 2894 lescens
949 2823 1232 2890 Domino
1275 2821 1619 2901 militaret,
1662 2834 1728 2890 et
1768 2822 2098 2911 vigesimo
2148 2821 2451 2892 secundo
2500 2843 2682 2892 anno
2742 2823 3191 2894 secundioris

634 2911 858 2979 meriti
906 2911 1316 2999 sumpsisset
1353 2910 1737 2988 exordium,
1793 2910 1861 2978 in
1914 2911 2085 2980 urbe
2136 2911 2657 2992 Rbemensium,
2696 2912 3015 2981 omnium
3068 2936 3192 3003 ge·-

634 3000 955 3069 neraliter
1016 3000 1186 3070 votis
1241 2999 1327 3069 ad
1390 2998 1783 3089 pontificale
1852 2999 2127 3068 culmen
2179 3013 2416 3088 raptus
2471 3000 2683 3070 fuisse
2742 2999 3190 3090 dignoscitur

632 3090 885 3178 potius,
936 3111 1144 3176 quam
1194 3088 1471 3158 electus.
1513 3093 1590 3156 In
1625 3109 1764 3174 quo
1809 3088 2035 3157 statim
2065 3090 2164 3157 sic
2198 3089 2520 3245 apparuit
2553 3101 2758 3177 aptus
2785 3104 2851 3157 et
2889 3090 3187 3160 devotus

628 3176 893 3251 officio,
950 3190 1297 3263 tamquam
1349 3178 1405 3245 si
1453 3199 1589 3264 quo
1642 3177 1902 3246 noviter
1948 3177 2240 3246 ascende
2292 3189 2359 3245 at
2406 3178 2669 3267 jugiter
2738 3177 3179 3266 praefuisset.

718 3267 753 3352 ξ
806 3271 893 3336 2.
947 3266 1098 3333 Fuit
1145 3265 1373 3351 itaque
1423 3267 1488 3333 in
1541 3265 1997 3354 eleemosynis
2031 3266 2291 3355 largus,
2341 3267 2407 3333 in
2448 3265 2701 3356 vigiliis
2742 3266 3059 3350 sedulus,
3109 3270 3179 3337 in

626 3354 933 3423 oratione
980 3353 1283 3435 devotuS,
1336 3354 1403 3421 in
1456 3355 1788 3424 charitate
1826 3354 2185 3442 perfectus,
2250 3356 2318 3423 in
2372 3354 2759 3424 humilitate
2811 3355 3170 3445 profusus,
3291 3415 3292 3438 ,

625 3442 694 3511 in
746 3442 1053 3511 doctrina
1108 3442 1564 3532 praecipuus,
1632 3444 1703 3511 in
1755 3465 2070 3513 sermone
2118 3456 2445 3533 paratus,
2510 3444 2579 3511 in
2653 3446 3178 3516 conversatione
3291 3447 3292 3498 l

625 3532 1127 3601 sanctissimus,
1167 3537 1529 3618 Nunquam
1567 3533 1823 3601 invenit
1849 3532 1920 3600 in
1950 3553 2030 3601 eo
2072 3532 2362 3601 humani
2397 3534 2668 3622 generis
2702 3531 3172 3616 adversariuS,

621 3714 880 3764 Episcopus
909 3713 1051 3758 esset,
1077 3709 1542 3760 magnificentissima
1568 3710 1738 3762 pompa
1765 3710 1998 3752 dedicavit
2027 3713 2251 3753 Kalendis
2271 3713 2476 3753 octobris
2495 3714 2605 3752 anni
2627 3721 2806 3756 taxant:
2825 3723 2946 3761 quae
2966 3711 3086 3760 dies,
3103 3717 3175 3754 ut·

621 3770 732 3816 pote
760 3763 883 3805 alius
907 3765 1187 3814 jampridem
1215 3767 1430 3814 peractae
1462 3762 1685 3805 solemnis
1716 3763 2054 3811 translationis,
2082 3767 2124 3806 8.
2159 3764 2378 3814 Corporis
2405 3767 2737 3810 anniversaria.
2757 3767 2870 3806 iicet
2889 3769 3174 3807 emortualis

623 3822 667 3861 8.
700 3820 899 3868 Remigii
927 3819 1070 3859 ruerit
1098 3829 1179 3859 1111
1203 3821 1317 3868 jau,
1347 3815 1512 3867 inclyti
1540 3819 1825 3860 Francorum
1845 3817 2055 3869 Apostoli
2075 3820 2328 3860 memoriae
2346 3820 2396 3859 in
2415 3818 2639 3861 universa
2656 3819 2866 3860 Ecclesia
2889 3821 3174 3862 recolendae

625 3875 698 3914 est
722 3874 976 3921 assignata.

674 3925 867 3975 Quoties
897 3922 1151 3965 translatae
1182 3928 1293 3964 sunt
1313 3925 1358 3964 S.
1378 3924 1578 3974 Remigii
1597 3921 1855 3974 Reliquiae,
1872 3923 2079 3974 reposita
2099 3926 2241 3966 simul
2260 3926 2422 3966 eadem
2443 3923 2490 3966 in
2510 3936 2630 3972 arca,
2647 3927 2883 3975 pretiosae
2897 3926 3074 3967 *thecae
3103 3926 3171 3968 in·

617 3981 763 4026 clusa,
791 3989 935 4019 sacua
969 3983 1193 4019 auersam
1222 3988 1363 4027 quam
1383 3979 1528 4018 tradit
1545 3979 1826 4018 Hlncmarus
1844 3989 1988 4028 supra
2006 3978 2026 4029 fi
2045 3981 2096 4019 32
2116 3981 2316 4021 euentus
2348 3981 2616 4027 demissam,
2643 3990 2826 4020 sacrum
2856 3982 3172 4030 suppeditans

619 4034 835 4074 Chrisma
863 4032 921 4072 ad
949 4033 1089 4081 Regis
1118 4033 1338 4072 Clodovei
1366 4033 1631 4080 Baptismus:
1661 4033 1798 4080 cuius
1827 4030 2008 4081 liquore
2040 4044 2121 4080 per
2138 4033 2386 4073 intinctam
2407 4044 2594 4073 auream
2615 4045 2763 4078 acum,
2782 4035 2947 4082 inungi
2969 4045 3171 4076 consue·

618 4091 792 4127 verunt
820 4087 932 4126 dum
960 4087 1236 4127 solemniter
1262 4095 1486 4126 coronam
1514 4088 1563 4125 in
1591 4086 1843 4144 Rhgmensi
1873 4087 2233 4136 Metropolitum
2259 4089 2556 4135 susciperent
2583 4085 2806 4127 Franciae
2826 4089 2992 4137 Reges.
3018 4090 3172 4130 Multa

619 4141 745 4180 circa
772 4141 892 4180 hanc
911 4152 1085 4179 sacram
1106 4141 1355 4190 Ampullam
1375 4142 1485 4179 sunt
1503 4140 1613 4179 hinc
1633 4137 1740 4180 inde
1758 4141 1953 4190 prolata.
1975 4142 2315 4180 Asservabatur
2334 4138 2702 4190 religiosissime,
2721 4143 2779 4180 ob
2801 4139 2947 4181 mirae
2969 4141 3169 4191 originis

618 4194 921 4234 traditionem
952 4195 1090 4242 atque
1121 4196 1176 4233 nt
1204 4195 1375 4242 pignus
1392 4202 1485 4242 qno
1516 4193 1671 4232 fausta
1694 4194 1780 4233 sibi
1807 4205 1862 4234 ex
1891 4195 2104 4242 legitima
2132 4195 2351 4234 Giodovei
2383 4194 2637 4234 haeredum
2664 4196 2964 4235 successione
2989 4199 3168 4237 omine-

617 4251 783 4287 rentur
797 4248 984 4291 Franci:
1006 4247 1088 4286 sed
1106 4247 1155 4286 in
1174 4247 1406 4286 horrendo
1420 4247 1607 4287 turbine
1626 4248 1708 4295 qui
1726 4249 2035 4288 sacracuncta
2047 4252 2093 4288 et
2114 4248 2312 4295 protana
2333 4245 2380 4287 in
2401 4248 2565 4287 Gauiis
2587 4249 2675 4288 sub
2694 4258 2808 4289 xvm
2824 4246 3007 4290 saeculi
3025 4250 3169 4291 finem

619 4298 805 4346 evertit,
825 4302 1056 4340 temerato
1075 4301 1325 4349 impiorum
1344 4296 1575 4344 manibus,
1593 4300 1636 4339 8.
1656 4301 1851 4348 Remigii
1871 4302 2170 4351 sarcophago,
2187 4311 2320 4340 sacra
2336 4301 2542 4349 ampulla
2555 4299 2799 4351 disparuit.

671 4354 694 4376 ⁴⁹
723 4355 795 4393 Ita
822 4355 988 4394 surius
1015 4356 1063 4393 in
1093 4355 1115 4392 1
1136 4354 1370 4394 ediitione.
1394 4354 1535 4393 mam
1556 4364 1642 4393 nos
1660 4355 1900 4402 martyrol.
1922 4356 2130 4394 Romano
2150 4354 2468 4400 adhaerentes,
2489 4357 2544 4394 ad
2567 4356 2588 4394 1
2607 4353 2814 4395 octobris
2838 4353 3168 4396 collocandam

614 4409 901 4447 curavimus.
923 4409 1138 4448 Attamen
1157 4408 1391 4447 laudatam
1409 4408 1655 4448 Fortunati
1675 4406 1969 4456 scripturam,
1989 4419 2107 4458 qnae
2129 4409 2439 4448 conficiendae
2461 4409 2504 4448 S.
2527 4408 2725 4458 Remigii
2754 4410 2986 4451 historiae
3015 4412 3159 4451 Hinc·

614 4471 745 4502 maro
772 4462 1019 4511 praeluxit,
1038 4462 1097 4503 ob
1116 4459 1428 4503 reverentiam
1449 4472 1560 4513 erga
1579 4465 1831 4509 auctorem,
1851 4463 1982 4503 nefas
2002 4463 2220 4504 duximus
2239 4462 2347 4503 hinc
2364 4462 2554 4503 omnino
2575 4461 2830 4504 eliminare.
