3347 4999
210 278 386 345 OCT.
452 279 524 341 ΙΟ
987 295 1065 340 na
1115 294 1169 340 s.
1225 293 1494 340 ummo
1543 292 1740 340 Ense.
1795 293 1977 341 anon.
2538 279 2665 343 329

208 387 341 451 Nec
384 379 651 449 distulit
714 378 1048 458 Eduinus,
1101 378 1269 464 quin
1306 379 1634 447 continuo
1672 377 2131 467 polliceretur,
2188 401 2258 448 se
2309 380 2375 449 in
2420 380 2752 449 omnibus

210 480 611 541 secuturum
685 467 1065 537 doctrinam
1120 465 1335 546 illius,
1402 466 1520 553 qui
1573 489 1643 536 se
1702 478 1795 536 tot
1841 488 1919 535 ac
1972 467 2177 536 tantis
2239 468 2757 540 calamitatibus

208 570 547 646 ereptum,
588 559 667 625 ad
708 556 897 646 regni
933 555 1199 644 apicem
1253 554 1669 645 proveheret.
1713 560 1858 637 Quo
1888 567 2165 643 accepto
2215 577 2564 646 responso,
2598 579 2753 627 con·

207 646 432 718 festim
499 646 555 715 is
604 645 726 733 qui
774 645 1183 731 loquebatur
1215 667 1373 714 cum
1409 666 1512 723 e0,
1552 643 1886 733 imposuit
1932 643 2277 712 dexteram
2308 667 2504 715 suam
2544 647 2758 737 capiti

209 737 387 826 ejus,
442 733 713 805 dicens:
768 738 1000 802 «Cum
1050 755 1212 822 crgo
1281 732 1403 803 tibi
1453 732 1733 822 signum
1796 732 1923 801 hoc
1972 732 2345 814 advenerit,
2410 748 2756 804 memento

209 824 425 911 hujus
460 822 787 913 temporis
826 845 906 891 ac
957 822 1265 909 loquelae
1331 833 1639 901 nostrae,
1690 834 1756 891 et
1802 843 1878 890 ea
1928 842 2106 907 quae
2156 823 2521 911 promittis,
2594 836 2757 893 tunc

210 897 592 1002 adimplere
647 934 732 980 ne
778 911 1078 980 differas.
1120 938 1143 974 ν
1200 916 1276 979 Et
1327 911 1433 979 bis
1482 911 1710 990 dictis,
1767 923 1843 979 ut
1884 909 2098 980 fertur
2131 965 2145 992 ,
2203 925 2477 1000 repente
2526 911 2758 1000 dispa-

208 1003 371 1081 ruit,
424 1015 502 1070 ut
539 1000 946 1091 intelligeret
1000 1021 1131 1068 non
1184 999 1534 1068 hominem
1587 1021 1736 1068 esse
1776 1000 1894 1086 qui
1950 999 2081 1067 sibi
2130 1001 2589 1089 apparuisset.
2635 1001 2751 1077 sed

208 1091 558 1182 spiritum.
612 1096 689 1158 Et
745 1111 904 1158 cum
975 1089 1203 1177 regius
1269 1088 1548 1176 juvenis
1604 1089 1796 1158 solus
1845 1087 2075 1158 adhuc
2127 1089 2380 1159 ibidem
2447 1090 2750 1169 sederet,

206 1181 489 1269 gavisus
535 1178 814 1265 quidem
874 1176 957 1247 de
1015 1176 1258 1246 collata
1294 1177 1424 1248 sibi
1478 1178 1590 1266 pia
1623 1200 1701 1246 ac
1747 1176 2044 1267 benigna
2094 1177 2586 1259 consolatione,
2631 1178 2748 1247 sed

207 1270 509 1337 multum
561 1266 1027 1345 sollicituS,ac
1061 1279 1286 1335 mente
1335 1265 1573 1335 sedula
1621 1267 1968 1356 cogitans,
2028 1266 2187 1353 quis
2224 1279 2402 1336 esset
2451 1266 2587 1349 ille,
2644 1267 2743 1336 vel

207 1357 399 1427 unde
450 1356 729 1434 veniret,
781 1355 898 1441 qui
951 1355 1117 1423 haec
1155 1355 1286 1425 sibi
1337 1355 1750 1442 loqueretur.

298 1449 334 1533 ξ
382 1448 512 1517 u.
569 1445 761 1514 Venit
809 1456 1035 1513 autem
1079 1442 1422 1543 praefatus
1461 1444 1729 1514 amicus
1780 1442 1992 1523 illius,
2050 1442 2362 1530 laetoque
2403 1442 2594 1513 vultu
2648 1468 2757 1515 sa-

208 1534 443 1603 lutans
490 1555 648 1603 eum
681 1557 693 1600 :
733 1556 768 1599 «
804 1536 1041 1622 Surge,
1080 1533 1328 1619 inquit,
1383 1533 1586 1611 intra;
1625 1545 1690 1601 et
1737 1533 1979 1632 sopitis
2013 1554 2092 1601 ac
2128 1532 2754 1602 relictis-curarum
2862 1578 2867 1585 -

212 1623 700 1703 anxietatibus,
727 1623 943 1709 quieti
974 1621 1281 1691 membra
1316 1621 1524 1691 simul
1555 1634 1624 1690 et
1663 1643 1977 1691 animum
2015 1642 2374 1711 compone;
2412 1623 2573 1708 quia
2605 1644 2757 1691 mu-

213 1723 429 1780 tatum
483 1724 584 1780 est
616 1731 734 1780 cor
783 1710 1009 1800 Regis,
1053 1731 1175 1780 nec
1212 1709 1332 1780 tibi
1381 1709 1644 1797 aliquid
1696 1710 1856 1779 mali
1917 1709 2160 1790 facere,
2219 1710 2333 1780 sed
2378 1710 2583 1780 fidem
2641 1733 2758 1800 po-

213 1800 350 1869 tius
414 1799 786 1890 pollicitam
861 1820 1128 1868 servare
1186 1798 1511 1889 disponit.
1581 1804 1945 1886 Postquam
2007 1799 2192 1868 enim
2267 1800 2748 1888 cogitationem

210 1909 436 1969 suam,
476 1888 559 1957 de
606 1910 744 1975 qua
787 1888 908 1956 tibi
958 1900 1114 1956 ante
1153 1888 1318 1968 dixi,
1377 1888 1679 1978 Reginae
1730 1889 1798 1957 in
1849 1901 2105 1958 secreto
2158 1888 2498 1967 revelavit,
2568 1910 2755 1959 revo-

207 1976 384 2045 cavit
432 1998 592 2046 eum
641 1977 727 2046 ab
779 1976 896 2046 illa
946 1977 1346 2057 intentione,
1389 1976 1775 2046 admonens
1821 1977 1986 2064 quia
2040 1976 2229 2046 nulla
2284 1977 2543 2047 ratione
2590 1999 2754 2047 con-

213 2067 440 2135 veniat
476 2078 662 2135 tanto
713 2065 901 2156 Regi,
941 2066 1244 2135 amicum
1281 2087 1484 2136 suum
1514 2065 1854 2155 optimum
1887 2066 1953 2134 in
1991 2066 2386 2136 necessitate
2421 2067 2745 2157 positum,
2832 2149 2837 2155 g

215 2176 387 2224 auro
427 2154 758 2235 vendere,
813 2175 1033 2240 neque
1102 2154 1308 2223 fidem
1387 2176 1579 2223 suam
1617 2209 1631 2234 ,
1705 2175 1882 2240 quae
1950 2155 2276 2225 omnibus
2330 2155 2754 2226 ornamentis

216 2243 577 2333 pretiosior
623 2255 747 2323 est,
800 2265 1032 2313 amore
1115 2243 1401 2312 ecuniae
1483 2242 1808 2311 erdere.»
1845 2243 2018 2325 Quid
2076 2243 2330 2333 plura?
2362 2245 2539 2314 Fecit
2589 2249 2748 2325 Rex,

208 2342 288 2400 ut
335 2332 596 2401 dictum
649 2344 771 2413 est,
828 2353 951 2401 nec
990 2354 1065 2401 so
1098 2355 1211 2401 um
1265 2353 1428 2401 exsu
1461 2353 1566 2400 em
1622 2332 1897 2402 nunciis
1945 2331 2312 2402 hostilibus
2361 2354 2493 2402 non
2549 2333 2754 2402 tradi-

210 2419 335 2499 dit,
383 2420 496 2491 sed
540 2420 743 2490 etiam
779 2441 963 2501 eum,
1021 2434 1094 2490 ut
1134 2421 1200 2489 in
1255 2442 1543 2511 regnum
1593 2421 1993 2511 perveniret,
2048 2421 2334 2512 adjuvit.
2379 2427 2542 2491 Nam
2598 2444 2753 2491 mox

214 2508 670 2579 redeuntibus
717 2509 1001 2579 domum
1057 2510 1367 2590 nunciiS,
1420 2512 1791 2581 exercitum
1853 2510 1937 2580 ad
2001 2509 2488 2581 debellandum
2555 2512 2754 2581 Edel-

215 2595 470 2667 fridum
523 2599 798 2688 collegit
851 2598 1252 2687 copiosum;
1304 2621 1602 2686 eumque
1650 2601 1782 2669 sibi
1834 2613 2302 2669 occurrentem
2354 2622 2513 2668 cum
2563 2623 2754 2670 exer-

208 2685 353 2756 citu
389 2686 681 2757 multum
722 2688 968 2776 impari
1025 2688 1193 2777 (non
1235 2689 1417 2757 enim
1471 2688 1752 2757 dederat
1815 2688 1917 2758 illi
1966 2689 2293 2778 spatium,
2347 2711 2485 2776 quo
2537 2702 2752 2758 totum

208 2796 415 2845 suum
469 2789 916 2866 congregaret
956 2789 1159 2862 atque
1207 2775 1543 2847 adunaret
1587 2777 1957 2846 exercitum
1990 2778 2038 2866 ),
2092 2777 2340 2848 occidit
2389 2778 2458 2845 in
2492 2778 2754 2847 finibus

205 2864 431 2952 gentis
461 2865 896 2946 Merciorum,
950 2864 1033 2934 ad
1068 2864 1465 2935 orientalem
1505 2864 1779 2956 plagam
1818 2869 2045 2936 amnis
2078 2868 2197 2953 qui
2250 2879 2530 2936 vocatur
2578 2865 2746 2934 Idle.

205 2957 283 3020 In
335 2975 472 3040 quo
500 2954 873 3024 certamine
919 2967 985 3022 et
1033 2954 1220 3025 filius
1250 2955 1609 3035 Redualdi‚
1657 2954 1987 3033 vocabulo
2028 2955 2436 3044 Regenheri,
2478 2956 2753 3026 occisus

204 3053 328 3110 est.
367 3047 455 3112 Ac
503 3042 603 3112 sic
643 3042 979 3123 Eduinus,
1008 3043 1207 3130 juxta
1236 3042 1622 3123 oraculum,
1668 3043 1851 3131 quod
1887 3057 2266 3131 acceperat,
2307 3065 2440 3113 non
2482 3057 2748 3115 tantum

208 3131 413 3220 Regis
448 3131 582 3201 sibi
622 3130 851 3201 infesti
899 3132 1190 3202 insidias
1229 3133 1485 3211 vitavit,
1526 3131 1969 3202 verumetiam
2023 3132 2245 3202 eidem
2286 3146 2637 3223 perempto
2680 3132 2749 3200 in

204 3239 277 3287 re
333 3219 403 3287 ni
443 3219 735 3308 gloriam
784 3220 1140 3292 successit.

281 3241 328 3394 ξ
377 3313 526 3379 12.
581 3315 745 3377 Cum
797 3330 982 3399 ergo,
1038 3309 1478 3398 praedicante
1544 3309 1825 3379 verbum
1893 3309 2001 3377 Dei
2061 3310 2370 3390 Paulino,
2419 3315 2554 3379 Rex
2608 3332 2754 3379 cre-

204 3395 366 3464 dere
413 3396 737 3477 differret,
782 3410 847 3466 et
899 3420 1018 3487 per
1064 3399 1343 3485 aliquod
1398 3413 1694 3488 tempuS,
1743 3412 1818 3467 ut
1859 3397 2182 3476 diximus,
2230 3399 2421 3468 horis
2467 3420 2746 3489 compe-

206 3484 509 3553 tentibus
569 3485 921 3556 solitarius
970 3487 1256 3566 sederet,
1311 3499 1375 3556 et
1420 3487 1584 3573 quid
1645 3487 1992 3576 agendum
2046 3488 2177 3557 sibi
2226 3501 2441 3568 esset,
2494 3509 2752 3574 quaeve

206 3572 448 3662 religio
482 3574 854 3660 sequenda,
896 3575 1181 3645 sedulus
1229 3597 1461 3645 secum
1513 3576 1661 3665 ipse
1712 3577 2003 3644 scrutari
2047 3590 2465 3650 consuesset,
2522 3578 2751 3679 ingre-

203 3661 402 3731 diens
449 3661 533 3732 ad
564 3685 721 3732 eum
773 3663 1074 3750 quadam
1114 3664 1224 3732 die
1259 3663 1361 3732 vir
1390 3664 1529 3742 Dei,
1569 3664 1903 3753 imposuit
1950 3664 2293 3735 dexteram
2330 3665 2538 3755 capiti
2569 3687 2746 3753 ejus,
2844 3732 2854 3742 ,

200 3762 266 3820 et
315 3773 400 3819 an
454 3750 583 3820 boc
631 3752 907 3841 signum
968 3764 1391 3843 agnosceret,
1448 3753 1825 3840 requisivit.
1903 3754 2032 3836 Qui
2093 3776 2251 3824 cum
2306 3766 2603 3823 tremens
2664 3753 2748 3822 ad

208 3839 415 3928 pedes
448 3841 598 3930 ejus
652 3839 1005 3928 procidere
1068 3841 1287 3920 vellet,
1345 3840 1588 3911 levavit
1625 3864 1810 3923 eum,
1866 3856 1930 3911 et
1977 3843 2176 3929 quasi
2218 3841 2542 3911 familiari
2593 3864 2754 3912 voce

204 3928 490 3998 affatus:
549 3932 801 4009 «Ecce,
857 3929 1103 4016 inquit,
1160 3930 1459 4000 hostium
1530 3953 1803 4010 manuS,
1849 3953 2024 4018 quos
2088 3932 2403 4011 timuisti,
2471 3931 2752 4002 Domino

202 4015 526 4098 donante,
581 4017 878 4088 evasisti.
935 4023 1102 4087 Ecce
1135 4040 1451 4107 regnum,
1488 4020 1670 4106 quod
1709 4019 2137 4100 desiderasti,
2195 4020 2342 4110 ipso
2393 4020 2746 4110 largiente,

206 4106 596 4194 percepisti.
652 4112 985 4176 Memento
1036 4120 1110 4176 ut
1142 4107 1447 4188 tertium,
1485 4108 1668 4195 quod
1722 4108 2123 4197 promisisti,
2163 4107 2384 4178 facere
2447 4130 2576 4179 non
2623 4108 2753 4177 dif-

204 4190 408 4272 feras,
447 4195 888 4285 suscipiendo
939 4195 1142 4265 fidem
1186 4195 1363 4282 ejus,
1416 4211 1481 4266 et
1531 4211 1891 4287 praecepta
1941 4196 2299 4278 servando,
2344 4199 2465 4286 qui
2500 4210 2562 4268 te
2594 4211 2659 4266 et
2712 4220 2751 4265 a

206 4283 702 4379 temporalibus
737 4283 1041 4353 adversis
1088 4284 1362 4374 eripuit,
1408 4298 1474 4354 et
1522 4286 1920 4376 temporalis
1972 4286 2161 4377 regni
2222 4286 2476 4356 honore
2527 4285 2748 4355 subli-

205 4382 443 4436 mavit.
484 4375 557 4440 Et
593 4371 647 4442 si
682 4371 1006 4463 deinceps
1056 4372 1385 4443 voluntati
1422 4373 1592 4459 eius,
1631 4396 1840 4463 quam
1898 4397 2015 4465 per
2057 4397 2162 4444 me
2211 4376 2331 4445 tibi
2376 4376 2742 4466 praedicat,
