3347 4999
730 348 857 412 362
1539 368 1615 413 nr.
1663 370 1719 414 s.
1773 369 2062 415 nomano
2113 368 2270 415 aaut:
2864 348 3044 414 OCT.
3118 348 3202 413 13

638 453 993 528 Dominus,
1038 451 1157 536 qui
1208 464 1368 519 sunt
1414 451 1586 537 ejus,
1631 466 1696 521 et
1730 453 2088 522 miseretur
2138 454 2250 522 cui
2304 452 2616 532 voluerit,
2669 466 2733 520 et
2784 451 3198 520 misericor·-

637 541 847 633 diam,
876 553 1191 631 praestat,
1247 540 1315 608 in
1367 562 1567 626 quem
1621 541 1750 610 sibi
1795 541 2149 630 placuerit.
2203 548 2432 628 Neque
2470 542 2653 610 enirn
2690 562 2772 609 ex
2811 542 2918 610 sui
2955 541 3200 630 ipsius

638 645 905 708 natura,
960 628 1057 697 vel
1116 642 1479 719 paupertas
1524 643 1840 718 praestat,
1892 630 1989 699 vel
2032 630 2350 699 adimunt
2390 630 2669 700 divitiae
2710 630 3184 705 sanctitatem:

636 741 760 789 nec
798 717 1169 807 perfectum
1207 718 1615 795 obscuritas,
1648 741 1771 787 nec
1805 719 2170 808 reprobum
2209 718 2487 790 claritas
2517 718 2711 799 facit;
2757 738 2881 787 nec
2917 717 3196 788 claudit

637 808 938 888 libertas,
985 828 1107 875 nec
1157 819 1407 876 reserat
1439 808 1733 877 servitus
1770 808 2192 896 paradisum.
2242 809 2510 877 Primus
2547 808 2930 898 patriarcha
2971 807 3196 877 Abra-

638 896 795 966 ham
848 911 911 965 et
957 895 1147 964 dives
1214 895 1565 975 scribitur,
1616 910 1682 965 et
1733 896 2094 987 perfectus,
2147 897 2354 984 cujus
2403 896 2575 966 sides
2622 896 3061 965 admirabilis
3114 909 3190 966 et

636 985 1023 1056 obedientia
1075 983 1509 1054 inimitabilis
1559 985 1626 1053 in
1682 1007 1907 1054 rerum
1961 985 2275 1055 omnium
2311 987 2508 1075 copia
2561 984 3018 1076 praedicatur.
3056 991 3181 1055 Jo—

640 1076 836 1164 seph,
875 1072 1202 1143 dominus
1234 1074 1515 1163 Aegypti
1557 1076 1975 1144 constitutus
2007 1097 2046 1143 a
2085 1097 2262 1163 rege,
2305 1075 2624 1144 universo
2671 1075 2818 1144 orbi
2860 1074 3186 1164 praebuit

639 1164 973 1234 castitatis
1019 1161 1435 1250 exemplum.
1491 1168 1782 1232 Sanctus
1828 1164 1952 1233 ,lob
1998 1164 2227 1250 qualis
2256 1164 2321 1232 in
2358 1164 2617 1233 divitiis
2664 1163 2892 1243 suerit,
2928 1185 3183 1232 earum

642 1252 954 1343 probavit
1001 1251 1388 1341 ademptio:
1432 1272 1634 1338 quem
1677 1253 1960 1323 morbus
1992 1253 2320 1341 corporiS,
2379 1253 2655 1321 tentatio
2703 1253 2961 1331 uxoris,
2996 1254 3188 1320 ami-

639 1363 875 1411 corum
927 1340 1822 1430 exprobrati0„spectabili
1880 1343 2202 1431 patientia
2254 1341 2551 1410 reddidit
2599 1341 2984 1411 clariorem.
3041 1346 3187 1410 Rex

644 1430 876 1510 David,
928 1451 1066 1518 quo
1115 1451 1317 1498 nemo
1366 1429 1611 1508 ditior,
1666 1431 1782 1499 sed
1847 1452 2047 1499 nemo
2095 1444 2159 1499 et
2206 1431 2531 1511 sanctior,
2584 1452 2721 1517 quo
2772 1430 3011 1499 nullus
3065 1452 3187 1499 su-

639 1519 943 1599 blimior,
996 1518 1111 1588 sed
1165 1518 1496 1588 humilior
1546 1517 1806 1596 nullus,
1860 1533 1924 1587 et
1974 1520 2148 1588 inter
2208 1519 2567 1589 thesauros
2624 1520 3030 1587 innumeros
3079 1540 3186 1587 se·

642 1608 915 1698 pelitur,
968 1620 1032 1677 et
1081 1614 1257 1677 inter
1309 1609 1417 1676 Dei
1468 1609 1728 1677 amieos
1799 1609 2082 1677 caeteris
2145 1609 2401 1698 gratior
2463 1619 2925 1697 computatur.
2972 1612 3183 1676 Nemo

642 1696 927 1787 proinde
978 1698 1285 1777 miretur,
1342 1698 1399 1765 si
1452 1711 1680 1765 noster
1734 1696 2096 1766 Eduardus
2143 1711 2207 1766 et
2257 1720 2369 1766 rex
2400 1696 2693 1777 dicatur,
2748 1712 2813 1764 et
2852 1708 3177 1765 sanctus:

638 1808 842 1872 quem
893 1786 1246 1855 cernimus
1277 1798 1342 1853 et
1375 1785 1441 1854 in
1494 1784 1753 1854 divitiis
1800 1806 2118 1874 egenum,
2172 1800 2237 1854 et
2285 1787 2352 1853 in
2406 1785 2674 1855 deliciis
2719 1784 3059 1865 sobrium,
3109 1787 3178 1853 in

643 1896 951 1965 purpura
1002 1873 1362 1954 humilem,
1416 1889 1479 1941 et
1528 1874 1659 1943 sub
1693 1896 1943 1943 corona
1983 1897 2191 1943 aurea
2235 1875 2476 1943 mundi
2518 1886 3085 1963 contemptorem.

724 1966 761 2050 ξ
812 1969 897 2034 ².
945 1967 1108 2032 Cum
1160 1964 1342 2031 enim
1396 1985 1508 2032 rex
1544 1963 1946 2032 Ethelredus
1994 1985 2072 2032 ex
2122 1963 2262 2033 filia
2310 1963 2582 2033 comitis
2630 1963 2901 2032 Thoreti
2952 1961 3177 2031 filium

640 2054 1057 2141 suscepisset
1103 2051 1545 2121 Edmundum
1594 2052 1649 2131 *,
1705 2065 2159 2141 cognomento
2191 2057 2506 2121 Ferreum
2564 2051 2766 2132 latuS‚
2819 2074 2898 2119 ex
2943 2052 3181 2142 regina

638 2155 866 2210 autem
905 2146 1139 2209 Emma
1184 2139 1567 2209 Alfredum:
1624 2141 1862 2209 beatus
1904 2140 2289 2221 Eduardus,
2336 2142 2515 2210 intra
2567 2141 2827 2210 viscera
2870 2154 3180 2208 materna

636 2230 1033 2309 conclusuS‚
1091 2228 1468 2317 praefertur
1514 2230 1787 2315 utrique
1834 2230 2076 2318 agente
2122 2253 2223 2311 eo,
2276 2231 2396 2316 qui
2444 2243 2770 2318 operatur
2805 2229 3042 2297 omnia
3079 2251 3181 2297 se·

636 2317 945 2387 cundum
998 2317 1362 2386 consilium
1416 2317 1785 2387 voluntatis
1833 2340 2022 2399 suae,
2073 2319 2192 2405 qui
2243 2319 2641 2388 dominatur
2685 2318 2755 2386 in
2805 2339 3021 2407 regno
3058 2318 3180 2386 ho-

643 2406 935 2487 minum,
988 2421 1051 2474 et
1097 2408 1512 2492 cuicumque
1576 2407 1885 2480 voluerit.
1938 2406 2053 2476 dat
2117 2407 2310 2477 illud.
2366 2407 2466 2476 Fit
2509 2407 2693 2476 enim
2744 2428 2975 2476 coram
3022 2426 3180 2495 rege

641 2516 747 2563 ma
808 2517 936 2564 nus
970 2496 1327 2586 procerum
1363 2510 1427 2565 et
1456 2497 1935 2586 episcoporum
1987 2511 2388 2577 conventus,
2428 2510 2492 2566 et
2523 2497 2684 2585 quia
2725 2496 2868 2583 jam
2904 2494 3179 2565 futurae

637 2583 739 2652 cla
798 2585 856 2654 is
908 2585 1161 2654 indicia
1211 2607 1405 2654 saeva
1461 2599 1950 2675 processerant,
1989 2586 2218 2685 agitur
2250 2586 2425 2655 inter
2471 2607 2586 2657 eos
2633 2588 2719 2653 de
2766 2584 2961 2675 regni
2997 2598 3180 2654 statu

638 2685 988 2742 tractatuS.
1042 2673 1166 2743 Alti
1217 2695 1373 2743 vero
1421 2673 1864 2743 Edmundum
1901 2677 1988 2744 ob
2039 2676 2570 2745 invictissimum
2617 2675 2828 2743 robur
2866 2674 3178 2763 corporis

633 2763 999 2831 aestimant
1063 2762 1610 2852 praeferendum,
1664 2763 1781 2831 alii
1831 2763 1916 2832 ob
1966 2764 2281 2832 virtutem
2333 2769 2910 2833 Nortmannorum
2965 2762 3180 2831 Alfi-e-

632 2851 799 2921 dum
856 2852 1392 2940 promovendum
1450 2852 1661 2920 tutius
1717 2851 2162 2921 arbitrantur.
2219 2852 2344 2921 Sed
2406 2851 2793 2922 futurorum
2856 2851 3174 2920 omnium

637 2941 1012 3029 praescius,
1049 2941 1294 3029 prioris
1326 2941 1800 3010 brevissimam
1834 2941 2063 3021 vitam,
2094 2940 2374 3010 alterius
2405 2955 2687 3010 mortem
2727 2941 3176 3010 immaturam

640 3029 1092 3118 prospiciens,
1149 3030 1214 3097 in
1272 3051 1558 3118 puerum
1614 3029 1906 3098 necdum
1962 3043 2223 3109 natum,
2283 3030 2762 3099 universorum
2819 3041 2970 3099 vota
3009 3050 3175 3098 con-

637 3120 854 3187 vertit.
928 3123 1123 3186 Utero
1190 3118 1418 3188 adbuc
1488 3116 1859 3198 clauditur,
1912 3129 1977 3186 et
2026 3117 2093 3187 in
2147 3139 2373 3208 regem
2430 3141 2598 3207 puer
2654 3118 2976 3208 eligitur:
3032 3140 3173 3186 non

633 3220 859 3285 natuS‚
902 3207 1080 3275 natis
1115 3205 1526 3293 praefertur;
1578 3221 1643 3275 et
1673 3229 1876 3293 quem
1930 3206 2223 3276 necdum
2271 3221 2443 3277 terra
2488 3219 2906 3296 susceperat,
2952 3218 3176 3274 terrae

631 3293 958 3363 dominus
997 3294 1438 3383 designatur;
1490 3310 1555 3363 et
1589 3294 1744 3364 laeti
1800 3298 2110 3384 proceres
2146 3309 2651 3366 sacramentum
2691 3294 3035 3364 fidelitatis
3063 3292 3174 3362 illi

618 3382 885 3470 jurant,
940 3383 1059 3468 qui
1108 3398 1340 3452 utrum
1406 3400 1822 3465 nasceretur,
1878 3385 1894 3451 i
1956 3398 2219 3454 norant.
2276 3384 2486 3455 Paulo
2551 3386 2780 3470 itaque
2849 3396 2994 3473 post
3045 3404 3173 3451 na-

626 3471 951 3540 tivitatem
1005 3472 1222 3541 sancti
1271 3471 1569 3541 Eduardi
1612 3407 2036 3543 irruentibus
2070 3474 2138 3541 in
2177 3472 2489 3563 Angliam
2540 3473 2879 3553 barbaris,
2916 3485 2982 3541 et
3021 3493 3172 3540 ma-

626 3560 880 3629 ximam
937 3559 1202 3629 insulae
1252 3561 1627 3650 portionem
1671 3562 1878 3631 caede
1930 3561 2384 3650 incendioque
2419 3561 2870 3640 vastantibUS,
2928 3561 3171 3650 regina

626 3672 785 3717 cum
840 3646 1004 3718 siliis
1046 3649 1113 3716 in
1166 3649 1680 3718 Nortmanniam
1718 3652 2131 3740 transposita
2164 3664 2287 3721 est.
2334 3651 2608 3720 Vivebat
2649 3651 2715 3718 in
2752 3650 2927 3719 avita
2963 3648 3171 3718 domo

622 3736 801 3805 inter
846 3760 1098 3836 pueros
1165 3760 1376 3839 puer,
1444 3739 1780 3808 immunis
1843 3750 2067 3809 tamen
2119 3761 2160 3808 a
2209 3739 2426 3820 vitiis,
2481 3740 2738 3826 quibus
2801 3751 2986 3808 aetas
3045 3736 3170 3805 illa

621 3823 791 3897 solet
844 3825 1209 3916 implicari.
1245 3833 1483 3897 Castus
1508 3840 1659 3896 erat
1688 3849 1996 3918 corpore,
2031 3850 2346 3898 sermone
2395 3850 2618 3910 rarus,
2655 3826 2945 3916 simplex
2979 3840 3164 3905 actu,

618 3930 683 3982 et
738 3937 953 4003 purus
1001 3916 1272 3985 affectu.
1327 3921 1781 4003 Frequentare
1843 3917 2201 3987 ecclesiam
2241 3916 2473 4008 ‚dulce
2529 3917 2792 3997 babuit,
2855 3915 3172 3984 crebrius

612 4004 1041 4074 orationibus
1094 4005 1515 4085 incumbere,
1564 4007 1779 4074 sacris
1819 4007 2179 4075 Missarum
2219 4006 2545 4076 interesse
2580 4005 2960 4092 solemniis,
3003 4006 3169 4073 visi-

621 4091 851 4160 tandis
904 4095 1337 4163 monasteriis
1387 4115 1663 4183 operam
1716 4095 1903 4175 dare,
1956 4111 2021 4164 et
2066 4115 2239 4180 quos
2287 4096 2661 4165 sanctiores
2710 4094 2991 4173 sciebat,
3037 4093 3175 4163 sibi

624 4181 1000 4252 monachos
1049 4183 1116 4251 in
1170 4184 1545 4253 amicitiam
1596 4183 1947 4273 copulare.

709 4271 743 4356 ἓ
792 4275 882 4341 8.
940 4271 1287 4342 Saeviebat
1327 4273 1599 4342 interim
1655 4271 1933 4362 gladius
1990 4270 2263 4343 hostilis
2304 4274 2370 4341 in
2413 4273 2678 4363 Anglia‚
2724 4271 3059 4341 caedibus
3107 4285 3177 4339 et

671 4487 698 4513 ¹·
730 4485 1027 4526 Edmundnm
1051 4486 1108 4531 11,
1129 4486 1224 4527 Cose-
1240 4487 1288 4525 de
1311 4487 1393 4525 few.
