3347 4999
209 359 378 425 OCT.
435 358 515 422 47
1084 375 1161 420 DE
1211 374 1263 420 s.
1320 373 1615 419 aanwien
1664 373 1853 419 vinca
2520 356 2647 420 495

211 481 364 529 vero
411 458 883 550 Apostolorum
938 457 1271 549 pridianis
1320 456 1565 528 diebus
1612 456 1754 527 sive
1802 457 2094 546 vigiliis,
2154 459 2475 545 sextaque
2522 456 2686 527 feria
2715 513 2730 539 ‚

210 569 385 640 pane
432 561 495 617 et
543 549 723 634 aqua
769 558 1083 617 contenta
1133 545 1305 626 fuit;
1360 567 1579 633 neque
1631 559 1851 614 tamen
1905 544 1989 615 de
2020 545 2361 633 ejusmodi
2401 546 2585 615 tenui
2639 546 2735 614 vi-

208 652 345 719 ctu,
398 636 608 706 debili
657 636 1069 725 corpusculo
1118 657 1292 715 su0,
1345 634 1523 722 quod
1578 634 1745 704 satis
1790 648 2012 715 esset,
2067 634 2547 724 suppeditavit,
2603 645 2737 704 tres

209 737 471 796 tantum
518 723 861 794 buccellas
889 723 1259 813 accipienS,
1293 744 1676 813 panemque
1706 723 1932 792 cinere
1969 725 2373 813 permixtum
2413 744 2544 791 non
2583 744 2737 792 raro

206 817 293 884 iis
342 814 587 883 diebus
638 812 1088 882 manducans
1143 816 1351 900 Atque
1398 811 1737 902 ejusmodi
1780 812 2129 903 jejunium
2181 809 2373 881 nullo
2404 821 2598 901 pacto
2627 811 2739 879 in-

207 903 573 973 termittere
601 902 837 982 voluit,
874 900 1091 970 donec
1122 901 1508 971 notabiliter
1535 899 1824 969 deficere
1846 923 1917 971 se
1949 901 2229 970 sentiret
2262 899 2548 970 viribus:
2593 911 2734 968 tum

209 1014 366 1062 vero
401 991 722 1061 utebatur
744 989 1213 1081 leguminibus
1239 1002 1301 1059 et
1325 989 1511 1080 pulte
1536 990 1823 1059 cervisia
1846 1002 2140 1060 excocta.
2170 993 2334 1058 Cum
2363 987 2737 1075 aliquando

208 1081 269 1151 ei
318 1079 704 1159 diceretur,
759 1101 886 1149 cur
950 1089 1044 1148 tot
1090 1078 1380 1160 diebus,
1447 1092 1510 1148 et
1572 1078 1641 1146 in
1696 1083 2099 1148 Sanctorum
2165 1076 2541 1168 pervigiliis
2598 1088 2734 1145 tam

209 1170 465 1239 durum
530 1169 662 1238 sibi
712 1167 1042 1237 indiceret
1077 1167 1425 1257 jejunium
1466 1222 1481 1248 ‚
1549 1165 1661 1235 illa
1740 1167 2134 1258 respondit:
2190 1189 2225 1233 «
2264 1166 2488 1235 Sancti
2539 1164 2738 1234 nobis

209 1270 372 1328 sunt
420 1256 810 1337 necessarii,
868 1257 1243 1343 meritoque
1290 1277 1403 1325 eos
1453 1256 1760 1325 venerari
1808 1256 2160 1336 debemus,
2213 1266 2290 1325 ut
2337 1254 2534 1324 nobis
2573 1252 2736 1323 sub-

209 1348 505 1425 veniant,
542 1356 608 1415 et
637 1346 704 1414 in
743 1357 957 1414 morte
987 1345 1329 1414 assistant.
1370 1349 1540 1414 Tum
1590 1366 1864 1432 quoque
1912 1343 2245 1435 corporali
2276 1341 2543 1433 jejunio
2574 1364 2733 1411 con-

209 1447 337 1505 stat
386 1435 547 1504 vitia
595 1434 985 1523 comprimi,
1038 1445 1333 1503 mentem
1386 1433 1471 1502 ad
1522 1433 1834 1503 coelestia
1883 1432 2154 1514 elevari,
2211 1432 2625 1517 virtutesque
2671 1441 2739 1499 et

209 1536 484 1594 aeterna
533 1522 841 1623 praemia
896 1545 933 1591 a
995 1526 1127 1591 Deo
1185 1523 1559 1612 impetrari.
1623 1521 1814 1591 Unde
1860 1523 2061 1591 etiam
2131 1521 2295 1591 satis
2351 1535 2414 1589 et
2460 1520 2627 1589 utile
2673 1531 2739 1620 et

209 1634 672 1682 necessarium
725 1610 925 1689 duco,
978 1631 1254 1680 carnem
1309 1632 1652 1680 macerare
1691 1611 2126 1680 abstinentia,
2165 1633 2200 1675 »
2247 1610 2550 1679 Juvenes
2583 1630 2737 1695 qut-

208 1701 366 1771 dam
418 1699 755 1770 nobilium
806 1699 955 1779 filii,
1010 1700 1077 1767 in
1128 1699 1280 1787 ejus
1327 1699 1485 1769 aula
1534 1699 1857 1799 degentes
1888 1754 1903 1778 ‚
1958 1699 2300 1768 interdum
2351 1697 2576 1766 dicere
2625 1718 2735 1766 so-

210 1790 464 1860 lebant:
504 1812 539 1856 «
563 1792 739 1858 Deus
772 1809 897 1857 nos
933 1801 1150 1857 servet
1180 1810 1219 1857 a
1255 1786 1370 1857 tali
1402 1786 1734 1869 dominio,
1767 1788 1969 1874 quale
2005 1809 2164 1877 prae
2199 1809 2268 1857 se
2302 1785 2426 1856 sert
2460 1785 2741 1856 domina

209 1890 440 1947 nostra
474 1933 489 1957 ,
541 1899 716 1963 quae
765 1875 908 1946 solo
958 1897 1134 1966 pane
1181 1889 1243 1945 et
1291 1898 1469 1964 aqua
1527 1876 1799 1946 victitat.
1845 1900 1880 1943 »
1931 1876 2254 1946 Dicebant
2317 1888 2540 1944 autem
2608 1873 2735 1943 hoc

209 1966 333 2048 illi,
379 1988 513 2037 non
565 1964 744 2053 quod
806 1965 1173 2052 quicquam
1216 1964 1316 2034 eis
1363 1964 1664 2044 deesset,
1722 1964 1838 2035 sed
1887 1963 2067 2052 quod
2119 1977 2253 2034 tam
2307 1963 2549 2034 duram
2612 1962 2736 2032 do-

210 2056 440 2125 minae
474 2076 596 2124 sua
732 2054 1016 2145 edwigis
1050 2054 1531 2123 abstinentiam
1578 2054 2012 2124 mirarentur.

300 2150 339 2224 ἓ
385 2148 535 2215 16.
720 2155 914 2213 usata
981 2141 1353 2230 aliquando
1414 2142 1541 2213 suit
1605 2142 1786 2231 apud
1845 2143 2165 2212 maritum
2245 2163 2497 2220 suum,
2550 2139 2734 2227 quod

211 2243 540 2322 perpetuo
605 2253 852 2317 aquam
915 2230 1193 2301 biberet.
1266 2229 1338 2300 Id
1395 2253 1548 2299 vero
1612 2230 1725 2300 ille
1790 2230 2071 2322 indigne
2130 2230 2351 2300 serens
2386 2286 2401 2310 ‚
2453 2241 2518 2313 et
2576 2228 2736 2318 plus

211 2320 376 2388 satis
428 2318 979 2400 immoderatum,
1034 2331 1234 2408 atque
1280 2341 1542 2405 earum,
1581 2342 1755 2407 quas
1783 2320 2022 2390 crebro
2072 2320 2474 2409 patiebatur,
2521 2317 2735 2407 aegri·

213 2407 533 2478 tudinum
587 2429 864 2477 causam
916 2429 1065 2477 esse
1111 2408 1531 2489 existimans,
1588 2407 1748 2477 inde
1794 2430 1941 2478 eam
1993 2430 2306 2478 revocare
2344 2406 2576 2478 voluit.
2615 2410 2738 2475 Ac-

210 2496 475 2567 cessiti
528 2496 665 2567 itur
705 2511 970 2584 praeter
1015 2498 1582 2587 exspectationem
1634 2497 1719 2567 ad
1759 2496 2011 2579 locum,
2064 2497 2184 2568 ubi
2238 2496 2353 2567 illa
2405 2498 2489 2566 ad
2545 2519 2737 2566 men-

208 2607 381 2666 sam,
436 2587 496 2654 ci
551 2608 665 2656 um
720 2597 1106 2676 sumptura,
1160 2585 1480 2656 sedebat:
1540 2586 1916 2674 tollensque
1949 2586 2289 2677 scyphum
2338 2609 2565 2659 coram
2619 2585 2730 2655 illa

209 2675 535 2765 positum,
589 2674 657 2742 in
709 2695 846 2762 quo
893 2696 1070 2761 aqua
1117 2688 1304 2756 erat,
1357 2675 1530 2746 bibit
1575 2696 1654 2745 ex
1703 2698 1803 2745 eo.
1859 2681 1935 2745 Et
1981 2698 2136 2745 ecce
2185 2697 2317 2745 non
2380 2678 2514 2747 nisi
2573 2675 2736 2745 boni

207 2763 348 2831 vini
398 2774 677 2854 gustum
734 2764 1060 2853 percipit,
1111 2785 1270 2834 cum
1325 2776 1547 2833 tamen
1600 2787 1829 2834 revera
1878 2786 2055 2852 aqua
2103 2763 2333 2833 infusa
2386 2777 2580 2835 esset.
2634 2764 2739 2833 Ait

204 2851 422 2942 igitur
470 2851 570 2920 illi
618 2852 736 2939 qui
786 2873 936 2921 eam
986 2851 1370 2922 detulerat:
1439 2876 1474 2920 «
1510 2854 1770 2944 Dignus
1835 2852 2131 2952 profecto
2187 2874 2372 2922 esses
2405 2907 2420 2935 ,
2483 2854 2596 2924 cui
2644 2852 2733 2922 ob

205 2941 335 3010 hoc
367 2940 805 3011 mendacium
846 2940 1027 3010 oculi
1060 2941 1536 3011 effoderentur.
1580 2965 1615 3008 »
1665 2942 2015 3013 Nesciebat
2046 2941 2225 3010 enim
2264 2939 2519 3012 sactum
2556 2940 2729 3015 illud

208 3051 248 3098 a
287 3030 591 3111 Domino,
646 3029 828 3117 quod
879 3032 958 3099 ea
1004 3033 1214 3100 causa
1263 3028 1580 3100 mirabile
1633 3043 1776 3100 erat
1835 3030 1903 3098 in
1954 3029 2174 3099 oculis
2229 3028 2369 3098 illic
2416 3030 2477 3099 ei
2526 3031 2736 3099 mini-

206 3118 600 3200 strantium,
662 3119 783 3205 qui
831 3118 1135 3188 sciebant
1180 3118 1347 3206 quid
1409 3120 1466 3188 ei
1530 3118 1903 3188 bibendum
1968 3117 2425 3199 obtulissent,
2487 3140 2736 3208 nempe

205 3227 456 3293 aquam
495 3228 778 3296 puram;
812 3228 987 3294 quae
1024 3220 1246 3276 tamen
1289 3229 1442 3277 mox
1484 3207 1550 3274 in
1590 3207 1824 3275 vinum
1860 3218 2118 3276 mutata
2156 3204 2307 3276 fuit.
2348 3206 2536 3290 Quod
2573 3228 2733 3277 cum

203 3296 459 3366 certius
517 3316 926 3384 cognoscere
982 3294 1226 3365 vellent
1272 3296 1388 3383 qui
1443 3295 1543 3363 illi
1606 3316 1852 3383 aquam
1913 3310 2411 3386 apposuerant,
2471 3308 2737 3398 postea-

204 3404 413 3470 quam
452 3386 595 3452 Dux
634 3382 829 3462 bibit,
881 3383 1083 3453 etiam
1136 3382 1293 3453 inde
1327 3383 1694 3453 biberunt:
1747 3396 2371 3474 cognoscentesque
2416 3383 2731 3454 divinum

204 3470 622 3540 miraculum
665 3526 679 3552 ,
733 3493 854 3560 pro
909 3482 1008 3540 ter
1069 3484 1344 3542 sanctae
1391 3471 1732 3563 Hedwigis
1783 3473 2022 3542 merita
2081 3485 2464 3563 patratum,
2520 3478 2732 3543 Deum

202 3558 713 3630 collaudabant.
748 3564 823 3628 In
911 3560 992 3642 is,
1036 3561 1155 3649 qui
1192 3582 1269 3630 ex
1304 3581 1479 3648 aqua
1518 3560 1634 3630 illa
1669 3562 1734 3630 in
1779 3560 2014 3631 vinum
2070 3573 2328 3632 mutata
2377 3563 2725 3642 biberunt,

202 3647 335 3718 fuit
379 3649 581 3717 etiam
644 3646 1082 3730 AdelheidiS,
1137 3668 1306 3718 uxor
1358 3648 1705 3737 quondam
1757 3649 2153 3720 Theodorici
2204 3650 2288 3720 de
2342 3651 2726 3732 Janonicz,

200 3737 536 3838 equestris
581 3736 844 3806 ordinis
890 3737 1038 3816 viri,
1090 3735 1342 3807 femina
1392 3739 1459 3807 in
1511 3738 1710 3809 bonis
1758 3738 2084 3829 operibus
2129 3738 2417 3821 fervens,
2461 3751 2525 3809 et
2556 3761 2733 3826 quae

197 3827 310 3896 bis
343 3838 735 3897 sanctorum
777 3824 1246 3915 Apostolorum
1304 3827 1471 3896 Petri
1505 3840 1570 3897 et
1609 3828 1800 3897 Pauli
1831 3828 2078 3897 limina
2112 3833 2364 3898 Romae
2413 3827 2724 3898 visitarit.

203 3915 413 4005 CuJ'us
446 3912 909 3984 testimonium
947 3926 1131 3984 tanto
1166 3914 1322 4005 plus
1361 3915 1558 3986 debet
1590 3915 1841 3986 habere
1892 3915 2237 4006 ponderis,
2282 3928 2537 4003 quanto
2584 3917 2734 4006 eJus

201 4004 340 4072 vita
371 4001 500 4073 fuit
526 4003 860 4073 bonorum
893 4024 1179 4093 operum
1215 4004 1442 4074 studio
1475 4005 1802 4075 ornatior.
1835 4004 1978 4075 Tali
1999 4026 2161 4097 ergo
2189 4004 2522 4075 miraculo
2555 4009 2733 4076 Deus

204 4102 270 4161 et
299 4090 632 4162 delatores
664 4090 964 4162 famulae
1010 4114 1174 4163 suae
1211 4094 1656 4184 compescuit,
1695 4105 1760 4164 et
1797 4093 1948 4183 ejus
1981 4093 2429 4176 devotionem,
2469 4116 2547 4164 ac
2590 4094 2732 4184 pie-

204 4190 408 4249 tatem
461 4187 682 4271 magis
714 4180 915 4250 etiam
953 4180 1403 4252 confirmavit.
1761 4247 1765 4251 .

292 4269 328 4353 ξ
372 4271 504 4340 12.
558 4274 828 4340 Praeter
856 4291 930 4340 ea
974 4291 1152 4351 ver0,
1204 4291 1381 4358 quae
1423 4271 1567 4360 jam
1617 4270 1802 4341 dicta
1849 4283 2012 4342 sunt
2059 4270 2143 4341 de
2182 4269 2372 4340 illius
2408 4283 2732 4362 perpetuo

204 4365 270 4423 et
315 4355 685 4428 admodum
727 4358 950 4451 rigido
981 4358 1272 4448 je'unio,
1328 4358 1499 4429 illud
1542 4381 1817 4448 quoque
1848 4381 2001 4431 eam
2050 4359 2552 4442 admirabilem,
2605 4358 2732 4430 etsi

204 4462 344 4512 non
393 4446 716 4518 omnibus
772 4382 1174 4520 imitabifem
1213 4503 1232 4530 ,
1292 4448 1539 4530 reddit,
1591 4448 1777 4539 quod
1829 4449 1985 4521 licet
2032 4470 2280 4542 parum
2328 4448 2603 4531 ederet,
2668 4457 2735 4517 et
