3347 4999
186 349 363 416 OCT.
419 349 456 413 4
1056 364 1134 410 na
1181 363 1236 411 s.
1282 359 1630 410 rammsco
1679 361 1861 410 comt.
2521 347 2645 410 457

186 452 437 541 pietate
476 447 856 524 confidens,
903 468 1025 536 per
1065 449 1287 546 ipsius
1336 447 1762 526 instantiam,
1803 459 2017 516 totum
2072 447 2142 514 in
2197 448 2482 517 Domino
2549 450 2737 537 cogi-

189 554 406 610 tatum
437 537 763 627 jactabat.
806 538 1147 605 Orationis
1231 535 1471 605 ratiam
1509 536 1664 604 Viro
1713 534 2030 625 religioso
2060 535 2583 608 desiderandam
2619 560 2739 607 su-

188 651 312 717 per
349 629 585 697 omnia
624 626 917 694 firmiter
950 645 1177 694 assere
1229 637 1320 705 at,
1358 623 1770 711 nullumque
1803 623 2090 692 credens
2141 624 2287 693 sine
2321 625 2468 714 ipsa
2511 626 2577 695 in
2625 626 2738 695 Dei

189 717 577 817 prosperari
628 713 926 793 serviti0‚
989 712 1235 796 modis,
1297 712 1554 800 quibus
1604 724 1895 803 poterat,
1957 711 2196 781 fratres
2245 734 2406 784 suos
2454 714 2539 782 ad
2589 715 2740 784 e'us

189 806 499 878 studium
542 803 899 873 excitabat.
945 806 1110 870 Nam
1147 800 1518 872 ambulans
1564 813 1629 870 et
1662 800 1933 880 sedenS,
1989 801 2177 870 intus
2219 813 2285 870 et
2319 801 2508 882 foris,
2555 801 2619 870 la
2670 825 2742 871 o·

191 918 355 965 rans
393 907 458 964 et
500 914 774 970 vacans,
829 891 1119 960 orationi
1173 891 1343 959 adeo
1390 901 1536 959 erat
1565 890 1894 969 intentuS,
1938 902 2015 958 ut
2049 889 2153 958 illi
2188 888 2555 970 videretur,
2605 913 2740 959 non

192 984 414 1056 solum
457 980 793 1069 quicquid
833 991 977 1048 erat
1017 980 1083 1046 in
1136 1001 1213 1049 eo
1246 979 1474 1049 cordis
1508 993 1573 1048 et
1602 1000 1721 1048 cor
1772 979 1935 1058 oris,
1971 999 2209 1047 verum
2250 979 2456 1048 etiam
2514 981 2742 1068 operis

190 1087 256 1142 et
298 1072 651 1162 temporis,
706 1068 1086 1137 dedicasse.
1128 1067 1380 1138 Solitus
1436 1080 1579 1136 erat
1631 1090 1726 1137 nu
1758 1066 1893 1135 lam
1938 1067 2392 1137 visitationem
2446 1068 2742 1157 Spiritus

190 1183 350 1231 cum
404 1159 824 1250 negligentia
896 1158 1284 1246 praeterire.
1342 1155 1692 1243 Siquidem
1767 1177 1925 1223 cum
1983 1155 2446 1236 offerebatur,
2503 1178 2742 1244 seque-

190 1251 396 1320 batur
443 1270 632 1317 eam:
671 1260 737 1316 et
767 1244 1102 1333 quamdiu
1140 1246 1470 1316 Dominus
1518 1243 1957 1330 concedebat,
2011 1243 2378 1314 dulcedine
2439 1245 2743 1335 perfrue-

191 1340 397 1409 batur
425 1337 673 1408 oblata.
714 1340 880 1404 Cum
931 1346 1159 1404 autem
1198 1335 1502 1403 intentus
1550 1334 1803 1413 itineri,
1848 1332 2066 1402 divini
2116 1334 2413 1422 Spiritus
2469 1334 2741 1421 aliquos

192 1427 476 1497 sentiret
522 1425 815 1503 afflatuS,
861 1422 1066 1493 sociis
1117 1421 1710 1511 praecedentibuS‚
1766 1422 2058 1512 gradum
2111 1421 2405 1511 figebat,
2463 1445 2741 1493 novam-

192 1539 328 1604 que
367 1514 890 1616 inspirationem
942 1510 1025 1580 ad
1082 1510 1475 1581 fruitionem
1527 1524 1953 1590 convertam,
2016 1511 2307 1600 gratiam
2377 1533 2510 1581 non
2573 1513 2741 1580 reci-

199 1604 430 1696 piebat
477 1625 545 1672 in
584 1623 906 1672 vacuum.

286 1696 321 1781 g
371 1697 537 1764 66.
594 1687 1157 1781 suspendebatur
1197 1687 1543 1758 multoties
1578 1699 1766 1757 tanto
1796 1687 2396 1777 contemplationis
2432 1710 2739 1766 excessu,

196 1796 277 1852 ut
325 1803 538 1870 supra
587 1779 1032 1867 semetipsum
1078 1788 1340 1866 raptus,
1384 1789 1449 1846 et
1496 1776 1675 1846 ultra
1727 1776 2113 1870 humanum
2152 1799 2434 1847 sensum
2478 1777 2745 1864 aliquid

199 1871 551 1949 sentiens,
604 1867 768 1955 quid
819 1877 1138 1955 ageretur
1201 1866 1384 1934 circa
1432 1887 1503 1934 se
1562 1866 1905 1944 exterius,
1960 1865 2327 1954 ignoraret.
2377 1868 2745 1936 Transiens

197 1978 500 2044 namque.
548 1955 753 2026 semel
801 1976 919 2042 per
966 1959 1268 2044 Burgum
1321 1953 1550 2024 Sancti
1599 1954 1936 2044 Sepulcri,
1975 1965 2279 2024 castrum
2335 1955 2572 2043 utique
2625 1977 2747 2043 po-

202 2046 553 2137 pulosum,
612 2066 731 2133 pro
768 2043 1117 2113 debilitate
1164 2044 1472 2132 corporis
1511 2042 1882 2112 subvectus
1928 2041 2164 2123 asello,
2218 2043 2454 2114 obvias
2506 2043 2748 2112 habuit

200 2134 464 2215 turbaS,
520 2135 587 2202 in
624 2153 779 2202 eum
818 2153 980 2221 prae
1028 2131 1383 2201 devotione
1432 2144 1734 2201 ruentes.
1775 2137 2054 2200 Tractus
2080 2145 2306 2202 autem
2339 2145 2404 2201 et
2429 2132 2747 2202 detentus

201 2225 287 2293 ab
328 2223 450 2303 eia,
507 2237 946 2311 compressus
993 2240 1311 2307 quoque,
1364 2242 1443 2289 ac
1494 2219 1972 2310 multipliciter
2016 2231 2457 2298 attrectatus,
2513 2223 2750 2290 insen-

204 2311 430 2382 sibilis
480 2309 838 2380 videbatur
884 2308 969 2378 ad
1020 2309 1275 2388 omnia,
1308 2321 1374 2378 et
1422 2308 1605 2378 velut
1638 2309 1957 2378 exanime
1986 2329 2265 2398 corpus,
2311 2309 2395 2378 de
2444 2310 2528 2379 iis
2570 2331 2748 2397 quae

202 2401 459 2471 fiebant
506 2400 688 2469 circa
735 2399 1002 2489 ipsum,
1059 2395 1227 2467 nibil
1285 2397 1557 2487 penitus
1613 2396 2027 2467 advertebat.
2103 2396 2295 2467 Unde
2351 2420 2511 2469 cum
2566 2399 2747 2486 jam·

201 2491 371 2572 diu,
429 2490 715 2560 transito
761 2501 1006 2569 castro,
1063 2487 1420 2574 turbisque
1457 2484 1739 2569 relictiS‚
1786 2485 2205 2577 pervenisset
2253 2486 2338 2557 ad
2397 2487 2746 2575 quoddam

202 2578 637 2649 domicilium
690 2577 750 2647 le
805 2598 1143 2660 rosornm,
1197 2576 1397 2661 quasi
1445 2574 1729 2645 aliunde
1778 2577 2076 2657 redienS‚
2130 2577 2530 2647 coelestium
2581 2599 2749 2646 con-

203 2667 591 2757 templator,
647 2600 936 2737 sollicite
978 2664 1353 2752 requisivit,
1390 2663 1670 2751 quando
1712 2666 2261 2756 propinquarent
2293 2665 2377 2733 ad
2410 2670 2744 2754 Burgum.

203 2762 390 2825 Mens
436 2741 717 2843 quidem
768 2755 990 2845 ipsius
1036 2752 1445 2823 coelestibus
1484 2753 1617 2822 fixa
1666 2752 2182 2844 splendoribuS‚
2222 2753 2579 2822 varietates
2612 2775 2747 2822 non

204 2857 510 2915 senserat
559 2843 889 2923 locorum,
929 2864 1053 2913 nec
1093 2856 1506 2930 temporum,
1544 2863 1669 2911 nec
1706 2842 2224 2914 occurrentium
2259 2862 2744 2931 personarum.

202 2932 395 3016 Quod
449 2933 579 3023 ipsi
630 2931 967 3001 accidisse
1013 2930 1466 3018 frequentina,
1521 2930 1868 3001 sociorum
1910 2931 2061 3017 ejus
2101 2929 2520 3018 experientia
2570 2929 2785 2999 mul·‘

209 3021 418 3111 tiplex
469 3020 959 3110 comprobavit.
1020 3025 1097 3089 Et
1146 3019 1309 3106 quia
1363 3020 1429 3088 in
1485 3020 1792 3089 oratione
1844 3032 2261 3120 perceperat,
2315 3020 2541 3086 Sancti
2599 3020 2750 3107 Spi-

203 3112 380 3179 ritus
427 3108 882 3179 desideratam
940 3108 1394 3196 praesentiam
1453 3120 1642 3177 tanto
1693 3106 2110 3177 familiarius
2161 3128 2232 3177 se
2276 3106 2518 3176 offerre
2552 3129 2750 3197 prae-

201 3200 548 3279 cantibuS,
587 3212 844 3286 quanto
886 3197 1044 3286 plus
1084 3198 1346 3266 invenit
1379 3196 1733 3286 elongatos
1776 3217 1813 3264 a
1861 3195 2151 3285 strepitu
2203 3194 2744 3278 mundanorum,

200 3288 358 3357 ideo
414 3286 561 3356 loca
610 3286 912 3357 solitaria
960 3306 1324 3374 quaerens,
1392 3285 1476 3354 ad
1537 3283 1949 3354 solitudines
1998 3293 2062 3352 et
2125 3284 2453 3355 ecclesias
2507 3283 2753 3355 dereli-

196 3392 352 3445 ctas
399 3388 720 3446 oraturus
775 3386 970 3444 nocte
1019 3374 1382 3465 pergebat;
1426 3373 1548 3443 ubi
1596 3372 2012 3442 daemonum
2063 3394 2334 3461 pugnas
2386 3373 2754 3443 horribiles

195 3464 596 3552 frequenter
648 3463 1021 3544 sustinuit,
1076 3464 1197 3550 qui
1256 3484 1490 3532 secum
1556 3461 1974 3532 sensibiliter
2026 3463 2515 3553 confligentes,
2586 3464 2754 3533 nite-

190 3554 461 3622 bantur
505 3553 736 3641 ipsum
788 3551 1119 3622 orationis
1164 3550 1392 3622 studio
1448 3550 1870 3641 perturbare.
1928 3555 2082 3640 Ipse
2131 3572 2287 3621 vero
2335 3551 2548 3620 armis
2614 3574 2754 3623 mu·

192 3642 395 3711 nitus
433 3640 847 3712 coelestibus
878 3695 893 3721 ,
946 3652 1206 3727 quanto
1254 3639 1729 3708 vehementius
1764 3639 1855 3708 im
1912 3639 2224 3710 etebatur
2272 3641 2360 3710 ab
2409 3638 2748 3721 hostibuS,

199 3742 399 3800 tanto
447 3729 686 3798 fortior
738 3730 809 3796 in
862 3731 1148 3810 virtute,
1209 3739 1273 3797 et
1334 3727 1703 3797 ferventior
1764 3749 1836 3796 re
1889 3728 2181 3798 debatur
2230 3728 2300 3796 in
2363 3750 2616 3818 opere,
2672 3728 2755 3798 fi-

202 3820 447 3888 denter
494 3817 731 3887 dicens
777 3817 860 3886 ad
914 3817 1307 3886 christum:
1359 3818 1494 3887 Sub
1542 3818 1782 3886 umbra
1841 3820 2115 3886 alarum
2166 3828 2440 3887 tuarum
2484 3820 2757 3909 protege

201 3930 312 3977 me
368 3931 410 3976 a
463 3908 642 3996 facie
696 3908 1102 3997 impiorum,
1171 3907 1293 3994 qui
1343 3928 1447 3975 me
1500 3906 1898 4005 afflioeerunt
1947 3906 2178 3995 (Psal.
2246 3905 2382 3994 ⁴6).
2441 3906 2538 3974 Ad
2599 3906 2757 3976 dae-

204 4017 445 4066 mones
493 4007 769 4065 autem:
824 4018 861 4060 «
896 3995 1118 4064 Facite
1163 3992 1492 4081 quiequid
1535 4017 1604 4062 m
1660 4015 1767 4063 me
1814 3993 2075 4076 valetiS,
2130 3993 2419 4084 maligni
2468 3995 2757 4085 spiritus

204 4097 275 4153 et
320 4084 620 4153 fallaces.
675 4088 815 4153 Non
867 4083 1047 4151 enim
1131 4082 1387 4165 otestis,
1445 4082 1578 4154 nisi
1625 4096 1965 4169 quantum
2007 4105 2124 4152 vos
2162 4105 2412 4153 manus
2455 4106 2760 4173 superna

208 4173 492 4261 relaxat3
545 4185 609 4242 et
656 4193 783 4263 ego
824 4171 905 4240 ad
942 4105 1418 4272 perlssrendum
1470 4172 1705 4241 omnia
1737 4223 1757 4253 ,
1805 4193 1981 4258 quae
2031 4169 2147 4239 illa
2200 4171 2577 4263 infligenda
2638 4174 2758 4242 de-

212 4263 522 4341 creverit,
567 4281 723 4331 cum
777 4281 968 4329 omni
1003 4258 1439 4350 jucunditate
1490 4273 1771 4350 paratus
1803 4261 2144 4330 assisto.»
2203 4265 2421 4342 Quam
2506 4263 2757 4331 mentis

211 4350 665 4420 constantiam
705 4349 986 4440 superbi
1021 4348 1388 4425 daemones
1421 4371 1556 4419 non
1607 4348 1922 4426 serentes,
1956 4348 2416 4419 abscedebant
2457 4348 2751 4418 confusi.

301 4440 336 4525 ξ
386 4441 533 4511 62.
589 4439 701 4508 Vir
734 4452 959 4508 autem
1015 4438 1169 4523 Dei,
1210 4437 1560 4509 solitarius
1598 4440 1965 4507 remanens
2012 4450 2075 4508 et
2128 4450 2433 4528 pacatuS,
2476 4440 2757 4507 nemora
