3347 4999
734 322 863 386 496
1533 337 1610 384 un
1657 337 1713 384 s.
1768 336 2060 383 nauwioi:
2109 336 2299 384 vinuA
2871 319 3050 386 OCT.
3125 323 3216 389 17

650 425 903 513 magna
950 422 1087 492 cibi
1127 421 1551 513 parsimonia
1599 434 1906 491 uteretur
1937 475 1953 503 ,
1998 420 2168 491 adeo
2215 434 2291 491 ut
2336 422 2542 491 etiam
2601 422 2925 512 permulti
2959 422 3218 495 admi-

648 524 968 582 rarentur
997 533 1146 581 eam
1186 510 1252 579 in
1290 523 1477 580 tanta
1506 510 1922 580 abstinentia
1951 522 2016 579 et
2049 509 2278 579 inedia
2306 510 2527 580 vivere
2553 532 2790 600 posse;
2825 510 2925 579 illi
2960 524 3214 582 tamen

650 599 965 671 sufficere
1014 598 1375 669 videbatur
1407 599 1535 669 hoc
1571 599 1799 689 ipsum
1850 598 2032 686 quod
2064 597 2329 680 edebat,
2369 611 2435 668 et
2474 613 2732 689 poterat
2762 601 3003 670 merito
3045 602 3218 671 sus·

648 690 875 770 ficere,
910 688 1190 776 quando
1222 710 1370 757 eam
1402 688 1618 758 virtus
1651 687 1980 757 Altissimi
2011 686 2459 759 confortabat.
2493 687 2950 771 Quamobrem
2981 690 3216 762 etiam

649 778 978 879 magistro
1025 776 1327 867 Aegidio,
1376 775 1882 847 vratislaviensi
1932 776 2448 858 ArchidiaconO,
2507 798 2796 867 magnae
2828 799 3041 847 sanae
3096 801 3214 851 se-

650 867 952 936 veritatis
1001 867 1170 948 viro,
1225 864 1625 956 objurganti
1670 886 1823 934 eam
1870 864 2051 952 quod
2115 878 2248 935 tam
2303 887 2548 955 parum
2607 865 2745 936 cibi
2802 866 3204 955 acciperet,

652 956 742 1024 ita
776 954 1171 1045 respondit:
1226 978 1261 1021 «
1296 959 1434 1045 Ego
1481 952 1788 1036 comed0,
1840 966 2175 1040 quantum
2230 954 2397 1024 satis
2443 966 2546 1023 est
2593 954 2788 1023 mihi.
2827 978 2865 1020 »
2903 959 3212 1026 Noverat

649 1044 834 1114 enim
875 1043 1200 1113 alimenta
1232 1043 1330 1113 sic
1363 1041 1765 1133 accipienda
1796 1063 1967 1123 esse,
2019 1042 2607 1130 quemadmodum
2658 1043 3202 1115 medicamenta.

651 1138 942 1202 Tantum
984 1132 1194 1223 igitur
1232 1131 1466 1213 edens,
1504 1143 1842 1219 quantum
1893 1129 2236 1201 sufficeret
2273 1130 2354 1201 ad
2402 1145 2686 1201 naturae
2727 1133 3204 1203 necessariam

652 1221 1244 1302 sustentationem,
1282 1241 1721 1310 summopere
1753 1218 1886 1291 sibi
1924 1241 1964 1288 a
1996 1220 2350 1310 superfluo
2382 1219 2536 1290 cibo
2568 1220 2873 1291 cavebat.

739 1312 775 1397 ἓ
823 1313 959 1382 18.
1014 1310 1152 1380 Etsi
1184 1322 1409 1379 autem
1456 1309 1744 1388 Christ0,
1787 1321 2063 1399 propter
2100 1330 2226 1379 nos
2260 1308 2327 1378 in
2373 1312 2583 1378 Cruce
2632 1308 2914 1391 nudato,
2968 1311 3206 1380 omni-

652 1398 856 1469 moda
906 1398 1014 1470 sui
1062 1397 1523 1468 denudatione
1568 1396 1998 1467 conformare
2039 1419 2108 1468 se
2159 1418 2292 1467 non
2333 1409 2587 1487 posset,
2640 1409 2709 1467 at
2746 1410 2976 1467 tamen
3028 1421 3203 1468 con·

652 1487 1072 1557 stantissime
1109 1509 1267 1556 eum
1314 1486 1565 1556 imitari
1602 1486 1945 1556 nitebatur
1977 1485 2047 1554 in
2081 1486 2362 1556 vestitus
2404 1486 2726 1556 tenuitate
2757 1499 2824 1555 et
2903 1488 3197 1558 enuria:

652 1575 746 1645 ita
792 1587 869 1646 ut
916 1577 1025 1646 vix
1055 1597 1133 1645 ea
1181 1575 1312 1645 sibi
1347 1574 1655 1665 corporis
1689 1574 2093 1644 indumenta
2129 1574 2467 1656 retineret,
2504 1574 2761 1662 quibus
2794 1597 2831 1644 a
2917 1597 2996 1644 se
3028 1599 3199 1646 con-

653 1664 1021 1754 tegendum
1057 1666 1288 1733 carere
1337 1685 1472 1733 non
1527 1675 1745 1753 potest
1792 1676 2037 1732 natura
2075 1684 2194 1753 per
2229 1675 2583 1752 peccatum
2618 1662 3029 1733 deformata.
3066 1665 3198 1734 Ab·

641 1752 843 1843 jectis
891 1753 1104 1844 igitur
1154 1751 1589 1833 multivariis,
1634 1752 1890 1839 quibus
1918 1750 2340 1832 abundabat,
2396 1751 2841 1833 vestimenti5‚
2889 1752 3196 1841 itemque

651 1840 957 2000 pelliceis
995 1854 1059 1910 et
1107 1840 1404 1931 pellibus
1444 1840 1779 1923 delicatiS,
1832 1843 1974 1912 una
2021 1839 2168 1911 sola
2217 1840 2447 1910 tunica
2495 1852 2559 1909 et
2655 1839 2816 1911 allio
2856 1840 3192 1932 simplici,

703 1930 877 2000 ieme
923 1942 990 1999 et
1033 1942 1304 2011 aestate,
1359 1930 1426 1998 in
1477 1929 1730 2020 frigore
1768 1941 1833 1999 et
1878 1927 2104 1999 calore
2133 1983 2148 2010 ‚
2205 1930 2421 1998 macie
2467 1951 2594 2000 con
2625 1942 2849 1999 ectum
2925 1943 2992 1999 te
3083 1931 3196 1999 bat

651 2040 768 2088 cor
821 2018 1173 2100 usculum,
1227 2018 1397 2088 adeo
1435 2018 1726 2108 jejuniis
1763 2030 2214 2099 attenuatum,
2268 2030 2343 2087 ut
2390 2018 2521 2088 sub
2559 2017 3006 2177 cuhsqualli
3061 2021 3101 2088 a
3135 2031 3196 2089 et

652 2041 954 2197 pallida,
1008 2119 1210 2194 atque
1258 2108 1345 2178 ob
1394 2107 1822 2197 flagellorum
1860 2107 2036 2177 ictus
2083 2117 2148 2175 et
2196 2105 2462 2197 algores
2513 2105 2630 2176 livi
2768 2118 2834 2175 et
2882 2107 3189 2197 hispida,

652 2217 789 2264 non
842 2195 976 2263 nisi
1009 2218 1163 2265 ossa
1199 2196 1504 2265 marcida
1553 2194 1788 2265 relicta
1838 2194 2252 2264 viderentur.
2294 2194 2421 2265 Sed
2470 2195 2634 2282 quia
2673 2195 2860 2264 intus
2891 2195 3191 2266 fervebat

651 2284 1004 2353 charitatis
1037 2283 1300 2365 ardore,
1344 2306 1478 2353 non
1518 2283 2095 2374 magnipendebat
2125 2282 2401 2374 frigora,
2439 2306 2615 2371 quae
2647 2305 2900 2373 corpus
2933 2286 3191 2354 extrin-

653 2394 851 2441 secus
888 2384 1250 2460 pateretur.
1304 2377 1446 2443 Non
1498 2394 1650 2442 raro
1699 2372 1843 2442 visa
1907 2384 2009 2442 est
2055 2394 2094 2440 a
2143 2370 2420 2442 feminis
2464 2371 2881 2460 quibusdam
2922 2426 2937 2454 ,
2993 2395 3191 2463 aspe-

651 2460 817 2530 riori
857 2461 1251 2550 praesertim
1288 2460 1533 2543 hieme,
1566 2482 1862 2554 prorsus
1891 2460 2155 2552 gelida:
2193 2461 2449 2549 quibus
2493 2473 2718 2532 tamen
2753 2461 3187 2552 rogantibus,

652 2564 729 2620 ut
778 2549 1094 2619 nonnihil
1146 2550 1278 2620 sibi
1327 2550 1713 2642 indulgeret
1772 2550 2033 2622 indutis
2080 2550 2330 2620 calceis
2360 2605 2375 2632 ,
2432 2549 2552 2620 illa
2613 2550 3076 2640 respondebat
3124 2574 3196 2622 se

652 2638 915 2708 calceos
955 2639 1375 2721 induturam,
1405 2662 1564 2709 cum
1600 2653 1777 2709 esset
1809 2652 2274 2730 opportunum
2305 2663 2320 2719 ;
2352 2651 2552 2727 atque
2579 2639 2668 2709 ita
2701 2638 2920 2710 nihilo
2957 2641 3193 2710 minus

654 2728 720 2796 in
773 2727 1076 2798 oratione
1127 2728 1620 2818 perseverabat.
1675 2733 1804 2797 Nec
1857 2729 2136 2809 mirum,
2189 2727 2370 2814 quod
2421 2728 2786 2797 seminuda
2832 2740 2898 2797 et
2938 2728 3194 2798 discal-

650 2829 838 2886 ceata
907 2818 1108 2886 etiam
1162 2817 1228 2887 in
1295 2817 1465 2907 ipsis
1520 2816 1829 2886 hibernis
1898 2815 2323 2907 frigoribuS‚
2387 2838 2543 2885 cum
2601 2816 2718 2886 alii
2768 2816 2974 2886 etiam
3022 2817 3196 2887 bene

652 2905 871 2975 vestiti
907 2905 1297 2975 viderentur
1319 2905 1631 2986 deficere,
1666 2905 1929 2975 tamdiu
1958 2905 2175 2996 potuit
2205 2905 2273 2973 in
2319 2926 2516 2994 prece
2549 2904 2798 2974 durare
2830 2928 2844 2972 2
2879 2903 3192 2992 quando-

648 2994 929 3081 quidem
983 2995 1158 3064 intra
1196 2994 1383 3063 illam
1421 3016 1537 3063 cor
1576 2995 1725 3084 ejus
1758 2995 1928 3064 adeo
1970 2992 2370 3074 incaluerat,
2423 3006 2626 3080 atque
2667 2993 2735 3063 in
2769 2994 2920 3084 ejus
2968 2993 3193 3064 medi—

652 3084 904 3152 tatione
937 3083 1278 3154 intantum
1314 3082 1593 3152 divinus
1633 3082 1815 3173 ignis
1863 3095 2225 3160 exarserat,
2277 3095 2354 3151 ut
2404 3081 2563 3151 inde
2599 3082 2793 3172 ignea
2843 3082 3192 3169 quaedam

650 3172 752 3240 vis
799 3171 980 3241 foras
1028 3193 1423 3262 erumpenS,
1479 3194 1612 3241 non
1663 3171 1887 3241 solum
1941 3170 2065 3252 illi,
2121 3169 2237 3239 sed
2288 3170 2490 3240 etiam
2542 3169 2735 3240 alteri
2784 3170 3009 3259 frigus
3042 3194 3192 3241 cor-

652 3261 801 3349 pori
853 3261 1264 3348 impressum
1302 3272 1730 3360 temperaret.
1782 3258 2041 3329 Accidit
2086 3258 2268 3328 enim
2319 3260 2618 3347 quodam
2668 3259 2958 3329 hiberno
3021 3273 3192 3330 tem-

701 3369 865 3424 ore,
921 3360 994 3416 ut
1057 3370 1215 3418 cum
1291 3348 1622 3437 prolixius
1693 3347 2070 3417 devotionis
2129 3370 2293 3418 suae
2360 3347 2699 3417 exercitiis
2772 3347 3185 3430 inhaereret,

675 3435 913 3504 ‘amula
961 3434 1147 3504 illam
1192 3451 1613 3526 esxpectans‚
1668 3437 1885 3506 nimio
1933 3436 2297 3506 constricta
2329 3435 2583 3527 algore,
2620 3435 2923 3505 indicare
2961 3437 3027 3505 ei
3075 3459 3194 3507 co-

653 3538 947 3614 geretur,
1001 3546 1072 3593 se
1119 3522 1392 3614 frigoris
1440 3525 1876 3595 acerbitatem
1927 3524 2190 3594 diutius
2228 3524 2401 3594 ferre
2436 3547 2572 3595 non
2622 3546 2843 3615 posse.
2879 3524 3009 3593 Illa
3060 3525 3190 3595 hoc

653 3612 967 3693 audienS,
1015 3611 1225 3700 jussit
1271 3634 1420 3682 eam
1472 3615 1619 3684 loco
1666 3614 1810 3695 illo,
1880 3635 2017 3701 quo
2064 3614 2216 3703 ipsa
2264 3613 2473 3683 nudis
2521 3626 2790 3683 steterat
2839 3612 3185 3703 pedibus,

651 3701 1047 3771 consistere.
1104 3701 1284 3771 Fecit
1331 3702 1429 3770 sic
1478 3701 1770 3783 ancilla,
1823 3713 1889 3771 et
1935 3724 2112 3783 mox,
2171 3701 2367 3792 pulso
2424 3700 2840 3773 intolerabili
2887 3700 3188 3792 frigore,

652 3790 846 3861 suavi
894 3812 966 3859 se
997 3789 1220 3860 calore
1260 3789 1440 3859 affici
1491 3790 1846 3879 persensit.
1910 3795 2065 3860 Erat
2111 3790 2388 3878 quidem
2424 3790 2541 3861 illa
2575 3803 2804 3860 tenero
2851 3812 3185 3880 corpore,
3303 3805 3304 3808 ’

651 3879 766 3949 sed
819 3877 1218 3948 ambulabat
1268 3878 1408 3948 vias
1456 3879 1692 3959 duraS‚
1736 3878 2217 3966 Christumque
2255 3878 2457 3948 etiam
2491 3900 2774 3969 corpore
2807 3878 3184 3967 sequendo,

651 3968 858 4038 nudis
911 3968 1201 4057 pedibus
1254 3990 1372 4058 per
1411 3968 1600 4037 nives
1632 3982 1699 4037 et
1730 3966 2017 4057 glaciem
2059 3967 2594 4057 ingrediebatur.
2649 3968 2928 4037 Interim
2964 3968 3189 4039 nihilo

650 4058 885 4126 minus
935 4078 1207 4146 semper
1246 4055 1428 4146 apud
1481 4078 1553 4126 se
1600 4056 1865 4126 calceos
1914 4055 2286 4145 simplices,
2344 4056 2703 4144 inquibus
2737 4055 2909 4125 nihil
2991 4059 3189 4140 anni,

650 4144 827 4238 pulli
877 4145 1054 4214 socci
1123 4146 1459 4225 inessent,
1517 4145 1648 4214 sub
1722 4144 1946 4213 axillis
2008 4144 2312 4229 ferebat,
2364 4167 2615 4232 eosque
2665 4158 2807 4215 tum
2861 4145 2929 4212 in
2987 4146 3198 4218 uehat

654 4244 973 4314 tantum,
1027 4255 1185 4303 cum
1247 4234 1551 4303 eundum
1602 4234 1662 4302 ei
1724 4245 1900 4303 esset
1945 4234 2213 4304 obviam
2268 4235 2577 4325 personis
2628 4233 3191 4307 venerabilibus:
3303 4261 3304 4324 j

650 4321 905 4408 quibus
954 4323 1393 4404 abeuntibuS,
1448 4321 1806 4392 confestim
1856 4344 1970 4392 eos
2007 4323 2319 4393 exuebat.
2358 4323 2483 4393 Sed
2516 4323 2679 4411 quia
2709 4324 2781 4392 in
2814 4321 3015 4393 factis
3044 4323 3193 4394 suis

650 4408 775 4479 soli
814 4414 963 4494 De0,
1017 4411 1136 4499 qui
1187 4412 1364 4481 videt
1412 4411 1483 4479 in
1535 4410 1959 4495 absconditO,
2013 4411 2280 4503 placere
2309 4412 2652 4503 cupiebat,
2705 4411 3196 4503 humanasque
