<?xml version="1.0" encoding="UTF-8"?>
<!DOCTYPE html PUBLIC "-//W3C//DTD XHTML 1.0 Transitional//EN"
    "http://www.w3.org/TR/xhtml1/DTD/xhtml1-transitional.dtd">
<html xmlns="http://www.w3.org/1999/xhtml" xml:lang="en" lang="en">
 <head>
  <title>
</title>
<meta http-equiv="Content-Type" content="text/html;charset=utf-8" />
  <meta name='ocr-system' content='tesseract 3.04.00' />
  <meta name='ocr-capabilities' content='ocr_page ocr_carea ocr_par ocr_line ocrx_word'/>
</head>
<body>
  <div class='ocr_page' id='page_1' title='image "./historiaeseuvit03lippgoog_0049.png"; bbox 0 0 3347 4999; ppageno 0'>
   <div class='ocr_carea' id='block_1_1' title="bbox 227 350 2684 421">
    <p class='ocr_par' dir='ltr' id='par_1_1' title="bbox 227 350 2684 421">
     <span class='ocr_line' id='line_1_1' title="bbox 227 350 2684 421; baseline 0.002 -4"><span class='ocrx_word' id='word_1_1' title='bbox 227 350 399 417; x_wconf 88' lang='lat' dir='ltr'><strong>OCT.</strong></span> <span class='ocrx_word' id='word_1_2' title='bbox 473 351 492 413; x_wconf 86' lang='lat' dir='ltr'>l</span> <span class='ocrx_word' id='word_1_3' title='bbox 1076 370 1154 415; x_wconf 70' lang='lat' dir='ltr'>nr.</span> <span class='ocrx_word' id='word_1_4' title='bbox 1204 370 1259 416; x_wconf 90' lang='lat' dir='ltr'>s.</span> <span class='ocrx_word' id='word_1_5' title='bbox 1314 370 1573 418; x_wconf 71' lang='lat' dir='ltr'>nemeto</span> <span class='ocrx_word' id='word_1_6' title='bbox 1623 372 1916 419; x_wconf 63' lang='lat' dir='ltr'>anctum».</span> <span class='ocrx_word' id='word_1_7' title='bbox 2600 356 2684 421; x_wconf 88' lang='lat'>37</span> 
     </span>
    </p>
   </div>
   <div class='ocr_carea' id='block_1_2' title="bbox 219 447 2773 1696">
    <p class='ocr_par' dir='ltr' id='par_1_2' title="bbox 219 447 2773 1696">
     <span class='ocr_line' id='line_1_2' title="bbox 224 447 2773 544; baseline 0.002 -25"><span class='ocrx_word' id='word_1_8' title='bbox 224 447 800 539; x_wconf 79' lang='lat' dir='ltr'>exspectantium,</span> <span class='ocrx_word' id='word_1_9' title='bbox 840 449 1368 539; x_wconf 78' lang='lat' dir='ltr'><strong>assurgentibus</strong></span> <span class='ocrx_word' id='word_1_10' title='bbox 1414 451 1765 531; x_wconf 87' lang='lat' dir='ltr'>omnibus,</span> <span class='ocrx_word' id='word_1_11' title='bbox 1824 464 2210 539; x_wconf 70' lang='lat' dir='ltr'>reverenter</span> <span class='ocrx_word' id='word_1_12' title='bbox 2254 453 2436 524; x_wconf 81' lang='lat' dir='ltr'>sicut</span> <span class='ocrx_word' id='word_1_13' title='bbox 2484 454 2773 544; x_wconf 89' lang='lat' dir='ltr'>angelus</span> 
     </span>
     <span class='ocr_line' id='line_1_3' title="bbox 226 537 2770 627; baseline 0.002 -20"><span class='ocrx_word' id='word_1_14' title='bbox 226 538 340 607; x_wconf 90' lang='lat' dir='ltr'>Dei</span> <span class='ocrx_word' id='word_1_15' title='bbox 389 537 792 627; x_wconf 84' lang='lat' dir='ltr'>suscipitur.</span> <span class='ocrx_word' id='word_1_16' title='bbox 848 542 1201 627; x_wconf 83' lang='lat' dir='ltr'>Superbus</span> <span class='ocrx_word' id='word_1_17' title='bbox 1250 551 1479 607; x_wconf 86' lang='lat' dir='ltr'>autem</span> <span class='ocrx_word' id='word_1_18' title='bbox 1539 539 1944 621; x_wconf 80' lang='lat' dir='ltr'>haereticuS,</span> <span class='ocrx_word' id='word_1_19' title='bbox 1987 555 2052 610; x_wconf 93' lang='lat' dir='ltr'>et</span> <span class='ocrx_word' id='word_1_20' title='bbox 2101 541 2278 611; x_wconf 92' lang='lat' dir='ltr'>male</span> <span class='ocrx_word' id='word_1_21' title='bbox 2325 542 2410 612; x_wconf 92' lang='lat' dir='ltr'>de</span> <span class='ocrx_word' id='word_1_22' title='bbox 2459 543 2602 612; x_wconf 91' lang='lat' dir='ltr'>viro</span> <span class='ocrx_word' id='word_1_23' title='bbox 2655 544 2770 614; x_wconf 90' lang='lat' dir='ltr'>Dei</span> 
     </span>
     <span class='ocr_line' id='line_1_4' title="bbox 226 625 2768 717; baseline 0.002 -20"><span class='ocrx_word' id='word_1_24' title='bbox 226 627 555 706; x_wconf 89' lang='lat' dir='ltr'>sentiens,</span> <span class='ocrx_word' id='word_1_25' title='bbox 608 625 1023 717; x_wconf 80' lang='lat' dir='ltr'>dedignatus</span> <span class='ocrx_word' id='word_1_26' title='bbox 1054 640 1156 695; x_wconf 88' lang='lat' dir='ltr'>est</span> <span class='ocrx_word' id='word_1_27' title='bbox 1186 626 1247 694; x_wconf 89' lang='lat' dir='ltr'>ei</span> <span class='ocrx_word' id='word_1_28' title='bbox 1287 648 1671 717; x_wconf 78' lang='lat' dir='ltr'>assurgere.</span> <span class='ocrx_word' id='word_1_29' title='bbox 1723 629 1852 711; x_wconf 87' lang='lat' dir='ltr'>Qui</span> <span class='ocrx_word' id='word_1_30' title='bbox 1897 631 2234 716; x_wconf 89' lang='lat' dir='ltr'>protinus,</span> <span class='ocrx_word' id='word_1_31' title='bbox 2273 654 2430 700; x_wconf 92' lang='lat' dir='ltr'>cum</span> <span class='ocrx_word' id='word_1_32' title='bbox 2484 646 2768 703; x_wconf 90' lang='lat' dir='ltr'>sanctus</span> 
     </span>
     <span class='ocr_line' id='line_1_5' title="bbox 222 715 2765 808; baseline 0.001 -23"><span class='ocrx_word' id='word_1_33' title='bbox 222 716 579 805; x_wconf 85' lang='lat' dir='ltr'>Remigius</span> <span class='ocrx_word' id='word_1_34' title='bbox 627 728 783 784; x_wconf 89' lang='lat' dir='ltr'>ante</span> <span class='ocrx_word' id='word_1_35' title='bbox 820 737 977 785; x_wconf 90' lang='lat' dir='ltr'>eum</span> <span class='ocrx_word' id='word_1_36' title='bbox 1033 715 1323 796; x_wconf 87' lang='lat' dir='ltr'>transiit,</span> <span class='ocrx_word' id='word_1_37' title='bbox 1364 715 1456 784; x_wconf 88' lang='lat' dir='ltr'>ita</span> <span class='ocrx_word' id='word_1_38' title='bbox 1495 716 1865 799; x_wconf 90' lang='lat' dir='ltr'>obmutuit,</span> <span class='ocrx_word' id='word_1_39' title='bbox 1898 732 1974 787; x_wconf 93' lang='lat' dir='ltr'>ut</span> <span class='ocrx_word' id='word_1_40' title='bbox 2009 741 2130 787; x_wconf 89' lang='lat' dir='ltr'>nec</span> <span class='ocrx_word' id='word_1_41' title='bbox 2169 720 2451 788; x_wconf 90' lang='lat' dir='ltr'>verbum</span> <span class='ocrx_word' id='word_1_42' title='bbox 2486 721 2765 808; x_wconf 88' lang='lat' dir='ltr'>quidem</span> 
     </span>
     <span class='ocr_line' id='line_1_6' title="bbox 219 804 2771 898; baseline 0.002 -26"><span class='ocrx_word' id='word_1_43' title='bbox 219 804 443 874; x_wconf 91' lang='lat' dir='ltr'>ullum</span> <span class='ocrx_word' id='word_1_44' title='bbox 509 805 703 873; x_wconf 81' lang='lat' dir='ltr'>effari</span> <span class='ocrx_word' id='word_1_45' title='bbox 754 804 1071 892; x_wconf 90' lang='lat' dir='ltr'>potuerit.</span> <span class='ocrx_word' id='word_1_46' title='bbox 1133 807 1702 893; x_wconf 84' lang='lat' dir='ltr'>Exspectantibus</span> <span class='ocrx_word' id='word_1_47' title='bbox 1768 819 1992 875; x_wconf 88' lang='lat' dir='ltr'>autem</span> <span class='ocrx_word' id='word_1_48' title='bbox 2069 809 2439 884; x_wconf 87' lang='lat' dir='ltr'>omnibus,</span> <span class='ocrx_word' id='word_1_49' title='bbox 2493 822 2570 878; x_wconf 89' lang='lat' dir='ltr'>ut</span> <span class='ocrx_word' id='word_1_50' title='bbox 2620 823 2771 898; x_wconf 90' lang='lat' dir='ltr'>post</span> 
     </span>
     <span class='ocr_line' id='line_1_7' title="bbox 222 892 2770 992; baseline 0.002 -31"><span class='ocrx_word' id='word_1_51' title='bbox 222 893 710 963; x_wconf 81' lang='lat' dir='ltr'>allocutionem</span> <span class='ocrx_word' id='word_1_52' title='bbox 742 897 805 962; x_wconf 92' lang='lat' dir='ltr'>S.</span> <span class='ocrx_word' id='word_1_53' title='bbox 832 892 1120 992; x_wconf 85' lang='lat' dir='ltr'>Remigii</span> <span class='ocrx_word' id='word_1_54' title='bbox 1153 894 1538 962; x_wconf 87' lang='lat' dir='ltr'>haereticus</span> <span class='ocrx_word' id='word_1_55' title='bbox 1571 893 1686 963; x_wconf 92' lang='lat' dir='ltr'>ille</span> <span class='ocrx_word' id='word_1_56' title='bbox 1724 895 1983 982; x_wconf 85' lang='lat' dir='ltr'>aliquid</span> <span class='ocrx_word' id='word_1_57' title='bbox 2019 895 2296 975; x_wconf 82' lang='lat' dir='ltr'>diceret,</span> <span class='ocrx_word' id='word_1_58' title='bbox 2345 897 2515 966; x_wconf 90' lang='lat' dir='ltr'>nihil</span> <span class='ocrx_word' id='word_1_59' title='bbox 2553 899 2770 987; x_wconf 88' lang='lat' dir='ltr'>potuit</span> 
     </span>
     <span class='ocr_line' id='line_1_8' title="bbox 224 982 2762 1072; baseline 0.002 -22"><span class='ocrx_word' id='word_1_60' title='bbox 224 983 456 1069; x_wconf 87' lang='lat' dir='ltr'>loqui:</span> <span class='ocrx_word' id='word_1_61' title='bbox 510 982 625 1050; x_wconf 90' lang='lat' dir='ltr'>sed</span> <span class='ocrx_word' id='word_1_62' title='bbox 680 983 763 1050; x_wconf 92' lang='lat' dir='ltr'>ad</span> <span class='ocrx_word' id='word_1_63' title='bbox 817 983 1100 1071; x_wconf 79' lang='lat' dir='ltr'>vestigia</span> <span class='ocrx_word' id='word_1_64' title='bbox 1135 985 1199 1050; x_wconf 94' lang='lat' dir='ltr'>S.</span> <span class='ocrx_word' id='word_1_65' title='bbox 1238 982 1530 1071; x_wconf 83' lang='lat' dir='ltr'>Remigii</span> <span class='ocrx_word' id='word_1_66' title='bbox 1565 1005 1825 1072; x_wconf 89' lang='lat' dir='ltr'>pronus</span> <span class='ocrx_word' id='word_1_67' title='bbox 1860 984 2137 1065; x_wconf 90' lang='lat' dir='ltr'>cadens,</span> <span class='ocrx_word' id='word_1_68' title='bbox 2180 985 2465 1054; x_wconf 88' lang='lat' dir='ltr'>nutibus</span> <span class='ocrx_word' id='word_1_69' title='bbox 2496 986 2762 1055; x_wconf 90' lang='lat' dir='ltr'>veniam</span> 
     </span>
     <span class='ocr_line' id='line_1_9' title="bbox 222 1070 2767 1161; baseline 0.002 -22"><span class='ocrx_word' id='word_1_70' title='bbox 222 1072 439 1161; x_wconf 89' lang='lat' dir='ltr'>petiit.</span> <span class='ocrx_word' id='word_1_71' title='bbox 477 1070 597 1139; x_wconf 89' lang='lat' dir='ltr'>Cui</span> <span class='ocrx_word' id='word_1_72' title='bbox 630 1075 695 1139; x_wconf 91' lang='lat' dir='ltr'>S.</span> <span class='ocrx_word' id='word_1_73' title='bbox 733 1071 1089 1160; x_wconf 88' lang='lat' dir='ltr'>Remigius</span> <span class='ocrx_word' id='word_1_74' title='bbox 1122 1070 1327 1139; x_wconf 85' lang='lat' dir='ltr'>dixit:</span> <span class='ocrx_word' id='word_1_75' title='bbox 1380 1075 1455 1138; x_wconf 93' lang='lat' dir='ltr'>In</span> <span class='ocrx_word' id='word_1_76' title='bbox 1492 1072 1772 1141; x_wconf 91' lang='lat' dir='ltr'>nomine</span> <span class='ocrx_word' id='word_1_77' title='bbox 1809 1074 2076 1141; x_wconf 68' lang='lat' dir='ltr'>Domini</span> <span class='ocrx_word' id='word_1_78' title='bbox 2113 1075 2327 1143; x_wconf 91' lang='lat' dir='ltr'>nostri</span> <span class='ocrx_word' id='word_1_79' title='bbox 2375 1079 2542 1145; x_wconf 89' lang='lat' dir='ltr'>Jesu</span> <span class='ocrx_word' id='word_1_80' title='bbox 2577 1075 2767 1143; x_wconf 86' lang='lat' dir='ltr'>Chri-</span> 
     </span>
     <span class='ocr_line' id='line_1_10' title="bbox 221 1158 2762 1249; baseline 0.001 -21"><span class='ocrx_word' id='word_1_81' title='bbox 221 1161 332 1240; x_wconf 89' lang='lat' dir='ltr'>sti,</span> <span class='ocrx_word' id='word_1_82' title='bbox 376 1160 514 1228; x_wconf 93' lang='lat' dir='ltr'>veri</span> <span class='ocrx_word' id='word_1_83' title='bbox 567 1158 691 1227; x_wconf 80' lang='lat' dir='ltr'>filii</span> <span class='ocrx_word' id='word_1_84' title='bbox 732 1161 841 1229; x_wconf 88' lang='lat' dir='ltr'>Dei</span> <span class='ocrx_word' id='word_1_85' title='bbox 890 1160 1045 1240; x_wconf 90' lang='lat' dir='ltr'>vivi,</span> <span class='ocrx_word' id='word_1_86' title='bbox 1085 1160 1141 1227; x_wconf 91' lang='lat' dir='ltr'>si</span> <span class='ocrx_word' id='word_1_87' title='bbox 1181 1160 1271 1227; x_wconf 92' lang='lat' dir='ltr'>ita</span> <span class='ocrx_word' id='word_1_88' title='bbox 1319 1158 1403 1227; x_wconf 90' lang='lat' dir='ltr'>de</span> <span class='ocrx_word' id='word_1_89' title='bbox 1432 1181 1509 1228; x_wconf 89' lang='lat' dir='ltr'>eo</span> <span class='ocrx_word' id='word_1_90' title='bbox 1548 1173 1723 1230; x_wconf 86' lang='lat' dir='ltr'>recte</span> <span class='ocrx_word' id='word_1_91' title='bbox 1768 1162 2001 1241; x_wconf 80' lang='lat' dir='ltr'>sentiS,</span> <span class='ocrx_word' id='word_1_92' title='bbox 2050 1162 2349 1249; x_wconf 84' lang='lat' dir='ltr'>loquere,</span> <span class='ocrx_word' id='word_1_93' title='bbox 2403 1176 2468 1231; x_wconf 90' lang='lat' dir='ltr'>et</span> <span class='ocrx_word' id='word_1_94' title='bbox 2501 1163 2586 1232; x_wconf 92' lang='lat' dir='ltr'>de</span> <span class='ocrx_word' id='word_1_95' title='bbox 2619 1162 2762 1245; x_wconf 79' lang='lat' dir='ltr'>illo,</span> 
     </span>
     <span class='ocr_line' id='line_1_11' title="bbox 223 1247 2764 1338; baseline 0.002 -21"><span class='ocrx_word' id='word_1_96' title='bbox 223 1249 402 1318; x_wconf 91' lang='lat' dir='ltr'>sicut</span> <span class='ocrx_word' id='word_1_97' title='bbox 431 1248 768 1318; x_wconf 90' lang='lat' dir='ltr'>catholica</span> <span class='ocrx_word' id='word_1_98' title='bbox 798 1247 1014 1317; x_wconf 88' lang='lat' dir='ltr'>credit</span> <span class='ocrx_word' id='word_1_99' title='bbox 1061 1248 1382 1328; x_wconf 80' lang='lat' dir='ltr'>Ecclesia,</span> <span class='ocrx_word' id='word_1_100' title='bbox 1418 1248 1620 1317; x_wconf 84' lang='lat' dir='ltr'>crede</span> <span class='ocrx_word' id='word_1_101' title='bbox 1650 1262 1716 1318; x_wconf 90' lang='lat' dir='ltr'>et</span> <span class='ocrx_word' id='word_1_102' title='bbox 1754 1249 2102 1319; x_wconf 80' lang='lat' dir='ltr'>confitere.</span> <span class='ocrx_word' id='word_1_103' title='bbox 2148 1251 2241 1320; x_wconf 84' lang='lat' dir='ltr'>Ad</span> <span class='ocrx_word' id='word_1_104' title='bbox 2292 1252 2499 1338; x_wconf 88' lang='lat' dir='ltr'>cujus</span> <span class='ocrx_word' id='word_1_105' title='bbox 2535 1273 2764 1322; x_wconf 91' lang='lat' dir='ltr'>vocem</span> 
     </span>
     <span class='ocr_line' id='line_1_12' title="bbox 222 1336 2764 1427; baseline 0.001 -21"><span class='ocrx_word' id='word_1_106' title='bbox 222 1351 378 1407; x_wconf 83' lang='lat' dir='ltr'>ante</span> <span class='ocrx_word' id='word_1_107' title='bbox 418 1338 762 1425; x_wconf 90' lang='lat' dir='ltr'>superbus</span> <span class='ocrx_word' id='word_1_108' title='bbox 818 1337 1201 1406; x_wconf 90' lang='lat' dir='ltr'>haereticus</span> <span class='ocrx_word' id='word_1_109' title='bbox 1248 1336 1538 1406; x_wconf 90' lang='lat' dir='ltr'>humilis</span> <span class='ocrx_word' id='word_1_110' title='bbox 1575 1339 1721 1427; x_wconf 88' lang='lat' dir='ltr'>jam</span> <span class='ocrx_word' id='word_1_111' title='bbox 1774 1350 1839 1408; x_wconf 89' lang='lat' dir='ltr'>et</span> <span class='ocrx_word' id='word_1_112' title='bbox 1884 1339 2300 1420; x_wconf 80' lang='lat' dir='ltr'>catholicuS,</span> <span class='ocrx_word' id='word_1_113' title='bbox 2354 1340 2764 1410; x_wconf 86' lang='lat' dir='ltr'>catholicam</span> 
     </span>
     <span class='ocr_line' id='line_1_13' title="bbox 220 1425 2767 1514; baseline 0.002 -22"><span class='ocrx_word' id='word_1_114' title='bbox 220 1426 424 1494; x_wconf 88' lang='lat' dir='ltr'>fidem</span> <span class='ocrx_word' id='word_1_115' title='bbox 478 1425 562 1493; x_wconf 87' lang='lat' dir='ltr'>de</span> <span class='ocrx_word' id='word_1_116' title='bbox 611 1439 847 1495; x_wconf 88' lang='lat' dir='ltr'>sancta</span> <span class='ocrx_word' id='word_1_117' title='bbox 892 1440 957 1494; x_wconf 92' lang='lat' dir='ltr'>et</span> <span class='ocrx_word' id='word_1_118' title='bbox 1006 1425 1449 1514; x_wconf 86' lang='lat' dir='ltr'>inseparabili</span> <span class='ocrx_word' id='word_1_119' title='bbox 1500 1426 1848 1508; x_wconf 89' lang='lat' dir='ltr'>Trinitate‚</span> <span class='ocrx_word' id='word_1_120' title='bbox 1900 1441 1965 1496; x_wconf 88' lang='lat' dir='ltr'>et</span> <span class='ocrx_word' id='word_1_121' title='bbox 2012 1428 2096 1495; x_wconf 89' lang='lat' dir='ltr'>de</span> <span class='ocrx_word' id='word_1_122' title='bbox 2145 1428 2392 1498; x_wconf 89' lang='lat' dir='ltr'>Christi</span> <span class='ocrx_word' id='word_1_123' title='bbox 2446 1430 2767 1498; x_wconf 87' lang='lat' dir='ltr'>incarna-</span> 
     </span>
     <span class='ocr_line' id='line_1_14' title="bbox 226 1513 2771 1593; baseline 0.002 -10"><span class='ocrx_word' id='word_1_124' title='bbox 226 1515 408 1585; x_wconf 86' lang='lat' dir='ltr'>tione</span> <span class='ocrx_word' id='word_1_125' title='bbox 455 1514 788 1584; x_wconf 90' lang='lat' dir='ltr'>catholice</span> <span class='ocrx_word' id='word_1_126' title='bbox 834 1513 1189 1584; x_wconf 85' lang='lat' dir='ltr'>consessus</span> <span class='ocrx_word' id='word_1_127' title='bbox 1236 1528 1358 1593; x_wconf 91' lang='lat' dir='ltr'>est,</span> <span class='ocrx_word' id='word_1_128' title='bbox 1403 1528 1468 1584; x_wconf 87' lang='lat' dir='ltr'>et</span> <span class='ocrx_word' id='word_1_129' title='bbox 1499 1515 1569 1582; x_wconf 92' lang='lat' dir='ltr'>in</span> <span class='ocrx_word' id='word_1_130' title='bbox 1620 1514 1857 1584; x_wconf 89' lang='lat' dir='ltr'>eadem</span> <span class='ocrx_word' id='word_1_131' title='bbox 1916 1515 2369 1586; x_wconf 86' lang='lat' dir='ltr'>confessionis</span> <span class='ocrx_word' id='word_1_132' title='bbox 2423 1540 2588 1587; x_wconf 89' lang='lat' dir='ltr'>suae</span> <span class='ocrx_word' id='word_1_133' title='bbox 2634 1519 2771 1588; x_wconf 82' lang='lat' dir='ltr'>fide</span> 
     </span>
     <span class='ocr_line' id='line_1_15' title="bbox 223 1601 2768 1696; baseline 0 -22"><span class='ocrx_word' id='word_1_134' title='bbox 223 1626 295 1675; x_wconf 88' lang='lat' dir='ltr'>se</span> <span class='ocrx_word' id='word_1_135' title='bbox 345 1625 878 1692; x_wconf 88' lang='lat' dir='ltr'>permansurum</span> <span class='ocrx_word' id='word_1_136' title='bbox 949 1601 1296 1691; x_wconf 88' lang='lat' dir='ltr'>professus</span> <span class='ocrx_word' id='word_1_137' title='bbox 1345 1616 1465 1673; x_wconf 92' lang='lat' dir='ltr'>est.</span> <span class='ocrx_word' id='word_1_138' title='bbox 1523 1604 1770 1691; x_wconf 86' lang='lat' dir='ltr'>Sicque</span> <span class='ocrx_word' id='word_1_139' title='bbox 1817 1605 2050 1673; x_wconf 86' lang='lat' dir='ltr'>anima</span> <span class='ocrx_word' id='word_1_140' title='bbox 2111 1628 2232 1696; x_wconf 91' lang='lat' dir='ltr'>per</span> <span class='ocrx_word' id='word_1_141' title='bbox 2294 1606 2768 1677; x_wconf 86' lang='lat' dir='ltr'>infidelitatem</span> 
     </span>
    </p>
   </div>
   <div class='ocr_carea' id='block_1_3' title="bbox 111 1692 2771 1791">
    <p class='ocr_par' dir='ltr' id='par_1_3' title="bbox 111 1692 2771 1791">
     <span class='ocr_line' id='line_1_16' title="bbox 111 1692 2771 1791; baseline 0.002 -30"><span class='ocrx_word' id='word_1_142' title='bbox 111 1704 117 1708; x_wconf 80' lang='grc'><em>’</em></span> <span class='ocrx_word' id='word_1_143' title='bbox 225 1693 509 1781; x_wconf 84' lang='lat' dir='ltr'>perdito,</span> <span class='ocrx_word' id='word_1_144' title='bbox 564 1706 630 1761; x_wconf 91' lang='lat' dir='ltr'>et</span> <span class='ocrx_word' id='word_1_145' title='bbox 677 1692 1018 1781; x_wconf 90' lang='lat' dir='ltr'>corporali</span> <span class='ocrx_word' id='word_1_146' title='bbox 1052 1713 1210 1761; x_wconf 88' lang='lat' dir='ltr'>voce</span> <span class='ocrx_word' id='word_1_147' title='bbox 1247 1705 1520 1791; x_wconf 85' lang='lat' dir='ltr'>propter</span> <span class='ocrx_word' id='word_1_148' title='bbox 1554 1692 1950 1782; x_wconf 89' lang='lat' dir='ltr'>superbiam</span> <span class='ocrx_word' id='word_1_149' title='bbox 1994 1695 2471 1776; x_wconf 90' lang='lat' dir='ltr'>condemnat0‚</span> <span class='ocrx_word' id='word_1_150' title='bbox 2520 1697 2771 1765; x_wconf 89' lang='lat' dir='ltr'>virtute</span> 
     </span>
    </p>
   </div>
   <div class='ocr_carea' id='block_1_4' title="bbox 162 1781 2773 4444">
    <p class='ocr_par' dir='ltr' id='par_1_4' title="bbox 162 1781 2770 2316">
     <span class='ocr_line' id='line_1_17' title="bbox 221 1781 2763 1871; baseline 0.002 -22"><span class='ocrx_word' id='word_1_151' title='bbox 221 1781 451 1849; x_wconf 89' lang='lat' dir='ltr'>divina</span> <span class='ocrx_word' id='word_1_152' title='bbox 507 1785 571 1849; x_wconf 92' lang='lat' dir='ltr'>S.</span> <span class='ocrx_word' id='word_1_153' title='bbox 620 1781 972 1871; x_wconf 88' lang='lat' dir='ltr'>Remigius</span> <span class='ocrx_word' id='word_1_154' title='bbox 1042 1794 1106 1849; x_wconf 89' lang='lat' dir='ltr'>et</span> <span class='ocrx_word' id='word_1_155' title='bbox 1168 1802 1441 1848; x_wconf 78' lang='lat' dir='ltr'>animae</span> <span class='ocrx_word' id='word_1_156' title='bbox 1497 1794 1562 1849; x_wconf 92' lang='lat' dir='ltr'>et</span> <span class='ocrx_word' id='word_1_157' title='bbox 1623 1782 1935 1871; x_wconf 88' lang='lat' dir='ltr'>corporis</span> <span class='ocrx_word' id='word_1_158' title='bbox 1991 1783 2289 1852; x_wconf 87' lang='lat' dir='ltr'>reddidit</span> <span class='ocrx_word' id='word_1_159' title='bbox 2350 1784 2763 1853; x_wconf 90' lang='lat' dir='ltr'>sanitatem:</span> 
     </span>
     <span class='ocr_line' id='line_1_18' title="bbox 162 1869 2769 1964; baseline 0.001 -26"><span class='ocrx_word' id='word_1_160' title='bbox 162 1920 169 1925; x_wconf 80' lang='lat'>-</span> <span class='ocrx_word' id='word_1_161' title='bbox 219 1870 515 1943; x_wconf 87' lang='lat' dir='ltr'>cunctis,</span> <span class='ocrx_word' id='word_1_162' title='bbox 545 1870 664 1955; x_wconf 88' lang='lat' dir='ltr'>qui</span> <span class='ocrx_word' id='word_1_163' title='bbox 713 1869 1017 1950; x_wconf 89' lang='lat' dir='ltr'>aderant,</span> <span class='ocrx_word' id='word_1_164' title='bbox 1056 1891 1179 1938; x_wconf 91' lang='lat' dir='ltr'>seu</span> <span class='ocrx_word' id='word_1_165' title='bbox 1215 1869 1379 1937; x_wconf 90' lang='lat' dir='ltr'>haec</span> <span class='ocrx_word' id='word_1_166' title='bbox 1419 1869 1725 1939; x_wconf 92' lang='lat' dir='ltr'>audituri</span> <span class='ocrx_word' id='word_1_167' title='bbox 1762 1884 1980 1951; x_wconf 87' lang='lat' dir='ltr'>erant,</span> <span class='ocrx_word' id='word_1_168' title='bbox 2021 1873 2493 1941; x_wconf 86' lang='lat' dir='ltr'>sacerdotibus</span> <span class='ocrx_word' id='word_1_169' title='bbox 2537 1886 2769 1964; x_wconf 65' lang='lat' dir='ltr'>pateo-7</span> 
     </span>
     <span class='ocr_line' id='line_1_19' title="bbox 220 1957 2770 2052; baseline 0.001 -26"><span class='ocrx_word' id='word_1_170' title='bbox 220 1972 323 2028; x_wconf 88' lang='lat' dir='ltr'>ter</span> <span class='ocrx_word' id='word_1_171' title='bbox 370 1957 761 2039; x_wconf 81' lang='lat' dir='ltr'>ostendens,</span> <span class='ocrx_word' id='word_1_172' title='bbox 814 1957 897 2027; x_wconf 90' lang='lat' dir='ltr'>de</span> <span class='ocrx_word' id='word_1_173' title='bbox 933 1957 1106 2027; x_wconf 88' lang='lat' dir='ltr'>male</span> <span class='ocrx_word' id='word_1_174' title='bbox 1154 1957 1508 2028; x_wconf 87' lang='lat' dir='ltr'>sentiendo</span> <span class='ocrx_word' id='word_1_175' title='bbox 1552 1973 1875 2047; x_wconf 85' lang='lat' dir='ltr'>peccante</span> <span class='ocrx_word' id='word_1_176' title='bbox 1924 1960 1991 2027; x_wconf 91' lang='lat' dir='ltr'>in</span> <span class='ocrx_word' id='word_1_177' title='bbox 2052 1962 2422 2041; x_wconf 85' lang='lat' dir='ltr'>Christum,</span> <span class='ocrx_word' id='word_1_178' title='bbox 2476 1963 2594 2048; x_wconf 91' lang='lat' dir='ltr'>qui</span> <span class='ocrx_word' id='word_1_179' title='bbox 2649 1984 2770 2052; x_wconf 92' lang='lat' dir='ltr'>per</span> 
     </span>
     <span class='ocr_line' id='line_1_20' title="bbox 219 2046 2768 2138; baseline 0.002 -23"><span class='ocrx_word' id='word_1_180' title='bbox 219 2047 721 2115; x_wconf 86' lang='lat' dir='ltr'>humanitatem</span> <span class='ocrx_word' id='word_1_181' title='bbox 767 2047 1116 2137; x_wconf 81' lang='lat' dir='ltr'>proximus</span> <span class='ocrx_word' id='word_1_182' title='bbox 1140 2058 1206 2115; x_wconf 87' lang='lat' dir='ltr'>et</span> <span class='ocrx_word' id='word_1_183' title='bbox 1231 2046 1438 2115; x_wconf 87' lang='lat' dir='ltr'>frater</span> <span class='ocrx_word' id='word_1_184' title='bbox 1479 2048 1677 2118; x_wconf 90' lang='lat' dir='ltr'>nobis</span> <span class='ocrx_word' id='word_1_185' title='bbox 1713 2048 1862 2117; x_wconf 85' lang='lat' dir='ltr'>fieri</span> <span class='ocrx_word' id='word_1_186' title='bbox 1889 2049 2216 2138; x_wconf 90' lang='lat' dir='ltr'>dignatus</span> <span class='ocrx_word' id='word_1_187' title='bbox 2256 2062 2379 2130; x_wconf 86' lang='lat' dir='ltr'>est,</span> <span class='ocrx_word' id='word_1_188' title='bbox 2419 2050 2768 2137; x_wconf 90' lang='lat' dir='ltr'>quomodo</span> 
     </span>
     <span class='ocr_line' id='line_1_21' title="bbox 222 2135 2768 2229; baseline 0.002 -26"><span class='ocrx_word' id='word_1_189' title='bbox 222 2156 387 2224; x_wconf 89' lang='lat' dir='ltr'>erga</span> <span class='ocrx_word' id='word_1_190' title='bbox 440 2147 795 2224; x_wconf 88' lang='lat' dir='ltr'>peccantes</span> <span class='ocrx_word' id='word_1_191' title='bbox 844 2135 912 2203; x_wconf 92' lang='lat' dir='ltr'>in</span> <span class='ocrx_word' id='word_1_192' title='bbox 965 2157 1036 2204; x_wconf 91' lang='lat' dir='ltr'>se</span> <span class='ocrx_word' id='word_1_193' title='bbox 1086 2135 1186 2204; x_wconf 92' lang='lat' dir='ltr'>vel</span> <span class='ocrx_word' id='word_1_194' title='bbox 1239 2135 1304 2202; x_wconf 91' lang='lat' dir='ltr'>in</span> <span class='ocrx_word' id='word_1_195' title='bbox 1358 2135 1774 2217; x_wconf 85' lang='lat' dir='ltr'>Ecclesiam,</span> <span class='ocrx_word' id='word_1_196' title='bbox 1831 2150 2035 2225; x_wconf 92' lang='lat' dir='ltr'>atque</span> <span class='ocrx_word' id='word_1_197' title='bbox 2095 2138 2380 2208; x_wconf 87' lang='lat' dir='ltr'>rebelles</span> <span class='ocrx_word' id='word_1_198' title='bbox 2415 2194 2430 2220; x_wconf 91' lang='lat'>,</span> <span class='ocrx_word' id='word_1_199' title='bbox 2484 2151 2549 2209; x_wconf 89' lang='lat' dir='ltr'>et</span> <span class='ocrx_word' id='word_1_200' title='bbox 2606 2162 2768 2229; x_wconf 89' lang='lat' dir='ltr'>erga</span> 
     </span>
     <span class='ocr_line' id='line_1_22' title="bbox 223 2224 2168 2316; baseline 0.001 -25"><span class='ocrx_word' id='word_1_201' title='bbox 223 2236 378 2312; x_wconf 91' lang='lat' dir='ltr'>post</span> <span class='ocrx_word' id='word_1_202' title='bbox 429 2238 987 2312; x_wconf 89' lang='lat' dir='ltr'>recognoscentes</span> <span class='ocrx_word' id='word_1_203' title='bbox 1034 2237 1099 2294; x_wconf 90' lang='lat' dir='ltr'>et</span> <span class='ocrx_word' id='word_1_204' title='bbox 1150 2224 1570 2311; x_wconf 89' lang='lat' dir='ltr'>poenitentes</span> <span class='ocrx_word' id='word_1_205' title='bbox 1619 2224 1914 2295; x_wconf 89' lang='lat' dir='ltr'>debeant</span> <span class='ocrx_word' id='word_1_206' title='bbox 1945 2249 2168 2316; x_wconf 89' lang='lat' dir='ltr'>agere.</span> 
     </span>
    </p>

    <p class='ocr_par' dir='ltr' id='par_1_5' title="bbox 213 2313 2773 4444">
     <span class='ocr_line' id='line_1_23' title="bbox 308 2313 2764 2406; baseline 0 -23"><span class='ocrx_word' id='word_1_207' title='bbox 308 2314 344 2399; x_wconf 67' lang='grc' dir='ltr'>ξ</span> <span class='ocrx_word' id='word_1_208' title='bbox 390 2317 532 2384; x_wconf 74' lang='grc' dir='ltr'>ὅί.</span> <span class='ocrx_word' id='word_1_209' title='bbox 587 2318 987 2382; x_wconf 89' lang='lat' dir='ltr'>Senescente</span> <span class='ocrx_word' id='word_1_210' title='bbox 1035 2326 1263 2382; x_wconf 90' lang='lat' dir='ltr'>autem</span> <span class='ocrx_word' id='word_1_211' title='bbox 1319 2318 1384 2383; x_wconf 92' lang='lat' dir='ltr'>S.</span> <span class='ocrx_word' id='word_1_212' title='bbox 1423 2313 1760 2404; x_wconf 89' lang='lat' dir='ltr'>Remigio,</span> <span class='ocrx_word' id='word_1_213' title='bbox 1826 2327 1891 2383; x_wconf 90' lang='lat' dir='ltr'>et</span> <span class='ocrx_word' id='word_1_214' title='bbox 1942 2316 2052 2384; x_wconf 91' lang='lat' dir='ltr'>Dei</span> <span class='ocrx_word' id='word_1_215' title='bbox 2104 2315 2356 2406; x_wconf 91' lang='lat' dir='ltr'>spiritu</span> <span class='ocrx_word' id='word_1_216' title='bbox 2405 2314 2541 2384; x_wconf 90' lang='lat' dir='ltr'>sibi</span> <span class='ocrx_word' id='word_1_217' title='bbox 2577 2336 2764 2384; x_wconf 89' lang='lat' dir='ltr'>reve-</span> 
     </span>
     <span class='ocr_line' id='line_1_24' title="bbox 224 2400 2760 2491; baseline 0.001 -22"><span class='ocrx_word' id='word_1_218' title='bbox 224 2400 430 2480; x_wconf 87' lang='lat' dir='ltr'>lante,</span> <span class='ocrx_word' id='word_1_219' title='bbox 486 2402 812 2487; x_wconf 88' lang='lat' dir='ltr'>quoniam</span> <span class='ocrx_word' id='word_1_220' title='bbox 866 2401 1362 2472; x_wconf 87' lang='lat' dir='ltr'>abundantiam</span> <span class='ocrx_word' id='word_1_221' title='bbox 1407 2402 1629 2491; x_wconf 89' lang='lat' dir='ltr'>ipsius</span> <span class='ocrx_word' id='word_1_222' title='bbox 1677 2403 1840 2472; x_wconf 91' lang='lat' dir='ltr'>anni</span> <span class='ocrx_word' id='word_1_223' title='bbox 1899 2417 2222 2474; x_wconf 87' lang='lat' dir='ltr'>secutura</span> <span class='ocrx_word' id='word_1_224' title='bbox 2269 2417 2447 2474; x_wconf 89' lang='lat' dir='ltr'>esset</span> <span class='ocrx_word' id='word_1_225' title='bbox 2495 2403 2760 2474; x_wconf 87' lang='lat' dir='ltr'>fames:</span> 
     </span>
     <span class='ocr_line' id='line_1_25' title="bbox 221 2490 2769 2584; baseline 0.001 -25"><span class='ocrx_word' id='word_1_226' title='bbox 221 2503 499 2560; x_wconf 88' lang='lat' dir='ltr'>secutus</span> <span class='ocrx_word' id='word_1_227' title='bbox 550 2493 614 2559; x_wconf 95' lang='lat' dir='ltr'>S.</span> <span class='ocrx_word' id='word_1_228' title='bbox 653 2491 900 2580; x_wconf 68' lang='lat' dir='ltr'>,loseph</span> <span class='ocrx_word' id='word_1_229' title='bbox 964 2490 1487 2580; x_wconf 87' lang='lat' dir='ltr'>providentiam,</span> <span class='ocrx_word' id='word_1_230' title='bbox 1554 2490 1638 2561; x_wconf 90' lang='lat' dir='ltr'>de</span> <span class='ocrx_word' id='word_1_231' title='bbox 1686 2513 1987 2575; x_wconf 88' lang='lat' dir='ltr'>annona,</span> <span class='ocrx_word' id='word_1_232' title='bbox 2026 2517 2203 2581; x_wconf 89' lang='lat' dir='ltr'>quae</span> <span class='ocrx_word' id='word_1_233' title='bbox 2253 2495 2321 2563; x_wconf 91' lang='lat' dir='ltr'>in</span> <span class='ocrx_word' id='word_1_234' title='bbox 2386 2492 2568 2562; x_wconf 90' lang='lat' dir='ltr'>villis</span> <span class='ocrx_word' id='word_1_235' title='bbox 2608 2493 2769 2584; x_wconf 90' lang='lat' dir='ltr'>Epi-</span> 
     </span>
     <span class='ocr_line' id='line_1_26' title="bbox 221 2578 2767 2669; baseline 0.002 -21"><span class='ocrx_word' id='word_1_236' title='bbox 221 2578 437 2667; x_wconf 91' lang='lat' dir='ltr'>scopii</span> <span class='ocrx_word' id='word_1_237' title='bbox 481 2592 636 2647; x_wconf 89' lang='lat' dir='ltr'>nata</span> <span class='ocrx_word' id='word_1_238' title='bbox 684 2578 926 2658; x_wconf 83' lang='lat' dir='ltr'>fuerat,</span> <span class='ocrx_word' id='word_1_239' title='bbox 975 2580 1076 2649; x_wconf 89' lang='lat' dir='ltr'>vel</span> <span class='ocrx_word' id='word_1_240' title='bbox 1118 2602 1322 2666; x_wconf 87' lang='lat' dir='ltr'>quam</span> <span class='ocrx_word' id='word_1_241' title='bbox 1360 2579 1446 2648; x_wconf 93' lang='lat' dir='ltr'>ab</span> <span class='ocrx_word' id='word_1_242' title='bbox 1479 2580 1636 2650; x_wconf 89' lang='lat' dir='ltr'>aliis</span> <span class='ocrx_word' id='word_1_243' title='bbox 1665 2596 2204 2669; x_wconf 89' lang='lat' dir='ltr'>comparaverat,</span> <span class='ocrx_word' id='word_1_244' title='bbox 2233 2605 2557 2660; x_wconf 73' lang='lat' dir='ltr'>acervos,</span> <span class='ocrx_word' id='word_1_245' title='bbox 2594 2604 2767 2669; x_wconf 87' lang='lat' dir='ltr'>quos</span> 
     </span>
     <span class='ocr_line' id='line_1_27' title="bbox 220 2666 2769 2759; baseline 0.001 -24"><span class='ocrx_word' id='word_1_246' title='bbox 220 2681 437 2736; x_wconf 84' lang='lat' dir='ltr'>metas</span> <span class='ocrx_word' id='word_1_247' title='bbox 470 2666 794 2750; x_wconf 88' lang='lat' dir='ltr'>dicimus,</span> <span class='ocrx_word' id='word_1_248' title='bbox 834 2668 1013 2747; x_wconf 86' lang='lat' dir='ltr'>fecit,</span> <span class='ocrx_word' id='word_1_249' title='bbox 1053 2682 1128 2737; x_wconf 96' lang='lat' dir='ltr'>ut</span> <span class='ocrx_word' id='word_1_250' title='bbox 1154 2667 1430 2758; x_wconf 89' lang='lat' dir='ltr'>populo,</span> <span class='ocrx_word' id='word_1_251' title='bbox 1473 2667 1651 2739; x_wconf 88' lang='lat' dir='ltr'>fame</span> <span class='ocrx_word' id='word_1_252' title='bbox 1683 2671 2118 2759; x_wconf 89' lang='lat' dir='ltr'>postmodum</span> <span class='ocrx_word' id='word_1_253' title='bbox 2158 2672 2578 2751; x_wconf 79' lang='lat' dir='ltr'>laboratum,</span> <span class='ocrx_word' id='word_1_254' title='bbox 2607 2670 2769 2739; x_wconf 93' lang='lat' dir='ltr'>inde</span> 
     </span>
     <span class='ocr_line' id='line_1_28' title="bbox 218 2754 2769 2849; baseline 0.002 -25"><span class='ocrx_word' id='word_1_255' title='bbox 218 2754 584 2824; x_wconf 86' lang='lat' dir='ltr'>subvenire</span> <span class='ocrx_word' id='word_1_256' title='bbox 635 2757 905 2827; x_wconf 89' lang='lat' dir='ltr'>valeret.</span> <span class='ocrx_word' id='word_1_257' title='bbox 966 2757 1154 2826; x_wconf 90' lang='lat' dir='ltr'>Unde</span> <span class='ocrx_word' id='word_1_258' title='bbox 1200 2770 1264 2826; x_wconf 88' lang='lat' dir='ltr'>et</span> <span class='ocrx_word' id='word_1_259' title='bbox 1318 2757 1387 2826; x_wconf 92' lang='lat' dir='ltr'>in</span> <span class='ocrx_word' id='word_1_260' title='bbox 1446 2757 1830 2846; x_wconf 78' lang='lat' dir='ltr'>villaquae</span> <span class='ocrx_word' id='word_1_261' title='bbox 1883 2759 2107 2830; x_wconf 91' lang='lat' dir='ltr'>Celtus</span> <span class='ocrx_word' id='word_1_262' title='bbox 2172 2760 2474 2841; x_wconf 92' lang='lat' dir='ltr'>dicitur,</span> <span class='ocrx_word' id='word_1_263' title='bbox 2532 2758 2769 2849; x_wconf 88' lang='lat' dir='ltr'>plures</span> 
     </span>
     <span class='ocr_line' id='line_1_29' title="bbox 218 2844 2768 2937; baseline 0.002 -25"><span class='ocrx_word' id='word_1_264' title='bbox 218 2857 435 2914; x_wconf 87' lang='lat' dir='ltr'>metas</span> <span class='ocrx_word' id='word_1_265' title='bbox 485 2844 633 2913; x_wconf 87' lang='lat' dir='ltr'>sieri</span> <span class='ocrx_word' id='word_1_266' title='bbox 672 2846 907 2936; x_wconf 88' lang='lat' dir='ltr'>jussit.</span> <span class='ocrx_word' id='word_1_267' title='bbox 960 2846 1100 2936; x_wconf 92' lang='lat' dir='ltr'>Ipsi</span> <span class='ocrx_word' id='word_1_268' title='bbox 1136 2859 1364 2915; x_wconf 86' lang='lat' dir='ltr'>autem</span> <span class='ocrx_word' id='word_1_269' title='bbox 1414 2846 1733 2916; x_wconf 90' lang='lat' dir='ltr'>homines</span> <span class='ocrx_word' id='word_1_270' title='bbox 1764 2847 2125 2928; x_wconf 80' lang='lat' dir='ltr'>CeltenseS,</span> <span class='ocrx_word' id='word_1_271' title='bbox 2169 2870 2443 2937; x_wconf 89' lang='lat' dir='ltr'>semper</span> <span class='ocrx_word' id='word_1_272' title='bbox 2479 2847 2768 2917; x_wconf 88' lang='lat' dir='ltr'>rebelles</span> 
     </span>
     <span class='ocr_line' id='line_1_30' title="bbox 218 2932 2763 3026; baseline 0.002 -25"><span class='ocrx_word' id='word_1_273' title='bbox 218 2945 284 3001; x_wconf 90' lang='lat' dir='ltr'>et</span> <span class='ocrx_word' id='word_1_274' title='bbox 331 2932 635 3003; x_wconf 89' lang='lat' dir='ltr'>seditiosi</span> <span class='ocrx_word' id='word_1_275' title='bbox 689 2933 993 3005; x_wconf 86' lang='lat' dir='ltr'>fuerunt.</span> <span class='ocrx_word' id='word_1_276' title='bbox 1048 2936 1176 3017; x_wconf 88' lang='lat' dir='ltr'>Qui</span> <span class='ocrx_word' id='word_1_277' title='bbox 1211 2934 1510 3021; x_wconf 90' lang='lat' dir='ltr'>quadam</span> <span class='ocrx_word' id='word_1_278' title='bbox 1564 2935 1671 3004; x_wconf 91' lang='lat' dir='ltr'>die</span> <span class='ocrx_word' id='word_1_279' title='bbox 1723 2937 2078 3005; x_wconf 89' lang='lat' dir='ltr'>Dominica</span> <span class='ocrx_word' id='word_1_280' title='bbox 2128 2937 2472 3017; x_wconf 90' lang='lat' dir='ltr'>inebriati,</span> <span class='ocrx_word' id='word_1_281' title='bbox 2530 2958 2763 3026; x_wconf 88' lang='lat' dir='ltr'>coepe-</span> 
     </span>
     <span class='ocr_line' id='line_1_31' title="bbox 222 3022 2771 3115; baseline 0.002 -26"><span class='ocrx_word' id='word_1_282' title='bbox 222 3035 385 3090; x_wconf 91' lang='lat' dir='ltr'>runt</span> <span class='ocrx_word' id='word_1_283' title='bbox 432 3022 610 3091; x_wconf 90' lang='lat' dir='ltr'>inter</span> <span class='ocrx_word' id='word_1_284' title='bbox 661 3045 730 3093; x_wconf 87' lang='lat' dir='ltr'>se</span> <span class='ocrx_word' id='word_1_285' title='bbox 779 3023 1047 3092; x_wconf 84' lang='lat' dir='ltr'>dicere:</span> <span class='ocrx_word' id='word_1_286' title='bbox 1104 3024 1287 3110; x_wconf 5' lang='lat' dir='ltr'>Quid*</span> <span class='ocrx_word' id='word_1_287' title='bbox 1340 3023 1455 3091; x_wconf 88' lang='lat' dir='ltr'>ille</span> <span class='ocrx_word' id='word_1_288' title='bbox 1500 3026 1806 3094; x_wconf 75' lang='lat' dir='ltr'>Jubileus</span> <span class='ocrx_word' id='word_1_289' title='bbox 1892 3026 1990 3095; x_wconf 92' lang='lat' dir='ltr'>sic</span> <span class='ocrx_word' id='word_1_290' title='bbox 2048 3026 2232 3094; x_wconf 91' lang='lat' dir='ltr'>enim</span> <span class='ocrx_word' id='word_1_291' title='bbox 2285 3023 2771 3115; x_wconf 88' lang='lat' dir='ltr'>appellabatur</span> 
     </span>
     <span class='ocr_line' id='line_1_32' title="bbox 220 3111 2773 3202; baseline 0.002 -24"><span class='ocrx_word' id='word_1_292' title='bbox 220 3123 501 3200; x_wconf 90' lang='lat' dir='ltr'>propter</span> <span class='ocrx_word' id='word_1_293' title='bbox 559 3112 799 3181; x_wconf 88' lang='lat' dir='ltr'>aetatis</span> <span class='ocrx_word' id='word_1_294' title='bbox 864 3111 1315 3201; x_wconf 80' lang='lat' dir='ltr'>prolixitatem</span> <span class='ocrx_word' id='word_1_295' title='bbox 1382 3116 1445 3181; x_wconf 92' lang='lat' dir='ltr'>S.</span> <span class='ocrx_word' id='word_1_296' title='bbox 1514 3113 1872 3202; x_wconf 87' lang='lat' dir='ltr'>Remigius</span> <span class='ocrx_word' id='word_1_297' title='bbox 1950 3112 2171 3184; x_wconf 87' lang='lat' dir='ltr'>facere</span> <span class='ocrx_word' id='word_1_298' title='bbox 2230 3113 2424 3183; x_wconf 87' lang='lat' dir='ltr'>vellet</span> <span class='ocrx_word' id='word_1_299' title='bbox 2485 3114 2569 3182; x_wconf 90' lang='lat' dir='ltr'>de</span> <span class='ocrx_word' id='word_1_300' title='bbox 2630 3113 2773 3184; x_wconf 91' lang='lat' dir='ltr'>illis</span> 
     </span>
     <span class='ocr_line' id='line_1_33' title="bbox 217 3200 2767 3298; baseline 0.002 -31"><span class='ocrx_word' id='word_1_301' title='bbox 217 3200 418 3298; x_wconf 83' lang='lat' dir='ltr'>metis</span> <span class='ocrx_word' id='word_1_302' title='bbox 465 3221 638 3286; x_wconf 88' lang='lat' dir='ltr'>quas</span> <span class='ocrx_word' id='word_1_303' title='bbox 685 3205 1262 3291; x_wconf 79' lang='lat' dir='ltr'>congregaverat?</span> <span class='ocrx_word' id='word_1_304' title='bbox 1300 3222 1385 3268; x_wconf 92' lang='lat' dir='ltr'>an</span> <span class='ocrx_word' id='word_1_305' title='bbox 1429 3201 1771 3270; x_wconf 88' lang='lat' dir='ltr'>civitatem</span> <span class='ocrx_word' id='word_1_306' title='bbox 1828 3201 1985 3270; x_wconf 86' lang='lat' dir='ltr'>inde</span> <span class='ocrx_word' id='word_1_307' title='bbox 2033 3201 2255 3272; x_wconf 86' lang='lat' dir='ltr'>facere</span> <span class='ocrx_word' id='word_1_308' title='bbox 2305 3202 2553 3272; x_wconf 80' lang='lat' dir='ltr'>vellet?</span> <span class='ocrx_word' id='word_1_309' title='bbox 2602 3204 2767 3290; x_wconf 90' lang='lat' dir='ltr'>quia</span> 
     </span>
     <span class='ocr_line' id='line_1_34' title="bbox 218 3290 2769 3378; baseline 0.002 -22"><span class='ocrx_word' id='word_1_310' title='bbox 218 3300 398 3357; x_wconf 87' lang='lat' dir='ltr'>stcut</span> <span class='ocrx_word' id='word_1_311' title='bbox 432 3301 653 3357; x_wconf 91' lang='lat' dir='ltr'>turres</span> <span class='ocrx_word' id='word_1_312' title='bbox 705 3311 824 3378; x_wconf 92' lang='lat' dir='ltr'>per</span> <span class='ocrx_word' id='word_1_313' title='bbox 874 3311 1109 3359; x_wconf 93' lang='lat' dir='ltr'>muros</span> <span class='ocrx_word' id='word_1_314' title='bbox 1148 3290 1464 3369; x_wconf 80' lang='lat' dir='ltr'>civitatiS,</span> <span class='ocrx_word' id='word_1_315' title='bbox 1519 3291 1611 3358; x_wconf 90' lang='lat' dir='ltr'>ita</span> <span class='ocrx_word' id='word_1_316' title='bbox 1664 3311 1785 3378; x_wconf 88' lang='lat' dir='ltr'>per</span> <span class='ocrx_word' id='word_1_317' title='bbox 1830 3291 2200 3361; x_wconf 90' lang='lat' dir='ltr'>circuitum</span> <span class='ocrx_word' id='word_1_318' title='bbox 2251 3293 2484 3374; x_wconf 89' lang='lat' dir='ltr'>cortis,</span> <span class='ocrx_word' id='word_1_319' title='bbox 2548 3305 2769 3362; x_wconf 87' lang='lat' dir='ltr'>metae</span> 
     </span>
     <span class='ocr_line' id='line_1_35' title="bbox 216 3375 2769 3461; baseline 0.002 -17"><span class='ocrx_word' id='word_1_320' title='bbox 216 3375 675 3446; x_wconf 88' lang='lat' dir='ltr'>habebantur.</span> <span class='ocrx_word' id='word_1_321' title='bbox 716 3383 792 3447; x_wconf 91' lang='lat' dir='ltr'>Et</span> <span class='ocrx_word' id='word_1_322' title='bbox 824 3378 1154 3447; x_wconf 87' lang='lat' dir='ltr'>suadente</span> <span class='ocrx_word' id='word_1_323' title='bbox 1203 3376 1501 3458; x_wconf 87' lang='lat' dir='ltr'>diabolo,</span> <span class='ocrx_word' id='word_1_324' title='bbox 1550 3400 1622 3446; x_wconf 88' lang='lat' dir='ltr'>se</span> <span class='ocrx_word' id='word_1_325' title='bbox 1665 3391 1905 3448; x_wconf 87' lang='lat' dir='ltr'>mutuo</span> <span class='ocrx_word' id='word_1_326' title='bbox 1954 3379 2295 3450; x_wconf 88' lang='lat' dir='ltr'>adhortati</span> <span class='ocrx_word' id='word_1_327' title='bbox 2338 3397 2523 3461; x_wconf 89' lang='lat' dir='ltr'>sunt,</span> <span class='ocrx_word' id='word_1_328' title='bbox 2564 3394 2639 3449; x_wconf 92' lang='lat' dir='ltr'>ut</span> <span class='ocrx_word' id='word_1_329' title='bbox 2672 3380 2769 3450; x_wconf 85' lang='lat' dir='ltr'>so-</span> 
     </span>
     <span class='ocr_line' id='line_1_36' title="bbox 214 3465 2768 3559; baseline 0.002 -27"><span class='ocrx_word' id='word_1_330' title='bbox 214 3485 373 3533; x_wconf 88' lang='lat' dir='ltr'>cum</span> <span class='ocrx_word' id='word_1_331' title='bbox 428 3465 498 3533; x_wconf 90' lang='lat' dir='ltr'>in</span> <span class='ocrx_word' id='word_1_332' title='bbox 547 3487 661 3534; x_wconf 90' lang='lat' dir='ltr'>eas</span> <span class='ocrx_word' id='word_1_333' title='bbox 713 3468 1076 3536; x_wconf 88' lang='lat' dir='ltr'>mitterent.</span> <span class='ocrx_word' id='word_1_334' title='bbox 1134 3466 1324 3550; x_wconf 88' lang='lat' dir='ltr'>Quod</span> <span class='ocrx_word' id='word_1_335' title='bbox 1376 3488 1534 3535; x_wconf 92' lang='lat' dir='ltr'>cum</span> <span class='ocrx_word' id='word_1_336' title='bbox 1591 3471 1656 3536; x_wconf 89' lang='lat' dir='ltr'>S.</span> <span class='ocrx_word' id='word_1_337' title='bbox 1702 3468 2014 3558; x_wconf 88' lang='lat' dir='ltr'>Remigio</span> <span class='ocrx_word' id='word_1_338' title='bbox 2056 3470 2148 3536; x_wconf 89' lang='lat' dir='ltr'>in</span> <span class='ocrx_word' id='word_1_339' title='bbox 2180 3471 2568 3559; x_wconf 87' lang='lat' dir='ltr'>propinqua</span> <span class='ocrx_word' id='word_1_340' title='bbox 2607 3469 2768 3538; x_wconf 90' lang='lat' dir='ltr'>villa</span> 
     </span>
     <span class='ocr_line' id='line_1_37' title="bbox 215 3553 2760 3640; baseline 0.002 -20"><span class='ocrx_word' id='word_1_341' title='bbox 215 3574 393 3640; x_wconf 88' lang='lat' dir='ltr'>quae</span> <span class='ocrx_word' id='word_1_342' title='bbox 418 3553 746 3624; x_wconf 89' lang='lat' dir='ltr'>Basilicae</span> <span class='ocrx_word' id='word_1_343' title='bbox 777 3555 984 3626; x_wconf 89' lang='lat' dir='ltr'>cortis</span> <span class='ocrx_word' id='word_1_344' title='bbox 1016 3555 1291 3636; x_wconf 89' lang='lat' dir='ltr'>dicitur,</span> <span class='ocrx_word' id='word_1_345' title='bbox 1323 3555 1751 3634; x_wconf 85' lang='lat' dir='ltr'>consistenti,</span> <span class='ocrx_word' id='word_1_346' title='bbox 1784 3556 1988 3626; x_wconf 89' lang='lat' dir='ltr'>celeri</span> <span class='ocrx_word' id='word_1_347' title='bbox 2019 3560 2274 3628; x_wconf 90' lang='lat' dir='ltr'>nuncio</span> <span class='ocrx_word' id='word_1_348' title='bbox 2303 3572 2404 3628; x_wconf 89' lang='lat' dir='ltr'>est</span> <span class='ocrx_word' id='word_1_349' title='bbox 2428 3558 2760 3637; x_wconf 87' lang='lat' dir='ltr'>delatum,</span> 
     </span>
     <span class='ocr_line' id='line_1_38' title="bbox 217 3640 2763 3747; baseline 0.002 -37"><span class='ocrx_word' id='word_1_350' title='bbox 217 3640 535 3712; x_wconf 91' lang='lat' dir='ltr'>ascendit</span> <span class='ocrx_word' id='word_1_351' title='bbox 570 3663 849 3729; x_wconf 91' lang='lat' dir='ltr'>equum,</span> <span class='ocrx_word' id='word_1_352' title='bbox 900 3658 976 3713; x_wconf 89' lang='lat' dir='ltr'>ut</span> <span class='ocrx_word' id='word_1_353' title='bbox 1022 3644 1104 3713; x_wconf 90' lang='lat' dir='ltr'>ad</span> <span class='ocrx_word' id='word_1_354' title='bbox 1161 3657 1417 3713; x_wconf 89' lang='lat' dir='ltr'>tantam</span> <span class='ocrx_word' id='word_1_355' title='bbox 1464 3646 2096 3735; x_wconf 84' lang='lat' dir='ltr'>praesumptionem</span> <span class='ocrx_word' id='word_1_356' title='bbox 2154 3646 2763 3747; x_wconf 87' lang='lat' dir='ltr'>compescendam,</span> 
     </span>
     <span class='ocr_line' id='line_1_39' title="bbox 215 3729 2770 3826; baseline 0.002 -28"><span class='ocrx_word' id='word_1_357' title='bbox 215 3729 300 3799; x_wconf 90' lang='lat' dir='ltr'>ad</span> <span class='ocrx_word' id='word_1_358' title='bbox 356 3729 613 3799; x_wconf 88' lang='lat' dir='ltr'>Celtum</span> <span class='ocrx_word' id='word_1_359' title='bbox 663 3730 966 3821; x_wconf 83' lang='lat' dir='ltr'>(villam)</span> <span class='ocrx_word' id='word_1_360' title='bbox 1006 3733 1284 3803; x_wconf 90' lang='lat' dir='ltr'>veniret.</span> <span class='ocrx_word' id='word_1_361' title='bbox 1339 3737 1486 3814; x_wconf 88' lang='lat' dir='ltr'>Quo</span> <span class='ocrx_word' id='word_1_362' title='bbox 1534 3754 1694 3802; x_wconf 90' lang='lat' dir='ltr'>cum</span> <span class='ocrx_word' id='word_1_363' title='bbox 1748 3735 2076 3823; x_wconf 89' lang='lat' dir='ltr'>pervenit,</span> <span class='ocrx_word' id='word_1_364' title='bbox 2125 3736 2270 3824; x_wconf 86' lang='lat' dir='ltr'>jam</span> <span class='ocrx_word' id='word_1_365' title='bbox 2312 3758 2501 3826; x_wconf 81' lang='lat' dir='ltr'>ipsae</span> <span class='ocrx_word' id='word_1_366' title='bbox 2551 3747 2770 3814; x_wconf 58' lang='lat' dir='ltr'>metae</span> 
     </span>
     <span class='ocr_line' id='line_1_40' title="bbox 213 3818 2762 3914; baseline 0.002 -26"><span class='ocrx_word' id='word_1_367' title='bbox 213 3818 571 3888; x_wconf 88' lang='lat' dir='ltr'>ardebant.</span> <span class='ocrx_word' id='word_1_368' title='bbox 626 3824 870 3890; x_wconf 87' lang='lat' dir='ltr'>Beatus</span> <span class='ocrx_word' id='word_1_369' title='bbox 900 3834 1128 3891; x_wconf 90' lang='lat' dir='ltr'>autem</span> <span class='ocrx_word' id='word_1_370' title='bbox 1161 3821 1521 3910; x_wconf 89' lang='lat' dir='ltr'>Remigius</span> <span class='ocrx_word' id='word_1_371' title='bbox 1554 3835 1617 3890; x_wconf 90' lang='lat' dir='ltr'>et</span> <span class='ocrx_word' id='word_1_372' title='bbox 1651 3836 1869 3892; x_wconf 89' lang='lat' dir='ltr'>aetate</span> <span class='ocrx_word' id='word_1_373' title='bbox 1922 3837 1985 3893; x_wconf 91' lang='lat' dir='ltr'>et</span> <span class='ocrx_word' id='word_1_374' title='bbox 2040 3824 2426 3914; x_wconf 90' lang='lat' dir='ltr'>vespertino</span> <span class='ocrx_word' id='word_1_375' title='bbox 2487 3823 2762 3913; x_wconf 82' lang='lat' dir='ltr'>frigore,</span> 
     </span>
     <span class='ocr_line' id='line_1_41' title="bbox 217 3908 2770 4003; baseline 0.002 -26"><span class='ocrx_word' id='word_1_376' title='bbox 217 3908 396 3978; x_wconf 89' lang='lat' dir='ltr'>sicut</span> <span class='ocrx_word' id='word_1_377' title='bbox 436 3908 504 3976; x_wconf 90' lang='lat' dir='ltr'>in</span> <span class='ocrx_word' id='word_1_378' title='bbox 540 3921 876 3979; x_wconf 89' lang='lat' dir='ltr'>autumno</span> <span class='ocrx_word' id='word_1_379' title='bbox 911 3910 1081 3980; x_wconf 91' lang='lat' dir='ltr'>solet</span> <span class='ocrx_word' id='word_1_380' title='bbox 1105 3910 1279 3989; x_wconf 87' lang='lat' dir='ltr'>fieri,</span> <span class='ocrx_word' id='word_1_381' title='bbox 1319 3908 1637 4000; x_wconf 86' lang='lat' dir='ltr'>frigidus,</span> <span class='ocrx_word' id='word_1_382' title='bbox 1672 3910 1757 3980; x_wconf 91' lang='lat' dir='ltr'>de</span> <span class='ocrx_word' id='word_1_383' title='bbox 1782 3932 1960 3998; x_wconf 87' lang='lat' dir='ltr'>equo</span> <span class='ocrx_word' id='word_1_384' title='bbox 1987 3912 2367 3993; x_wconf 88' lang='lat' dir='ltr'>descendit,</span> <span class='ocrx_word' id='word_1_385' title='bbox 2402 3928 2467 3983; x_wconf 92' lang='lat' dir='ltr'>et</span> <span class='ocrx_word' id='word_1_386' title='bbox 2493 3937 2532 3982; x_wconf 93' lang='lat' dir='ltr'>a</span> <span class='ocrx_word' id='word_1_387' title='bbox 2566 3913 2770 4003; x_wconf 86' lang='lat' dir='ltr'>longe</span> 
     </span>
     <span class='ocr_line' id='line_1_42' title="bbox 216 3996 2771 4091; baseline 0.001 -25"><span class='ocrx_word' id='word_1_388' title='bbox 216 4018 291 4066; x_wconf 89' lang='lat' dir='ltr'>se</span> <span class='ocrx_word' id='word_1_389' title='bbox 338 3996 710 4067; x_wconf 87' lang='lat' dir='ltr'>calefacere</span> <span class='ocrx_word' id='word_1_390' title='bbox 741 3999 985 4089; x_wconf 88' lang='lat' dir='ltr'>coepit,</span> <span class='ocrx_word' id='word_1_391' title='bbox 1044 3998 1413 4086; x_wconf 89' lang='lat' dir='ltr'>tranquillo</span> <span class='ocrx_word' id='word_1_392' title='bbox 1453 4000 1659 4068; x_wconf 88' lang='lat' dir='ltr'>corde</span> <span class='ocrx_word' id='word_1_393' title='bbox 1707 4013 1771 4070; x_wconf 90' lang='lat' dir='ltr'>et</span> <span class='ocrx_word' id='word_1_394' title='bbox 1818 4022 1935 4069; x_wconf 92' lang='lat' dir='ltr'>ore</span> <span class='ocrx_word' id='word_1_395' title='bbox 1984 4000 2266 4072; x_wconf 86' lang='lat' dir='ltr'>dicens:</span> <span class='ocrx_word' id='word_1_396' title='bbox 2323 4007 2606 4091; x_wconf 91' lang='lat' dir='ltr'>Semper</span> <span class='ocrx_word' id='word_1_397' title='bbox 2653 4001 2771 4070; x_wconf 89' lang='lat' dir='ltr'>bo-</span> 
     </span>
     <span class='ocr_line' id='line_1_43' title="bbox 214 4085 2770 4178; baseline 0.001 -24"><span class='ocrx_word' id='word_1_398' title='bbox 214 4106 350 4155; x_wconf 86' lang='lat' dir='ltr'>nus</span> <span class='ocrx_word' id='word_1_399' title='bbox 397 4100 499 4155; x_wconf 89' lang='lat' dir='ltr'>est</span> <span class='ocrx_word' id='word_1_400' title='bbox 546 4085 740 4155; x_wconf 85' lang='lat' dir='ltr'>focus</span> <span class='ocrx_word' id='word_1_401' title='bbox 788 4087 846 4156; x_wconf 89' lang='lat' dir='ltr'>si</span> <span class='ocrx_word' id='word_1_402' title='bbox 900 4109 1035 4155; x_wconf 91' lang='lat' dir='ltr'>non</span> <span class='ocrx_word' id='word_1_403' title='bbox 1087 4109 1297 4175; x_wconf 87' lang='lat' dir='ltr'>super</span> <span class='ocrx_word' id='word_1_404' title='bbox 1348 4102 1585 4178; x_wconf 88' lang='lat' dir='ltr'>potest.</span> <span class='ocrx_word' id='word_1_405' title='bbox 1649 4093 2129 4157; x_wconf 90' lang='lat' dir='ltr'>Verumtamen</span> <span class='ocrx_word' id='word_1_406' title='bbox 2177 4112 2419 4159; x_wconf 89' lang='lat' dir='ltr'>omnes</span> <span class='ocrx_word' id='word_1_407' title='bbox 2467 4090 2588 4178; x_wconf 89' lang='lat' dir='ltr'>qui</span> <span class='ocrx_word' id='word_1_408' title='bbox 2643 4090 2770 4158; x_wconf 92' lang='lat' dir='ltr'>hoc</span> 
     </span>
     <span class='ocr_line' id='line_1_44' title="bbox 214 4175 2772 4268; baseline 0.001 -26"><span class='ocrx_word' id='word_1_409' title='bbox 214 4188 505 4262; x_wconf 81' lang='lat' dir='ltr'>egerunt</span> <span class='ocrx_word' id='word_1_410' title='bbox 551 4189 616 4244; x_wconf 93' lang='lat' dir='ltr'>et</span> <span class='ocrx_word' id='word_1_411' title='bbox 660 4175 779 4262; x_wconf 87' lang='lat' dir='ltr'>qui</span> <span class='ocrx_word' id='word_1_412' title='bbox 831 4175 917 4244; x_wconf 89' lang='lat' dir='ltr'>de</span> <span class='ocrx_word' id='word_1_413' title='bbox 962 4197 1196 4244; x_wconf 90' lang='lat' dir='ltr'>eorum</span> <span class='ocrx_word' id='word_1_414' title='bbox 1250 4177 1559 4266; x_wconf 88' lang='lat' dir='ltr'>germine</span> <span class='ocrx_word' id='word_1_415' title='bbox 1610 4177 1752 4245; x_wconf 89' lang='lat' dir='ltr'>nati</span> <span class='ocrx_word' id='word_1_416' title='bbox 1814 4176 2108 4258; x_wconf 87' lang='lat' dir='ltr'>suerint,</span> <span class='ocrx_word' id='word_1_417' title='bbox 2165 4178 2292 4247; x_wconf 88' lang='lat' dir='ltr'>viri</span> <span class='ocrx_word' id='word_1_418' title='bbox 2339 4177 2772 4268; x_wconf 75' lang='lat' dir='ltr'>ponderosi*</span> 
     </span>
     <span class='ocr_line' id='line_1_45' title="bbox 214 4262 2763 4356; baseline 0.001 -25"><span class='ocrx_word' id='word_1_419' title='bbox 214 4262 407 4343; x_wconf 87' lang='lat' dir='ltr'>fiant,</span> <span class='ocrx_word' id='word_1_420' title='bbox 446 4279 509 4332; x_wconf 90' lang='lat' dir='ltr'>et</span> <span class='ocrx_word' id='word_1_421' title='bbox 543 4263 838 4333; x_wconf 88' lang='lat' dir='ltr'>feminae</span> <span class='ocrx_word' id='word_1_422' title='bbox 872 4278 1321 4355; x_wconf 89' lang='lat' dir='ltr'>gutturnosae</span> <span class='ocrx_word' id='word_1_423' title='bbox 1368 4266 1529 4335; x_wconf 90' lang='lat' dir='ltr'>sint.</span> <span class='ocrx_word' id='word_1_424' title='bbox 1570 4264 1766 4347; x_wconf 88' lang='lat' dir='ltr'>Quod</span> <span class='ocrx_word' id='word_1_425' title='bbox 1817 4265 1911 4335; x_wconf 90' lang='lat' dir='ltr'>ita</span> <span class='ocrx_word' id='word_1_426' title='bbox 1959 4266 2379 4356; x_wconf 86' lang='lat' dir='ltr'>completum</span> <span class='ocrx_word' id='word_1_427' title='bbox 2422 4281 2544 4338; x_wconf 91' lang='lat' dir='ltr'>est.</span> <span class='ocrx_word' id='word_1_428' title='bbox 2598 4271 2763 4336; x_wconf 87' lang='lat' dir='ltr'>Nam</span> 
     </span>
     <span class='ocr_line' id='line_1_46' title="bbox 216 4351 2770 4444; baseline 0.001 -25"><span class='ocrx_word' id='word_1_429' title='bbox 216 4373 434 4438; x_wconf 86' lang='lat' dir='ltr'>usque</span> <span class='ocrx_word' id='word_1_430' title='bbox 471 4351 553 4420; x_wconf 91' lang='lat' dir='ltr'>ad</span> <span class='ocrx_word' id='word_1_431' title='bbox 609 4365 916 4443; x_wconf 88' lang='lat' dir='ltr'>tempora</span> <span class='ocrx_word' id='word_1_432' title='bbox 950 4352 1165 4422; x_wconf 90' lang='lat' dir='ltr'>Caroli</span> <span class='ocrx_word' id='word_1_433' title='bbox 1199 4355 1426 4444; x_wconf 85' lang='lat' dir='ltr'>Magni</span> <span class='ocrx_word' id='word_1_434' title='bbox 1476 4354 1937 4442; x_wconf 73' lang='lat' dir='ltr'>iniperatoriS‚</span> <span class='ocrx_word' id='word_1_435' title='bbox 1974 4355 2095 4440; x_wconf 90' lang='lat' dir='ltr'>qui</span> <span class='ocrx_word' id='word_1_436' title='bbox 2139 4355 2418 4426; x_wconf 92' lang='lat' dir='ltr'>eosdem</span> <span class='ocrx_word' id='word_1_437' title='bbox 2456 4355 2770 4425; x_wconf 90' lang='lat' dir='ltr'>homines</span> 
     </span>
    </p>
   </div>
   <div class='ocr_carea' id='block_1_5' title="bbox 270 4476 787 4520">
    <p class='ocr_par' dir='ltr' id='par_1_6' title="bbox 270 4476 787 4520">
     <span class='ocr_line' id='line_1_47' title="bbox 270 4476 787 4520; baseline 0.006 -3"><span class='ocrx_word' id='word_1_438' title='bbox 270 4478 293 4500; x_wconf 75' lang='lat'>¹·</span> <span class='ocrx_word' id='word_1_439' title='bbox 312 4476 489 4518; x_wconf 65' lang='lat' dir='ltr'>Heruli</span> <span class='ocrx_word' id='word_1_440' title='bbox 506 4479 787 4520; x_wconf 71' lang='lat' dir='ltr'>laborantes.</span> 
     </span>
    </p>
   </div>
  </div>
 </body>
</html>
