3347 4999
125 362 312 428 OCT.
374 364 413 426 4
1015 380 1093 425 nr:
1142 380 1195 427 s.
1253 379 1597 428 rmnmsco
1648 379 1834 428 cour.
2491 364 2615 428 1119

222 466 259 551 ξ
311 468 410 533 9.
456 468 605 533 Post
665 463 1015 532 modicum
1068 484 1223 534 vero
1278 474 1593 555 tempuS‚
1645 477 1834 554 patre
1882 486 1920 532 a
1973 464 2193 554 patria
2254 463 2698 544 discedente,

128 567 363 623 mater
411 553 560 641 ejus
614 552 872 622 factum
949 552 1176 620 mariti
1249 573 1384 620 non
1453 552 1898 642 approbanS,
1953 565 2016 621 et
2076 552 2523 623 inflexibilem
2577 549 2705 622 filii

124 641 600 712 constantiam
643 640 940 711 emolliri
1000 661 1198 730 posse
1270 661 1403 709 non
1458 662 1786 731 sperans,
1842 662 1880 708 a
1943 640 2239 710 vinculis
2299 640 2704 711 absolutum

127 731 333 802 abire
388 730 721 820 permisit.
775 734 851 798 At
902 730 1046 819 ipse
1094 729 1350 819 gratias
1398 729 1855 820 omnipotenti
1908 733 2040 799 Deo
2091 728 2414 811 referenS,
2471 731 2557 800 ad
2602 731 2703 800 lo-

130 843 300 890 cum
342 875 357 898 ,
418 819 486 888 in
537 840 673 906 quo
726 818 918 908 prius
968 817 1208 898 suerat,
1278 831 1377 887 est
1429 829 1761 887 reversus.
1819 817 2113 887 Rediens
2176 830 2405 887 autem
2461 830 2649 909 pater
2685 874 2700 899 ‚

129 923 196 980 et
230 931 400 978 eum
456 930 590 977 non
645 907 998 976 inveniens
1046 906 1257 987 domi,
1311 907 1640 977 conviciis
1685 905 1892 976 illatis
1942 906 2161 987 uxori,
2229 905 2529 979 fremens
2577 930 2699 977 cu-

132 999 366 1067 currit
414 996 499 1065 ad
553 996 803 1077 locum,
860 1008 936 1065 ut
985 995 1041 1066 si
1089 1017 1246 1064 eum
1302 1017 1612 1065 revocare
1662 1016 1798 1063 non
1844 1007 2094 1086 posset,
2141 994 2382 1064 saltem
2419 995 2503 1064 de
2544 1018 2703 1085 pro-

136 1087 376 1156 vincia
415 1086 768 1175 effugaret.
826 1085 1229 1154 Franciscus
1279 1106 1431 1154 vero
1480 1083 1902 1153 confortatus
1935 1106 1975 1153 a
2013 1090 2165 1161 Deo·,
2203 1084 2482 1160 obvium
2523 1084 2702 1153 ultro

136 1197 211 1244 se
263 1174 518 1244 obtulit
568 1175 742 1260 patri
804 1174 1079 1253 furenti,
1137 1173 1349 1242 libera
1405 1194 1563 1242 voce
1611 1172 1949 1252 clamans,
2008 1195 2079 1243 se
2129 1194 2251 1262 pro
2305 1172 2522 1242 nihilo
2572 1172 2705 1241 du-

137 1285 298 1334 cere
350 1263 628 1332 vincula
661 1276 725 1332 et
756 1263 1035 1331 verbera
1069 1261 1245 1350 ejuS,
1286 1263 1571 1350 insuper
1618 1275 1683 1331 et
1731 1275 2145 1340 contestans,
2186 1283 2257 1330 se
2300 1282 2418 1351 pro
2455 1261 2707 1331 Christi

141 1352 431 1422 nomine
478 1351 858 1443 gaudenter
907 1351 1087 1420 mala
1136 1351 1842 1436 omniawsubiturum:
1896 1349 2148 1420 Videns
2199 1350 2431 1437 itaque
2482 1364 2699 1440 pater,

138 1441 333 1528 quod
384 1463 540 1511 eum
594 1462 909 1510 revocare
960 1461 1092 1508 non
1149 1452 1417 1529 posset,
1473 1439 1558 1508 ad
1610 1452 1798 1508 extor
1849 1439 2146 1508 uendam
2214 1438 2580 1528 pecuniam
2633 1460 2703 1507 se

142 1531 502 1599 convertit.
560 1535 706 1611 Qua
757 1529 1029 1598 tandem
1084 1530 1358 1597 inventa
1408 1529 1474 1596 in
1527 1528 1816 1598 fenestre
1852 1528 1914 1596 la
1972 1527 2272 1614 quadam
2304 1583 2318 1606 ,
2388 1527 2707 1615 aliquan-

144 1619 378 1689 tulum
431 1618 653 1709 ipsius
706 1617 1059 1708 mitigatus
1124 1629 1226 1687 est
1272 1617 1463 1688 furor
1498 1673 1513 1696 ,
1574 1617 1901 1686 avaritiae
1958 1617 2069 1685 siti
2143 1629 2522 1703 utcumque
2588 1637 2708 1706 per

147 1707 481 1777 haustum
523 1707 854 1796 pecuniae
886 1719 1283 1797 temperata.

242 1799 277 1882 ἓ
326 1802 482 1868 10.
522 1795 826 1864 Tentavit
859 1794 1107 1864 deinde
1140 1806 1331 1884 pater
1375 1795 1627 1875 carniS‚
1668 1794 1890 1863 filium
1934 1795 2195 1884 gratiae
2235 1794 2531 1884 pecunia
2561 1794 2704 1879 jam

151 1885 520 1963 nudatum,
576 1884 828 1954 ducere
875 1905 1102 1954 coram
1157 1885 1489 1974 Episcopo
1536 1884 1853 1962 civitatis,
1898 1899 1974 1952 ut
2009 1883 2075 1950 in
2111 1883 2334 1972 ipsius
2386 1883 2710 1951 manibus

152 1971 599 2041 facultatibus
650 1973 1081 2042 renunciaret
1132 1974 1456 2063 paterniS,
1514 1972 1858 2042 et.omnia
1909 1971 2221 2040 redderet
2274 1993 2450 2058 quae
2503 1970 2710 2040 habe-

152 2059 294 2129 bat.
340 2061 428 2130 Ad
480 2061 659 2147 quod
714 2061 1103 2131 faciendum
1150 2084 1221 2131 se
1259 2075 1655 2152 promptum
1693 2060 2003 2130 exhibuit
2052 2082 2251 2129 verae
2284 2060 2709 2150 paupertatis

150 2162 442 2218 amator.
500 2151 1037 2238 perveniensque
1085 2173 1316 2220 coram
1371 2151 1730 2240 Episcopo,
1788 2171 1909 2218 nec
1961 2170 2189 2219 moras
2242 2150 2520 2239 patitur,
2583 2170 2708 2217 nec

150 2251 521 2309 cunctatur
554 2240 639 2307 de
672 2238 928 2326 aliquO,
976 2262 1098 2309 nec
1151 2239 1352 2309 verba
1393 2251 1760 2339 exspectat,
1804 2259 1926 2308 nec
1961 2238 2167 2308 facit:
2213 2238 2329 2307 sed
2382 2237 2709 2308 continuo

152 2324 485 2417 depositis
520 2329 845 2398 omnibus
887 2329 1330 2410 vestimentis,
1380 2327 1786 2397 restituit-ea
1826 2327 2021 2418 patri.
2068 2333 2393 2404 Inventus
2441 2339 2542 2396 est
2582 2349 2709 2395 au·

156 2427 289 2485 tem
343 2430 506 2486 tunc
570 2417 669 2484 vir
721 2417 835 2486 Dei
882 2417 1187 2487 cilicium
1240 2418 1490 2487 habere
1538 2416 1622 2486 ad
1675 2438 1950 2486 carnem
2004 2417 2136 2487 sub
2179 2416 2482 2485 vestibus
2530 2415 2708 2485 deli-

146 2506 349 2577 catis.
388 2511 680 2595 Insuper
708 2528 787 2575 ex
821 2506 1230 2576 admirando
1259 2506 1541 2588 fervore,
1579 2507 1831 2597 spiritu
1878 2506 2137 2586 ebrius,
2197 2506 2463 2595 rejectis
2493 2507 2701 2576 etiam

142 2593 629 2669 femoralibus,
672 2608 850 2665 totus
884 2617 1114 2665 coram
1150 2596 1477 2665 omnibus
1510 2595 1926 2675 denudatur,
1983 2595 2222 2664 dicens
2269 2595 2352 2664 ad
2393 2608 2704 2685 patrem:

148 2687 445 2770 «Usque
489 2705 671 2752 nunc
722 2684 952 2753 vocavi
1004 2698 1064 2753 te
1102 2697 1356 2772 patrem
1409 2685 1476 2753 in
1516 2684 1739 2765 terriS,
1773 2684 2021 2754 amodo
2047 2698 2277 2754 autern
2314 2705 2555 2753 secure
2606 2682 2711 2751 di-

155 2792 306 2840 cere
341 2793 663 2862 possum:
718 2777 922 2843 Pater
966 2784 1207 2853 noster,
1269 2775 1390 2864 qm·
1438 2795 1505 2842 es
1562 2775 1631 2842 in
1679 2776 1900 2853 coelis,
1947 2796 1986 2842 a
2040 2773 2131 2841 ud
2168 2794 2372 2860 quem
2424 2794 2703 2841 omnem

160 2860 554 2931 thesaurum
611 2863 907 2951 reposui,
935 2876 999 2931 et
1044 2883 1318 2931 omnem
1364 2863 1504 2951 spei
1551 2861 1880 2931 fiduciam
1916 2884 1995 2931 co
2030 2861 2270 2930 locavi.
2309 2884 2344 2926 »
2373 2864 2512 2929 Hoc
2561 2882 2709 2929 cer-

161 2970 327 3017 nens
375 2950 780 3040 Episcopus,
834 2965 898 3020 et
944 2950 1299 3021 admirans
1351 2965 1484 3019 tam
1537 2951 1972 3020 excedentem
2025 2950 2093 3017 in
2147 2949 2291 3017 viro
2332 2950 2448 3018 Dei
2485 2947 2704 3018 fervo-

161 3060 295 3106 rem
335 3093 348 3113 .
405 3039 720 3128 protinus
768 3040 1170 3120 exsurrexit,
1209 3053 1275 3109 et
1322 3039 1501 3109 inter
1548 3039 1833 3109 brachia
1881 3060 2006 3107 sua
2075 3036 2273 3107 illum
2327 3059 2485 3107 curn
2541 3038 2706 3106 fletu

159 3126 585 3217 recolligens,
641 3128 740 3196 uti
789 3140 933 3198 erat
980 3128 1084 3196 vir
1132 3127 1290 3216 pius
1339 3140 1402 3196 et
1454 3128 1698 3207 bonuS,
1741 3126 1975 3228 pellic,
2016 3147 2154 3213 quo
2203 3137 2347 3194 erat
2380 3126 2700 3205 amictus,

158 3216 447 3304 operuit,
491 3216 922 3307 praecipiens
970 3217 1139 3297 suiS,
1195 3228 1271 3286 ut
1317 3215 1582 3303 aliquid
1624 3216 1758 3285 sibi
1808 3214 2050 3285 darent
2089 3214 2172 3284 ad
2211 3216 2525 3285 membra
2556 3235 2708 3284 cor-

164 3304 345 3392 poris
384 3305 831 3395 contegenda.
887 3304 1170 3375 Oblatus
1203 3316 1305 3375 est
1343 3320 1570 3374 autem
1622 3305 1685 3373 ei
1738 3303 2106 3374 mantellus
2155 3325 2421 3393 pauper
2452 3316 2517 3373 et
2552 3303 2707 3375 vilis

162 3392 521 3480 cujusdam
565 3393 905 3482 agricolae
944 3394 1304 3464 servientis
1352 3394 1713 3484 Episcopo.
1759 3397 1972 3475 Quem
2026 3394 2174 3483 ipse
2206 3404 2557 3482 gratanter
2593 3416 2710 3464 su-

162 3481 504 3570 scipiens,
549 3503 708 3550 cum
768 3494 1123 3553 caemento
1171 3482 1353 3570 quod
1406 3482 1538 3553 sibi
1594 3483 1947 3563 occurrit,
2002 3482 2084 3551 ad
2140 3481 2424 3551 modum
2475 3481 2707 3552 crucis

167 3591 377 3638 manu
429 3570 704 3658 propria
751 3571 1202 3662 consignavit,
1255 3593 1295 3641 o
1348 3571 1758 3639 erimentum
1809 3571 2117 3640 formans
2163 3591 2243 3640 ex
2283 3592 2360 3640 eo
2394 3569 2710 3639 crucifixi

162 3658 463 3728 hominis
510 3672 573 3727 et
627 3661 948 3751 pauperis
998 3661 1272 3731 seminu
1327 3660 1373 3728 i.
1413 3658 1522 3727 Sic
1572 3660 1785 3749 igitur
1832 3681 2071 3730 servus
2112 3660 2315 3748 Regis
2355 3658 2704 3740 altissimi,

165 3745 393 3816 nudus
443 3747 721 3817 relictus
769 3762 891 3828 est,
946 3762 1020 3819 ut
1063 3744 1329 3818 nudum
1384 3762 1785 3833 sequeretur
1839 3746 2252 3819 Crucifixum
2308 3748 2706 3825 Dominum,

162 3856 361 3922 quem
433 3835 753 3905 amabat:
811 3838 908 3908 sic
972 3838 1210 3924 utique
1279 3840 1488 3906 Cruce
1564 3838 1928 3918 munitus,
1999 3849 2077 3907 ut
2148 3836 2455 3904 animam
2505 3857 2708 3905 suam

166 3923 348 4024 ligno
398 3923 644 3994 salutis
689 3926 1162 4007 committeret,
1220 3946 1341 4017 per
1386 3924 1566 4012 quod
1618 3926 1704 3995 de
1755 3925 1998 3995 mundi
2053 3923 2418 4014 naufragio
2467 3923 2703 3996 salvus

165 4025 391 4082 exlret.
2274 4018 2283 4028 ‘

249 4103 283 4187 ξ
331 4106 461 4172 11.
520 4099 798 4171 Solutus
845 4099 1086 4171 exinde
1137 4102 1379 4172 mundi
1428 4114 1859 4193 contemptor
1905 4125 1946 4172 a
1978 4100 2276 4171 vinculis
2321 4101 2713 4170 mundana-

172 4210 315 4258 rum
367 4189 809 4279 cupidinum,
863 4190 1132 4260 civitate
1172 4191 1430 4271 relicta,
1484 4214 1772 4262 securus
1820 4204 1885 4261 et
1935 4190 2106 4259 liber
2155 4202 2493 4260 secretum
2548 4187 2715 4258 soli-

170 4277 421 4348 tudinis
474 4279 715 4368 petiit,
769 4291 844 4349 ut
893 4278 1083 4348 solus
1130 4294 1194 4349 et
1243 4280 1501 4361 silens,
1559 4300 1901 4369 supernae
1949 4279 2221 4349 audiret
2268 4277 2714 4348 allocutionis

171 4387 515 4435 arcanum.
591 4372 903 4456 Dumque
970 4388 1088 4456 per
1152 4369 1395 4439 silvam
1438 4367 1813 4455 quamdam
1882 4368 2009 4436 iter
2091 4366 2393 4445 faciens,
2464 4366 2708 4436 laudes

176 4456 448 4524 Domino
502 4455 741 4546 lingua
805 4461 1221 4526 Francorum
1292 4458 1395 4526 vir
1458 4458 1571 4527 Dei
1635 4455 2042 4528 Franciscus
2104 4456 2499 4525 decantaret
2546 4476 2709 4524 cum
