3347 4999
175 363 348 429 OCT.
404 364 488 428 30
844 383 923 428 nn
971 382 1061 429 ss.
1108 380 1375 428 zanomo
1423 382 1497 427 m
1545 377 1814 428 minoem
1860 380 2050 426 mur.
2503 362 2629 426 745

174 488 411 535 curam
463 467 928 535 infirmorum.
982 465 1434 555 Tam³pulcre
1476 466 1659 534 enim
1730 463 2141 533 medicinam
2210 463 2545 534 didicerat
2608 468 2720 534 Ze-

177 555 451 636 nobius,
504 569 568 625 et
615 555 684 624 in
736 568 1048 644 aegrotos
1088 554 1488 625 ostendebat
1537 566 1794 623 tantam
1854 551 2349 622 miraculorum
2416 554 2711 623 effectio-

178 666 358 725 nem,
416 657 491 713 ut
529 665 656 713 nec
685 644 907 713 solum
948 643 1229 731 quidem
1271 644 1422 733 ejus
1458 665 1707 712 manus
1744 655 2133 711 contactum
2182 655 2459 731 possent
2495 642 2717 711 morbi

179 735 539 814 sustinere,
593 731 708 801 sed
761 734 910 824 ejus
959 732 1105 803 sola
1150 731 1554 823 fugarentur
1617 731 2026 821 praesentia.
2093 735 2234 800 Hoc
2295 744 2523 801 autem
2583 753 2717 800 non

178 834 321 891 erat
364 843 544 911 opus
589 822 780 902 artiS‚
835 821 949 892 sed
1005 821 1263 892 donum
1314 821 1596 911 gratiae,
1649 834 1714 889 et
1772 819 2158 910 praemium
2218 819 2509 889 virtutis.
2573 825 2714 889 Non

181 910 401 980 solum
439 922 666 979 autem
726 910 1060 981 sanitatis,
1116 909 1232 979 sed
1284 911 1487 979 etiam
1531 909 1753 980 victus
1801 922 1945 979 erat
1993 907 2470 998 suppeditator
2518 914 2723 977 Zeno-

176 1000 377 1069 bius:
430 1012 495 1068 et
539 999 890 1080 omnibus,
944 999 1064 1086 qui
1114 998 1196 1067 ad
1251 1000 1482 1089 ipsum
1531 998 1975 1079 accedebant,
2029 997 2515 1087 suppeditabat
2581 1009 2716 1067 tam

179 1110 354 1176 quae
385 1088 469 1156 ad
511 1088 728 1156 morbi
762 1088 1195 1178 pertinebant
1240 1088 1663 1157 curationem
1697 1109 1903 1174 quam
1956 1107 2132 1173 quae
2170 1085 2255 1155 ad
2309 1085 2715 1156 alimentum

178 1177 507 1266 corporiS,
560 1198 1000 1264 quocumque
1051 1178 1290 1247 morbo
1327 1177 1818 1256 detinerentur,
1853 1188 1916 1244 et
1946 1174 2507 1263 quibuscumque
2540 1174 2717 1244 cibis

177 1288 353 1356 opus
402 1264 751 1335 haberent.
805 1266 982 1348 Quin
1032 1267 1236 1335 etiam
1291 1288 1421 1336 non
1477 1265 1701 1334 solum
1759 1264 1966 1334 dabat
2031 1264 2270 1355 gratiS,
2324 1264 2438 1334 sed
2508 1264 2712 1333 etiam

179 1355 410 1443 ipsum
464 1366 904 1444 praeceptum
958 1353 1161 1446 longo
1202 1354 1559 1424 intervallo
1606 1354 1999 1443 superabat.
2054 1359 2219 1423 Nam
2273 1365 2713 1443 praeceptum

180 1443 456 1530 quidem
508 1442 710 1512 dicit:
766 1446 991 1514 Gratis
1061 1445 1434 1535 accepisti&
1489 1445 1710 1534 qratis
1766 1444 1920 1512 date
1962 1441 2231 1531 (Matth.
2280 1442 2373 1530 x).
2428 1441 2553 1511 Ille
2594 1464 2716 1510 au-

182 1546 343 1611 tem,
400 1545 665 1620 praeter
714 1531 1154 1613 medicinam,
1214 1532 1633 1622 adJungebat
1679 1531 1881 1601 etiarn
1947 1530 2354 1600 alimentum
2406 1542 2718 1621 aegroto-

183 1641 365 1698 rum,
409 1641 541 1690 non
586 1621 808 1690 solum
847 1621 1059 1711 gratis
1095 1643 1374 1702 curanS,
1414 1620 1528 1690 sed
1562 1621 1767 1690 etiam
1801 1642 1959 1689 cum
1988 1619 2343 1689 curatione
2380 1620 2715 1709 praebens

185 1708 594 1778 mercedem.
624 1709 805 1778 Talis
848 1709 1127 1797 quidem
1177 1723 1656 1779 sacrosanctus
1705 1708 2040 1779 Zenobius
2087 1709 2332 1799 obtigit
2373 1706 2716 1778 Cilicum*

182 1797 467 1888 regioni.
521 1819 658 1885 quo
708 1811 1013 1888 tempore
1060 1802 1438 1899 Imperator
1471 1805 1965 1877 Romanorum,
2005 1796 2280 1866 deditus
2321 1796 2718 1868 simulacris

182 1899 249 1956 et
298 1887 386 1955 im
446 1886 550 1955 iae
597 1909 675 1956 ac
726 1886 936 1958 salsae
987 1886 1323 1988 religioni,
1382 1901 1694 1958 mortuus
1726 1899 1828 1957 est
1861 1887 1928 1954 in
1973 1886 2209 1975 impiis
2242 1885 2708 1985 dogmatibus,

184 1975 309 2045 Sed
361 1974 552 2046 ilius
601 1975 880 2063 quidem
933 1989 1068 2045 tam
1121 1976 1416 2065 imperii,
1470 1997 1678 2063 quam
1730 1975 1984 2045 furoris
2016 1974 2084 2042 in
2131 1975 2574 2054 Christianos,
2619 1996 2721 2043 re-

183 2063 388 2133 lictus
435 2076 535 2133 est
567 2064 807 2134 haeres
859 2063 1338 2135 Diocletianus.
1394 2065 1627 2133 Statim
1681 2076 1908 2133 autem
1947 2063 2215 2152 Lysiam
2257 2064 2567 2154 praeficit
2613 2062 2719 2131 Ci-

183 2151 407 2232 liciae,
459 2153 577 2240 qui
627 2167 691 2221 et
738 2153 821 2221 ad
872 2153 1324 2223 cruciandum
1379 2167 1522 2223 erat
1554 2152 2117 2228 violentissimus,
2171 2164 2236 2220 et
2287 2151 2370 2221 ad
2423 2151 2717 2221 illicien-

185 2240 350 2310 dum
403 2240 762 2311 blanditiis
824 2243 1120 2311 maxima
1186 2242 1250 2310 vi
1318 2241 1689 2330 praeditus.
1746 2241 1868 2311 Ille
1927 2255 2153 2310 autem
2204 2264 2361 2309 cum
2429 2241 2722 2309 venisset

182 2328 267 2399 ad
321 2332 533 2419 Mopsi
567 2331 637 2366 *¹⁶
672 2330 942 2411 urbem,
979 2330 1223 2400 excitat
1274 2330 1810 2420 persecutionem
1873 2329 2199 2399 adversus
2256 2329 2711 2410 ChristianOS,

186 2441 476 2507 eamque
587 2419 1062 2501 ravissimam,
1113 2432 1177 2489 et
1238 2419 1534 2488 maxime
1593 2418 2020 2488 horribilem.
2077 2424 2235 2487 Tres
2290 2434 2517 2488 autem
2590 2441 2720 2487 nu-

186 2529 374 2578 mero
424 2508 554 2579 ado
584 2522 932 2590 escentes,
989 2508 1361 2590 ClaudiuS‚
1415 2508 1714 2578 Asterius
1770 2522 1834 2578 et
1894 2514 2115 2588 Neon,
2170 2507 2451 2577 fuerunt
2513 2508 2714 2577 etiam

183 2598 458 2666 exerciti
509 2598 576 2667 in
631 2598 747 2666 illa
798 2599 1305 2688 persecutione:
1358 2620 1531 2685 quos
1580 2597 1735 2667 tulit
1779 2598 2058 2685 quidem
2111 2597 2413 2677 Isauria,
2469 2602 2720 2665 Laran-

182 2685 317 2755 dus
356 2699 581 2755 autem
626 2686 943 2756 exercuit.
986 2688 1040 2755 Ii
1088 2688 1269 2756 enim
1315 2710 1349 2756 a
1389 2687 1588 2776 Lysia
1629 2688 2145 2757 vehementibus
2175 2698 2240 2754 et
2275 2684 2512 2754 multis
2553 2684 2717 2754 sub-

175 2775 343 2862 jecti
375 2776 820 2852 cruciatibus,
857 2776 925 2843 in
976 2797 1249 2845 crucem
1299 2778 1427 2846 acti
1478 2790 1661 2845 extra
1708 2798 1966 2855 muros,
2006 2774 2370 2845 subierunt
2423 2786 2715 2842 mortem

183 2862 693 2935 maleficorum:
747 2886 982 2934 eorum
1047 2877 1272 2934 autem
1324 2888 1612 2954 corpora
1661 2863 1963 2953 projecta
2021 2874 2183 2931 sunt
2230 2860 2627 2930 devoranda
2680 2883 2720 2930 a

178 2952 344 3022 ieris
375 2967 440 3021 et
472 2953 893 3023 volucribus.
948 2958 1025 3022 Et
1055 2955 1292 3044 Lysias
1339 2953 1618 3042 quidem
1676 2953 1877 3021 talem
1915 2950 2317 3022 ostendebat
2366 2950 2711 3019 insaniam

178 3039 509 3112 adversus
543 3042 983 3113 Christianos.

268 3131 444 3216 §a
496 3132 828 3222 Egregius
892 3132 1104 3222 igitur
1173 3130 1506 3201 Zenobius
1575 3150 1734 3199 cum
1802 3129 1869 3197 in
1935 3141 2123 3198 tanta
2184 3128 2432 3197 virtute
2508 3126 2712 3196 vitam

174 3218 450 3308 egisset,
485 3232 549 3287 et
577 3219 806 3288 divina
850 3220 1255 3289 revelatione
1295 3217 1539 3289 Christi
1582 3239 1859 3309 gregem
1906 3216 2328 3308 pascendum
2372 3215 2719 3306 suscepis-

178 3319 303 3385 set,
324 3320 391 3374 et
407 3307 679 3376 Ciliciae
699 3306 942 3377 fuisset
961 3319 1229 3378 creatus
1251 3308 1653 3397 Episcopus»,
1677 3307 1742 3375 in
1770 3320 2112 3395 posterum
2137 3307 2340 3377 etiam
2363 3304 2717 3396 duplicem

173 3393 475 3464 ostendit
543 3398 1006 3465 curationem:
1063 3409 1136 3465 ut
1189 3397 1308 3483 qui
1378 3418 1510 3465 non
1569 3394 1793 3464 solum
1857 3394 2289 3487 corporibuS,
2344 3394 2462 3463 sed
2506 3394 2713 3463 etiam

173 3482 433 3554 animis
488 3483 899 3563 mederetur,
953 3497 1018 3553 et
1064 3484 1180 3553 illa
1228 3483 1506 3571 quidem
1573 3506 1612 3553 a
1663 3485 1944 3567 morbis,
2012 3486 2137 3554 has
2187 3506 2343 3553 vero
2393 3484 2717 3553 liberaret

173 3572 265 3642 ab
315 3570 683 3660 impietate.
724 3573 898 3642 Hinc
937 3572 1193 3642 dicitur
1237 3572 1389 3642 Indi
1429 3573 1794 3663 cujusdam
1833 3572 2154 3644 Praefecti
2193 3572 2564 3662 conjugem
2605 3572 2716 3639 in-

171 3660 428 3731 cidisse
476 3661 544 3729 in
599 3661 914 3730 morbum
983 3661 1585 3737 immedicabilem.
1639 3666 1706 3731 Is
1755 3675 1983 3732 autem
2051 3675 2196 3732 erat
2256 3683 2529 3741 cancer,
2596 3659 2720 3747 qui

169 3752 247 3821 in
285 3750 675 3819 interiorem
731 3762 988 3840 partem
1028 3750 1325 3822 thoracis
1358 3750 1789 3820 incubuerat.
1845 3757 2126 3842 Propter
2172 3772 2377 3838 quem
2431 3769 2720 3839 congre·

170 3852 372 3931 gatae
399 3859 639 3908 omnes
681 3860 929 3908 manus
965 3839 1413 3919 medicorum,
1443 3852 1759 3927 artesque
1789 3852 1853 3909 et
1888 3840 2404 3920 medicamenta,
2444 3850 2723 3907 ostensa

169 3944 337 3997 sunt
385 3927 485 3997 illi
539 3927 776 3997 morbo
808 3927 1071 3997 cedere.
1112 3929 1353 3998 Uxoris
1397 3951 1563 4030 ergo
1603 3929 1821 3998 vicem
1872 3928 2111 3998 dolens
2163 3927 2404 4006 Indus,
2467 3938 2534 3996 et
2587 3947 2721 3994 un-

172 4018 426 4086 denam
481 4017 645 4086 tanti
700 4016 860 4086 mali
912 4015 1246 4087 inveniret
1293 4017 1703 4087 solutionem
1738 4073 1753 4099 ,
1807 4016 2176 4107 diligenter
2225 4028 2715 4107 perscrutanS,

172 4128 213 4173 a
247 4106 543 4192 quodam
600 4118 971 4175 mercatore
999 4106 1261 4196 accepit
1307 4106 1392 4174 de
1438 4106 1754 4187 Zenobi0,
1799 4127 1957 4176 eum
2017 4105 2273 4176 multos
2319 4125 2563 4173 curare
2612 4125 2722 4172 ae-

180 4207 417 4284 grotos
450 4193 595 4266 solo
628 4194 851 4275 verbe,
891 4206 956 4264 et
990 4217 1321 4266 manuum
1359 4195 1820 4285 impositione.
1861 4194 1982 4264 llle
2020 4208 2247 4265 autem
2283 4192 2510 4263 statim
2547 4190 2716 4261 nihil

221 4390 249 4416 ¹¹¹
288 4391 463 4435 Cu'licia.
496 4392 743 4440 postqum
788 4392 877 4431 snb
916 4393 1173 4431 'rm-carum
1214 4389 1581 4433 dominationem
1611 4392 1747 4432 venit
1764 4420 1775 4437 .
1815 4390 2004 4432 duabus
2046 4392 2097 4431 in
2133 4391 2387 4441 provinciis
2418 4387 2568 4431 divisa
2614 4388 2727 4433 mit,

154 4453 229 4495 qu
242 4452 374 4483 nrum
406 4446 554 4484 altera
580 4449 779 4486 vocatur
796 4447 1005 4495 &leskeln
1025 4446 1179 4485 altera
1200 4454 1309 4485 varo
1329 4448 1504 4486 Adana.

224 4496 285 4524 ⁸¹·
311 4497 366 4536 In
390 4495 554 4538 cilicio
569 4499 662 4538 nita
681 4502 772 4540 cst.
793 4500 1104 4548 Nunoupatur
1122 4499 1265 4539 etiam
1288 4498 1569 4549 Mopsuestia.
