3347 4999
204 373 387 440 OCT.
446 378 488 441 9
1593 322 1596 327 ·
2546 381 2674 446 305

1050 562 1279 661 VlTA
1360 563 1438 662 S.
1510 560 1921 663 GlSLENl

723 760 1089 827 MONACHI
1146 761 1559 827 INSTITUTI
1618 761 1898 827 SANCTI
1948 761 2246 827 BASILII

1028 950 1294 998 meanto
1342 948 1582 1007 ommim
1630 951 1948 1012 AUCTORE,

597 1055 711 1105 san
759 1058 966 1105 'ranan
1014 1058 1180 1106 BONA
1225 1028 1393 1120 rma,
1447 1058 1528 1105 ur
1575 1059 1890 1121 APPARET,
1945 1057 2352 1117 conscmrrA,

921 1162 1277 1221 ALIQUANTO
1319 1165 1535 1214 :mmm
1584 1166 1967 1214 vEnaosms:

399 1272 611 1329 Arous
659 1273 738 1318 EA
785 1270 986 1319 CAUSA
1035 1273 1151 1319 ran
1206 1272 1267 1318 F.
1322 1271 1511 1318 mua.
1567 1272 1807 1319 sumum
1857 1271 2261 1321 succmcrtus
2311 1273 2577 1320 nemun

792 1445 1064 1502 Floruit:
1105 1458 1238 1502 sec.
1282 1445 1417 1499 VII
1457 1472 1536 1485 —
1576 1445 1735 1504 Nat.
1783 1445 2085 1503 Graecus
2125 1439 2176 1503 *.

289 1626 328 1711 ξ
370 1632 449 1697 1.
507 1624 838 1716 Egregius
888 1625 1136 1694 Christi
1176 1625 1527 1695 consessor
1561 1624 1908 1704 Gislenus,
1966 1647 2006 1693 a
2055 1624 2331 1693 Graecis
2363 1625 2768 1697 Christianis

203 1714 616 1796 parentibus
664 1714 950 1783 feliciter
997 1727 1189 1784 ortus
1225 1769 1241 1795 ,
1294 1736 1333 1783 a
1382 1719 1516 1784 Deo
1564 1713 2010 1804 peculiariter
2072 1712 2374 1795 electuS,
2419 1729 2485 1785 et
2533 1718 2768 1788 vineae

205 1802 607 1873 Dominicae
673 1803 760 1871 ab
823 1803 996 1894 ipsis
1064 1803 1512 1873 incunabulis
1574 1803 1913 1872 divinitus
1961 1812 2064 1873 est
2110 1802 2334 1872 cultor
2381 1802 2769 1878 fidissimus

203 1892 788 1976 praedestinatus
872 1892 1031 1979 Ejus
1079 1892 1306 1960 adhuc
1360 1891 1556 1982 pueri
1606 1890 1956 1993 singulari
2006 1891 2254 1980 pietate
2310 1895 2598 1982 permoti
2652 1917 2769 1985 pa-

201 1991 481 2061 rentes,
537 1998 785 2070 operae
835 1982 1127 2070 pretium
1183 1982 1315 2051 sibi
1381 1981 1632 2050 facturi
1681 1979 2118 2062 videbantur,
2173 1981 2233 2050 si
2281 2003 2439 2051 eum
2490 1984 2768 2054 Athenis

197 2083 539 2139 curarent
587 2083 907 2138 accurate
941 2069 1185 2139 litteris
1221 2069 1510 2140 erudiri.
1553 2070 1838 2139 Scholae
1879 2069 2095 2161 igitur
2123 2070 2469 2153 admotuS,
2505 2072 2768 2142 ferven-

202 2164 305 2251 ter
334 2159 584 2227 orabat
616 2158 1011 2239 Dominum,
1052 2173 1129 2227 ut
1163 2159 1268 2229 sui
1304 2158 1589 2248 spiritus
1621 2159 1915 2248 gratiam
1951 2160 2086 2248 ipsi
2134 2159 2550 2249 adspiraret,
2593 2182 2768 2248 quae

201 2263 444 2331 ipsum
501 2248 589 2316 ab
635 2248 828 2316 omni
877 2259 1176 2317 servaret
1224 2269 1475 2328 errore,
1529 2258 1592 2316 et
1628 2268 1750 2335 per
1789 2248 2101 2335 justitiae
2141 2261 2402 2317 rectum
2449 2249 2770 2338 planum-

201 2351 342 2414 que
392 2333 526 2404 iter
572 2335 963 2405 deduceret.
1040 2341 1181 2405 Non
1234 2336 1542 2427 despexit
1602 2341 1781 2405 Deus
1829 2357 2066 2426 preces
2116 2337 2360 2426 pueri,
2413 2338 2532 2407 sed
2582 2338 2771 2409 dedit

205 2418 310 2487 itti
365 2424 637 2493 sedium
691 2446 978 2494 suarum
1015 2426 1432 2495 assistricem
1467 2425 1904 2515 sapientiam,
1936 2445 2113 2512 quae
2151 2425 2396 2495 circuit
2428 2448 2769 2515 quaerens

205 2508 467 2600 dignos
504 2537 596 2584 se.
642 2519 848 2584 Porro
889 2515 1281 2604 disciplinis
1321 2514 1712 2585 liberalium
1757 2514 2009 2584 artium
2056 2512 2347 2604 perfecte
2380 2516 2763 2600 institutuS,

209 2619 299 2667 ne
332 2603 598 2671 malitia
627 2616 922 2673 mutaret
950 2603 1368 2673 intellectum
1396 2605 1569 2693 ejus,
1595 2625 1632 2673 e
1658 2604 1873 2674 seculi
1905 2602 2511 2695 periculosissimis
2545 2608 2770 2677 flucti-

209 2685 347 2758 bus
379 2713 452 2761 se
478 2692 846 2772 subduxit3
877 2706 1079 2780 atque
1110 2693 1290 2762 intra
1322 2694 1724 2763 monasterii
1755 2693 2057 2764 claustra
2105 2692 2442 2772 inclusuS,
2480 2697 2767 2784 optatis-

211 2777 474 2849 simum
531 2803 601 2849 se
651 2780 894 2851 salutis
945 2794 1215 2881 portum
1252 2783 1558 2871 attigisse
1593 2783 1885 2852 laetatus
1924 2794 2049 2851 est.
2081 2786 2292 2870 Atque
2331 2781 2773 2868 aliquamdiu

211 2865 359 2965 illic
410 2869 633 2939 sancti
680 2870 911 2940 Basilii
948 2872 1259 2941 instituto
1292 2870 1545 2951 vivens,
1578 2872 1835 2962 optima
1867 2892 2181 2958 quaeque
2220 2872 2765 2955 consectabatur,

211 2968 309 3024 ita
359 2970 436 3028 ut
485 2957 815 3029 fratribus
863 2961 1014 3049 ejus
1064 2959 1464 3029 monasterii
1509 2959 1842 3030 virtutum
1891 2959 2169 3049 egregia
2216 2958 2301 3027 de
2340 2981 2410 3029 se
2446 2961 2773 3052 ‚exempla

213 3048 595 3130 praeberet,
639 3047 879 3118 firmae
929 3047 1129 3130 fidei,
1174 3048 1531 3119 charitatis
1582 3071 1716 3118 non
1769 3049 1990 3129 fictae,
2046 3046 2306 3117 multae
2354 3048 2773 3121 humilitatis

209 3131 448 3220 (quae
496 3138 557 3206 ei
625 3138 842 3207 virtus
892 3135 1254 3207 familiaris
1318 3136 1696 3207 admodum
1744 3136 1964 3225 erat),
2008 3136 2366 3227 Jucundae
2412 3151 2479 3207 et
2524 3138 2774 3209 alacris

212 3222 669 3304 obedientiae,
725 3225 1046 3314 profusae
1095 3226 1649 3307 benevolentiae,
1714 3247 2009 3384 magnae
2054 3225 2534 3309 abstinentiae,
2591 3227 2774 3297 mul-

211 3322 447 3383 tarum
499 3314 918 3403 vigiliarum.
990 3315 1329 3386 Omnibus
1384 3335 1666 3403 quoque
1706 3314 1836 3383 affa
1892 3313 2004 3385 ilis
2051 3328 2218 3384 erat.
2270 3317 2483 3402 Atque
2533 3317 2626 3385 ita
2672 3316 2773 3387 fa-

207 3413 407 3470 ctum
459 3413 583 3483 est,
632 3416 708 3472 ut
758 3408 891 3473 Deo
939 3405 1172 3473 omnia
1213 3404 1634 3484 moderante,
1684 3425 1822 3489 quo
1870 3416 2098 3494 posset
2146 3403 2442 3474 aliorum
2475 3404 2775 3474 infirmis

206 3490 552 3560 curandis
593 3491 847 3560 animis
896 3491 1188 3562 idoneus
1227 3493 1539 3562 adhiberi
1578 3491 1916 3572 medicus,
1973 3491 2060 3561 ad
2110 3492 2624 3565 Ecclesiasticos
2663 3516 2775 3564 or-

212 3576 420 3650 dines
453 3579 796 3669 gradatim
833 3594 1372 3669 promoveretur.
1418 3580 1725 3667 Denique
1758 3580 2140 3651 sacerdotio
2173 3581 2509 3666 initiatuS,
2540 3582 2771 3671 etjam

213 3666 398 3739 inter
448 3673 659 3737 Deum
709 3680 773 3739 et
821 3669 1135 3739 homines
1182 3669 1383 3756 quasi
1431 3682 1785 3757 sequester
1830 3670 2115 3758 quidam
2155 3673 2573 3744 constitutus
2601 3726 2622 3752 ,
2679 3672 2775 3741 vi-

217 3776 393 3827 num
443 3769 508 3825 et
555 3755 782 3826 oleum
848 3757 1257 3828 infundebat
1327 3759 1392 3826 in
1447 3759 1790 3829 mentium
1842 3759 2130 3829 vulnera
2165 3812 2181 3841 ‚
2236 3782 2429 3850 spem
2499 3761 2775 3831 divinae

220 3845 742 3916 misericordiae
790 3869 949 3916 cum
991 3847 1242 3936 judicii
1293 3847 1512 3916 divini
1547 3849 1790 3918 timore
1824 3849 2151 3919 omnibus
2186 3850 2620 3938 praedicans.
2662 3855 2774 3918 In-

222 3937 419 4003 terim
472 3934 692 4004 multa
740 3935 959 4004 animi
1007 3936 1360 4025 vigilantia
1416 3936 1693 4026 sibiipsi
1742 3959 2015 4027 semper
2061 3938 2412 4020 intentus,
2458 3939 2528 4008 id
2580 3961 2776 4008 sum-

224 4042 505 4113 mopere
545 4045 779 4093 secum
833 4025 1314 4114 pertractabat,
1371 4048 1508 4113 quo
1558 4037 1758 4115 pacto
1809 4047 1930 4115 per
1983 4026 2220 4095 omnia
2279 4038 2505 4117 posset
2554 4027 2777 4098 oculis

225 4110 494 4195 placere
541 4112 776 4182 omnia
826 4111 1119 4184 videntis
1169 4113 1312 4183 Dei.

315 4208 353 4279 ἓ
405 4205 493 4272 2.
549 4201 858 4283 Quadam
910 4214 1136 4271 autem
1189 4214 1385 4274 nocte
1434 4200 1761 4293 precibus
1793 4214 1859 4273 et
1897 4202 2172 4272 divinae
2205 4203 2775 4294 contemplationi

232 4287 430 4358 solito
475 4290 850 4361 ferventius
911 4290 1283 4375 insistens,
1338 4313 1496 4362 cum
1570 4304 1722 4382 post
1785 4291 2039 4361 multas
2104 4314 2342 4383 preces
2409 4293 2777 4384 defatigato

280 4447 307 4473 ²*
336 4449 453 4490 Sunt
471 4453 629 4493 tamen
648 4450 743 4504 qni,
763 4455 946 4495 Gisleni
966 4465 1138 4495 nomen
1156 4465 1370 4506 graecam
1389 4454 1618 4506 originem
1637 4455 1832 4497 minime
1853 4464 2019 4505 sapere
2039 4456 2377 4504 existimantes,
2395 4457 2619 4499 Sanctum
2638 4457 2780 4497 Fran·

221 4507 387 4543 corum
405 4505 480 4544 vel
499 4507 749 4557 Belgarum
767 4510 948 4549 nationi
968 4510 1255 4550 adscribunt.
2668 4527 2669 4530 ’

388 4588 628 4646 surius
659 4620 679 4632 —
723 4587 891 4649 Vitae
918 4590 1032 4650 SS.
1063 4620 1089 4634 ·
1120 4588 1249 4652 Vol.
1278 4588 1353 4651 X.
2542 4585 2620 4647 20
