3347 4999
619 337 748 405 770
1192 354 1272 402 nt
1316 353 1375 402 s.
1412 352 1804 402 wourstmeo
1843 355 1944 402 se.
1982 351 2398 402 anlsronnm.
2763 337 2938 403 OCT.
2991 339 3064 403 3⁴

527 439 968 522 Orientalem,
1021 439 1344 509 Bavariae
1372 439 1724 529 regionem
1771 438 1808 474 ⁴
1855 436 2248 508 decreverat
2294 437 2686 529 proficisci:
2739 439 2857 509 sed
2908 439 3080 510 febri

526 542 908 631 correptus,
949 548 1101 597 eam
1143 549 1263 598 cor
1359 526 1451 596 ris
1502 526 1752 596 malam
1797 526 2258 596 valetudinem
2312 525 2589 618 vigiliis,
2645 528 2971 617 precibus
3009 542 3075 599 et

519 616 833 709 jeiuniis,
860 629 1211 704 tamquam
1277 629 1636 686 uturorum
1668 615 2048 706 praescius,
2080 614 2349 685 studuit
2380 628 2820 699 antevertere,
2850 617 2942 687 ita
2974 630 3075 698 ut,

529 704 863 796 quicquid
913 704 1166 775 habere
1223 715 1473 794 posset,
1534 725 1651 794 per
1703 726 1951 776 manus
2010 725 2146 794 pau
2243 725 2395 774 rum
2451 703 2519 773 in
2571 704 2817 776 Christi
2872 728 3083 796 gazo-

530 794 935 886 phylacium
983 793 1493 874 transmitteret,
1547 792 2008 883 precibusque
2055 813 2128 862 se
2184 791 2319 862 ulis
2369 793 2656 862 Domino
2711 794 2887 864 vitae
2937 794 3080 864 exi·

531 896 677 954 tum
727 882 1260 953 commendaret.
1307 881 1476 951 Inde
1521 902 1644 971 per
1678 882 2068 952 Danubium
2114 881 2581 971 proficiscens,
2617 881 2740 951 ubi
2775 881 2863 952 ad
2908 904 3069 953 eum

532 971 840 1063 pervenit
884 969 1141 1052 locum,
1192 991 1394 1058 quem
1443 969 1883 1062 Puppingam
1932 982 2199 1050 vocant,
2235 969 2528 1040 ulterius
2578 970 2898 1061 progredi
2939 994 3072 1041 non

531 1060 777 1151 potuit,
819 1058 1002 1148 quod
1044 1059 1192 1150 jam
1241 1071 1518 1148 tempus
1565 1058 2007 1129 oesolutionis
2048 1059 2202 1148 ejus
2253 1058 2560 1128 instaret.
2616 1062 2925 1147 Cumque
2968 1059 3071 1129 di-

531 1149 791 1220 vinitus
837 1147 1245 1239 intelligeret
1287 1147 1425 1217 cito
1469 1161 1833 1229 eventura,
1886 1169 2065 1235 quae
2112 1145 2277 1217 olim
2329 1148 2398 1216 in
2457 1146 2720 1217 visione
2766 1149 2828 1217 ei
2881 1170 3075 1239 prae-

526 1237 714 1308 dicta
748 1237 1043 1317 fuerant,
1078 1235 1291 1326 jussit
1322 1257 1396 1305 se
1425 1234 1676 1305 deferri
1724 1237 1793 1306 in
1846 1235 2022 1306 beati
2079 1235 2391 1305 Otbmari
2438 1236 2837 1316 oratorium,
2889 1237 3076 1324 quod

530 1326 677 1395 illic
708 1338 875 1407 erat,
907 1337 974 1394 et
1005 1337 1162 1395 ante
1207 1325 1361 1415 ejus
1397 1345 1588 1394 aram
1630 1323 1907 1415 deponi.
1966 1323 2041 1394 ld
2092 1345 2254 1394 cum
2308 1323 2562 1393 factum
2624 1337 2834 1405 esset,
2902 1346 3076 1395 non-

532 1414 708 1484 nihil
738 1412 1528 1494 convalescensreffldit,
1579 1413 2026 1503 primumque
2075 1434 2196 1503 per
2231 1411 2733 1484 confessionem
2780 1434 2928 1483 sese
2963 1436 3084 1483 ex-

534 1501 785 1594 piavit:
835 1500 1084 1572 deinde
1116 1522 1382 1583 omnes,
1432 1501 1552 1589 qui
1601 1500 1909 1582 aderant,
1974 1501 2060 1571 de
2107 1501 2267 1583 fide,
2306 1522 2428 1591 spe
2470 1512 2537 1570 et
2594 1501 2926 1572 charitate
2973 1524 3088 1573 se-

528 1590 806 1671 ctanda,
859 1590 1211 1661 luculenta
1248 1590 1555 1661 oratione
1600 1589 2011 1670 admonens,
2070 1611 2211 1670 eos,
2265 1610 2645 1676 omnesque
2703 1590 2834 1680 ipsi
2889 1613 3085 1661 com-

534 1680 807 1760 missos,
844 1700 1004 1750 cum
1039 1677 1362 1769 suspiriis
1391 1680 1479 1749 ab
1507 1678 1650 1748 imo
1680 1692 1951 1767 pectore
1981 1677 2325 1759 adductiS,
2374 1683 2508 1748 Deo
2534 1691 2601 1748 et
2628 1678 2886 1749 sanctis
2921 1679 3079 1770 ejus

529 1767 1060 1838 commendavit.
1112 1772 1269 1837 Post
1312 1780 1592 1855 accepto
1638 1768 1907 1847 viatico,
1961 1767 2159 1837 humi
2202 1788 2274 1836 se
2323 1766 2708 1856 prostravit.
2770 1772 3081 1856 Cumque

526 1857 790 1927 aeditui
836 1869 904 1926 et
950 1855 1363 1926 cubicularii
1417 1855 1597 1943 ejus,
1650 1876 1892 1925 omnes
1922 1877 1962 1925 e
2010 1869 2142 1924 tem
2201 1854 2289 1935 lo,
2361 1868 2626 1944 praeter
2685 1856 2838 1946 ejus
2882 1855 3083 1926 fami—

535 1945 780 2026 liares,
834 1943 1084 2014 vellent
1140 1945 1426 2032 ejicere,
1502 1944 1604 2013 vir
1643 1945 1773 2013 ·Dei
1815 1944 1973 2013 illos
2087 1965 2159 2013 ro
2217 1943 2434 2026 ibuit,
2487 1945 2719 2032 aitque
2776 1943 2862 2013 ad
2911 1965 3078 2015 eos:

530 2057 570 2102 ι
603 2033 867 2125 Aperite
913 2033 1112 2115 ostia,
1166 2055 1290 2104 nec
1334 2054 1756 2120 quemquam
1818 2033 2015 2124 ingre
2068 2033 2090 2101 i
2138 2031 2470 2102 volentem
2520 2031 2904 2103 excindite:
2951 2053 3081 2102 nos

530 2124 717 2194 enim
769 2121 1092 2193 mortales
1140 2121 1477 2202 homines,
1520 2143 1655 2190 non
1691 2121 1823 2190 nisi
1872 2120 2252 2190 malefactis
2280 2121 2683 2192 erubescere
2713 2121 3074 2191 debemus.

534 2212 768 2282 Hortis
828 2226 1056 2281 autem
1111 2209 1420 2281 debitum
1471 2209 1857 2281 necessario
1917 2209 2319 2280 solvendum
2386 2210 2587 2280 nobis
2647 2222 2772 2281 est.
2842 2214 3077 2297 Itaque

529 2322 693 2372 cum
743 2299 947 2370 etiam
984 2299 1292 2369 Christus
1326 2297 1501 2388 ipse,
1544 2297 1668 2386 qui
1718 2296 1888 2367 nihil
1939 2298 2143 2368 morti
2187 2293 2448 2380 debuit,
2503 2319 2675 2388 pene
2725 2298 2959 2369 nudus
3003 2298 3069 2365 in

536 2391 746 2459 Cruoe
787 2388 961 2459 mori
1011 2408 1146 2457 non
1194 2385 1550 2456 erubuerit
1599 2408 1722 2477 pro
1770 2386 2060 2457 humani
2197 2387 2380 2457 neris
2438 2386 2681 2469 salute,
2740 2385 3075 2477 adspiciat

526 2478 830 2566 quisque
875 2475 947 2546 in
997 2486 1213 2546 morte
1261 2487 1490 2546 nostra
1523 2529 1539 2557 ,
1591 2474 1758 2564 quid
1817 2407 2263 2547 reformiffaere
2308 2489 2376 2545 et
2424 2496 2661 2546 cavere
2715 2474 2962 2546 debeat
3006 2474 3077 2544 in

536 2587 687 2637 sua.
745 2571 927 2637 Deus
973 2585 1131 2635 vero
1183 2565 1346 2656 pius
1406 2578 1473 2634 et
1520 2565 1746 2635 bonus
1809 2564 2119 2635 misereri
2166 2564 2489 2653 dignetur
2534 2577 2602 2633 et
2660 2565 2792 2635 mei
2845 2564 3084 2635 miseri

621 2654 934 2735 ccatoris,
977 2674 1163 2723 nunc
1214 2664 1498 2723 mortem
1531 2652 1873 2731 obeuntis,
1926 2666 1991 2722 et
2026 2654 2342 2722 omnium
2395 2652 2461 2722 id
2512 2675 2671 2722 cum
2723 2655 2972 2723 timore
3016 2666 3081 2723 et

584 2743 924 2814 umilitate
969 2741 1597 2832 adspectantium.»
1646 2742 1770 2811 His
1814 2742 2042 2821 dictis,
2082 2752 2462 2811 reverenter
2505 2740 2743 2811 oculos
2800 2740 3070 2822 clausit,

526 2845 599 2902 et
645 2845 997 2920 tamquam
1045 2831 1275 2922 sopori
1323 2852 1398 2901 se
1429 2830 1629 2911 dans,
1668 2832 1738 2899 in
1787 2852 1951 2920 pace
2000 2830 2280 2918 quievit,
2327 2830 2774 2917 animamque
2829 2829 3076 2899 felicis·

534 2919 709 2991 sime
757 2920 824 2989 in
881 2918 1149 2991 coelum
1211 2918 1616 3000 transmisit,
1673 2918 1896 3009 pridie
1942 2917 2274 2988 Calendas
2311 2918 2712 2989 Novembris
2735 2917 2831 2986 *⁴2
2886 2924 3078 2988 Mane

533 3007 819 3080 alterius
871 3008 1011 3079 diei
1067 3008 1392 3097 exequias
1440 3007 1662 3077 funeri
1713 3019 2168 3098 apparantes,
2220 3007 2383 3098 angi
2441 3006 2695 3076 animis
2742 3028 3075 3099 coepere,

534 3096 884 3167 undenam
928 3110 1205 3189 possent
1249 3096 1556 3167 obtinere
1604 3096 2019 3187 Episcopum
2069 3094 2412 3183 aliquem,
2473 3096 2593 3184 qui
2641 3094 2856 3166 funus
2899 3096 3078 3165 cele-

537 3185 798 3256 braret:
848 3198 916 3255 et
958 3208 1117 3256 ecce
1170 3185 1616 3256 commodum
1667 3184 2062 3274 supervenit
2110 3185 2488 3255 Hartwicus
2529 3183 3081 3275 Salisburgensis

537 3278 585 3342 E
638 3274 938 3365 iscopuS.
977 3288 1045 3344 et
1081 3274 1281 3344 Aribo
1328 3278 1589 3353 Comes,
1644 3274 1748 3343 vir
1786 3274 1901 3343 Dei
1949 3273 2126 3343 inter
2174 3273 2388 3343 laicos
2431 3272 2888 3343 clarissimus.
2952 3278 3087 3344 Eos

528 3383 574 3431 a
631 3376 949 3433 venturos
1003 3375 1198 3432 nocte
1253 3362 1600 3449 superiori
1649 3362 1891 3433 beatus
1937 3361 2386 3453 wolfgangus
2431 3360 2488 3429 si
2546 3361 2881 3441 nificarat,
2927 3373 3086 3450 post

541 3451 744 3541 longa
788 3450 1061 3520 silentia
1104 3465 1172 3520 et
1217 3449 1591 3538 quamdam
1628 3450 1852 3519 morbi
1901 3449 2401 3529 remissionem,
2455 3384 2540 3518 ag
2591 3449 2940 3519 adstantes
2966 3472 3083 3519 su·

540 3540 680 3610 bito
709 3539 985 3608 dicens:
1024 3562 1060 3606 «
1100 3544 1487 3630 Repurgate
1518 3538 1832 3620 domum,
1893 3552 2293 3628 praeparate
2335 3537 2456 3607 bos
2510 3537 2754 3608 itium:
2806 3537 3088 3607 venient

535 3628 718 3699 enim
755 3626 958 3697 bodie
989 3627 1073 3698 ad
1114 3649 1237 3698 nos
1271 3627 1575 3717 hospites
1608 3626 1796 3696 boni.
1834 3632 2001 3698 Vera
2041 3639 2268 3696 autem
2301 3648 2409 3695 me
2494 3625 2669 3695 icere
2702 3626 2830 3696 boc
2880 3625 3084 3718 signo

529 3716 1007 3808 cognoscetis:
1045 3716 1268 3797 Navis,
1306 3737 1447 3803 qua
1486 3714 1912 3786 vehebantur
1956 3716 2137 3785 bona
2191 3715 2514 3784 Hartwici
2566 3713 3080 3804 Arcbiepiscopi

536 3819 601 3876 et
643 3805 961 3876 Aribonis
1019 3804 1363 3897 praefecti,
1427 3804 1495 3874 in
1541 3804 1851 3874 Danubio
1900 3804 2339 3894 naufragium
2395 3824 2717 3893 perpessa
2762 3815 2907 3873 est:
2960 3800 3074 3872 sed

538 3895 653 3964 Dei
701 3893 1124 3985 benignitate
1168 3894 1486 3964 homines
1531 3893 1780 3963 servati
1818 3907 2005 3973 sunt,
2046 3892 2395 3980 iidemque
2422 3889 2689 3961 domini
2732 3914 2892 3963 mox
2926 3902 3076 3981 post

534 3984 802 4054 obitum
855 4004 1082 4053 meum
1120 3983 1256 4052 buc
1302 3981 1652 4052 accedent.
1689 4004 1726 4048 »
1760 3985 1901 4051 Hoc
1947 3981 2229 4068 quidem
2270 3982 2363 4051 ita
2410 3979 2668 4051 factum
2702 3994 2830 4061 est,
2884 3992 2951 4050 et
2993 3978 3084 4049 ab

540 4071 680 4142 illis
709 4072 880 4162 ipsis
915 4084 981 4142 et
1031 4070 1248 4141 multa
1288 4070 1526 4161 populi
1559 4068 1787 4139 fidelis
1821 4070 2018 4140 turba
2068 4090 2342 4139 sacrum
2382 4090 2638 4159 corpus
2668 4069 2964 4160 septimo
2994 4067 3088 4138 ab

536 4159 727 4230 obitu
764 4160 920 4250 ejus
965 4160 1078 4231 die
1110 4159 1555 4250 Ratisponam
1602 4158 1979 4230 honorifice
2010 4170 2114 4228 est
2153 4156 2583 4227 translatum.
2624 4157 2749 4228 Ubi
2795 4178 2954 4227 cum
2991 4156 3084 4227 ad

541 4351 903 4450 (ω’ωῐξῐίιξείῗι
921 4358 1212 4406 Umerorum
1233 4354 1539 4402 incursionen.
1559 4355 1784 4406 oppidum
1802 4356 2106 4415 'te-alburg,
2124 4356 2251 4397 inter
2270 4350 2467 4397 flumin·
2493 4354 2626 4396 821⁸!
2640 4356 2690 4395 et
2706 4356 2815 4405 Υμ.
2828 4354 3088 4396 amnena·

594 4463 650 4490 *·
679 4464 810 4503 Anno
835 4461 926 4503 994.
