3347 4999
768 333 892 395 tto
1399 350 1474 395 na
1523 347 1577 394 S.
1636 348 1940 395 PETRONIO
1991 346 2189 396 episc.
2247 346 2477 395 nosos.
2973 327 3181 394 OCT.
3233 330 3262 392 3

681 433 1214 502 Bononiensium
1283 433 1513 503 studio
1572 432 1983 502 aedificavit.
2056 437 2362 516 Quorum
2427 453 2646 501 unum
2716 429 3266 500 Bartholomaeo

680 520 1015 610 Apostolo,
1071 520 1361 591 alterum
1416 527 1639 591 Marco
1688 521 2192 611 Evangelistae,
2249 521 2523 614 tertium
2582 520 2890 589 Fabiano
2931 534 3007 588 et
3069 520 3266 588 Seba-

679 610 901 679 stiano
952 611 1395 700 martyribuS,
1466 623 1790 698 quartum
1845 611 2180 688 MartinO,
2235 610 2556 696 quintum
2611 609 3066 678 Barbatiano
3122 631 3268 677 con·

677 698 1077 777 sessoribus,
1134 711 1396 769 sextum
1449 699 1773 790 Agathae,
1828 700 2197 789 septimum
2246 698 2491 768 Luciae
2526 697 2938 789 virginibus
2976 709 3054 765 et
3099 719 3268 766 mar-

679 787 948 876 tyribus
988 789 1436 858 consecravit.

765 878 801 963 ξ
847 878 934 948 S·
983 877 1368 958 Quinetiam
1425 889 1554 946 tem
1614 875 1679 944 la
1712 875 1875 954 dun,
1929 897 2059 944 non
2116 875 2317 965 longo
2367 877 2542 944 inter
2575 896 2646 945 se
2681 874 3087 944 intervallo
3145 875 3265 944 dis·

667 966 937 1054 juncta,
974 966 1247 1054 magnis
1279 987 1507 1034 rerum
1590 964 1931 1033 ivinarum
1958 964 2584 1054 significationibus
2609 963 3009 1044 dedicavit,
3051 986 3262 1031 unum

678 1053 1022 1144 Stephano
1052 1054 1561 1143 protomartyri,
1601 1052 1895 1123 alterum
1934 1053 2176 1122 Joanni
2212 1051 2703 1142 Evangelistae.
2745 1058 2825 1122 In
2866 1053 3054 1130 hoc,
3094 1055 3261 1140 quod

680 1143 747 1209 in
803 1155 1054 1222 monte,
1102 1164 1180 1211 ex
1233 1126 1497 1211 tumulo
1549 1156 1764 1211 terrae
1797 1142 1882 1210 de
1932 1141 2274 1210 industria
2325 1154 2626 1231 aggestO,
2662 1143 3124 1220 construxit,
3181 1165 3262 1209 re

677 1229 919 1320 ligiose
965 1229 1228 1300 effinxit
1277 1245 1573 1301 montem
1626 1230 1887 1312 oliveti,
1941 1231 2061 1300 ubi
2111 1230 2419 1299 Christus
2457 1231 2812 1311 Dominus,
2928 1244 3256 1317 ostquam

682 1321 1054 1390 resurrexit
1101 1341 1140 1388 a
1185 1320 1496 1400 mortuiS,
1538 1332 1751 1400 stans,
1787 1318 2154 1409 discipulis
2183 1318 2596 1399 videntibuS,
2635 1340 2842 1388 ascen
2913 1320 2978 1389 it
3017 1320 3095 1387 in
3137 1341 3260 1387 coe-

683 1409 853 1478 lum.
910 1413 985 1477 ln
1040 1406 1180 1489 illo,
1216 1406 1400 1494 quod
1452 1421 1689 1477 sancto
1731 1408 2074 1498 Stephano
2123 1406 2472 1487 dicatum,
2519 1430 2679 1476 cum
2732 1408 3064 1479 ecclesia
3125 1431 3286 1494 san-¹

678 1514 946 1567 ctorum
998 1498 1169 1566 Petri
1221 1510 1285 1565 et
1333 1495 1575 1577 Pauli,
1629 1519 1665 1565 a
1719 1499 1913 1567 beato
1961 1495 2318 1565 Ambrosio
2365 1510 2786 1577 consecrata,
2849 1498 3248 1588 conjunxit.

680 1586 1050 1675 diligenter
1097 1586 1431 1675 expressit
1480 1586 1852 1675 imaginem
1917 1599 1980 1654 et
2037 1585 2311 1665 montiS,
2358 1584 2477 1654 ubi
2529 1586 2597 1654 in
2649 1607 2767 1654 ara
2820 1587 3106 1655 Crucis
3160 1592 3251 1654 Da·

681 1676 917 1744 minus
968 1675 1375 1764 sanguinem
1434 1696 1555 1763 pro
1594 1675 1867 1765 generis
1916 1674 2207 1742 liumani
2238 1673 2458 1742 salute
2490 1674 2755 1752 effudit,
2794 1688 2869 1743 et
2906 1676 3244 1764 sepulcri.

679 1765 746 1831 in
802 1784 939 1850 quo
995 1762 1171 1832 idem
1226 1775 1541 1831 mortuus
1597 1763 1920 1832 conditus
1989 1776 2112 1832 est.
2182 1766 2367 1844 Quae
2431 1783 2587 1831 vero
2639 1763 2817 1831 inter
2871 1765 3075 1832 haec
3137 1766 3246 1831 duo

678 1852 932 1942 templa
992 1852 1309 1942 planities
1371 1851 1515 1922 loco
1567 1851 2018 1922 submissiore
2067 1849 2469 1932 intercedit,
2510 1852 2660 1940 ejus
2701 1851 2842 1920 situ
2895 1852 3245 1922 celebrem

680 1940 895 2020 illam,
952 1963 1128 2028 quae
1174 1941 1506 2031 Josaphat
1556 1954 1869 2018 vocatur,
1925 1939 2166 2008 vallem
2222 1940 2772 2029 repraesentavit.

769 2035 805 2117 ξ
853 2034 946 2099 9.
1003 2034 1084 2098 Ut
1132 2040 1359 2098 autem
1405 2028 1742 2099 sollicitus
1777 2043 2008 2119 pastor
2033 2028 2270 2117 gregis
2301 2028 2407 2096 sui
2458 2041 2716 2096 mentes
2752 2028 3245 2099 vehementius

678 2119 883 2187 otiam
923 2119 1242 2188 excitaret
1288 2118 1373 2187 ad
1417 2118 1770 2187 ardentem
1824 2118 1937 2186 Dei
1986 2117 2414 2194 charitatem,
2473 2117 2870 2206 propositis,
2909 2141 3122 2206 quas
3156 2141 3242 2186 co-

682 2207 923 2286 lerent,
981 2208 1196 2276 sacris
1245 2207 1670 2296 imaginibus
1705 2206 1787 2275 ad
1833 2204 2359 2274 similitudinem
2410 2227 2647 2274 eorum
2686 2205 3052 2288 locorum,
3089 2230 3244 2294 quae

680 2297 826 2383 ipse
866 2297 995 2364 ‘am
1100 2317 1372 2366 raesens
1409 2294 1855 2383 ierosolymis
1906 2309 2264 2363 veneratus
2311 2306 2488 2373 erat,
2550 2295 2616 2363 in
2667 2293 2977 2364 ecclesia
3037 2311 3240 2365 sancti

683 2319 1011 2473 Stepllani
1101 2405 1217 2454 aec
1266 2398 1500 2453 sancte
1546 2383 1996 2473 exprimenda
2055 2397 2258 2468 atque
2304 2382 2694 2472 effingenda
2741 2385 3086 2452 curavit:
3151 2391 3242 2452 tle

687 2474 1024 2554 lumnam,
1065 2472 1149 2542 ad
1186 2495 1393 2561 quam
1428 2472 1736 2543 Christus
1768 2473 2101 2543 Dominus
2138 2469 2429 2562 flagellis
2461 2486 2561 2541 est
2590 2472 3009 2544 verberatus
3040 2498 3056 2540 :
3101 2479 3240 2543 Cru·

679 2585 823 2631 cem
855 2618 874 2641 ,
932 2562 1043 2630 cui
1094 2575 1196 2631 est
1242 2562 1527 2631 affixus:
1587 2561 1989 2630 Triclinium
2033 2616 2047 2639 ,
2103 2563 2166 2628 in
2218 2582 2355 2647 quo
2405 2560 2585 2629 idem
2638 2584 2798 2631 cum
2851 2562 3236 2653 discipulis

680 2650 1072 2720 discubuit:
1131 2656 1376 2719 Locum
1425 2652 1608 2750 item,
1646 2672 1786 2737 quo
1836 2656 2072 2720 Petrus
2122 2649 2595 2727 Apostolorum
2653 2651 3022 2741 princepS,
3081 2670 3238 2752 post·

680 2762 886 2827 quam
941 2761 1013 2808 se
1063 2740 1310 2809 Christi
1360 2738 1784 2828 discipulum
1844 2760 1993 2808 esse
2054 2739 2344 2828 negavit.
2395 2741 2652 2826 peccati
2705 2740 2814 2809 sui
2870 2756 3234 2829 poenitens

684 2830 1001 2899 secessit:
1037 2842 1101 2897 et
1134 2827 1536 2898 cubiculum
1576 2841 1946 2927 praeterea,
1982 2828 2050 2895 in
2094 2849 2231 2913 quo
2265 2825 2533 2896 Gabriel
2571 2827 2891 2916 angeluS,
2933 2829 3036 2899 de
3068 2831 3235 2899 coelo

681 2918 961 2995 missus,
1004 2918 1360 3007 Deiparam
1414 2917 1761 3006 Virginem
1815 2916 2157 2986 salutavit.
2212 2921 2397 2997 Quae
2460 2916 2693 2985 omnia
2749 2919 3232 2988 sanctissimae

678 2992 1035 3096 religionis
1087 3007 1513 3076 monimenta
1559 3004 1789 3073 adhuc
1854 3027 2104 3093 magna
2166 3005 2616 3073 Bononiensis
2691 3004 2934 3104 populi
3000 3009 3232 3096 pietate

679 3095 1028 3173 coluntur,
1074 3094 1687 3184 augustioremque
1723 3093 2033 3163 ¹*reddunt
2082 3094 2303 3183 ipsam
2357 3097 2420 3161 S.
2469 3094 2794 3182 Stephani
2831 3094 3227 3165 ecclesiam.

683 3204 889 3269 quam
947 3182 1059 3251 ille
1123 3183 1587 3271 Jerosolymae
1640 3182 1918 3252 nomine
1969 3182 2382 3272 appellavit,
2444 3186 2733 3269 eamque
2792 3182 2882 3252 ob
2947 3207 3228 3255 causam

682 3272 879 3338 vicus
917 3292 1106 3340 nunc
1143 3272 1344 3340 etiam
1398 3271 1619 3341 eidem
1671 3270 2002 3340 ecclesiae
2067 3272 2512 3360 conjunctuS,
2564 3272 2957 3342 Jerusalem
3026 3274 3230 3343 nomi-

684 3373 913 3428 natur.
1654 3404 1663 3410 ·

773 3452 809 3534 ξ
854 3452 1006 3519 10.
1068 3452 1238 3516 Dum
1276 3462 1501 3516 autem
1545 3449 1832 3518 ecclesia
1884 3450 2028 3539 ipsa
2080 3449 2526 3525 construitur,
2571 3449 2846 3518 mirifici
2881 3454 3131 3539 operis
3177 3454 3228 3518 ir.

686 3536 797 3604 Dei
851 3537 1127 3604 nomine
1176 3535 1420 3605 edendi
1473 3538 1742 3608 occasio
1781 3550 1882 3607 est
1930 3537 2178 3607 oblata.
2250 3541 2413 3605 Nam
2476 3536 2665 3607 faber
2713 3538 3012 3625 quidam
3044 3596 3061 3619 ,
3109 3562 3227 3608 non

685 3638 818 3694 tam
877 3625 1140 3694 viribus
1188 3626 1542 3713 corporiS,
1603 3648 1811 3712 quam
1863 3627 2139 3717 ingenio
2208 3625 2466 3701 fretus,
2521 3627 2768 3696 obnixe
2825 3626 3228 3698 columnam
3281 3628 3282 3691 l

681 3735 1165 3791 marmoream,
1206 3714 1430 3803 operis
1488 3728 1552 3783 et
1608 3716 2085 3784 instrumentis
2148 3713 2661 3803 adjuvantibus,
2701 3715 3062 3804 erigebat:
3125 3718 3226 3787 sed

678 3802 988 3882 funibus,
1028 3802 1285 3889 quibus
1334 3801 1654 3872 columna
1702 3804 2087 3881 tollebatur,
2142 3804 2440 3872 effractis
2475 3858 2489 3881 ,
2554 3803 2668 3871 ille
2721 3806 3100 3894 repentina
3129 3829 3227 3874 co-

683 3890 963 3960 lumnae
1015 3893 1214 3960 ruina
1253 3913 1653 3981 oppressus,
1710 3894 1990 3962 interiit.
2053 3898 2144 3962 Ea
2179 3915 2251 3961 re
2292 3891 2550 3973 audita,
2590 3892 2833 3963 beatus
2866 3898 3231 3966 Petronius

678 3981 997 4060 accurrit,
1054 3980 1496 4067 orationeque
1545 3982 1627 4048 ad
1687 3987 1892 4051 Deum
1948 3982 2204 4061 habita,
2244 3981 2543 4062 fabrum,
2598 3984 2717 4069 qui
2771 3997 3108 4055 mortuus
3134 3989 3230 4075 ja-

679 4069 897 4149 cebat,
952 4070 1034 4136 ad
1085 4070 1290 4138 vitam
1342 4070 1676 4140 divinitus
1724 4071 2079 4149 revocavit,
2133 4071 2485 4152 omnibuS,
2524 4073 2641 4158 qui
2684 4087 3095 4160 praesentes
3125 4076 3232 4144 ad-

676 4172 893 4237 erant,
938 4180 1097 4228 cum
1150 4159 1245 4226 rei
1295 4158 1729 4229 admirabilis
1779 4160 2167 4249 spectaculo
2216 4160 2890 4248 obstupescentibus,
2935 4177 3090 4234 tum
3131 4170 3230 4233 Pe·

681 4247 886 4315 tronii
936 4247 1252 4337 Episcopi
1305 4249 1731 4318 sanctitatem
1773 4249 2078 4319 certatim
2134 4250 2311 4317 inter
2361 4269 2431 4317 se
2480 4249 3057 4320 collaudantibus
3104 4254 3156 4317 ⁴.

696 4460 699 4467 ι
730 4413 759 4505 ’ί
781 4412 849 4451 ΑΙ)
875 4410 980 4452 altis
1009 4413 1212 4454 traditur
1239 4413 1282 4454 S.
1314 4410 1610 4464 Episcopum,
1639 4414 1763 4453 forte
1793 4414 1905 4453 tunc
1939 4409 2000 4451 ibi
2032 4413 2315 4457 adstantem,
2345 4422 2369 4451 e
2403 4412 2571 4453 mortis
2599 4414 2809 4461 periculo
2841 4414 3137 4458 mirabiliter
3155 4429 3196 4457 ex
3220 4439 3230 4447 -

679 4476 743 4517 pu
764 4475 852 4507 sae.
