3347 4999
723 286 845 349 534
1444 302 1519 347 na
1567 302 1623 346 s·
1680 299 1834 347 Luca
1882 298 2304 349 sumansu
2835 282 3022 348 OCT.
3089 284 3182 349 ⁴8

632 387 832 455 etiam
886 385 951 453 in
998 385 1124 453 hoc
1170 384 1514 453 evidenter
1560 384 1945 455 ostenditur
1978 438 1993 459 .
2086 384 2195 453 uia
2249 383 2623 454 Matthaeus
2675 406 2797 474 per
2845 384 3180 456 Salomo-

635 496 814 553 nem,
872 474 934 540 in
985 474 1186 564 cujus
1234 485 1447 542 matre
1498 472 1701 541 David
1755 493 1876 563 per
1920 473 2058 541 adu
2092 472 2337 541 terium
2389 473 2690 554 corruit,
2759 474 3180 545 Dominicae

633 562 1087 653 generationis
1139 561 1386 632 lineam
1428 560 1903 630 descendendo
1954 560 2266 650 producit
2301 584 2317 641 ;
2353 566 2570 631 Lucas
2599 573 2829 631 autem
2880 584 3011 652 per
3043 568 3178 632 Na·

637 652 793 720 than
842 649 1196 729 ascendit,
1252 672 1372 739 per
1416 653 1615 738 cujus
1664 649 1976 719 videlieet
2022 650 2468 737 aequivocum
2526 650 2934 741 prophetam
2965 707 2980 729 .
3044 652 3178 722 hoc

634 742 856 830 ipsum
906 737 1213 829 ejusdem
1267 738 1466 807 David
1524 749 1874 828 peccatum
1928 739 2257 807 Dominus
2302 739 2631 828 expiavit.
2686 753 2751 807 et
2800 741 2906 808 sic
2960 743 3173 827 quasi

636 829 904 919 lapsum
947 829 1310 898 miseratus
1354 829 1584 897 erexit.
1666 827 1787 899 Ille
1838 826 2062 914 itaque
2125 827 2364 907 docet,
2429 828 2543 897 Dei
2594 828 2837 897 Filium
2899 830 2990 896 ad
3053 853 3178 900 nos

635 917 987 987 humiliter
1013 917 1455 998 inclinatum;
1496 918 1619 987 iste
1654 916 2058 1006 pronunciat
2089 916 2443 986 nobiscum
2483 917 2686 986 simul
2718 940 2884 986 cum
2923 918 3176 987 trium-

637 1006 820 1095 phali
871 1006 1088 1096 gloria
1137 1005 1421 1075 coelitus
1466 1005 1857 1075 exaltatum.
1931 1005 2282 1075 Descendit
2329 1006 2511 1073 enim
2564 1006 2882 1075 Christus
2934 1007 3024 1076 ad
3073 1011 3177 1095 ja·

636 1109 884 1174 centeS,
926 1108 999 1163 ut
1044 1116 1158 1164 eos
1219 1116 1446 1164 secum
1501 1094 1822 1184 provehat
1869 1095 1936 1162 in
1988 1108 2170 1163 astra
2212 1093 2520 1164 victores.
2577 1094 2766 1163 Unde
2819 1117 2964 1164 non
3023 1099 3174 1164 sine

638 1185 867 1253 divino
916 1183 1167 1254 sactum
1221 1184 1574 1274 praesagio
1621 1182 1961 1265 creditur,
2014 1183 2195 1271 quod
2246 1183 2485 1252 beatus
2547 1182 2658 1251 hic
2723 1185 3171 1274 Evangelista

642 1274 754 1342 tali
806 1272 1135 1343 vocabulo
1186 1285 1646 1363 nuncupatur.
1731 1278 1941 1343 Lucas
1989 1273 2169 1341 enim
2224 1272 2548 1341 Hebraice
2584 1326 2599 1351 ,
2666 1277 2824 1361 Ipse
2872 1296 3172 1343 consur—

639 1384 830 1452 genS,
887 1363 1024 1431 sive
1071 1361 1390 1441 elevans,
1447 1363 1725 1431 vertitur
1770 1363 1837 1429 in
1896 1362 2229 1431 Latinum.
2285 1366 2422 1431 Hoc
2472 1362 2681 1451 igitur
2741 1361 2815 1429 in
2873 1365 3167 1454 proprio

641 1451 917 1521 nomine
967 1451 1303 1540 praetulit,
1342 1451 1517 1538 quod
1561 1451 1708 1540 ipse
1756 1450 2187 1541 postmodum
2224 1450 2308 1519 de
2343 1449 2681 1519 Salvatore
2710 1453 3164 1540 conscripsit.

639 1540 1046 1628 Redemptor
1075 1540 1254 1607 enim
1295 1552 1518 1608 noster
1564 1553 1627 1608 et
1676 1540 1821 1628 ipse
1867 1538 1950 1608 de
1986 1554 2198 1609 morte
2244 1540 2557 1620 surrexit,
2593 1552 2656 1607 et
2706 1560 2835 1609 nos
2885 1541 2978 1609 ad
3015 1564 3164 1611 coe-

640 1629 831 1698 lestia
897 1629 1188 1697 viventes
1236 1629 1318 1697 de
1369 1628 1654 1698 mortuis
1701 1628 2001 1697 elevavit.
2067 1628 2254 1698 Unde
2301 1642 2365 1697 et
2417 1650 2532 1715 per
2578 1628 2990 1718 Apostolum
3066 1630 3164 1699 di-

637 1719 850 1787 citur:
910 1718 1040 1797 Qui
1082 1740 1195 1787 nos
1242 1721 1800 1797 conresuscitavit,
1840 1729 1901 1786 et
1933 1719 2276 1787 consedere
2298 1719 2458 1806 fecit
2492 1740 2711 1787 secum
2745 1720 2818 1786 in
2853 1723 3162 1789 coelesti-

639 1810 755 1876 bus
800 1808 1066 1898 (Ephes.
1118 1807 1216 1894 11).
1262 1812 1412 1896 Ipse
1453 1808 1678 1893 itaque
1711 1807 2178 1897 principaliter
2208 1828 2655 1895 consurgenS,
2700 1806 2842 1875 sive
2884 1808 3168 1878 elevans

640 1897 931 1965 dicitur:
965 1897 1288 1981 quoniam
1325 1896 1407 1964 ad
1445 1895 1569 1965 hoc
1601 1895 1684 1964 de
1734 1909 1944 1965 morte
1984 1896 2296 1976 surrexit,
2340 1909 2413 1965 ut
2457 1917 2574 1964 nos
2630 1896 2699 1963 in
2739 1910 2970 1966 morte
3009 1920 3168 1987 pro·

642 1998 885 2054 stratos
913 1985 1236 2074 erigeret:
1276 1984 1357 2053 ad
1398 1985 1521 2054 hoc
1553 1985 1860 2055 ascendit
1896 1985 1959 2052 in
2002 1984 2294 2061 coelum,
2334 1998 2410 2054 ut
2448 2004 2678 2055 secum
2717 2005 2842 2053 nos
2883 1985 2978 2054 ad
3017 2009 3164 2055 coe-

645 2074 833 2143 lestia
870 2073 1272 2142 sublevaret.
1319 2072 1506 2156 Quod
1544 2074 1755 2165 igitur
1786 2074 2025 2143 beatus
2074 2079 2288 2143 Lucas
2334 2073 2416 2142 de
2465 2073 2725 2141 Christo
2783 2075 3166 2144 scribendo

644 2162 1013 2320 perhibuit,
1068 2162 1192 2232 hoc
1240 2164 1433 2250 quasi
1488 2163 1877 2252 prophetice
1937 2163 2209 2252 proprio
2278 2162 2552 2231 nomine
2600 2161 3024 2252 designavit.
3100 2170 3168 2232 Et

693 2273 771 2321 oc
821 2272 1144 2339 magnum
1196 2264 1373 2320 certe
1444 2253 1863 2340 mysterium,
1930 2252 2107 2339 quod
2167 2252 2403 2320 beatus
2459 2257 2670 2320 Lucas
2729 2274 2770 2319 a
2813 2252 3168 2341 baptismo

645 2340 1008 2409 Salvatoris
1042 2340 1299 2430 incipit,
1344 2351 1407 2408 et
1440 2363 1655 2428 usque
1681 2341 1762 2410 ad
1802 2347 2006 2410 Deum
2047 2347 2304 2409 Patrem
2341 2341 2858 2431 generationum
2903 2342 3162 2411 lineam

645 2428 1075 2498 ascendendo
1116 2428 1450 2519 producit.
1491 2436 1611 2501 Per
1672 2430 2017 2499 lavacrum
2059 2431 2312 2520 quippe
2363 2429 2575 2499 sancti
2636 2430 3090 2518 baptismatis
3137 2455 3167 2497 a

646 2519 940 2608 peccatis
986 2518 1356 2599 abluimur,
1401 2522 1593 2589 etsie
1631 2526 1759 2590 Deo
1800 2520 1970 2589 Patri
2012 2542 2128 2610 per
2163 2519 2589 2589 Mediatorem
2649 2519 2759 2588 Dei
2809 2534 2876 2588 et
2938 2521 3166 2590 homi—

578 2653 583 2656 -
646 2629 813 2677 num
863 2607 1409 2678 reconciliamur.
1470 2614 1540 2676 ln
1588 2609 1924 2698 baptismo
1977 2609 2202 2696 itaque
2254 2622 2353 2677 est
2405 2622 2669 2678 nostrae
2725 2611 3168 2678 ascensionis

645 2697 943 2799 initium,
980 2711 1043 2766 et
1082 2697 1179 2767 sic
1219 2697 1300 2766 ad
1348 2702 1553 2766 Deum
1611 2721 1647 2765 a
1704 2698 2081 2768 viventibus
2135 2701 2519 2788 pervenitur
2557 2719 2675 2787 per
2716 2696 2883 2766 boni
2935 2701 3168 2789 operis

645 2800 1168 2856 incrementum.

732 2878 766 2962 ἓ
813 2878 893 2947 S.
939 2881 1066 2946 Nec
1108 2875 1703 2966 praetereundum,
1763 2878 1925 2963 quia
1973 2897 2128 2945 cum
2194 2875 2602 2965 Redemptor
2665 2887 2897 2944 noster
2967 2900 3170 2947 verus

646 2965 880 3051 utique
912 2965 998 3034 sit
1056 2971 1189 3034 Rex
1236 2977 1299 3034 et
1346 2965 1686 3046 sacerdOS‚
1733 2967 1910 3036 sicut
1966 2967 2202 3034 beatus
2260 2965 2630 3034 Matthaeus
2693 2965 2958 3054 regiam
3021 2967 3168 3052 eius

647 3054 855 3121 texuit
890 3053 1341 3124 describendo
1392 3055 1809 3146 progeniem,
1869 3056 1965 3125 sic
2012 3078 2048 3123 e
2095 3053 2362 3123 diverso
2409 3059 2623 3123 Lucas
2665 3054 3164 3125 sacerdotalem

647 3140 903 3211 indicat
954 3165 1070 3233 per
1115 3165 1385 3213 omnem
1439 3156 1688 3213 textum
1741 3144 1847 3213 sui
1899 3143 2266 3213 voluminis
2305 3143 2729 3233 dignitatem.
2793 3147 2874 3210 In
2938 3166 3170 3214 sacer-

647 3229 851 3298 dotali
892 3232 1144 3322 quippe
1181 3232 1581 3320 plerumque
1614 3246 1920 3302 versatur
1948 3232 2191 3311 officiO,
2228 3245 2291 3300 et
2319 3232 2485 3300 dum
2517 3230 2785 3299 diversa
2824 3235 3168 3303 Dominici

649 3318 872 3407 operis
904 3333 1090 3410 gesta
1133 3322 1485 3410 percurrit,
1531 3322 1615 3391 ab
1656 3322 1762 3391 his
1807 3336 2054 3403 tamen,
2093 3343 2267 3408 quae
2307 3320 2387 3388 ad
2434 3319 2897 3390 sacerdotium
2955 3323 3164 3412 perti-

647 3418 849 3485 nent,
907 3430 1037 3477 non
1083 3410 1352 3479 recedit.
1422 3411 1611 3480 Modo
1673 3412 1854 3481 enim
1899 3411 2228 3480 sacerdoti
2286 3409 2670 3498 delegatum
2727 3426 2970 3480 narrat
3021 3412 3165 3481 offi-

647 3496 858 3576 cium,
914 3496 1111 3568 modo
1161 3500 1573 3590 progeniem,
1637 3501 1836 3569 modo
1889 3502 2123 3579 vicem,
2182 3499 2380 3567 modo
2444 3498 2869 3567 sacrificium
2902 3554 2916 3580 ,
2967 3500 3172 3570 modo

648 3585 956 3655 nominat
1006 3587 1371 3677 templum;
1409 3601 1657 3658 etcum
1703 3590 2000 3678 plurima
2034 3589 2208 3658 intra
2272 3609 2501 3658 sacrae
2537 3586 2866 3656 historiae
2917 3591 3169 3660 seriem

646 3675 1199 3765 comprehendat,
1262 3678 1326 3745 in
1380 3678 1751 3748 intentione
1801 3692 2049 3757 tamen,
2102 3699 2276 3764 quae
2314 3689 2647 3767 coeperat,
2695 3678 3171 3765 prosequendi

646 3765 1040 3842 sacerdotii,
1110 3769 1507 3856 perseverat.
1582 3772 1745 3837 Nam
1809 3769 1873 3835 in
1947 3769 2091 3856 ipso
2140 3789 2304 3835 suae
2355 3765 2767 3834 narrationis
2816 3765 3030 3836 initio
3076 3769 3174 3838 sic

644 3876 924 3924 exorsus
971 3867 1091 3935 est,
1131 3856 1406 3924 dicens:
1446 3858 1598 3925 Fuit
1640 3858 1708 3925 in
1742 3857 1966 3926 diebus
2001 3857 2270 3925 Herodis
2301 3856 2498 3945 Reqis
2531 3855 2834 3923 Judaeae
2861 3859 3176 3927 sacerdos

643 3944 939 4034 quidam,
976 3948 1235 4015 nomine
1265 3946 1649 4024 Zacharias,
1688 3946 1766 4015 de
1812 3949 1952 4015 vice
1999 3952 2039 4014 A
2055 3948 2186 4022 bia,
2230 3955 2290 4013 et
2319 3967 2492 4012 umor
2532 3945 2743 4024 illius,
2783 3944 2866 4014 cle
2896 3948 3176 4034 filiabus

648 4039 866 4101 Aaron
922 4033 1124 4123 (Luc.
1179 4034 1273 4121 1).
1334 4034 1578 4102 Deinde
1644 4035 1868 4123 ipsum
1935 4034 2348 4103 sacerdotem
2402 4031 2485 4101 ad
2536 4032 2966 4104 adolendum
3021 4051 3176 4106 ante

648 4120 857 4189 altare
924 4123 1335 4191 sacrificium
1396 4123 1651 4191 statuit.
1719 4124 2153 4193 Postmodum
2218 4143 2487 4210 quoque
2546 4120 2628 4188 ad
2693 4121 3020 4210 ejusdem
3075 4149 3176 4198 sa·

648 4209 938 4279 cerdotis
984 4210 1264 4280 domum
1318 4212 1595 4280 Mariam
1647 4214 1986 4302 Virginem
2050 4212 2305 4302 dirigit.
2360 4210 2510 4279 Tria
2574 4230 2850 4297 quoque
2906 4215 3181 4286 cantica

648 4299 717 4368 in
749 4298 1045 4368 Ecclesia
1069 4300 1404 4369 cantanda
1430 4301 1752 4371 describit
1788 4302 1998 4392 (quod
2039 4301 2303 4371 nullum
2345 4298 2938 4388 Evangelistarum
2983 4326 3178 4395 prae-

653 4401 749 4458 ter
797 4408 953 4456 eum
1000 4387 1238 4459 secisse
1286 4391 1682 4480 reperitur),
1737 4414 1951 4461 unum
2013 4391 2270 4463 scilicet
2319 4388 2720 4469 Zachariae,
2778 4393 3177 4474 secu-ndum
