3347 4999
165 347 334 412 OCT.
391 347 473 409 118
1006 366 1082 410 nii
1133 365 1187 409 s.
1234 364 1389 411 mcx
1437 351 1857 413 Ei‘ANeatisrA
2475 349 2601 414 527

162 450 578 520 describens.
634 451 758 519 Hic
829 451 1197 536 sententias
1244 473 1322 519 ac
1384 450 1754 531 doctrinas,
1808 471 2072 519 omnem
2154 464 2446 522 mentem
2497 473 2689 521 exce-

163 540 419 621 dentes,
476 540 612 609 veri
663 540 870 610 simul
920 563 997 609 ac
1038 539 1304 609 honesti
1350 562 1580 609 amore
1615 540 2095 622 manifestavit,
2151 563 2376 610 rerum
2421 541 2687 610 veritati

161 652 550 699 sermonum
604 629 1095 719 ingenuitatem
1146 628 1625 711 commiscens,
1679 642 1756 698 ut
1802 642 1867 697 et
1908 630 2154 699 inentis
2202 630 2408 700 simul
2459 630 2690 699 aclin-

158 742 331 807 guae
380 719 691 788 virtutem
745 719 831 788 ob
878 719 1113 788 oculos
1159 731 1454 808 poneret.
1494 723 1568 787 In
1627 718 1969 807 parabolis
2016 741 2291 807 quoque
2339 719 2685 788 doctrinas

160 808 492 878 salutares
543 808 844 890 retexuit,
889 809 952 875 in
1007 808 1132 876 hoc
1163 809 1364 876 etiam
1416 808 1756 897 copiosior
1794 809 2102 878 caeteris,
2149 813 2358 895 thue
2399 809 2690 878 breviter

160 897 409 979 dicam,
462 897 1046 984 quemadmodum
1101 896 1283 965 verbi
1331 897 1735 966 descensum
1797 898 1865 966 in
1921 910 2161 966 terram
2213 897 2516 966 dilucide
2572 920 2683 965 co-

160 986 630 1077 gnoscendum
680 986 889 1067 dedit,
924 987 1014 1055 ita
1053 999 1118 1055 et
1143 1008 1504 1056 ascensum
1553 987 1619 1054 in
1647 986 1893 1067 coeIOS,
1931 1000 1996 1056 et
2044 986 2334 1055 reditum
2387 986 2470 1055 ad
2505 985 2688 1055 tliro-

162 1099 327 1145 num
381 1088 766 1166 paternum,
820 1077 998 1145 sicut
1026 1076 1369 1165 quispiam
1405 1098 1441 1143 e
1480 1075 1666 1145 coelo
1702 1076 1998 1157 veniens,
2041 1074 2517 1146 manifestavit.
2550 1080 2687 1145 Hoc

159 1177 384 1235 autem
424 1166 598 1234 inter
635 1177 899 1233 caetera
946 1165 1415 1255 gratissimum
1469 1178 1591 1247 est,
1626 1165 1806 1253 quod
1862 1165 2086 1255 ipsum
2139 1187 2411 1253 quoque
2445 1178 2677 1254 typum

160 1267 551 1344 assumptae
593 1254 1039 1323 humanitatis
1088 1253 1331 1323 Christi
1383 1254 1538 1335 mei,
1593 1277 1670 1323 ac
1714 1255 1990 1345 signum
2042 1254 2215 1343 ejus,
2261 1277 2438 1341 quae
2488 1253 2682 1323 illum

164 1358 538 1432 pepererat,
590 1356 655 1412 et
688 1355 1109 1434 assumptam
1163 1343 1657 1412 humanitatem
1711 1343 2012 1424 dederat,
2071 1345 2333 1433 primus
2381 1344 2493 1412 hic
2527 1345 2683 1412 cersi

159 1456 236 1501 ac
286 1433 718 1502 lineamentis
771 1433 1039 1533 tingens
1070 1487 1084 1511 ‚
1141 1444 1212 1501 ut
1259 1432 1343 1500 ad
1396 1432 1560 1501 haec
1607 1454 1829 1519 usque
1901 1446 2205 1522 tempora
2254 1433 2319 1500 in
2377 1432 2679 1521 imagine

160 1523 683 1602 honorarentur,
731 1521 1030 1601 tradidit,
1072 1534 1418 1609 tamquam
1472 1544 1605 1591 non
1643 1522 1807 1591 satis
1854 1543 2003 1592 esse
2047 1521 2442 1592 existimans
2475 1579 2489 1603 ‚
2545 1522 2677 1589 nisi

156 1612 359 1680 etiam
416 1634 534 1702 per
594 1611 727 1679 ima
782 1611 963 1680 inem
1027 1634 1105 1679 ac
1154 1623 1394 1713 typum
1463 1624 1842 1682 versaretur
1900 1634 2058 1681 cum
2113 1610 2218 1679 his
2265 1633 2438 1697 quos
2505 1610 2685 1680 desi-

156 1700 457 1781 derabat,
511 1700 691 1787 quod
753 1700 1207 1770 erventissimi
1237 1700 1492 1769 amoris
1542 1701 1818 1791 signum
1855 1712 1975 1769 est.
2030 1705 2257 1787 Neque
2305 1700 2371 1768 id
2423 1698 2672 1779 solum,

158 1791 271 1859 sed
324 1803 389 1859 et
435 1788 756 1860 fidelibus
796 1790 1144 1869 omnibuS,
1187 1789 1569 1876 Christique
1610 1789 2035 1879 amatoribus
2083 1789 2250 1860 haec
2301 1811 2473 1877 quae
2537 1812 2680 1858 ma-

155 1880 339 1949 xima
387 1891 601 1960 erant,
642 1879 934 1967 gratiose
974 1879 1269 1948 donavit.

248 1971 284 2054 ξ
335 1974 424 2039 6.
479 1972 555 2036 At
596 1990 727 2037 non
789 1969 857 2036 in
909 1968 1017 2039 his
1074 1968 1238 2038 solis
1287 1972 1503 2039 Lucas
1551 1968 1841 2057 gratiam
1904 1968 2212 2058 spirituS,
2269 1989 2444 2055 quae
2496 1968 2560 2036 in
2613 1989 2684 2037 se

160 2070 327 2136 erat,
386 2057 771 2138 coarctavit,
822 2078 1040 2144 neque
1085 2057 1169 2127 ad
1221 2056 1444 2127 solum
1506 2062 1686 2126 Evan
1740 2056 1948 2127 elium
2017 2057 2125 2127 hic
2176 2057 2679 2127 ministrantem

158 2146 401 2215 habuit
435 2146 768 2235 linguam,
813 2147 927 2215 sed
973 2159 1122 2235 post
1169 2146 1373 2215 finem
1431 2081 1918 2216 miraculorum
1958 2146 2226 2227 Christi,
2279 2147 2479 2216 'etiam
2517 2150 2683 2235 Apo-

158 2235 488 2304 stolorum
525 2235 801 2325 exponit
847 2236 1186 2305 actiones:
1227 2241 1302 2304 Et
1334 2235 1633 2324 primum
1688 2234 2052 2305 Salvatoris
2082 2236 2385 2305 divinam
2440 2235 2505 2303 in
2542 2257 2682 2304 coe·

158 2324 301 2391 lum
339 2324 907 2415 assumptionem,
953 2324 1200 2394 deinde
1247 2324 1666 2414 superipsos
1717 2325 1782 2394 in
1835 2324 2054 2415 igneis
2087 2324 2348 2415 linguis
2388 2326 2685 2415 Spiritus

153 2412 589 2494 descensum,
647 2413 895 2482 dehinc
931 2413 1255 2503 Stephani
1319 2412 1842 2504 lapidationem,
1899 2414 2088 2483 Pauli
2139 2414 2675 2495 conversionem,

155 2524 404 2592 nempe
454 2524 573 2593 per
620 2503 959 2572 Christum
1012 2504 1254 2573 factam
1308 2504 1391 2573 de
1431 2504 1637 2573 coelis
1691 2504 2131 2586 vocationem,
2184 2517 2248 2574 et
2314 2505 2675 2574 transitum

151 2615 190 2660 a
241 2590 459 2661 littera
509 2592 592 2661 ad
640 2615 672 2661 s
726 2592 983 2674 iritum,
1046 2593 1261 2681 hujus
1310 2593 1375 2661 in
1430 2593 1726 2684 singulis
1776 2593 1942 2663 locis
1992 2593 2288 2675 vincula,
2345 2615 2675 2675 carcere5‚

152 2679 417 2770 plagaS,
471 2681 668 2772 ssagel
703 2682 999 2763 ationeS,
1057 2682 1276 2751 varias
1391 2683 1649 2752 entium
1700 2681 2034 2766 insidias,
2087 2682 2430 2769 quomodo
2479 2705 2515 2751 a
2573 2688 2681 2750 Je-

149 2771 518 2860 rosolymis
564 2776 847 2842 Romam
901 2773 1301 2862 pervenerit,
1346 2706 1622 2842 labores
1672 2773 1739 2841 iii
1808 2774 2020 2851 mari,
2075 2771 2510 2851 afflictioneS,
2563 2793 2674 2860 pe-

153 2860 394 2941 ricula,
447 2859 893 2942 calamitates,
950 2860 1357 2952 naufragia:
1427 2884 1721 2948 quorum
1777 2883 1910 2931 non
1972 2884 2003 2929 s
2057 2873 2307 2931 ectator
2371 2872 2666 2943 tantum,

148 2948 269 3017 sed
304 2963 367 3019 et
404 2950 742 3052 particeps
774 2949 1015 3020 fuerat.
1054 2954 1264 3038 Atque
1292 2951 1378 3020 ob
1428 2950 1492 3019 id
1532 2950 1828 3041 diligens
1876 2961 1976 3020 est
2055 2971 2249 3019 orum
2299 2960 2672 3018 enarrator.

148 3037 276 3106 Sed
329 3039 537 3109 Paulo
568 3038 844 3127 quidem
899 3045 1151 3109 Romae
1198 3040 1431 3109 relicto
1462 3094 1477 3118 ‚
1550 3062 1825 3108 rursum
1877 3039 1987 3107 hic
2047 3038 2131 3106 ad
2183 3038 2522 3107 Orientem
2572 3036 2679 3105 di-

149 3126 390 3207 scedit,
439 3139 781 3216 totamque
837 3129 1119 3218 Libyam
1189 3149 1618 3219 percurrens,
1671 3127 1741 3195 in
1791 3132 2168 3216 Aegyptum
2223 3126 2548 3216 pervenit.
2605 3131 2680 3194 Et

149 3239 309 3285 cum
364 3217 784 3318 superiorem
838 3218 1183 3287 Thebaida
1240 3219 1417 3286 intra
1466 3238 1660 3285 suam
1715 3215 2092 3285 doctrinam
2158 3216 2542 3305 recepisset,
2598 3238 2676 3282 ac

146 3305 233 3373 ad
289 3318 696 3395 magistrum
748 3329 867 3396 per
900 3307 1341 3396 Evangelium
1383 3305 1416 3338 ⁴*
1450 3304 1866 3385 adduxisset,
1908 3304 2290 3373 inferiorem
2336 3301 2677 3372 Thebaida

150 3405 408 3482 septem
466 3406 812 3483 portarum
865 3394 1202 3464 civitatem
1247 3394 1528 3473 accedit,
1565 3394 1630 3461 in
1683 3415 1816 3479 qua
1849 3392 2050 3462 etiam
2107 3392 2400 3482 pontifex
2447 3415 2524 3462 ac
2561 3415 2679 3481 pa-

148 3497 292 3553 stor
337 3506 375 3551 a
424 3483 672 3571 spiritu
722 3484 1188 3586 praeponitur.
1245 3483 1516 3563 Statuis‚
1571 3482 2000 3572 impurisque
2033 3482 2446 3552 daemonum
2489 3480 2680 3550 delu-

150 3571 296 3641 bris
348 3572 416 3639 in
468 3584 718 3641 terram
794 3572 1079 3660 dejectis
1131 3572 1227 3662 (id
1292 3572 1473 3640 enim
1550 3571 1777 3641 studio
1836 3572 1966 3642 sibi
2024 3583 2206 3654 erat,
2261 3585 2337 3641 ut
2381 3592 2675 3640 errorem

151 3662 329 3739 totis,
384 3660 561 3747 quod
614 3660 838 3749 ajunt,
871 3661 1164 3762 pedibus
1190 3660 1559 3749 fugientem
1598 3660 2144 3750 demonstraret),
2199 3683 2392 3731 sacra
2423 3659 2673 3748 templa

144 3763 383 3819 contra
434 3748 556 3820 soli
612 3755 742 3819 Deo
791 3750 1012 3840 erigit,
1065 3750 1298 3835 eisque
1331 3751 1448 3835 qui
1495 3749 1561 3816 in
1617 3749 1976 3839 profundis
2025 3750 2449 3840 ignorantiae
2499 3760 2678 3816 tene-

147 3840 293 3909 bris
328 3839 753 3918 tenebantur‚
800 3861 922 3939 per
954 3837 1395 3928 Evangelium
1452 3838 1534 3907 ad
1577 3839 1688 3907 Dei
1727 3839 2181 3928 cognitionem
2237 3837 2670 3928 regeneratiS,

147 3928 349 3996 mites
398 3928 575 3998 filios
641 3928 817 3997 effici
895 3941 1112 3997 curat.
1192 3927 1600 4016 Hujusmodi
1666 3927 1875 4018 igitur
1945 3926 2281 3997 fructibus
2355 3928 2676 4015 magistro

142 4017 415 4099 oblatis,
473 4017 818 4107 impietate
884 4017 967 4086 de
1018 4015 1241 4085 medio
1307 4015 1600 4096 sublata,
1669 4017 1910 4085 erectis
1971 4016 2285 4105 templis,
2340 4014 2675 4084 altaribus

142 4106 465 4176 stabilitis
514 4129 593 4175 ac
642 4106 1077 4186 consecratiS,
1130 4117 1194 4174 et
1234 4107 1361 4176 sub
1396 4105 1835 4174 credentibus
1866 4161 1880 4184 ,
1937 4104 2347 4206 presbyteris
2400 4125 2479 4171 ac
2526 4102 2676 4195 dia-

140 4196 337 4264 conis
388 4197 563 4266 inter
602 4196 724 4266 hos
772 4195 1039 4278 creatis,
1080 4207 1434 4281 rectaeque
1476 4194 1633 4264 fidei
1665 4195 2140 4284 praefinitione
2190 4194 2359 4284 ipsis
2394 4191 2667 4263 tradita:

140 4300 206 4353 et
257 4308 438 4355 nunc
488 4286 761 4373 quidem
828 4309 865 4355 a
915 4285 1153 4355 veteris
1205 4284 1637 4352 instrumenti
1692 4283 2032 4373 scriptura
2078 4283 2429 4353 adducens
2490 4282 2676 4351 testi-

143 4374 427 4456 monia,
482 4398 667 4446 nunc
716 4398 873 4445 vero
947 4377 1033 4445 ab
1102 4396 1226 4454 ec,
1293 4372 1474 4459 quod
1555 4374 1701 4464 ipse
1770 4384 2249 4454 contexuerat,
2307 4372 2673 4461 Evangelio

193 4500 217 4521 ⁴⁹
248 4501 435 4541 Coi-tuin
457 4513 547 4541 uon
567 4505 637 4542 est
656 4503 700 4542 S.
719 4503 898 4543 Lucam
918 4501 1234 4552 evangelicam
1254 4497 1501 4542 veritatem
1519 4501 1570 4540 iu
1592 4502 1801 4551 Aegypto
1821 4501 2176 4543 disseminasse.
