3347 4999
761 348 844 411 76
1516 364 1595 409 na
1643 363 1699 409 s.
1754 358 2050 408 Enuxnno
2099 361 2256 408 anca
2850 342 3028 409 OCT.
3093 345 3188 410 ⁴3

625 450 743 536 qui
793 448 1083 518 oderunt
1132 447 1306 518 illos.
1350 446 1621 516 Inimici
1671 467 1971 532 namque
2021 445 2322 514 nominis
2370 443 2614 514 Christi
2672 446 3041 535 insurgent
3098 447 3179 516 in

627 538 1064 616 Christianos,
1133 537 1304 606 servi
1354 534 1655 604 dominis
1713 534 2164 615 rebellabunt,
2223 556 2415 625 reges
2464 534 2984 604 insidiabuntur
3051 557 3175 603 re-

627 627 854 716 gibus,
908 637 972 695 et
1020 625 1451 713 principibus
1525 624 1905 713 principes,
1957 635 2023 692 et
2086 622 2152 691 in
2226 622 2552 692 omnibus
2616 622 2874 692 finibus
2934 636 3174 693 terrae

624 717 806 784 ultor
837 715 1131 802 injuriae
1165 713 1410 783 Christi
1443 734 1683 782 mucro
1716 712 2078 783 desaeviet.
2113 733 2150 777 »
2181 716 2257 781 Et
2288 711 2601 799 exposuit
2633 714 2732 781 eis
2775 717 2910 781 Rex
2950 711 3176 781 vitam

627 803 927 883 illorum,
984 816 1049 872 et
1097 803 1397 882 nomina,
1426 814 1490 871 et
1525 802 1938 890 passionem,
1971 812 2034 869 et
2064 799 2497 868 dormitionis
2549 799 2857 870 modum.
2894 801 3186 882 Quibus

626 892 902 970 auditi5‚
958 892 1124 959 Inito
1164 890 1473 969 consilio,
1520 903 1596 959 ut
1620 889 1826 957 fidem
1862 889 2148 978 posteris
2182 887 2502 968 facerent,
2543 889 2628 957 ad
2665 888 3170 978 explorandam

628 980 967 1051 sermonis
1014 979 1385 1058 veritatem,
1438 978 1577 1047 dux
1626 977 1938 1058 militem,
1992 976 2317 1046 clericum
2376 976 2696 1066 pontifex,
2753 977 2966 1046 abbas
3018 999 3179 1047 mo·

628 1069 927 1138 nachum
964 1090 1120 1137 cum
1169 1066 1410 1136 litteris
1445 1066 1649 1155 regiis
1684 1065 1766 1134 ad
1811 1069 2294 1156 Imperatorem
2329 1066 3176 1155 constantinopolitanum

628 1157 1045 1226 direxerunt.
1100 1156 1229 1238 Qui
1278 1156 1508 1224 omnia
1584 1176 1740 1223 vera
1787 1154 2238 1244 reperienteS‚
2311 1153 2692 1224 incolumes
2757 1154 2841 1223 ad
2906 1159 3176 1244 Regem

628 1246 922 1333 regressi
972 1258 1157 1315 sunt.

715 1337 751 1422 ξ
801 1336 960 1404 ²3.
996 1338 1282 1402 Sanctus
1323 1330 1630 1401 Eduards
1670 1330 1843 1401 nulli
1878 1331 2128 1420 petenti
2179 1331 2248 1400 in
2299 1332 2576 1401 nomine
2614 1331 2833 1400 sancti
2872 1331 3178 1400 ,Ioannis

629 1423 1096 1523 Evangelistae
1169 1421 1431 1507 aliquid
1504 1421 1918 1509 denegabat:
1974 1419 2161 1489 hunc
2230 1421 2412 1488 enim
2482 1433 2632 1510 post
2679 1419 3168 1508 Apostolorum

627 1513 1009 1600 principem
1060 1511 1316 1579 arctius
1363 1508 1715 1597 diligebat.
1773 1508 1961 1576 Unde
2008 1508 2316 1598 contigit,
2371 1509 2555 1595 quod
2615 1508 2900 1595 quidam
2969 1530 3173 1598 pere-

679 1600 910 1679 rinuS,
967 1599 1245 1668 absente
1299 1598 1716 1675 camerario,
1771 1596 1837 1664 in
1890 1597 2167 1665 nomine
2235 1598 2453 1666 sancti
2512 1597 2798 1666 Joannis
2866 1602 3174 1686 Evange-

654 1689 819 1758 istae
893 1689 1281 1776 importune
1329 1708 1368 1753 a
1418 1690 1596 1775 Rege
1626 1684 2132 1774 eleemosynam
2198 1685 2597 1774 postularet.
2650 1686 2769 1754 Cui
2820 1691 2960 1755 Rex
3011 1707 3169 1775 pre·

626 1776 877 1845 tiosum
953 1774 1330 1853 annulum,
1397 1795 1553 1841 cum
1630 1772 1724 1840 nil
1797 1772 1985 1841 aliud
2053 1774 2119 1841 in
2188 1786 2511 1862 promptu
2568 1774 2883 1854 haberet,
2945 1774 3165 1842 dedit.

624 1864 884 1933 Accidit
934 1876 1082 1953 post
1132 1864 1321 1943 haec,
1375 1862 1549 1930 duos
1610 1859 1951 1950 Anglicos,
2005 1861 2088 1929 ad
2141 1862 2568 1931 adorandum
2641 1862 3010 1931 Salvatoris
3058 1884 3169 1931 se-

626 1953 973 2044 pulcrum,
1017 1950 1507 2038 lerosolymam
1562 1950 1934 2038 proficisci.
2010 1950 2162 2032 Qui,
2237 1950 2347 2019 die
2403 1949 2730 2037 quadam,
2784 1972 2823 2018 a
2872 1949 3162 2040 publica

627 2054 834 2111 strata
893 2039 1349 2118 declinantes,
1405 2038 1599 2107 devia
1661 2060 1973 2125 quaeque
2037 2039 2271 2107 sectati
2328 2052 2525 2109 sunt:
2579 2052 2644 2108 et
2692 2038 2832 2109 sole
2888 2051 3162 2119 ruente,

628 2151 760 2198 nox
808 2128 1099 2197 obscura
1141 2126 1437 2195 adducta
1469 2138 1590 2196 est.
1637 2132 1714 2194 Et
1761 2149 1917 2195 cum
1972 2128 2312 2196 nescirent
2357 2128 2522 2213 quid
2560 2140 2863 2218 agerent,
2916 2148 3058 2213 quo
3091 2150 3166 2196 se

629 2229 988 2296 verterent,
1049 2215 1371 2304 apparuit
1427 2216 1525 2285 eis
1592 2236 1793 2284 senex
1858 2215 2140 2301 quidam
2199 2216 2676 2295 venerandus,
2734 2217 2854 2302 qui
2909 2238 3030 2285 eos
3080 2216 3164 2284 ad

627 2306 965 2374 civitatem
1020 2304 1305 2372 reduxit.
1363 2304 1709 2393 Susceptis
1757 2316 1981 2372 autem
2021 2303 2340 2393 hospitio,
2387 2326 2623 2375 mensa
2661 2318 2978 2393 paratum
3020 2303 3172 2373 lau·

631 2393 1028 2478 tissimeque
1062 2392 1309 2473 refecti,
1341 2392 1508 2461 dant
1541 2392 1846 2461 membra
1872 2391 2110 2478 quieti.
2144 2397 2336 2461 Mane
2361 2405 2587 2463 autem
2622 2393 2820 2473 fact0,
2867 2392 3171 2481 egressis

630 2480 770 2549 illis
818 2481 910 2572 de
948 2481 1238 2562 civitate,
1291 2481 1385 2550 ait
1432 2503 1670 2550 senex:
1733 2508 1757 2544 ι
1810 2481 1945 2549 Viri
1994 2479 2259 2561 fratres,
2295 2504 2453 2550 cum
2493 2504 2767 2553 summa
2820 2481 3170 2571 prosperi·

629 2582 764 2638 tate
815 2592 929 2638 vos
980 2571 1463 2658 repatriaturos
1533 2592 1663 2638 non
1738 2569 2107 2650 dubitetis;
2175 2572 2501 2656 quoniam
2564 2592 2966 2660 prosperum
3041 2571 3172 2639 iter

629 2657 830 2728 faciet
877 2659 1070 2727 vobis
1121 2664 1316 2739 DeuS‚
1368 2671 1432 2727 et
1478 2679 1603 2747 ego
1643 2659 1731 2727 ob
1779 2679 2080 2726 amorem
2136 2659 2340 2749 Regis
2412 2658 2638 2739 vestri,
2691 2659 2759 2726 in
2819 2658 3012 2728 omni
3060 2660 3174 2727 via

630 2747 921 2815 firmabo
952 2769 1160 2836 super
1207 2768 1324 2815 vos
1370 2746 1606 2815 oculos
1657 2767 1863 2813 meos
1905 2752 2043 2836 Ego
2075 2747 2258 2816 enim
2293 2769 2444 2816 sum
2487 2746 2848 2836 Apostolus
2888 2746 3168 2828 Christi,

628 2841 953 2914 Joannes,
1008 2837 1128 2922 qui
1178 2840 1428 2924 Regem
1480 2845 1778 2904 vestrum
1831 2833 1917 2903 ob
1968 2835 2289 2904 meritum
2324 2835 2679 2916 castitatiS,
2733 2856 3008 2904 summa
3060 2834 3174 2903 di-

628 2923 938 3001 lectione.
992 2923 1427 3012 complector.
1483 2928 1684 2992 Hunc
1730 2943 1891 3011 ergo
1939 2922 2303 2996 annulum.
2341 2946 2540 3011 quem
2588 2923 2760 2992 mihi
2810 2924 2878 2990 in
2923 2922 3173 2993 habitu

629 3013 990 3113 peregrino
1038 3011 1395 3102 apparenti
1447 3011 1708 3090 tribuit,
1765 3023 2120 3100 reportato,
2165 3011 2661 3081 denunciantes
2690 3012 2752 3080 ei
2785 3012 3016 3081 obitus
3051 3013 3171 3081 sui

628 3113 884 3169 instare
924 3100 1130 3169 diem:
1183 3122 1385 3186 quem
1437 3099 1615 3168 infra
1643 3120 1756 3169 sex
1790 3120 2058 3170 menses
2094 3099 2376 3168 visitans
2410 3100 2717 3180 visitabO,
2772 3111 2848 3169 ut
2888 3121 3170 3168 mecum

631 3200 955 3275 sequatur
1001 3211 1260 3278 agnum
1301 3210 1739 3274 quocumque
1786 3187 1962 3256 ierit.
2010 3210 2045 3254 »
2082 3188 2202 3255 His
2250 3187 2474 3267 dictis,
2522 3188 2906 3278 disparuit:
2952 3200 3018 3255 et
3053 3187 3171 3257 illi

633 3277 716 3344 ad
774 3277 1060 3364 patriam
1164 3298 1435 3365 rospere
1484 3277 1869 3357 redeunteS,
1903 3298 2080 3362 quae
2112 3274 2423 3344 viderant
2454 3287 2519 3345 et
2550 3275 2931 3354 audierant,
2985 3278 3169 3366 Regi

631 3363 931 3433 seriatim
970 3377 1116 3432 retu
1145 3376 1365 3433 erunt.
1414 3369 1576 3432 Cum
1612 3376 1839 3434 autem
1880 3370 2015 3433 Rex
2049 3364 2446 3434 infirmitate
2478 3364 2668 3455 gravi
2709 3364 3167 3446 detineretur,

633 3452 705 3519 in
759 3452 1007 3520 mentis
1039 3464 1275 3541 raptus
1308 3473 1685 3532 excessum,
1728 3452 1939 3521 biduo
1976 3452 2113 3521 fere
2150 3454 2424 3541 jacebat
2464 3453 2824 3522 exanimis.
2859 3452 3170 3521 Tandem

630 3540 828 3626 quasi
879 3539 961 3608 de
1002 3541 1189 3629 gravi
1242 3562 1482 3609 somno
1530 3540 1890 3629 evigilans,
1960 3541 2229 3630 aperuit
2275 3539 2532 3620 oculos,
2585 3554 2649 3609 et
2697 3542 2894 3622 sedit,
2949 3554 3016 3609 et
3053 3563 3172 3612 as·

632 3641 911 3717 sumpta
945 3627 1290 3713 parabola,
1317 3628 1434 3697 ait:
1470 3652 1504 3693 «
1539 3633 1704 3698 Cum
1738 3628 2136 3700 adolescens
2167 3628 2235 3696 in
2269 3629 2713 3699 Nortmannia
2746 3628 3168 3712 exsularem,

630 3728 825 3806 grata
863 3716 1034 3785 mihi
1068 3738 1338 3806 semper
1370 3716 1585 3785 extitit
1614 3716 1951 3787 bonorum
2002 3717 2339 3797 amicitia;
2372 3732 2435 3787 et
2469 3719 2892 3805 quicumque
2930 3739 3175 3788 sacrae

629 3804 988 3893 religionis
1047 3804 1359 3874 meliores
1427 3804 1872 3886 videbantur,
1931 3805 1998 3873 hi
2053 3804 2221 3873 mihi
2291 3807 2574 3875 caeteris
2621 3821 2814 3877 erant
2861 3805 3172 3876 familia-

630 3891 865 3963 riores.
921 3899 1106 3963 Inter
1150 3915 1346 3981 quos,
1399 3892 1574 3962 duos
1624 3894 1996 3964 monachos
2044 3893 2325 3982 speciali
2357 3895 2655 3982 quadam
2710 3895 2879 3963 mihi
2928 3894 3173 3964 devin—

627 3995 866 4052 xerant
913 3982 1241 4052 charitate
1291 3981 1827 4051 conversationis
1865 3983 2210 4064 honestas,
2248 3983 2420 4052 vitae
2454 3984 2802 4064 sanctitaS,
2858 3984 3176 4054 suavitas

627 4091 924 4152 morum,
981 4073 1344 4141 verborum
1395 4069 1786 4140 affabilitas.
1841 4074 1978 4139 Hos
2012 4070 2439 4157 frequentius
2486 4071 2893 4141 visitabam:
2946 4093 3172 4158 quam

627 4157 857 4227 dulcia
907 4158 1224 4228 faucibus
1275 4158 1446 4228 meis
1492 4158 1767 4245 eloquia
1813 4162 2085 4228 eoruml
2141 4164 2278 4230 Hos
2348 4172 2503 4229 ante
2555 4161 2895 4249 plurimos
2941 4181 3178 4230 annos

628 4245 990 4316 translatos
1036 4247 1120 4317 ad
1171 4247 1464 4327 caelum,
1522 4246 1657 4315 vidi
1711 4247 1882 4316 mihi
1932 4248 2138 4336 paulo
2188 4260 2342 4316 ante
2384 4248 2450 4316 in
2488 4249 2752 4318 somnis
2799 4249 3167 4318 assistere:

626 4334 791 4420 quid
845 4335 1027 4424 genti
1079 4357 1267 4405 meae
1331 4348 1480 4424 post
1544 4336 1808 4405 obitum
1862 4357 2089 4406 meum
2143 4336 2233 4406 sit
2279 4335 2617 4417 futurum,
2671 4358 2752 4406 ex
2800 4337 2918 4405 Dei
2968 4358 3178 4407 man-

625 4422 783 4493 dato
834 4424 1004 4493 mihi
1052 4422 1439 4494 referentes.
