<?xml version="1.0" encoding="UTF-8"?>
<!DOCTYPE html PUBLIC "-//W3C//DTD XHTML 1.0 Transitional//EN"
    "http://www.w3.org/TR/xhtml1/DTD/xhtml1-transitional.dtd">
<html xmlns="http://www.w3.org/1999/xhtml" xml:lang="en" lang="en">
 <head>
  <title>
</title>
<meta http-equiv="Content-Type" content="text/html;charset=utf-8" />
  <meta name='ocr-system' content='tesseract 3.04.00' />
  <meta name='ocr-capabilities' content='ocr_page ocr_carea ocr_par ocr_line ocrx_word'/>
</head>
<body>
  <div class='ocr_page' id='page_1' title='image "./historiaeseuvit03lippgoog_0944.png"; bbox 0 0 3347 4999; ppageno 0'>
   <div class='ocr_carea' id='block_1_1' title="bbox 721 329 3155 398">
    <p class='ocr_par' dir='ltr' id='par_1_1' title="bbox 721 329 3155 398">
     <span class='ocr_line' id='line_1_1' title="bbox 721 329 3155 398; baseline -0.001 -2"><span class='ocrx_word' id='word_1_1' title='bbox 721 333 844 398; x_wconf 73' lang='lat'>764</span> <span class='ocrx_word' id='word_1_2' title='bbox 1295 352 1373 396; x_wconf 75' lang='lat' dir='ltr'>ns</span> <span class='ocrx_word' id='word_1_3' title='bbox 1421 350 1476 395; x_wconf 87' lang='lat' dir='ltr'>s.</span> <span class='ocrx_word' id='word_1_4' title='bbox 1519 349 1908 396; x_wconf 60' lang='lat' dir='ltr'>wem-&#39;amco</span> <span class='ocrx_word' id='word_1_5' title='bbox 1948 351 2044 397; x_wconf 73' lang='lat' dir='ltr'>sp.</span> <span class='ocrx_word' id='word_1_6' title='bbox 2089 348 2498 396; x_wconf 67' lang='lat' dir='ltr'>nnisronsn‘.</span> <span class='ocrx_word' id='word_1_7' title='bbox 2860 329 3061 396; x_wconf 85' lang='lat' dir='ltr'>OCT..</span> <span class='ocrx_word' id='word_1_8' title='bbox 3087 331 3155 395; x_wconf 82' lang='lat' dir='ltr'>3t</span> 
     </span>
    </p>
   </div>
   <div class='ocr_carea' id='block_1_2' title="bbox 628 432 3179 879">
    <p class='ocr_par' dir='ltr' id='par_1_2' title="bbox 630 432 3172 610">
     <span class='ocr_line' id='line_1_2' title="bbox 633 432 3172 523; baseline 0 -20"><span class='ocrx_word' id='word_1_9' title='bbox 633 432 1086 523; x_wconf 83' lang='lat' dir='ltr'>Completorio</span> <span class='ocrx_word' id='word_1_10' title='bbox 1144 433 1317 503; x_wconf 87' lang='lat' dir='ltr'>nihil</span> <span class='ocrx_word' id='word_1_11' title='bbox 1359 454 1646 523; x_wconf 87' lang='lat' dir='ltr'>prorsus</span> <span class='ocrx_word' id='word_1_12' title='bbox 1700 434 1832 502; x_wconf 90' lang='lat' dir='ltr'>nisi</span> <span class='ocrx_word' id='word_1_13' title='bbox 1889 434 2230 523; x_wconf 84' lang='lat' dir='ltr'>precando</span> <span class='ocrx_word' id='word_1_14' title='bbox 2283 432 2710 521; x_wconf 85' lang='lat' dir='ltr'>loquebatur.</span> <span class='ocrx_word' id='word_1_15' title='bbox 2763 437 2852 501; x_wconf 91' lang='lat' dir='ltr'>Ea</span> <span class='ocrx_word' id='word_1_16' title='bbox 2913 432 3172 503; x_wconf 81' lang='lat' dir='ltr'>scilicet</span> 
     </span>
     <span class='ocr_line' id='line_1_3' title="bbox 630 521 2000 610; baseline 0 -20"><span class='ocrx_word' id='word_1_17' title='bbox 630 522 805 592; x_wconf 78' lang='lat' dir='ltr'>vitae</span> <span class='ocrx_word' id='word_1_18' title='bbox 841 522 899 610; x_wconf 88' lang='lat' dir='ltr'>ej</span> <span class='ocrx_word' id='word_1_19' title='bbox 959 546 991 593; x_wconf 89' lang='lat' dir='ltr'>s</span> <span class='ocrx_word' id='word_1_20' title='bbox 1022 521 1152 591; x_wconf 86' lang='lat' dir='ltr'>fuit</span> <span class='ocrx_word' id='word_1_21' title='bbox 1184 522 1527 592; x_wconf 86' lang='lat' dir='ltr'>institutio</span> <span class='ocrx_word' id='word_1_22' title='bbox 1572 522 2000 610; x_wconf 90' lang='lat' dir='ltr'>quotidiana.</span> 
     </span>
    </p>

    <p class='ocr_par' dir='ltr' id='par_1_3' title="bbox 628 610 3179 879">
     <span class='ocr_line' id='line_1_4' title="bbox 716 610 3176 702; baseline -0 -21"><span class='ocrx_word' id='word_1_23' title='bbox 716 612 754 698; x_wconf 68' lang='grc' dir='ltr'>ξ</span> <span class='ocrx_word' id='word_1_24' title='bbox 807 616 866 681; x_wconf 70' lang='grc'><strong>2</strong></span> <span class='ocrx_word' id='word_1_25' title='bbox 947 662 961 678; x_wconf 93' lang='grc'><strong>.</strong></span> <span class='ocrx_word' id='word_1_26' title='bbox 1017 615 1201 681; x_wconf 90' lang='lat' dir='ltr'>Inter</span> <span class='ocrx_word' id='word_1_27' title='bbox 1248 611 1415 680; x_wconf 85' lang='lat' dir='ltr'>haec</span> <span class='ocrx_word' id='word_1_28' title='bbox 1461 612 1783 702; x_wconf 89' lang='lat' dir='ltr'>egregius</span> <span class='ocrx_word' id='word_1_29' title='bbox 1834 610 2110 700; x_wconf 89' lang='lat' dir='ltr'>praesul</span> <span class='ocrx_word' id='word_1_30' title='bbox 2155 622 2473 680; x_wconf 87' lang='lat' dir='ltr'>accurate</span> <span class='ocrx_word' id='word_1_31' title='bbox 2519 610 2984 699; x_wconf 79' lang='lat' dir='ltr'>perquirebat,</span> <span class='ocrx_word' id='word_1_32' title='bbox 3041 632 3176 697; x_wconf 89' lang='lat' dir='ltr'>quo</span> 
     </span>
     <span class='ocr_line' id='line_1_5' title="bbox 628 699 3174 789; baseline -0.001 -19"><span class='ocrx_word' id='word_1_33' title='bbox 628 699 901 781; x_wconf 80' lang='lat' dir='ltr'>studio,</span> <span class='ocrx_word' id='word_1_34' title='bbox 961 721 1181 786; x_wconf 89' lang='lat' dir='ltr'>quave</span> <span class='ocrx_word' id='word_1_35' title='bbox 1241 700 1560 770; x_wconf 81' lang='lat' dir='ltr'><strong>cautione</strong></span> <span class='ocrx_word' id='word_1_36' title='bbox 1636 700 2064 782; x_wconf 78' lang='lat' dir='ltr'>sacerdoteS,</span> <span class='ocrx_word' id='word_1_37' title='bbox 2117 700 2253 787; x_wconf 72' lang='lat' dir='ltr'>‘qui</span> <span class='ocrx_word' id='word_1_38' title='bbox 2305 700 2370 767; x_wconf 94' lang='lat' dir='ltr'>in</span> <span class='ocrx_word' id='word_1_39' title='bbox 2425 699 2625 789; x_wconf 83' lang='lat' dir='ltr'>pagis</span> <span class='ocrx_word' id='word_1_40' title='bbox 2684 699 3174 778; x_wconf 87' lang='lat' dir='ltr'>morabantur,</span> 
     </span>
     <span class='ocr_line' id='line_1_6' title="bbox 628 787 3179 879; baseline 0 -22"><span class='ocrx_word' id='word_1_41' title='bbox 628 787 944 857; x_wconf 86' lang='lat' dir='ltr'>subditos</span> <span class='ocrx_word' id='word_1_42' title='bbox 971 788 1395 879; x_wconf 87' lang='lat' dir='ltr'>baptizarent</span> <span class='ocrx_word' id='word_1_43' title='bbox 1422 802 1625 875; x_wconf 90' lang='lat' dir='ltr'>atque</span> <span class='ocrx_word' id='word_1_44' title='bbox 1664 789 2025 858; x_wconf 81' lang='lat' dir='ltr'>docerent:</span> <span class='ocrx_word' id='word_1_45' title='bbox 2069 810 2208 876; x_wconf 90' lang='lat' dir='ltr'>qua</span> <span class='ocrx_word' id='word_1_46' title='bbox 2254 787 2457 857; x_wconf 84' lang='lat' dir='ltr'>etiam</span> <span class='ocrx_word' id='word_1_47' title='bbox 2487 791 2657 858; x_wconf 75' lang='lat' dir='ltr'>cura</span> <span class='ocrx_word' id='word_1_48' title='bbox 2701 800 2768 856; x_wconf 92' lang='lat' dir='ltr'>et</span> <span class='ocrx_word' id='word_1_49' title='bbox 2810 787 3179 877; x_wconf 69' lang='lat' dir='ltr'>diligentia</span> 
     </span>
    </p>
   </div>
   <div class='ocr_carea' id='block_1_3' title="bbox 628 876 3183 964">
    <p class='ocr_par' dir='ltr' id='par_1_4' title="bbox 628 876 3183 964">
     <span class='ocr_line' id='line_1_7' title="bbox 628 876 3183 964; baseline 0.001 -21"><span class='ocrx_word' id='word_1_50' title='bbox 628 899 789 947; x_wconf 80' lang='lat' dir='ltr'>vasa</span> <span class='ocrx_word' id='word_1_51' title='bbox 824 876 908 946; x_wconf 91' lang='lat' dir='ltr'>ad</span> <span class='ocrx_word' id='word_1_52' title='bbox 959 899 1165 947; x_wconf 89' lang='lat' dir='ltr'>usum</span> <span class='ocrx_word' id='word_1_53' title='bbox 1221 882 1815 947; x_wconf 85' lang='lat' dir='ltr'>Sacramentorum</span> <span class='ocrx_word' id='word_1_54' title='bbox 1868 877 2230 960; x_wconf 86' lang='lat' dir='ltr'>destinata,</span> <span class='ocrx_word' id='word_1_55' title='bbox 2284 877 2585 964; x_wconf 79' lang='lat' dir='ltr'>itemque</span> <span class='ocrx_word' id='word_1_56' title='bbox 2646 876 3014 946; x_wconf 84' lang='lat' dir='ltr'>Missarum</span> <span class='ocrx_word' id='word_1_57' title='bbox 3074 898 3183 945; x_wconf 87' lang='lat' dir='ltr'>ve·</span> 
     </span>
    </p>
   </div>
   <div class='ocr_carea' id='block_1_4' title="bbox 609 965 3179 4520">
    <p class='ocr_par' dir='ltr' id='par_1_5' title="bbox 618 965 3179 2812">
     <span class='ocr_line' id='line_1_8' title="bbox 628 965 3177 1056; baseline -0.001 -20"><span class='ocrx_word' id='word_1_58' title='bbox 628 978 765 1036; x_wconf 86' lang='lat' dir='ltr'>stes</span> <span class='ocrx_word' id='word_1_59' title='bbox 805 977 1009 1053; x_wconf 90' lang='lat' dir='ltr'>atque</span> <span class='ocrx_word' id='word_1_60' title='bbox 1058 965 1271 1036; x_wconf 89' lang='lat' dir='ltr'>libros</span> <span class='ocrx_word' id='word_1_61' title='bbox 1318 979 1384 1035; x_wconf 91' lang='lat' dir='ltr'>et</span> <span class='ocrx_word' id='word_1_62' title='bbox 1415 966 1724 1035; x_wconf 81' lang='lat' dir='ltr'>chrisma</span> <span class='ocrx_word' id='word_1_63' title='bbox 1765 978 2168 1036; x_wconf 79' lang='lat' dir='ltr'>tractarent:</span> <span class='ocrx_word' id='word_1_64' title='bbox 2213 979 2370 1036; x_wconf 84' lang='lat' dir='ltr'>ante</span> <span class='ocrx_word' id='word_1_65' title='bbox 2401 966 2632 1035; x_wconf 88' lang='lat' dir='ltr'>omnia</span> <span class='ocrx_word' id='word_1_66' title='bbox 2674 965 3049 1056; x_wconf 89' lang='lat' dir='ltr'>diligenter</span> <span class='ocrx_word' id='word_1_67' title='bbox 3074 966 3177 1034; x_wconf 88' lang='lat' dir='ltr'>eis</span> 
     </span>
     <span class='ocr_line' id='line_1_9' title="bbox 628 1054 3179 1144; baseline 0.001 -22"><span class='ocrx_word' id='word_1_68' title='bbox 628 1054 1018 1135; x_wconf 78' lang='lat' dir='ltr'>inculcans,</span> <span class='ocrx_word' id='word_1_69' title='bbox 1060 1068 1137 1126; x_wconf 91' lang='lat' dir='ltr'>ut</span> <span class='ocrx_word' id='word_1_70' title='bbox 1182 1056 1478 1124; x_wconf 78' lang='lat' dir='ltr'>castitati</span> <span class='ocrx_word' id='word_1_71' title='bbox 1526 1055 1910 1124; x_wconf 86' lang='lat' dir='ltr'>studerent:</span> <span class='ocrx_word' id='word_1_72' title='bbox 1964 1055 2083 1125; x_wconf 93' lang='lat' dir='ltr'>ubi</span> <span class='ocrx_word' id='word_1_73' title='bbox 2132 1056 2334 1125; x_wconf 92' lang='lat' dir='ltr'>etiam</span> <span class='ocrx_word' id='word_1_74' title='bbox 2398 1054 2564 1123; x_wconf 86' lang='lat' dir='ltr'>baec</span> <span class='ocrx_word' id='word_1_75' title='bbox 2611 1055 3040 1144; x_wconf 89' lang='lat' dir='ltr'>subjungere</span> <span class='ocrx_word' id='word_1_76' title='bbox 3067 1074 3179 1124; x_wconf 89' lang='lat' dir='ltr'>so-</span> 
     </span>
     <span class='ocr_line' id='line_1_10' title="bbox 629 1142 3177 1232; baseline 0 -20"><span class='ocrx_word' id='word_1_77' title='bbox 629 1143 845 1212; x_wconf 85' lang='lat' dir='ltr'>lebat:</span> <span class='ocrx_word' id='word_1_78' title='bbox 902 1167 937 1211; x_wconf 85' lang='lat'><strong>«</strong></span> <span class='ocrx_word' id='word_1_79' title='bbox 974 1149 1142 1213; x_wconf 90' lang='lat' dir='ltr'>Sunt</span> <span class='ocrx_word' id='word_1_80' title='bbox 1212 1144 1493 1232; x_wconf 88' lang='lat' dir='ltr'>quidam</span> <span class='ocrx_word' id='word_1_81' title='bbox 1547 1143 1719 1213; x_wconf 90' lang='lat' dir='ltr'>adeo</span> <span class='ocrx_word' id='word_1_82' title='bbox 1769 1145 1930 1213; x_wconf 90' lang='lat' dir='ltr'>mali</span> <span class='ocrx_word' id='word_1_83' title='bbox 1971 1143 2329 1214; x_wconf 87' lang='lat' dir='ltr'>daemonis</span> <span class='ocrx_word' id='word_1_84' title='bbox 2378 1142 2617 1212; x_wconf 84' lang='lat' dir='ltr'>fraude</span> <span class='ocrx_word' id='word_1_85' title='bbox 2662 1143 3049 1220; x_wconf 85' lang='lat' dir='ltr'>occaecati,</span> <span class='ocrx_word' id='word_1_86' title='bbox 3103 1156 3177 1212; x_wconf 90' lang='lat' dir='ltr'>ut</span> 
     </span>
     <span class='ocr_line' id='line_1_11' title="bbox 627 1231 3177 1322; baseline 0.001 -21"><span class='ocrx_word' id='word_1_87' title='bbox 627 1231 786 1301; x_wconf 85' lang='lat' dir='ltr'>licet</span> <span class='ocrx_word' id='word_1_88' title='bbox 833 1233 1165 1322; x_wconf 85' lang='lat' dir='ltr'>flagitiose</span> <span class='ocrx_word' id='word_1_89' title='bbox 1216 1233 1468 1312; x_wconf 89' lang='lat' dir='ltr'>vivant,</span> <span class='ocrx_word' id='word_1_90' title='bbox 1508 1233 1700 1302; x_wconf 88' lang='lat' dir='ltr'>illius</span> <span class='ocrx_word' id='word_1_91' title='bbox 1738 1234 2158 1303; x_wconf 88' lang='lat' dir='ltr'>sacrosancti</span> <span class='ocrx_word' id='word_1_92' title='bbox 2207 1233 2346 1301; x_wconf 89' lang='lat' dir='ltr'>cibi</span> <span class='ocrx_word' id='word_1_93' title='bbox 2369 1246 2435 1302; x_wconf 92' lang='lat' dir='ltr'>et</span> <span class='ocrx_word' id='word_1_94' title='bbox 2530 1246 2687 1302; x_wconf 88' lang='lat' dir='ltr'>otus</span> <span class='ocrx_word' id='word_1_95' title='bbox 2731 1232 3177 1322; x_wconf 79' lang='lat' dir='ltr'>perceptione</span> 
     </span>
     <span class='ocr_line' id='line_1_12' title="bbox 627 1254 3172 1410; baseline -0.002 -21"><span class='ocrx_word' id='word_1_96' title='bbox 627 1341 701 1390; x_wconf 85' lang='lat' dir='ltr'>se</span> <span class='ocrx_word' id='word_1_97' title='bbox 750 1322 1030 1410; x_wconf 88' lang='lat' dir='ltr'>purgari</span> <span class='ocrx_word' id='word_1_98' title='bbox 1090 1322 1517 1391; x_wconf 81' lang='lat' dir='ltr'>existiment:</span> <span class='ocrx_word' id='word_1_99' title='bbox 1585 1321 1705 1391; x_wconf 90' lang='lat' dir='ltr'>sed</span> <span class='ocrx_word' id='word_1_100' title='bbox 1777 1321 2065 1391; x_wconf 88' lang='lat' dir='ltr'>audiant</span> <span class='ocrx_word' id='word_1_101' title='bbox 2140 1321 2242 1389; x_wconf 88' lang='lat' dir='ltr'>illi</span> <span class='ocrx_word' id='word_1_102' title='bbox 2307 1254 2706 1410; x_wconf 59' lang='lat' dir='ltr'>proplietam</span> <span class='ocrx_word' id='word_1_103' title='bbox 2770 1320 3172 1389; x_wconf 88' lang='lat' dir='ltr'>dicentem:</span> 
     </span>
     <span class='ocr_line' id='line_1_13' title="bbox 626 1410 3174 1512; baseline -0 -34"><span class='ocrx_word' id='word_1_104' title='bbox 626 1410 803 1493; x_wconf 80' lang='lat' dir='ltr'>Quid</span> <span class='ocrx_word' id='word_1_105' title='bbox 840 1421 972 1490; x_wconf 79' lang='lat' dir='ltr'>est,</span> <span class='ocrx_word' id='word_1_106' title='bbox 1029 1412 1205 1500; x_wconf 78' lang='lat' dir='ltr'>quod</span> <span class='ocrx_word' id='word_1_107' title='bbox 1252 1412 1536 1480; x_wconf 79' lang='lat' dir='ltr'>dilectus</span> <span class='ocrx_word' id='word_1_108' title='bbox 1580 1432 1769 1480; x_wconf 76' lang='lat' dir='ltr'>meus</span> <span class='ocrx_word' id='word_1_109' title='bbox 1814 1413 1886 1479; x_wconf 86' lang='lat' dir='ltr'>in</span> <span class='ocrx_word' id='word_1_110' title='bbox 1934 1412 2122 1480; x_wconf 88' lang='lat' dir='ltr'>domo</span> <span class='ocrx_word' id='word_1_111' title='bbox 2170 1433 2319 1480; x_wconf 85' lang='lat' dir='ltr'>mea</span> <span class='ocrx_word' id='word_1_112' title='bbox 2361 1411 2531 1512; x_wconf 81' lang='lat' dir='ltr'>facit</span> <span class='ocrx_word' id='word_1_113' title='bbox 2587 1412 2841 1479; x_wconf 78' lang='lat' dir='ltr'>scelera</span> <span class='ocrx_word' id='word_1_114' title='bbox 2886 1412 3174 1479; x_wconf 77' lang='lat' dir='ltr'>multa?</span> 
     </span>
     <span class='ocr_line' id='line_1_14' title="bbox 625 1500 3171 1589; baseline 0 -22"><span class='ocrx_word' id='word_1_115' title='bbox 625 1500 947 1589; x_wconf 80' lang='lat' dir='ltr'>Nunquid</span> <span class='ocrx_word' id='word_1_116' title='bbox 984 1522 1217 1569; x_wconf 79' lang='lat' dir='ltr'>carnes</span> <span class='ocrx_word' id='word_1_117' title='bbox 1261 1510 1534 1569; x_wconf 76' lang='lat' dir='ltr'>sanctae</span> <span class='ocrx_word' id='word_1_118' title='bbox 1582 1501 1893 1588; x_wconf 78' lang='lat' dir='ltr'>auferent</span> <span class='ocrx_word' id='word_1_119' title='bbox 1939 1523 1983 1568; x_wconf 89' lang='lat' dir='ltr'>a</span> <span class='ocrx_word' id='word_1_120' title='bbox 2028 1510 2093 1568; x_wconf 81' lang='lat' dir='ltr'>te</span> <span class='ocrx_word' id='word_1_121' title='bbox 2139 1501 2446 1569; x_wconf 75' lang='lat' dir='ltr'>malitias</span> <span class='ocrx_word' id='word_1_122' title='bbox 2492 1509 2647 1568; x_wconf 79' lang='lat' dir='ltr'>tuas</span> <span class='ocrx_word' id='word_1_123' title='bbox 2693 1503 2991 1581; x_wconf 85' lang='lat' dir='ltr'>(Jerem.</span> <span class='ocrx_word' id='word_1_124' title='bbox 3045 1500 3171 1586; x_wconf 78' lang='lat' dir='ltr'>11)¹l</span> 
     </span>
     <span class='ocr_line' id='line_1_15' title="bbox 626 1587 3174 1679; baseline -0 -23"><span class='ocrx_word' id='word_1_125' title='bbox 626 1587 927 1674; x_wconf 87' lang='lat' dir='ltr'>itemque</span> <span class='ocrx_word' id='word_1_126' title='bbox 973 1587 1232 1658; x_wconf 89' lang='lat' dir='ltr'>alium:</span> <span class='ocrx_word' id='word_1_127' title='bbox 1277 1589 1690 1679; x_wconf 79' lang='lat' dir='ltr'>operiebatis</span> <span class='ocrx_word' id='word_1_128' title='bbox 1725 1589 2046 1679; x_wconf 79' lang='lat' dir='ltr'>lacrymis</span> <span class='ocrx_word' id='word_1_129' title='bbox 2078 1591 2303 1658; x_wconf 79' lang='lat' dir='ltr'>altare</span> <span class='ocrx_word' id='word_1_130' title='bbox 2346 1589 2648 1669; x_wconf 82' lang='lat' dir='ltr'>Domini,</span> <span class='ocrx_word' id='word_1_131' title='bbox 2697 1588 2863 1677; x_wconf 75' lang='lat' dir='ltr'>fletu</span> <span class='ocrx_word' id='word_1_132' title='bbox 2923 1598 2989 1655; x_wconf 79' lang='lat' dir='ltr'>et</span> <span class='ocrx_word' id='word_1_133' title='bbox 3026 1611 3174 1655; x_wconf 81' lang='lat' dir='ltr'>mu·</span> 
     </span>
     <span class='ocr_line' id='line_1_16' title="bbox 622 1678 3172 1776; baseline -0 -31"><span class='ocrx_word' id='word_1_134' title='bbox 622 1679 797 1768; x_wconf 70' lang='lat' dir='ltr'>qitu,</span> <span class='ocrx_word' id='word_1_135' title='bbox 830 1680 930 1746; x_wconf 82' lang='lat' dir='ltr'>ita</span> <span class='ocrx_word' id='word_1_136' title='bbox 960 1688 1036 1745; x_wconf 80' lang='lat' dir='ltr'>ut</span> <span class='ocrx_word' id='word_1_137' title='bbox 1075 1700 1204 1746; x_wconf 79' lang='lat' dir='ltr'>non</span> <span class='ocrx_word' id='word_1_138' title='bbox 1250 1679 1608 1768; x_wconf 79' lang='lat' dir='ltr'>respiciam</span> <span class='ocrx_word' id='word_1_139' title='bbox 1639 1680 1831 1747; x_wconf 82' lang='lat' dir='ltr'>ultra</span> <span class='ocrx_word' id='word_1_140' title='bbox 1877 1679 1969 1746; x_wconf 86' lang='lat' dir='ltr'>ad</span> <span class='ocrx_word' id='word_1_141' title='bbox 2003 1679 2432 1769; x_wconf 76' lang='lat' dir='ltr'>sacrificium,</span> <span class='ocrx_word' id='word_1_142' title='bbox 2470 1699 2589 1746; x_wconf 82' lang='lat' dir='ltr'>nec</span> <span class='ocrx_word' id='word_1_143' title='bbox 2635 1678 2969 1766; x_wconf 82' lang='lat' dir='ltr'>accipiam</span> <span class='ocrx_word' id='word_1_144' title='bbox 3017 1679 3172 1776; x_wconf 86' lang='lat' dir='ltr'>pla·</span> 
     </span>
     <span class='ocr_line' id='line_1_17' title="bbox 624 1764 3173 1856; baseline 0 -22"><span class='ocrx_word' id='word_1_145' title='bbox 624 1767 838 1835; x_wconf 76' lang='lat' dir='ltr'>cabile</span> <span class='ocrx_word' id='word_1_146' title='bbox 884 1767 1050 1856; x_wconf 82' lang='lat' dir='ltr'>quid</span> <span class='ocrx_word' id='word_1_147' title='bbox 1081 1767 1162 1835; x_wconf 86' lang='lat' dir='ltr'>de</span> <span class='ocrx_word' id='word_1_148' title='bbox 1191 1789 1400 1835; x_wconf 82' lang='lat' dir='ltr'>manu</span> <span class='ocrx_word' id='word_1_149' title='bbox 1437 1777 1658 1836; x_wconf 71' lang='lat' dir='ltr'>vestra</span> <span class='ocrx_word' id='word_1_150' title='bbox 1702 1767 1979 1856; x_wconf 79' lang='lat' dir='ltr'>(Malao.</span> <span class='ocrx_word' id='word_1_151' title='bbox 2016 1766 2115 1855; x_wconf 89' lang='lat'>11).</span> <span class='ocrx_word' id='word_1_152' title='bbox 2157 1765 2484 1852; x_wconf 86' lang='lat' dir='ltr'>Quisquis</span> <span class='ocrx_word' id='word_1_153' title='bbox 2529 1787 2692 1856; x_wconf 91' lang='lat' dir='ltr'>ergo</span> <span class='ocrx_word' id='word_1_154' title='bbox 2724 1765 2790 1833; x_wconf 93' lang='lat' dir='ltr'>in</span> <span class='ocrx_word' id='word_1_155' title='bbox 2843 1764 3173 1834; x_wconf 82' lang='lat' dir='ltr'>sordibus</span> 
     </span>
     <span class='ocr_line' id='line_1_18' title="bbox 623 1853 3170 1954; baseline -0.001 -31"><span class='ocrx_word' id='word_1_156' title='bbox 623 1868 748 1936; x_wconf 81' lang='lat' dir='ltr'>est,</span> <span class='ocrx_word' id='word_1_157' title='bbox 803 1854 1130 1924; x_wconf 86' lang='lat' dir='ltr'>honorem</span> <span class='ocrx_word' id='word_1_158' title='bbox 1200 1855 1446 1924; x_wconf 84' lang='lat' dir='ltr'>habeat</span> <span class='ocrx_word' id='word_1_159' title='bbox 1497 1859 1667 1935; x_wconf 88' lang='lat' dir='ltr'>De0,</span> <span class='ocrx_word' id='word_1_160' title='bbox 1722 1877 1847 1925; x_wconf 88' lang='lat' dir='ltr'>nec</span> <span class='ocrx_word' id='word_1_161' title='bbox 1896 1877 2109 1924; x_wconf 88' lang='lat' dir='ltr'>ausus</span> <span class='ocrx_word' id='word_1_162' title='bbox 2159 1855 2249 1924; x_wconf 91' lang='lat' dir='ltr'>sit</span> <span class='ocrx_word' id='word_1_163' title='bbox 2309 1853 2393 1923; x_wconf 89' lang='lat' dir='ltr'>ad</span> <span class='ocrx_word' id='word_1_164' title='bbox 2458 1854 2608 1954; x_wconf 79' lang='lat' dir='ltr'>ejus</span> <span class='ocrx_word' id='word_1_165' title='bbox 2655 1867 3170 1923; x_wconf 87' lang='lat' dir='ltr'>sacramentum</span> 
     </span>
     <span class='ocr_line' id='line_1_19' title="bbox 624 1941 3166 2034; baseline -0.001 -23"><span class='ocrx_word' id='word_1_166' title='bbox 624 1943 1068 2033; x_wconf 90' lang='lat' dir='ltr'>impudenter</span> <span class='ocrx_word' id='word_1_167' title='bbox 1136 1943 1504 2025; x_wconf 87' lang='lat' dir='ltr'>accedere,</span> <span class='ocrx_word' id='word_1_168' title='bbox 1573 1944 1792 2013; x_wconf 88' lang='lat' dir='ltr'>donec</span> <span class='ocrx_word' id='word_1_169' title='bbox 1871 1943 2289 2034; x_wconf 69' lang='lat' dir='ltr'>poenitentia</span> <span class='ocrx_word' id='word_1_170' title='bbox 2361 1955 2586 2031; x_wconf 80' lang='lat' dir='ltr'>expiet</span> <span class='ocrx_word' id='word_1_171' title='bbox 2648 1941 3166 2011; x_wconf 83' lang='lat' dir='ltr'>immunditiam</span> 
     </span>
     <span class='ocr_line' id='line_1_20' title="bbox 625 2030 3161 2121; baseline -0.001 -21"><span class='ocrx_word' id='word_1_172' title='bbox 625 2053 921 2101; x_wconf 79' lang='lat' dir='ltr'>suam.»</span> <span class='ocrx_word' id='word_1_173' title='bbox 955 2032 1213 2102; x_wconf 80' lang='lat' dir='ltr'>Accidit</span> <span class='ocrx_word' id='word_1_174' title='bbox 1264 2047 1432 2114; x_wconf 90' lang='lat' dir='ltr'>tum,</span> <span class='ocrx_word' id='word_1_175' title='bbox 1477 2045 1554 2102; x_wconf 90' lang='lat' dir='ltr'>ut</span> <span class='ocrx_word' id='word_1_176' title='bbox 1592 2034 1680 2102; x_wconf 93' lang='lat' dir='ltr'>ob</span> <span class='ocrx_word' id='word_1_177' title='bbox 1730 2033 1868 2101; x_wconf 90' lang='lat' dir='ltr'>vini</span> <span class='ocrx_word' id='word_1_178' title='bbox 1932 2032 2289 2121; x_wconf 85' lang='lat' dir='ltr'>penuriam</span> <span class='ocrx_word' id='word_1_179' title='bbox 2352 2030 2635 2119; x_wconf 91' lang='lat' dir='ltr'>quidam</span> <span class='ocrx_word' id='word_1_180' title='bbox 2688 2052 2767 2100; x_wconf 84' lang='lat' dir='ltr'>ex</span> <span class='ocrx_word' id='word_1_181' title='bbox 2812 2053 2993 2118; x_wconf 86' lang='lat' dir='ltr'>aqua</span> <span class='ocrx_word' id='word_1_182' title='bbox 3058 2030 3161 2099; x_wconf 89' lang='lat' dir='ltr'>vel</span> 
     </span>
     <span class='ocr_line' id='line_1_21' title="bbox 623 2119 3169 2212; baseline -0 -22"><span class='ocrx_word' id='word_1_183' title='bbox 623 2120 760 2191; x_wconf 79' lang='lat' dir='ltr'>alio</span> <span class='ocrx_word' id='word_1_184' title='bbox 807 2134 1009 2211; x_wconf 90' lang='lat' dir='ltr'>potus</span> <span class='ocrx_word' id='word_1_185' title='bbox 1041 2143 1289 2212; x_wconf 84' lang='lat' dir='ltr'>genere</span> <span class='ocrx_word' id='word_1_186' title='bbox 1322 2121 1740 2191; x_wconf 83' lang='lat' dir='ltr'>sacrificium</span> <span class='ocrx_word' id='word_1_187' title='bbox 1774 2122 2116 2190; x_wconf 83' lang='lat' dir='ltr'>offerrent.</span> <span class='ocrx_word' id='word_1_188' title='bbox 2153 2119 2345 2203; x_wconf 86' lang='lat' dir='ltr'>Quod</span> <span class='ocrx_word' id='word_1_189' title='bbox 2397 2120 2516 2189; x_wconf 92' lang='lat' dir='ltr'>ubi</span> <span class='ocrx_word' id='word_1_190' title='bbox 2552 2119 2669 2188; x_wconf 90' lang='lat' dir='ltr'>ille</span> <span class='ocrx_word' id='word_1_191' title='bbox 2699 2120 2799 2188; x_wconf 90' lang='lat' dir='ltr'>vir</span> <span class='ocrx_word' id='word_1_192' title='bbox 2833 2121 2948 2188; x_wconf 90' lang='lat' dir='ltr'>Dei</span> <span class='ocrx_word' id='word_1_193' title='bbox 2982 2123 3169 2189; x_wconf 77' lang='lat' dir='ltr'>com-</span> 
     </span>
     <span class='ocr_line' id='line_1_22' title="bbox 673 2208 3169 2300; baseline -0 -23"><span class='ocrx_word' id='word_1_194' title='bbox 673 2210 824 2289; x_wconf 88' lang='lat' dir='ltr'>erit,</span> <span class='ocrx_word' id='word_1_195' title='bbox 873 2222 1127 2278; x_wconf 89' lang='lat' dir='ltr'>tantam</span> <span class='ocrx_word' id='word_1_196' title='bbox 1178 2209 1482 2299; x_wconf 82' lang='lat' dir='ltr'>profudit</span> <span class='ocrx_word' id='word_1_197' title='bbox 1534 2210 1997 2300; x_wconf 85' lang='lat' dir='ltr'>lacrymarum</span> <span class='ocrx_word' id='word_1_198' title='bbox 2049 2210 2212 2292; x_wconf 90' lang='lat' dir='ltr'>vim,</span> <span class='ocrx_word' id='word_1_199' title='bbox 2266 2222 2343 2278; x_wconf 92' lang='lat' dir='ltr'>ut</span> <span class='ocrx_word' id='word_1_200' title='bbox 2389 2209 2699 2298; x_wconf 88' lang='lat' dir='ltr'>corporis</span> <span class='ocrx_word' id='word_1_201' title='bbox 2747 2208 3004 2277; x_wconf 90' lang='lat' dir='ltr'>malam</span> <span class='ocrx_word' id='word_1_202' title='bbox 3066 2230 3169 2276; x_wconf 85' lang='lat' dir='ltr'>va·</span> 
     </span>
     <span class='ocr_line' id='line_1_23' title="bbox 649 2296 3167 2387; baseline 0 -21"><span class='ocrx_word' id='word_1_203' title='bbox 649 2296 999 2366; x_wconf 90' lang='lat' dir='ltr'>etudinem</span> <span class='ocrx_word' id='word_1_204' title='bbox 1053 2311 1536 2370; x_wconf 89' lang='lat' dir='ltr'>contracturus</span> <span class='ocrx_word' id='word_1_205' title='bbox 1600 2299 1967 2368; x_wconf 89' lang='lat' dir='ltr'>videretur.</span> <span class='ocrx_word' id='word_1_206' title='bbox 2047 2297 2302 2368; x_wconf 91' lang='lat' dir='ltr'>Deinde</span> <span class='ocrx_word' id='word_1_207' title='bbox 2371 2296 2588 2368; x_wconf 68' lang='lat' dir='ltr'>multa</span> <span class='ocrx_word' id='word_1_208' title='bbox 2663 2297 3167 2387; x_wconf 82' lang='lat' dir='ltr'>objurgationis</span> 
     </span>
     <span class='ocr_line' id='line_1_24' title="bbox 624 2385 3163 2478; baseline -0 -22"><span class='ocrx_word' id='word_1_209' title='bbox 624 2387 975 2456; x_wconf 76' lang='lat' dir='ltr'>severitate</span> <span class='ocrx_word' id='word_1_210' title='bbox 1021 2408 1137 2456; x_wconf 86' lang='lat' dir='ltr'>eos</span> <span class='ocrx_word' id='word_1_211' title='bbox 1176 2388 1547 2478; x_wconf 87' lang='lat' dir='ltr'>castigans,</span> <span class='ocrx_word' id='word_1_212' title='bbox 1600 2389 1720 2475; x_wconf 88' lang='lat' dir='ltr'>qui</span> <span class='ocrx_word' id='word_1_213' title='bbox 1757 2387 1823 2457; x_wconf 90' lang='lat' dir='ltr'>id</span> <span class='ocrx_word' id='word_1_214' title='bbox 1877 2387 2195 2468; x_wconf 83' lang='lat' dir='ltr'>fecerant,</span> <span class='ocrx_word' id='word_1_215' title='bbox 2249 2385 2559 2456; x_wconf 85' lang='lat' dir='ltr'>frivolam</span> <span class='ocrx_word' id='word_1_216' title='bbox 2593 2407 2830 2455; x_wconf 89' lang='lat' dir='ltr'>eorum</span> <span class='ocrx_word' id='word_1_217' title='bbox 2876 2407 3163 2455; x_wconf 84' lang='lat' dir='ltr'>excusa-</span> 
     </span>
     <span class='ocr_line' id='line_1_25' title="bbox 622 2473 3163 2567; baseline 0 -22"><span class='ocrx_word' id='word_1_218' title='bbox 622 2473 901 2557; x_wconf 87' lang='lat' dir='ltr'>tionem,</span> <span class='ocrx_word' id='word_1_219' title='bbox 939 2474 1121 2564; x_wconf 91' lang='lat' dir='ltr'>quod</span> <span class='ocrx_word' id='word_1_220' title='bbox 1157 2476 1391 2545; x_wconf 85' lang='lat' dir='ltr'>vinum</span> <span class='ocrx_word' id='word_1_221' title='bbox 1435 2498 1564 2546; x_wconf 92' lang='lat' dir='ltr'>non</span> <span class='ocrx_word' id='word_1_222' title='bbox 1605 2476 1955 2557; x_wconf 86' lang='lat' dir='ltr'>haberent,</span> <span class='ocrx_word' id='word_1_223' title='bbox 2013 2498 2296 2567; x_wconf 88' lang='lat' dir='ltr'>prorsus</span> <span class='ocrx_word' id='word_1_224' title='bbox 2331 2475 2583 2567; x_wconf 86' lang='lat' dir='ltr'>rejecit,</span> <span class='ocrx_word' id='word_1_225' title='bbox 2636 2487 2703 2545; x_wconf 90' lang='lat' dir='ltr'>et</span> <span class='ocrx_word' id='word_1_226' title='bbox 2732 2495 2817 2544; x_wconf 91' lang='lat' dir='ltr'>ne</span> <span class='ocrx_word' id='word_1_227' title='bbox 2854 2474 2917 2543; x_wconf 91' lang='lat' dir='ltr'>id</span> <span class='ocrx_word' id='word_1_228' title='bbox 2963 2496 3163 2564; x_wconf 87' lang='lat' dir='ltr'>porro</span> 
     </span>
     <span class='ocr_line' id='line_1_26' title="bbox 622 2564 3165 2654; baseline 0 -21"><span class='ocrx_word' id='word_1_229' title='bbox 622 2577 1107 2653; x_wconf 84' lang='lat' dir='ltr'>praetexerent,</span> <span class='ocrx_word' id='word_1_230' title='bbox 1134 2564 1346 2653; x_wconf 89' lang='lat' dir='ltr'>jussit</span> <span class='ocrx_word' id='word_1_231' title='bbox 1377 2565 1461 2633; x_wconf 90' lang='lat' dir='ltr'>ad</span> <span class='ocrx_word' id='word_1_232' title='bbox 1506 2587 1579 2635; x_wconf 89' lang='lat' dir='ltr'>se</span> <span class='ocrx_word' id='word_1_233' title='bbox 1618 2566 1723 2636; x_wconf 92' lang='lat' dir='ltr'>sin</span> <span class='ocrx_word' id='word_1_234' title='bbox 1779 2566 1916 2635; x_wconf 88' lang='lat' dir='ltr'>ulis</span> <span class='ocrx_word' id='word_1_235' title='bbox 1958 2565 2314 2636; x_wconf 85' lang='lat' dir='ltr'>mensibus</span> <span class='ocrx_word' id='word_1_236' title='bbox 2339 2565 2695 2635; x_wconf 87' lang='lat' dir='ltr'>duodenos</span> <span class='ocrx_word' id='word_1_237' title='bbox 2744 2564 2981 2633; x_wconf 86' lang='lat' dir='ltr'>venire</span> <span class='ocrx_word' id='word_1_238' title='bbox 3015 2586 3165 2654; x_wconf 86' lang='lat' dir='ltr'>pre·</span> 
     </span>
     <span class='ocr_line' id='line_1_27' title="bbox 618 2652 3167 2811; baseline 0.001 -89"><span class='ocrx_word' id='word_1_239' title='bbox 618 2652 952 2811; x_wconf 31' lang='lat' dir='ltr'>{byte-EOS,</span> <span class='ocrx_word' id='word_1_240' title='bbox 1016 2667 1220 2742; x_wconf 90' lang='lat' dir='ltr'>atque</span> <span class='ocrx_word' id='word_1_241' title='bbox 1264 2675 1345 2723; x_wconf 87' lang='lat' dir='ltr'>ex</span> <span class='ocrx_word' id='word_1_242' title='bbox 1394 2654 1617 2744; x_wconf 90' lang='lat' dir='ltr'>ipsius</span> <span class='ocrx_word' id='word_1_243' title='bbox 1662 2655 1838 2724; x_wconf 89' lang='lat' dir='ltr'>cela</span> <span class='ocrx_word' id='word_1_244' title='bbox 1885 2656 2147 2724; x_wconf 89' lang='lat' dir='ltr'>vinaria</span> <span class='ocrx_word' id='word_1_245' title='bbox 2206 2654 2445 2724; x_wconf 90' lang='lat' dir='ltr'>vinum</span> <span class='ocrx_word' id='word_1_246' title='bbox 2503 2655 2850 2744; x_wconf 88' lang='lat' dir='ltr'>accipere,</span> <span class='ocrx_word' id='word_1_247' title='bbox 2904 2666 2976 2723; x_wconf 88' lang='lat' dir='ltr'>et</span> <span class='ocrx_word' id='word_1_248' title='bbox 3013 2653 3167 2724; x_wconf 88' lang='lat' dir='ltr'>aliis</span> 
     </span>
     <span class='ocr_line' id='line_1_28' title="bbox 669 2755 1055 2812; baseline 0.003 -2"><span class='ocrx_word' id='word_1_249' title='bbox 669 2755 812 2812; x_wconf 79' lang='lat' dir='ltr'>istri</span> <span class='ocrx_word' id='word_1_250' title='bbox 873 2764 1055 2812; x_wconf 90' lang='lat' dir='ltr'>uere.</span> 
     </span>
    </p>

    <p class='ocr_par' dir='ltr' id='par_1_6' title="bbox 609 2830 3169 4520">
     <span class='ocr_line' id='line_1_29' title="bbox 704 2830 3156 2922; baseline -0.001 -19"><span class='ocrx_word' id='word_1_251' title='bbox 704 2834 742 2919; x_wconf 67' lang='grc' dir='ltr'>ἓ</span> <span class='ocrx_word' id='word_1_252' title='bbox 791 2837 951 2903; x_wconf 68' lang='grc' dir='ltr'>2θ.</span> <span class='ocrx_word' id='word_1_253' title='bbox 1008 2836 1170 2901; x_wconf 87' lang='lat' dir='ltr'>Cum</span> <span class='ocrx_word' id='word_1_254' title='bbox 1213 2831 1313 2901; x_wconf 89' lang='lat' dir='ltr'>sic</span> <span class='ocrx_word' id='word_1_255' title='bbox 1368 2843 1595 2901; x_wconf 89' lang='lat' dir='ltr'>autem</span> <span class='ocrx_word' id='word_1_256' title='bbox 1653 2843 1885 2920; x_wconf 85' lang='lat' dir='ltr'>pastor</span> <span class='ocrx_word' id='word_1_257' title='bbox 1939 2831 2260 2922; x_wconf 87' lang='lat' dir='ltr'>egregius</span> <span class='ocrx_word' id='word_1_258' title='bbox 2315 2831 2505 2922; x_wconf 84' lang='lat' dir='ltr'>gregi</span> <span class='ocrx_word' id='word_1_259' title='bbox 2567 2852 2692 2901; x_wconf 91' lang='lat' dir='ltr'>suo</span> <span class='ocrx_word' id='word_1_260' title='bbox 2740 2830 3156 2921; x_wconf 79' lang='lat' dir='ltr'>invigilaret,</span> 
     </span>
     <span class='ocr_line' id='line_1_30' title="bbox 620 2918 3164 3012; baseline 0.001 -23"><span class='ocrx_word' id='word_1_261' title='bbox 620 2940 742 2989; x_wconf 87' lang='lat' dir='ltr'>nec</span> <span class='ocrx_word' id='word_1_262' title='bbox 793 2919 946 2988; x_wconf 90' lang='lat' dir='ltr'>illos</span> <span class='ocrx_word' id='word_1_263' title='bbox 977 2919 1257 3007; x_wconf 91' lang='lat' dir='ltr'>quidem</span> <span class='ocrx_word' id='word_1_264' title='bbox 1293 2920 1742 3012; x_wconf 89' lang='lat' dir='ltr'>benignitatis</span> <span class='ocrx_word' id='word_1_265' title='bbox 1771 2933 1835 2989; x_wconf 92' lang='lat' dir='ltr'>et</span> <span class='ocrx_word' id='word_1_266' title='bbox 1861 2919 2373 2990; x_wconf 87' lang='lat' dir='ltr'>misericordiae</span> <span class='ocrx_word' id='word_1_267' title='bbox 2406 2940 2570 2989; x_wconf 88' lang='lat' dir='ltr'>suae</span> <span class='ocrx_word' id='word_1_268' title='bbox 2612 2918 2820 2988; x_wconf 87' lang='lat' dir='ltr'>voluit</span> <span class='ocrx_word' id='word_1_269' title='bbox 2852 2934 3164 3011; x_wconf 85' lang='lat' dir='ltr'>expertes</span> 
     </span>
     <span class='ocr_line' id='line_1_31' title="bbox 615 3007 3163 3099; baseline 0.001 -22"><span class='ocrx_word' id='word_1_270' title='bbox 615 3029 785 3090; x_wconf 90' lang='lat' dir='ltr'>esse,</span> <span class='ocrx_word' id='word_1_271' title='bbox 837 3010 957 3096; x_wconf 91' lang='lat' dir='ltr'>qui</span> <span class='ocrx_word' id='word_1_272' title='bbox 992 3009 1284 3079; x_wconf 89' lang='lat' dir='ltr'>aliorum</span> <span class='ocrx_word' id='word_1_273' title='bbox 1330 3008 1728 3099; x_wconf 90' lang='lat' dir='ltr'>praesulum</span> <span class='ocrx_word' id='word_1_274' title='bbox 1783 3032 1952 3080; x_wconf 90' lang='lat' dir='ltr'>cura</span> <span class='ocrx_word' id='word_1_275' title='bbox 1997 3010 2552 3078; x_wconf 88' lang='lat' dir='ltr'>continebantur.</span> <span class='ocrx_word' id='word_1_276' title='bbox 2620 3007 2685 3077; x_wconf 89' lang='lat' dir='ltr'>Si</span> <span class='ocrx_word' id='word_1_277' title='bbox 2722 3008 2909 3077; x_wconf 89' lang='lat' dir='ltr'>enim</span> <span class='ocrx_word' id='word_1_278' title='bbox 2970 3012 3163 3096; x_wconf 85' lang='lat' dir='ltr'>quis—</span> 
     </span>
     <span class='ocr_line' id='line_1_32' title="bbox 614 3095 3161 3186; baseline 0.001 -21"><span class='ocrx_word' id='word_1_279' title='bbox 614 3119 820 3183; x_wconf 87' lang='lat' dir='ltr'>quam</span> <span class='ocrx_word' id='word_1_280' title='bbox 873 3119 954 3166; x_wconf 87' lang='lat' dir='ltr'>ex</span> <span class='ocrx_word' id='word_1_281' title='bbox 988 3098 1071 3166; x_wconf 88' lang='lat' dir='ltr'>iis</span> <span class='ocrx_word' id='word_1_282' title='bbox 1105 3097 1476 3167; x_wconf 89' lang='lat' dir='ltr'>indicasset</span> <span class='ocrx_word' id='word_1_283' title='bbox 1505 3098 1592 3179; x_wconf 90' lang='lat' dir='ltr'>ei,</span> <span class='ocrx_word' id='word_1_284' title='bbox 1629 3098 1933 3186; x_wconf 78' lang='lat' dir='ltr'>aliquam</span> <span class='ocrx_word' id='word_1_285' title='bbox 1972 3119 2043 3168; x_wconf 91' lang='lat' dir='ltr'>se</span> <span class='ocrx_word' id='word_1_286' title='bbox 2077 3097 2175 3166; x_wconf 91' lang='lat' dir='ltr'>vel</span> <span class='ocrx_word' id='word_1_287' title='bbox 2227 3097 2298 3165; x_wconf 89' lang='lat' dir='ltr'>in</span> <span class='ocrx_word' id='word_1_288' title='bbox 2348 3096 2627 3177; x_wconf 78' lang='lat' dir='ltr'>diviniS,</span> <span class='ocrx_word' id='word_1_289' title='bbox 2677 3095 2782 3165; x_wconf 91' lang='lat' dir='ltr'>vel</span> <span class='ocrx_word' id='word_1_290' title='bbox 2827 3098 3161 3169; x_wconf 85' lang='lat' dir='ltr'>humanis</span> 
     </span>
     <span class='ocr_line' id='line_1_33' title="bbox 616 3185 3168 3277; baseline 0 -21"><span class='ocrx_word' id='word_1_291' title='bbox 616 3187 824 3256; x_wconf 86' lang='lat' dir='ltr'>rebus</span> <span class='ocrx_word' id='word_1_292' title='bbox 875 3187 1012 3274; x_wconf 92' lang='lat' dir='ltr'>pati</span> <span class='ocrx_word' id='word_1_293' title='bbox 1067 3187 1396 3277; x_wconf 88' lang='lat' dir='ltr'>inopiam,</span> <span class='ocrx_word' id='word_1_294' title='bbox 1465 3209 1720 3277; x_wconf 84' lang='lat' dir='ltr'>magno</span> <span class='ocrx_word' id='word_1_295' title='bbox 1781 3186 2015 3256; x_wconf 89' lang='lat' dir='ltr'>dolore</span> <span class='ocrx_word' id='word_1_296' title='bbox 2062 3186 2277 3255; x_wconf 88' lang='lat' dir='ltr'>animi</span> <span class='ocrx_word' id='word_1_297' title='bbox 2329 3186 2652 3264; x_wconf 80' lang='lat' dir='ltr'>affectus,</span> <span class='ocrx_word' id='word_1_298' title='bbox 2704 3199 2771 3255; x_wconf 90' lang='lat' dir='ltr'>et</span> <span class='ocrx_word' id='word_1_299' title='bbox 2824 3185 3059 3256; x_wconf 88' lang='lat' dir='ltr'>verbis</span> <span class='ocrx_word' id='word_1_300' title='bbox 3104 3198 3168 3256; x_wconf 90' lang='lat' dir='ltr'>et</span> 
     </span>
     <span class='ocr_line' id='line_1_34' title="bbox 614 3273 3169 3363; baseline 0.001 -20"><span class='ocrx_word' id='word_1_301' title='bbox 614 3274 972 3344; x_wconf 82' lang='lat' dir='ltr'>beneficiis</span> <span class='ocrx_word' id='word_1_302' title='bbox 1017 3297 1176 3344; x_wconf 90' lang='lat' dir='ltr'>eum</span> <span class='ocrx_word' id='word_1_303' title='bbox 1216 3274 1638 3346; x_wconf 84' lang='lat' dir='ltr'>sublevabat.</span> <span class='ocrx_word' id='word_1_304' title='bbox 1679 3275 1868 3359; x_wconf 86' lang='lat' dir='ltr'>Quod</span> <span class='ocrx_word' id='word_1_305' title='bbox 1922 3296 2079 3345; x_wconf 90' lang='lat' dir='ltr'>cum</span> <span class='ocrx_word' id='word_1_306' title='bbox 2132 3273 2507 3344; x_wconf 86' lang='lat' dir='ltr'>familiares</span> <span class='ocrx_word' id='word_1_307' title='bbox 2553 3273 2703 3358; x_wconf 85' lang='lat' dir='ltr'>ejus</span> <span class='ocrx_word' id='word_1_308' title='bbox 2751 3294 2962 3363; x_wconf 87' lang='lat' dir='ltr'>saepe</span> <span class='ocrx_word' id='word_1_309' title='bbox 3026 3298 3169 3346; x_wconf 86' lang='lat' dir='ltr'>mo·</span> 
     </span>
     <span class='ocr_line' id='line_1_35' title="bbox 615 3361 3167 3454; baseline 0.001 -23"><span class='ocrx_word' id='word_1_310' title='bbox 615 3361 782 3431; x_wconf 85' lang='lat' dir='ltr'>leste</span> <span class='ocrx_word' id='word_1_311' title='bbox 831 3362 1106 3443; x_wconf 80' lang='lat' dir='ltr'>ferrent,</span> <span class='ocrx_word' id='word_1_312' title='bbox 1141 3363 1583 3452; x_wconf 86' lang='lat' dir='ltr'>dicerentque</span> <span class='ocrx_word' id='word_1_313' title='bbox 1629 3385 2203 3452; x_wconf 88' lang='lat' dir='ltr'>unumquemque</span> <span class='ocrx_word' id='word_1_314' title='bbox 2240 3385 2279 3432; x_wconf 89' lang='lat' dir='ltr'>a</span> <span class='ocrx_word' id='word_1_315' title='bbox 2320 3386 2445 3433; x_wconf 89' lang='lat' dir='ltr'>suo</span> <span class='ocrx_word' id='word_1_316' title='bbox 2477 3364 2813 3454; x_wconf 87' lang='lat' dir='ltr'>Episcopo</span> <span class='ocrx_word' id='word_1_317' title='bbox 2845 3362 2932 3431; x_wconf 86' lang='lat' dir='ltr'>ad</span> <span class='ocrx_word' id='word_1_318' title='bbox 2931 3363 3167 3453; x_wconf 80' lang='lat' dir='ltr'>juvari</span> 
     </span>
     <span class='ocr_line' id='line_1_36' title="bbox 615 3450 3169 3543; baseline 0.002 -24"><span class='ocrx_word' id='word_1_319' title='bbox 615 3450 905 3520; x_wconf 89' lang='lat' dir='ltr'>debere:</span> <span class='ocrx_word' id='word_1_320' title='bbox 954 3450 1066 3520; x_wconf 91' lang='lat' dir='ltr'>ille</span> <span class='ocrx_word' id='word_1_321' title='bbox 1110 3453 1602 3542; x_wconf 85' lang='lat' dir='ltr'>respondebat:</span> <span class='ocrx_word' id='word_1_322' title='bbox 1641 3476 1678 3519; x_wconf 85' lang='lat'>«</span> <span class='ocrx_word' id='word_1_323' title='bbox 1713 3452 2158 3542; x_wconf 78' lang='lat' dir='ltr'>Eleemosyna</span> <span class='ocrx_word' id='word_1_324' title='bbox 2193 3457 2448 3522; x_wconf 88' lang='lat' dir='ltr'>Graeca</span> <span class='ocrx_word' id='word_1_325' title='bbox 2486 3451 2699 3522; x_wconf 87' lang='lat' dir='ltr'>dictio</span> <span class='ocrx_word' id='word_1_326' title='bbox 2755 3464 2900 3532; x_wconf 89' lang='lat' dir='ltr'>est,</span> <span class='ocrx_word' id='word_1_327' title='bbox 2947 3455 3169 3543; x_wconf 88' lang='lat' dir='ltr'>signi·</span> 
     </span>
     <span class='ocr_line' id='line_1_37' title="bbox 614 3540 3166 3632; baseline 0.001 -23"><span class='ocrx_word' id='word_1_328' title='bbox 614 3540 912 3627; x_wconf 85' lang='lat' dir='ltr'>ficatque</span> <span class='ocrx_word' id='word_1_329' title='bbox 965 3540 1536 3621; x_wconf 88' lang='lat' dir='ltr'>misericordiam,</span> <span class='ocrx_word' id='word_1_330' title='bbox 1597 3541 1696 3609; x_wconf 89' lang='lat' dir='ltr'>vel</span> <span class='ocrx_word' id='word_1_331' title='bbox 1749 3564 1925 3632; x_wconf 90' lang='lat' dir='ltr'>opus</span> <span class='ocrx_word' id='word_1_332' title='bbox 1982 3540 2527 3621; x_wconf 88' lang='lat' dir='ltr'>misericordiae,</span> <span class='ocrx_word' id='word_1_333' title='bbox 2590 3552 3026 3630; x_wconf 89' lang='lat' dir='ltr'>possuntque</span> <span class='ocrx_word' id='word_1_334' title='bbox 3086 3565 3166 3611; x_wconf 88' lang='lat' dir='ltr'>eo</span> 
     </span>
     <span class='ocr_line' id='line_1_38' title="bbox 616 3629 3169 3720; baseline 0.001 -23"><span class='ocrx_word' id='word_1_335' title='bbox 616 3630 897 3699; x_wconf 91' lang='lat' dir='ltr'>nomine</span> <span class='ocrx_word' id='word_1_336' title='bbox 944 3630 1226 3716; x_wconf 85' lang='lat' dir='ltr'>quaevis</span> <span class='ocrx_word' id='word_1_337' title='bbox 1264 3629 1707 3720; x_wconf 82' lang='lat' dir='ltr'>benignitatis</span> <span class='ocrx_word' id='word_1_338' title='bbox 1743 3652 1946 3720; x_wconf 90' lang='lat' dir='ltr'>opera</span> <span class='ocrx_word' id='word_1_339' title='bbox 1998 3629 2514 3719; x_wconf 86' lang='lat' dir='ltr'>comprehendi.</span> <span class='ocrx_word' id='word_1_340' title='bbox 2571 3635 2772 3699; x_wconf 85' lang='lat' dir='ltr'>Recte</span> <span class='ocrx_word' id='word_1_341' title='bbox 2815 3630 3006 3699; x_wconf 89' lang='lat' dir='ltr'>enim</span> <span class='ocrx_word' id='word_1_342' title='bbox 3054 3630 3169 3699; x_wconf 84' lang='lat' dir='ltr'>ille</span> 
     </span>
     <span class='ocr_line' id='line_1_39' title="bbox 612 3717 3167 3809; baseline -0 -20"><span class='ocrx_word' id='word_1_343' title='bbox 612 3741 789 3809; x_wconf 92' lang='lat' dir='ltr'>opus</span> <span class='ocrx_word' id='word_1_344' title='bbox 837 3730 1102 3787; x_wconf 89' lang='lat' dir='ltr'>exercet</span> <span class='ocrx_word' id='word_1_345' title='bbox 1143 3718 1677 3802; x_wconf 89' lang='lat' dir='ltr'>misericordiae,</span> <span class='ocrx_word' id='word_1_346' title='bbox 1722 3721 1840 3807; x_wconf 91' lang='lat' dir='ltr'>qui</span> <span class='ocrx_word' id='word_1_347' title='bbox 1881 3720 2103 3809; x_wconf 91' lang='lat' dir='ltr'>primo</span> <span class='ocrx_word' id='word_1_348' title='bbox 2136 3720 2441 3809; x_wconf 88' lang='lat' dir='ltr'>seipsum</span> <span class='ocrx_word' id='word_1_349' title='bbox 2494 3718 2764 3809; x_wconf 87' lang='lat' dir='ltr'>sibique</span> <span class='ocrx_word' id='word_1_350' title='bbox 2810 3717 3167 3808; x_wconf 85' lang='lat' dir='ltr'>subjectos</span> 
     </span>
     <span class='ocr_line' id='line_1_40' title="bbox 613 3806 3169 3897; baseline -0 -19"><span class='ocrx_word' id='word_1_351' title='bbox 613 3808 682 3878; x_wconf 88' lang='lat' dir='ltr'>in</span> <span class='ocrx_word' id='word_1_352' title='bbox 720 3812 854 3877; x_wconf 91' lang='lat' dir='ltr'>Deo</span> <span class='ocrx_word' id='word_1_353' title='bbox 905 3807 1154 3897; x_wconf 88' lang='lat' dir='ltr'>placita</span> <span class='ocrx_word' id='word_1_354' title='bbox 1203 3809 1647 3889; x_wconf 83' lang='lat' dir='ltr'>conversione</span> <span class='ocrx_word' id='word_1_355' title='bbox 1696 3829 1831 3877; x_wconf 89' lang='lat' dir='ltr'>non</span> <span class='ocrx_word' id='word_1_356' title='bbox 1884 3809 2049 3879; x_wconf 87' lang='lat' dir='ltr'>sinit</span> <span class='ocrx_word' id='word_1_357' title='bbox 2079 3828 2318 3897; x_wconf 88' lang='lat' dir='ltr'>egere:</span> <span class='ocrx_word' id='word_1_358' title='bbox 2371 3806 2621 3875; x_wconf 88' lang='lat' dir='ltr'>deinde</span> <span class='ocrx_word' id='word_1_359' title='bbox 2680 3807 3169 3877; x_wconf 86' lang='lat' dir='ltr'>convenienter</span> 
     </span>
     <span class='ocr_line' id='line_1_41' title="bbox 614 3895 3169 3987; baseline 0 -22"><span class='ocrx_word' id='word_1_360' title='bbox 614 3896 718 3966; x_wconf 90' lang='lat' dir='ltr'>illi</span> <span class='ocrx_word' id='word_1_361' title='bbox 767 3895 1148 3966; x_wconf 86' lang='lat' dir='ltr'>sententiae</span> <span class='ocrx_word' id='word_1_362' title='bbox 1195 3896 1644 3986; x_wconf 77' lang='lat' dir='ltr'>Apostolicae,</span> <span class='ocrx_word' id='word_1_363' title='bbox 1698 3902 1870 3966; x_wconf 88' lang='lat' dir='ltr'>Dum</span> <span class='ocrx_word' id='word_1_364' title='bbox 1930 3908 2189 3987; x_wconf 82' lang='lat' dir='ltr'>tempus</span> <span class='ocrx_word' id='word_1_365' title='bbox 2252 3896 2593 3976; x_wconf 80' lang='lat' dir='ltr'>habemus,</span> <span class='ocrx_word' id='word_1_366' title='bbox 2651 3917 3008 3986; x_wconf 74' lang='lat' dir='ltr'>operemur</span> <span class='ocrx_word' id='word_1_367' title='bbox 3046 3896 3169 3966; x_wconf 80' lang='lat' dir='ltr'>bo·</span> 
     </span>
     <span class='ocr_line' id='line_1_42' title="bbox 609 3984 3167 4075; baseline -0.001 -19"><span class='ocrx_word' id='word_1_368' title='bbox 609 4008 774 4056; x_wconf 73' lang='lat' dir='ltr'>num</span> <span class='ocrx_word' id='word_1_369' title='bbox 807 3987 899 4055; x_wconf 87' lang='lat' dir='ltr'>ad</span> <span class='ocrx_word' id='word_1_370' title='bbox 944 4009 1168 4056; x_wconf 80' lang='lat' dir='ltr'>omnes</span> <span class='ocrx_word' id='word_1_371' title='bbox 1196 3986 1381 4075; x_wconf 88' lang='lat' dir='ltr'>(Gal.</span> <span class='ocrx_word' id='word_1_372' title='bbox 1420 3985 1537 4074; x_wconf 80' lang='lat' dir='ltr'>vi),</span> <span class='ocrx_word' id='word_1_373' title='bbox 1584 4007 1748 4055; x_wconf 87' lang='lat' dir='ltr'>suos</span> <span class='ocrx_word' id='word_1_374' title='bbox 1780 4007 2054 4073; x_wconf 87' lang='lat' dir='ltr'>quoque</span> <span class='ocrx_word' id='word_1_375' title='bbox 2104 3986 2453 4074; x_wconf 84' lang='lat' dir='ltr'>proximos</span> <span class='ocrx_word' id='word_1_376' title='bbox 2505 4005 2637 4053; x_wconf 88' lang='lat' dir='ltr'>non</span> <span class='ocrx_word' id='word_1_377' title='bbox 2697 3998 2918 4054; x_wconf 89' lang='lat' dir='ltr'>cessat</span> <span class='ocrx_word' id='word_1_378' title='bbox 2965 3984 3167 4071; x_wconf 86' lang='lat' dir='ltr'>adju·</span> 
     </span>
     <span class='ocr_line' id='line_1_43' title="bbox 611 4073 3166 4162; baseline 0 -20"><span class='ocrx_word' id='word_1_379' title='bbox 611 4096 797 4143; x_wconf 79' lang='lat' dir='ltr'>vare.</span> <span class='ocrx_word' id='word_1_380' title='bbox 853 4080 1017 4144; x_wconf 84' lang='lat' dir='ltr'>Cum</span> <span class='ocrx_word' id='word_1_381' title='bbox 1061 4073 1438 4162; x_wconf 90' lang='lat' dir='ltr'>aliquando</span> <span class='ocrx_word' id='word_1_382' title='bbox 1476 4074 1627 4143; x_wconf 88' lang='lat' dir='ltr'>dira</span> <span class='ocrx_word' id='word_1_383' title='bbox 1656 4073 1875 4144; x_wconf 82' lang='lat' dir='ltr'>sames</span> <span class='ocrx_word' id='word_1_384' title='bbox 1910 4073 2161 4143; x_wconf 89' lang='lat' dir='ltr'>multos</span> <span class='ocrx_word' id='word_1_385' title='bbox 2246 4074 2556 4153; x_wconf 79' lang='lat' dir='ltr'>remeret‚</span> <span class='ocrx_word' id='word_1_386' title='bbox 2598 4086 2802 4158; x_wconf 84' lang='lat' dir='ltr'>atque</span> <span class='ocrx_word' id='word_1_387' title='bbox 2833 4095 2910 4142; x_wconf 90' lang='lat' dir='ltr'>ea</span> <span class='ocrx_word' id='word_1_388' title='bbox 2944 4095 3166 4144; x_wconf 82' lang='lat' dir='ltr'>causa</span> 
     </span>
     <span class='ocr_line' id='line_1_44' title="bbox 613 4161 3165 4253; baseline 0 -22"><span class='ocrx_word' id='word_1_389' title='bbox 613 4163 886 4231; x_wconf 84' lang='lat' dir='ltr'>infinita</span> <span class='ocrx_word' id='word_1_390' title='bbox 923 4163 1281 4233; x_wconf 85' lang='lat' dir='ltr'>bominum</span> <span class='ocrx_word' id='word_1_391' title='bbox 1335 4163 1536 4232; x_wconf 92' lang='lat' dir='ltr'>turba</span> <span class='ocrx_word' id='word_1_392' title='bbox 1570 4162 1653 4231; x_wconf 90' lang='lat' dir='ltr'>ad</span> <span class='ocrx_word' id='word_1_393' title='bbox 1708 4163 1983 4232; x_wconf 89' lang='lat' dir='ltr'>beatum</span> <span class='ocrx_word' id='word_1_394' title='bbox 2037 4161 2176 4232; x_wconf 89' lang='lat' dir='ltr'>Wol</span> <span class='ocrx_word' id='word_1_395' title='bbox 2211 4183 2517 4253; x_wconf 88' lang='lat' dir='ltr'>gangum</span> <span class='ocrx_word' id='word_1_396' title='bbox 2576 4162 2987 4241; x_wconf 88' lang='lat' dir='ltr'>conflueret,</span> <span class='ocrx_word' id='word_1_397' title='bbox 3043 4161 3165 4231; x_wconf 84' lang='lat' dir='ltr'>ille</span> 
     </span>
     <span class='ocr_line' id='line_1_45' title="bbox 612 4250 3165 4342; baseline 0 -23"><span class='ocrx_word' id='word_1_398' title='bbox 612 4252 851 4319; x_wconf 80' lang='lat' dir='ltr'>accitis</span> <span class='ocrx_word' id='word_1_399' title='bbox 895 4252 1302 4342; x_wconf 89' lang='lat' dir='ltr'>praepositis</span> <span class='ocrx_word' id='word_1_400' title='bbox 1350 4252 1517 4331; x_wconf 85' lang='lat' dir='ltr'>suis,</span> <span class='ocrx_word' id='word_1_401' title='bbox 1563 4252 1882 4340; x_wconf 82' lang='lat' dir='ltr'>jussitut</span> <span class='ocrx_word' id='word_1_402' title='bbox 1929 4272 1966 4318; x_wconf 89' lang='lat' dir='ltr'>e</span> <span class='ocrx_word' id='word_1_403' title='bbox 1999 4251 2395 4342; x_wconf 89' lang='lat' dir='ltr'>longinquis</span> <span class='ocrx_word' id='word_1_404' title='bbox 2444 4250 2841 4342; x_wconf 85' lang='lat' dir='ltr'>regionibus</span> <span class='ocrx_word' id='word_1_405' title='bbox 2879 4250 3165 4319; x_wconf 76' lang='lat' dir='ltr'>venien—</span> 
     </span>
     <span class='ocr_line' id='line_1_46' title="bbox 613 4339 3162 4429; baseline -0.001 -20"><span class='ocrx_word' id='word_1_406' title='bbox 613 4339 799 4409; x_wconf 88' lang='lat' dir='ltr'>tibus</span> <span class='ocrx_word' id='word_1_407' title='bbox 847 4351 1110 4409; x_wconf 88' lang='lat' dir='ltr'>tantum</span> <span class='ocrx_word' id='word_1_408' title='bbox 1162 4340 1491 4411; x_wconf 80' lang='lat' dir='ltr'>frumenti</span> <span class='ocrx_word' id='word_1_409' title='bbox 1527 4339 1794 4422; x_wconf 84' lang='lat' dir='ltr'>darent,</span> <span class='ocrx_word' id='word_1_410' title='bbox 1838 4352 2174 4429; x_wconf 90' lang='lat' dir='ltr'>quantum</span> <span class='ocrx_word' id='word_1_411' title='bbox 2230 4339 2517 4408; x_wconf 90' lang='lat' dir='ltr'>vellent:</span> <span class='ocrx_word' id='word_1_412' title='bbox 2580 4344 2661 4410; x_wconf 77' lang='lat' dir='ltr'>ea</span> <span class='ocrx_word' id='word_1_413' title='bbox 2710 4352 2934 4408; x_wconf 86' lang='lat' dir='ltr'>tamen</span> <span class='ocrx_word' id='word_1_414' title='bbox 2987 4358 3162 4407; x_wconf 87' lang='lat' dir='ltr'>con-</span> 
     </span>
     <span class='ocr_line' id='line_1_47' title="bbox 611 4426 3159 4520; baseline -0 -22"><span class='ocrx_word' id='word_1_415' title='bbox 611 4426 898 4511; x_wconf 88' lang='lat' dir='ltr'>ditione,</span> <span class='ocrx_word' id='word_1_416' title='bbox 950 4440 1028 4497; x_wconf 89' lang='lat' dir='ltr'>ut</span> <span class='ocrx_word' id='word_1_417' title='bbox 1064 4428 1346 4500; x_wconf 91' lang='lat' dir='ltr'>domum</span> <span class='ocrx_word' id='word_1_418' title='bbox 1400 4430 1692 4512; x_wconf 89' lang='lat' dir='ltr'>reversi,</span> <span class='ocrx_word' id='word_1_419' title='bbox 1748 4428 2110 4500; x_wconf 88' lang='lat' dir='ltr'>dimidiam</span> <span class='ocrx_word' id='word_1_420' title='bbox 2160 4428 2312 4519; x_wconf 89' lang='lat' dir='ltr'>ejus</span> <span class='ocrx_word' id='word_1_421' title='bbox 2363 4441 2619 4520; x_wconf 85' lang='lat' dir='ltr'>partem</span> <span class='ocrx_word' id='word_1_422' title='bbox 2686 4428 2759 4496; x_wconf 90' lang='lat' dir='ltr'>in</span> <span class='ocrx_word' id='word_1_423' title='bbox 2815 4447 3159 4518; x_wconf 82' lang='lat' dir='ltr'>pauperes</span> 
     </span>
    </p>
   </div>
  </div>
 </body>
</html>
