3347 4999
253 299 433 366 OCT.
489 301 572 365 45
1166 314 1247 363 ΒΕ
1295 317 1350 364 s.
1404 317 1662 364 maesta
1715 317 1880 364 vinc.
2577 302 2704 368 423

253 403 521 491 gremio
566 400 979 471 confovetur.
1014 406 1168 471 Tota
1203 401 1370 470 baec
1410 400 1544 470 vita
1580 400 1755 471 facta
1787 401 1919 474 sibi
1950 423 2313 493 parasceve
2345 403 2602 485 Crucis,
2653 403 2793 475 illic

253 504 484 560 autem
536 489 816 561 festivus
863 502 927 560 et
967 488 1376 580 splendidius
1426 501 1771 560 aeternam
1823 490 2121 561 celebrat
2217 490 2456 560 loriam
2492 515 2798 564 resurre-

251 579 527 651 ctionis.
579 584 772 650 Nunc
820 579 998 651 inter
1049 577 1303 668 ignitos
1352 600 1692 667 supernae
1739 579 2117 650 Jerusalem
2210 579 2452 669 apides
2508 581 2790 662 emicat;

256 690 447 739 nunc
495 679 780 738 ornatus
823 667 1260 739 victoriarum
1313 688 1597 739 suarum
1651 667 1907 748 titulis,
1970 672 2245 738 aeterna
2295 667 2500 738 laude
2549 669 2797 739 trium-

254 757 447 845 phat,
489 770 690 844 atque
741 758 810 827 in
851 756 969 825 illa
1018 755 1369 825 beatotum
1406 756 1658 825 civium
1689 756 2009 846 jucunda
2033 758 2351 827 societate
2380 757 2786 845 conjubilat.

256 846 440 915 Obiit
486 859 712 916 autem
765 845 1010 915 beatus
1052 844 1449 915 Dominicus
1478 845 1701 934 pridie
1734 845 1899 916 Idus
1933 846 2266 925 OctobriS,
2307 858 2635 935 regnante
2667 852 2795 916 Do-

258 935 454 1003 mino
501 947 732 1005 nostro
776 935 949 1006 Jesu
998 932 1286 1013 Christe,
1340 933 1459 1020 qui
1509 954 1663 1003 cum
1720 938 1912 1004 Patre
1959 948 2022 1005 et
2058 935 2313 1025 Spiritu
2354 939 2599 1004 Sancto
2630 935 2793 1004 vivit

250 1036 321 1092 et
370 1036 608 1113 regnat
657 1025 724 1092 in
776 1022 1011 1093 secula
1060 1022 1479 1102 seculorum,
1538 1027 1775 1092 Amen.

1031 1349 1113 1448 S.
1179 1346 1679 1451 TEREStAE
1753 1348 2021 1449 VlRG.

303 1571 593 1637 FRATR.
664 1570 763 1634 ET
826 1569 1020 1636 ΜΘΝ.
1093 1570 1731 1636 ΕΑΒΜΕΙᾸΤΑΒΗΜ
1797 1570 2147 1636 DISCALC.
2212 1570 2748 1639 FUNDATRICIS

696 1783 812 1831 RES
859 1782 1095 1832 GESTAE:
1141 1784 1222 1830 m·
1264 1783 1566 1831 vm‘rUTsss
1626 1781 1930 1832 BREVITER
1976 1784 2352 1832 DESCRlPTAE

365 1892 444 1939 UT
475 1891 539 1939 IN
574 1891 770 1938 ΒΗΜΛ
818 1890 1365 1950 CANONIZATIONIS,
1405 1890 1573 1937 ANNO
1608 1890 1841 1938 uncxxt
1872 1886 2192 1944 ΕΜΑΝΑΤΑ,
2232 1891 2688 1941 CONTINENTUR.

911 2086 1171 2145 claruit
1211 2087 1444 2143 seculo
1485 2086 1648 2145 XVI
1691 2115 1767 2127 --
1807 2085 2133 2155 Hispana.

685 2288 1042 2376 Gregorius
1072 2283 1106 2319 ⁴⁸
1135 2286 1521 2375 Epi-scopus,
1559 2306 1789 2352 servus
1835 2307 2178 2354 servorum
2211 2289 2351 2367 Dei,

955 2375 1044 2442 ad
1083 2383 1482 2463 perpetuam
1529 2374 1633 2441 rei
1676 2375 2089 2442 memoriam.

348 2531 796 2618 Omnipotens
848 2535 1081 2600 Sermo
1130 2530 1268 2611 Dei,
1333 2552 1491 2599 cum
1535 2529 1619 2598 de
1672 2530 1835 2601 sinu
1890 2531 2104 2602 Patris
2153 2532 2237 2600 ad
2274 2532 2441 2604 haec
2476 2535 2799 2605 inferiora

255 2619 749 2700 descendisset,
803 2633 880 2687 ut
936 2631 1203 2688 erueret
1244 2640 1366 2688 nos
1418 2618 1502 2688 de
1555 2632 1878 2708 potestate
1922 2620 2408 2704 tenebrarum,
2461 2623 2798 2713 completo

255 2708 796 2798 dispensationis
827 2729 991 2776 suae
1023 2721 1350 2798 tempore,
1379 2707 1801 2778 transiturus
1827 2707 1911 2776 de
1935 2708 2064 2778 hoc
2099 2709 2356 2779 mundo
2387 2709 2469 2779 ad
2501 2716 2790 2792 Patrem,

260 2797 345 2865 ad
400 2795 911 2888 propagandam
977 2817 1098 2885 per
1137 2808 1351 2866 totum
1403 2809 1738 2865 terrarum
1804 2797 2034 2867 orbem
2098 2797 2467 2868 electorum
2509 2820 2792 2868 suorum

259 2886 660 2966 Ecclesiam,
715 2906 922 2972 quam
977 2885 1326 2974 Sanguine
1360 2906 1485 2954 suo
1519 2886 1997 2971 acquisiverat,
2051 2907 2339 2972 eamque
2385 2887 2590 2956 verbo
2623 2889 2798 2964 vitae

253 2974 708 3045 erudiendam
747 3029 761 3055 ,
828 2972 913 3044 ad
961 2972 1520 3045 confundendam
1570 2973 1976 3062 sapientiam
2040 2973 2453 3061 sapientium
2493 3029 2508 3055 ,
2567 2987 2631 3045 et
2679 2975 2798 3046 de-

259 3063 660 3133 struendam
692 3084 962 3132 omnem
1000 3062 1462 3143 altit-udinem,
1499 3083 1675 3149 quae
1706 3062 2033 3132 adversus
2068 3066 2278 3132 Deum
2320 3061 2790 3145 extollebatur,

260 3173 396 3221 non
443 3152 695 3222 multos
743 3150 1007 3222 nobiles
1054 3151 1280 3241 elegit,
1338 3172 1461 3219 nec
1512 3150 1765 3220 multos
1811 3150 2178 3240 sapientes,
2236 3151 2353 3218 sed
2394 3154 2800 3241 contempti-

262 3239 433 3310 biles
485 3239 770 3321 mundiv,
823 3240 942 3327 qui
982 3227 1129 3309 'non
1182 3241 1248 3310 in
1299 3238 1721 3309 sublimitate
1754 3238 2115 3320 sermoniS,
2164 3260 2286 3308 nec
2316 3240 2405 3308 -in
2448 3239 2797 3312 humanae

260 3329 638 3418 sapientiae
668 3329 891 3409 verb0,
932 3329 1046 3398 sed
1087 3329 1152 3397 in
1189 3327 1626 3417 simplicitate
1658 3340 1724 3396 et
1757 3327 2032 3397 veritate
2065 3327 2523 3398 ministerium
2559 3351 2790 3412 suum,

257 3417 344 3488 ad
379 3416 559 3505 quod
596 3440 637 3487 a
668 3416 914 3487 diebus
947 3417 1366 3488 aeternitatis
1396 3414 1884 3507 praedestinati
1932 3430 2147 3497 erant,
2202 3416 2682 3508 adimplerent.

349 3508 386 3593 ξ
433 3513 507 3580 1.
562 3511 637 3575 In
690 3506 1136 3593 sequentibus
1185 3526 1341 3575 vero
1381 3499 1963 3594 generationibus,
2002 3526 2160 3578 cum
2209 3506 2407 3592 juxta
2448 3506 2798 3595 praeordi-

261 3609 418 3666 nata
450 3608 774 3684 tempora,
800 3593 1065 3684 plebem
1095 3617 1290 3666 suam
1319 3615 1437 3683 per
1468 3615 1697 3663 servos
1723 3615 1885 3663 suos
1913 3593 2148 3666 fideles
2175 3595 2446 3664 visitare
2470 3594 2797 3685 dignatus

260 3697 384 3763 est,
442 3683 850 3774 plerumque
899 3682 1221 3773 parvulos
1269 3696 1333 3752 et
1380 3682 1682 3752 humiles
1730 3683 2130 3773 assumpsit,
2186 3704 2306 3771 per
2351 3705 2527 3770 quos
2563 3685 2799 3755 Catho-

262 3772 434 3842 licae
472 3771 811 3842 Ecclesiae
871 3770 1176 3861 ingentia
1224 3784 1596 3859 praestaret
1645 3771 1998 3852 beneficia,
2055 3771 2310 3859 quibus
2359 3773 2507 3871 ipse
2542 3827 2557 3854 ,
2602 3772 2801 3862 juxta

262 3862 545 3931 verbum
599 3881 803 3932 suum
842 3913 858 3939 ,
928 3859 1327 3930 abscondita
1375 3881 1413 3929 a
1473 3861 1903 3949 sapientibus
1964 3872 2028 3930 et
2088 3859 2546 3949 prudentibus
2604 3862 2802 3952 regni

262 3948 574 4019 coelestis
644 3948 966 4049 mysteria
1016 3948 1381 4030 revelarem
1450 3970 1702 4036 eosque
1769 3969 2231 4038 supernorum
2301 3948 2799 4019 charismatum

263 4037 464 4107 donis
512 4037 681 4107 adeo
715 4037 1110 4118 illustraret,
1150 4051 1224 4106 ut
1254 4037 1562 4107 omnium
1618 4038 1974 4118 virtutum,
2022 4060 2099 4106 ac
2142 4036 2474 4106 bonorum
2512 4058 2798 4128 operum

261 4126 594 4216 exemplis
628 4126 996 4197 Ecclesiam
1030 4125 1352 4206 foverent,
1407 4149 1487 4196 ac
1536 4126 1891 4216 signorum
1934 4126 2150 4216 gloria
2181 4125 2662 4196 clarificarent.
2721 4131 2797 4195 In

264 4213 512 4284 diebus
571 4238 729 4287 vero
777 4215 1026 4285 nostris
1085 4215 1240 4285 fecit
1297 4214 1585 4286 salutem
1656 4236 1976 4304 magnam
2050 4215 2116 4283 in
2183 4235 2397 4283 manu
2452 4214 2795 4295 feminae;

263 4304 619 4374 suscitavit
665 4304 848 4375 enim
889 4304 957 4373 in
993 4303 1292 4375 Ecclesia
1332 4306 1480 4385 sua,
1522 4302 1730 4374 veluti
1763 4324 2006 4373 novam
2060 4302 2414 4385 Deboram,
2459 4304 2800 4375 Teresiam

239 4487 240 4490 Ἴ
318 4427 345 4454 ⁸¹
373 4428 525 4477 nujus
544 4431 871 4480 nomimffixv.
