3347 4999
176 352 358 418 OCT.
418 353 443 415 fl
1044 369 1121 415 nn
1168 368 1225 415 s.
1277 369 1536 416 flammo
1575 369 1868 417 anemae.
2544 352 2628 418 39

178 449 569 519 Sedendum
606 471 766 540 ergo
810 448 1003 532 prius
1035 460 1158 526 est,
1202 461 1277 517 ut
1314 462 1461 537 post
1505 463 1679 519 recte
1729 471 2133 539 surgamus:
2186 450 2346 537 quia
2395 451 2716 538 quisquis

178 561 366 608 nunc
406 561 476 607 se
526 553 765 627 sponte
817 536 1160 616 humiliat,
1216 537 1400 607 hunc
1442 560 1735 625 sequens
1783 537 2000 628 gloria
2029 538 2299 608 exaltat.
2354 540 2718 609 Manducat

176 642 405 696 autem
464 649 704 715 panem
759 626 1052 696 doloris:
1106 626 1224 713 qui
1274 626 1484 716 gemit
1538 627 1608 695 in
1660 626 1788 695 hac
1840 628 2404 718 peregrinatione,
2457 642 2523 698 et
2568 651 2722 698 coe-

178 716 328 785 lesti
385 715 726 786 desiderio
779 716 861 783 ad
928 728 1268 783 aeternam
1322 715 1597 785 anhelat
1653 716 1969 806 patriam.
2025 716 2306 785 Condito
2369 717 2712 804 siquidem

178 818 622 883 testamentO,
677 816 741 872 et
788 804 1139 891 dispositis
1188 804 1551 882 omnibus,
1619 805 1782 891 quia
1830 818 1906 873 ut
1939 806 2068 875 scri
2127 818 2268 874 tum
2320 819 2458 885 est,
2515 829 2716 875 verus

179 893 483 983 agricola
541 915 812 962 omnem
868 893 1021 961 vitis
1071 913 1264 961 verae
1322 893 1669 980 palmitem
1725 893 2022 962 fructum
2093 907 2388 963 erentem
2447 906 2715 984 purgat.

178 996 260 1051 ut
292 982 604 1052 fructum
626 982 785 1072 plus
830 982 1098 1051 afferat:
1149 980 1509 1050 oculorum
1561 1003 1680 1050 cor
1731 981 2020 1051 oralium
2077 981 2341 1051 lumine
2378 982 2720 1069 aliquam-

176 1071 308 1139 diu
354 1084 456 1140 est
507 1072 833 1160 privatus,
888 1082 1229 1156 quatenus
1267 1071 1512 1138 mentis
1553 1093 1682 1139 ocu
1718 1072 1774 1139 is
1823 1071 2150 1139 intentius
2197 1092 2373 1158 quae
2421 1093 2714 1161 superna

183 1172 369 1240 sunt,
425 1160 507 1229 ad
558 1181 732 1247 quae
785 1170 915 1227 toto
964 1158 1302 1228 desiderio
1335 1158 1724 1238 anhelabat,
1764 1159 2211 1249 contemplari
2257 1160 2527 1229 valeret.
2572 1165 2726 1230 Stu—

183 1248 392 1318 debat
439 1261 664 1317 autem
720 1248 785 1315 in
832 1270 997 1317 suae
1048 1246 1466 1337 probationis
1502 1248 1869 1318 tentatione
1903 1270 2174 1337 semper
2205 1249 2459 1337 gratias
2494 1271 2716 1337 agere,

183 1338 466 1427 hymnis
512 1338 621 1406 Dei
670 1351 734 1405 et
771 1336 1095 1405 laudibus
1126 1336 1371 1407 diebus
1405 1359 1486 1405 ac
1522 1337 1838 1407 noctibus
1879 1360 2150 1418 vacanS,
2182 1353 2246 1406 et
2279 1337 2463 1406 fideli
2495 1351 2720 1407 mente

189 1425 607 1517 intelligenS,
661 1426 988 1512 quoniam
1039 1425 1156 1511 qui
1211 1424 1562 1493 humiliter
1610 1425 1882 1516 flagella
1931 1426 2344 1515 suscipiunt,
2403 1440 2552 1515 post
2602 1428 2724 1495 ssa-

184 1514 365 1605 gella
403 1514 792 1584 sublimiter
840 1513 922 1583 ad
962 1515 1261 1600 requiem
1315 1514 1816 1604 suscipiuntur.
1856 1514 2046 1597 Quod
2082 1529 2145 1583 et
2176 1515 2243 1582 in
2280 1536 2358 1583 eo
2396 1515 2724 1584 Dominus

190 1605 259 1672 in
304 1605 645 1692 praesenti
697 1603 929 1672 volens
975 1602 1354 1682 ostendere,
1399 1604 1598 1688 quasi
1649 1604 1902 1693 pignus
1951 1616 2263 1673 aeternae
2315 1604 2487 1674 lucis
2535 1606 2726 1673 a'nte-

186 1714 396 1779 quam
437 1692 812 1770 decederet,
866 1691 1087 1760 visum
1137 1692 1202 1759 ei
1249 1691 1563 1760 restituit.
1640 1693 1829 1761 Unde
1881 1693 2060 1762 sicut
2108 1705 2173 1761 et
2220 1692 2305 1762 de
2354 1693 2726 1763 amissione

190 1782 505 1857 luminis,
565 1802 809 1849 nomen
856 1780 1122 1848 Domini
1168 1779 1530 1849 benedixit.

278 1874 315 1955 ἓ
364 1874 516 1940 54.
572 1874 648 1936 Et
690 1891 819 1937 non
889 1869 1373 1957 post„longum
1426 1868 1725 1958 spatium
1788 1870 2014 1940 sciens
2074 1868 2315 1939 adesse
2379 1870 2560 1938 diem
2615 1870 2723 1939 sui

195 1958 570 2036 transitus,
632 1979 749 2046 per
797 1958 1152 2027 Missarum
1207 1956 1733 2026 celebrationem
1793 1981 1873 2028 ac
1920 1980 2153 2028 sacrae
2214 1958 2726 2028 communionis

195 2046 656 2145 largitionem,
699 2046 1101 2115 valefaciens
1146 2060 1210 2115 et
1247 2046 1423 2115 dans
1476 2067 1707 2135 pacem
1760 2047 1924 2117 filiis
1972 2046 2140 2128 suis,
2198 2062 2557 2136 postquam
2611 2069 2729 2137 per

194 2134 435 2223 viginti
487 2147 551 2202 et
583 2135 757 2203 duos
787 2156 1005 2203 annos
1056 2135 1121 2202 in
1174 2134 1475 2205 clericali
1514 2135 1789 2204 ordine:
1847 2136 1911 2204 in
1965 2136 2377 2225 Episcopatu
2426 2158 2582 2206 vero
2623 2158 2727 2205 se-

196 2223 553 2313 ptuaginta
591 2237 881 2309 quatuor
913 2223 1505 2293 continentissime
1544 2246 1624 2293 ac
1672 2225 2186 2314 religiosissime
2222 2225 2442 2313 tidelis
2489 2248 2728 2295 servus

193 2325 261 2379 et
311 2311 615 2398 prudens
683 2313 966 2381 Domino
1024 2312 1481 2392 ministravit,
1537 2315 1983 2403 nonagesimo
2038 2328 2223 2383 sexto
2270 2315 2507 2383 aetatis
2564 2336 2728 2382 suae

190 2421 398 2480 annO,
441 2400 668 2469 idibus
708 2400 1036 2491 januarii,
1082 2401 1301 2469 sancti
1336 2402 1732 2471 certaminis
1779 2424 1991 2472 cursu
2030 2415 2530 2480 consummato,
2595 2402 2728 2471 fide

192 2504 483 2571 servata,
523 2512 679 2560 cum
726 2489 1088 2580 multiplici
1128 2490 1463 2560 bonorum
1499 2512 1783 2581 operum
1822 2492 2050 2561 fructu
2089 2506 2153 2561 et
2191 2492 2578 2561 animarum
2626 2492 2730 2561 lu-

196 2600 337 2657 cro,
403 2593 477 2648 ut
533 2579 653 2647 diu
701 2578 1150 2659 desideravit,
1204 2579 1436 2648 anima
1483 2580 1708 2650 coelos
1757 2594 2158 2670 penetrans,
2217 2595 2432 2651 terrae
2479 2603 2732 2671 corpus

199 2666 538 2736 reddidit:
592 2668 939 2757 accipiens
1001 2668 1241 2736 stolam
1292 2668 1545 2749 albam,
1600 2670 1873 2739 animae
1928 2670 2186 2739 scilicet
2236 2670 2722 2740 beatitudinem

194 2757 723 2844 sempiternam.
799 2756 1015 2826 donec
1080 2757 1146 2824 in
1201 2758 1696 2828 resurrectione
1754 2759 2034 2828 alteram
2111 2760 2402 2848 accipiat
2451 2759 2721 2839 stolam,

193 2844 460 2913 beatam
512 2844 824 2915 videlicet
874 2867 1010 2914 una
1058 2866 1217 2915 cum
1268 2846 1502 2915 anima
1553 2861 1903 2937 resumpta
1937 2846 2371 2937 glorificandi
2421 2848 2730 2937 corporis

193 2933 805 3004 immortalitatem.

288 3023 325 3107 ἓ
370 3024 520 3093 55.
578 3028 820 3092 Beatus
857 3022 1067 3112 igitur
1105 3023 1358 3094 athleta
1396 3024 1531 3102 Dei,
1572 3025 1921 3094 confessor
1968 3024 2216 3097 officio,
2266 3037 2525 3114 martyr
2559 3046 2729 3111 quo-

191 3131 327 3195 que
369 3110 618 3189 studio,
661 3112 956 3180 invictus
988 3114 1382 3193 certamine,
1418 3113 1720 3202 palmam
1750 3135 2086 3199 quaerens
2114 3114 2475 3204 sanguine.
2513 3119 2726 3196 Quem

190 3199 359 3284 quia
407 3198 528 3268 diu
563 3200 850 3288 contigit
909 3201 975 3268 in
1012 3221 1296 3290 corpore
1358 3202 1615 3277 vivere,·
1662 3224 1936 3270 necesse
1984 3201 2112 3271 fuit
2149 3202 2364 3274 ,etiam
2419 3202 2728 3293 longiora

191 3288 428 3356 carnis
460 3303 526 3356 et
570 3287 825 3358 diaboli
862 3302 926 3357 et
959 3311 1324 3378 pravorum
1364 3290 1722 3359 hominum
1772 3303 2183 3360 tentamenta
2220 3290 2526 3361 tolerare.
2559 3292 2734 3373 Quia

193 3376 406 3453 enim,
461 3376 828 3480 adiuvante
878 3399 948 3446 se
1000 3379 1317 3458 Domino,
1378 3380 1692 3447 virtutem
1750 3379 2111 3467 patientiae
2160 3379 2419 3449 sortiter
2465 3402 2734 3449 servare

192 3464 573 3544 contendit,
625 3479 689 3535 et
740 3467 805 3534 in
861 3488 1026 3554 pace
1078 3467 1411 3536 Ecclesiae
1463 3467 1645 3546 vixit,
1684 3480 1749 3535 et
1800 3480 2020 3536 tamen
2069 3469 2375 3557 martyrii
2428 3468 2727 3558 palmam

195 3554 443 3621 tenuit.
498 3558 983 3624 consummato
1028 3576 1193 3645 ergo
1243 3555 1527 3624 feliciter
1573 3578 1810 3635 cursu,
1867 3556 1951 3625 ad
2003 3571 2396 3626 sanctorum
2449 3564 2735 3646 Aposto-

197 3641 424 3710 lorum
478 3663 555 3709 ac
606 3647 976 3732 Martyrum
1030 3645 1493 3720 consortium,
1547 3644 1897 3714 confessor
1931 3646 2195 3714 Domini
2235 3647 2574 3736 pretiosus
2609 3652 2735 3716 Re—

196 3729 459 3820 migius
510 3743 658 3816 post
725 3745 1004 3801 mortem
1054 3733 1362 3821 corporis
1410 3733 1705 3822 gloriose
1759 3735 2099 3822 pervenit,
2154 3736 2333 3804 sicut
2380 3746 2738 3804 attestatur

192 3818 581 3906 Apostolica
646 3819 743 3887 illi
793 3821 1010 3910 gratia
1057 3821 1348 3899 collata,
1403 3843 1570 3910 gens
1621 3822 1933 3892 videlicet
1981 3824 2337 3902 Francica,
2392 3823 2476 3892 ad
2533 3823 2736 3891 fidem

194 3907 446 3976 Christi
483 3929 600 3996 per
636 3929 792 3976 eum
844 3929 1193 3989 conversa,
1238 3923 1302 3978 et
1334 3910 1656 3999 baptismi
1693 3912 1910 4002 gratia
1942 3925 2377 3981 consecrata:
2421 3912 2733 4000 martyrii

198 3996 456 4083 palma,
513 3996 999 4086 longanimitas
1044 3997 1405 4086 patientiae
1456 4000 1523 4067 in
1578 3999 2025 4087 longaevitate
2060 4001 2283 4089 ipsius
2318 4000 2532 4069 vitae:
2570 4023 2737 4069 con-

193 4084 517 4154 sessionis
551 4084 793 4175 gloria,
850 4085 1260 4155 orthodoxae
1310 4086 1464 4156 fidei
1510 4089 1962 4177 praedicatio,
2015 4102 2079 4158 et
2116 4089 2442 4158 virtutum
2492 4104 2628 4158 tam
2665 4089 2752 4156 in·

199 4173 333 4241 vita
385 4174 617 4263 ipsius.
651 4174 981 4262 corporiS‚
1027 4189 1349 4260 quam.et
1398 4191 1549 4266 post
1585 4177 1848 4246 obitum
1907 4177 2256 4265 praeclara
2309 4179 2639 4248 ostensio.

280 4269 326 4342 ,ἓ
376 4266 533 4334 ὅθ.
593 4267 940 4332 Caeterum
969 4284 1126 4332 cum
1164 4263 1375 4335 funus
1415 4266 1929 4335 sanctissimum
1974 4264 2353 4335 deferretur
2385 4266 2475 4335 ad
2512 4265 2747 4356 sepul-

201 4362 424 4419 turam
483 4351 838 4422 ecclesiam
899 4373 1134 4421 versus
1182 4365 1573 4422 sanctorum
1635 4369 2016 4441 martyrum
2066 4354 2402 4424 Timothei
2436 4368 2502 4424 et
2545 4354 2744 4443 Apol-

204 4437 465 4519 linariS,
523 4462 721 4510 secus
769 4439 1128 4510 ecclesiam
1166 4443 1384 4512 sancti
1417 4441 1888 4531 Christophori
1924 4443 2271 4531 martyris,
2309 4443 2382 4511 in
2423 4444 2591 4516 loco,
2628 4441 2751 4512 ubi
