3347 4999
716 361 842 426 ⁴78
1485 378 1565 424 na
1611 378 1667 426 s.
1721 376 2066 425 raanmsco
2113 377 2298 424 conr.
2903 359 3112 425 OCT.
3175 362 3222 426 4

626 462 996 549 sanctique
1027 481 1299 540 manuS,
1334 460 1541 549 pedes
1573 474 1639 531 et
1668 460 1849 530 latus
1886 462 2208 531 manibus
2245 481 2367 551 pro
2423 461 2543 531 riis
2574 461 3091 542 contrectabat,
3131 476 3223 532 ut

625 552 793 620 dum
850 549 1212 619 vulnerum
1267 549 1512 619 Christi
1563 552 1830 620 veracia
1881 549 1999 620 illa
2045 551 2101 619 si
2157 572 2243 619 na
2296 572 2380 640 pa
2416 550 2643 640 pando
2689 552 3156 641 contingeret
3187 605 3212 632 ,

623 640 710 710 de
756 639 867 709 sui
916 652 980 709 et
1033 637 1346 707 omnium
1396 638 1725 708 cordibus
1769 659 1975 708 omne
2021 639 2118 708 du
2173 639 2393 708 ietatis
2453 639 2708 708 vulnus
2757 653 3210 740 amputaret.

624 734 907 818 Propter
944 727 1128 814 quod
1180 740 1246 796 et
1298 726 1447 816 ipse
1484 728 1662 797 inter
1705 727 1880 796 alios
1928 728 2139 817 hujus
2188 727 2489 797 veritatis
2539 741 2673 797 tam
2727 728 3218 798 certitudina·

623 816 777 886 liter
822 816 1098 906 agnitae
1131 869 1148 898 ,
1204 817 1392 885 testis
1439 828 1766 885 constans
1817 816 2250 916 postmodum
2314 816 2596 886 effectus
2653 828 2805 897 est,
2859 829 2928 885 et
2987 819 3214 887 tactis

624 905 1104 985 sacrosanctis,
1134 904 1532 994 juramento
1567 905 1890 973 firmavit.
1929 910 2194 974 Fratres
2241 917 2468 975 autem
2505 919 2572 974 et
2604 905 2757 986 filii,
2794 905 2918 993 qui
2961 908 3214 976 vocati

625 994 897 1065 fuerant
944 993 1032 1062 ad
1071 994 1433 1062 transitum
1479 993 1693 1084 patris
1726 1047 1743 1074 ,
1796 1015 1957 1062 cum
2006 995 2198 1062 omni
2256 993 2702 1064 multitudine
2749 995 3208 1085 populorum

623 1097 892 1153 noctem
943 1082 1161 1162 illam,
1218 1081 1286 1149 in
1323 1104 1461 1168 qua
1495 1081 1725 1151 almus
1760 1081 2007 1151 Christi
2055 1082 2403 1152 consessor
2433 1081 2748 1163 decessit,
2785 1086 2885 1153 sic
2923 1083 3211 1155 divinis

625 1171 956 1241 laudibus
976 1170 1406 1250 dedicarunt,
1445 1183 1684 1241 utnon
1716 1170 2195 1241 defunctorum
2228 1172 2574 1258 exequiae,
2602 1171 2718 1242 sed
2751 1171 3207 1262 Angelorum

623 1260 953 1329 excubiae
1001 1258 1417 1329 viderentur.
1458 1264 1653 1330 Mane
1685 1272 1912 1328 autem
1955 1259 2153 1339 sacto,
2197 1261 2435 1330 turbae
2471 1282 2648 1346 quae
2678 1276 3199 1343 convenerant,

626 1348 928 1439 acceptis
975 1349 1300 1418 arborum
1352 1349 1565 1417 ramis
1595 1402 1611 1428 ,
1662 1361 1730 1418 et
1774 1369 2124 1417 cereorum
2186 1348 2664 1438 multiplicatis
2724 1349 3146 1420 luminibus
3178 1406 3198 1430 ,

624 1460 785 1508 cum
836 1437 1118 1526 hymnis
1154 1449 1221 1505 et
1255 1437 1546 1507 canticis
1576 1459 1849 1506 sacrum
1896 1458 2147 1527 corpus
2179 1437 2265 1506 ad
2307 1437 2647 1508 civitatem
2689 1438 2932 1509 Assisii
2988 1440 3206 1510 detu-

624 1526 876 1596 lerunt.
930 1531 1387 1595 Transeuntes
1434 1547 1592 1595 vero
1644 1547 1767 1616 per
1811 1526 2171 1595 ecclesiam
2223 1527 2438 1596 sancti
2495 1527 2805 1596 Damiani
2838 1583 2856 1610 ,
2915 1529 2992 1596 in
3049 1552 3202 1615 qua

625 1615 818 1704 virgo
866 1614 982 1683 illa
1037 1613 1287 1684 nobilis
1335 1614 1574 1697 Clara,
1630 1636 1817 1684 nunc
1881 1614 2179 1704 gloriosa
2228 1615 2297 1684 in
2353 1614 2562 1684 coelis
2602 1670 2617 1696 ,
2675 1630 2837 1684 tunc
2901 1617 3202 1687 inclusa

628 1726 787 1774 cum
840 1703 1227 1793 virginibus
1278 1704 1678 1773 morabatur
1710 1757 1726 1785 ,
1794 1703 2027 1790 ibique
2097 1702 2606 1791 aliquantulum
2665 1705 3200 1787 subsistentes,

624 1814 898 1862 sacrum
953 1814 1206 1882 corpus
1254 1813 1404 1860 mar
1453 1793 1647 1862 aritis
1693 1791 2104 1862 coelestibus
2153 1792 2561 1882 insignitum
2594 1847 2611 1874 ,
2678 1792 3079 1864 videndum
3136 1810 3203 1865 et

622 1880 1081 1952 osculandum
1144 1880 1360 1951 sacris
1408 1880 1548 1950 ilis
1609 1881 1995 1970 virginibus
2042 1881 2463 1950 obtulerunt.
2525 1882 3020 1952 Pervenientes
3072 1884 3201 1954 de-

623 1971 834 2057 nique
882 1969 967 2039 ad
1034 1969 1372 2038 civitatem
1446 1991 1603 2039 cum
1645 1970 1920 2057 jubilo,
1993 1970 2370 2059 pretiosum
2434 1970 2835 2040 thesaurum
2877 2026 2893 2052 ,
2970 1994 3198 2060 quem

624 2060 1038 2149 portabant,
1093 2058 1161 2126 in
1210 2056 1497 2128 ecclesia
1547 2059 1769 2128 sancti
1817 2059 2086 2150 Georgii
2133 2080 2291 2128 cum
2344 2059 2533 2127 omni
2586 2060 2970 2130 reverentia
3026 2057 3200 2131 con-

621 2147 967 2216 diderunt.
1023 2150 1101 2215 In
1150 2167 1229 2216 eo
1277 2147 1616 2235 siquidem
1688 2147 1832 2217 loco
1882 2147 2219 2217 Puerulus
2289 2147 2545 2216 litteras
2591 2148 2881 2230 didicit,
2939 2150 3199 2238 ibique

624 2235 1065 2326 postmodum
1113 2235 1549 2325 praedicavit,
1598 2250 1940 2326 postremo
1989 2236 2242 2305 ibidem
2296 2236 2520 2305 locum
2567 2237 2871 2326 primum
2915 2241 3199 2326 quietis

623 2325 911 2412 accepit.
963 2324 1258 2394 Transiit
1304 2339 1533 2394 autem
1587 2324 1996 2394 venerabilis
2045 2330 2242 2394 Pater
2285 2347 2367 2393 ex
2421 2325 2630 2414 hujus
2690 2326 2940 2395 mundi
3005 2352 3196 2400 nau-

620 2412 878 2513 fragio,
934 2434 1115 2481 anno
1156 2414 1546 2483 Dominicae
1594 2413 2089 2483 incarnationis
2141 2413 2507 2483 millesimo
2555 2413 3048 2488 ducentesimo
3093 2420 3196 2488 vi·

622 2517 1095 2602 gesimosextQ
1134 2515 1379 2589 quarto
1428 2509 1653 2573 Nonas
1700 2504 2031 2583 Octobris,
2076 2503 2188 2574 die
2225 2503 2493 2574 sabbati
2528 2502 2598 2572 in
2632 2526 2805 2584 sero,
2849 2508 3197 2597 sepultus

618 2613 689 2660 1n
727 2590 840 2659 die
879 2591 1257 2661 Dominico.

707 2682 745 2767 ξ
791 2684 951 2752 84.
1006 2681 1238 2770 Coepit
1284 2692 1509 2750 autem
1562 2682 1677 2751 Vir
1708 2681 1950 2751 beatus
1982 2682 2332 2763 continu0,
2387 2682 2659 2751 divinae
2693 2681 2889 2752 faciei
2928 2705 3188 2774 super·

620 2769 995 2839 irradiante
1040 2782 1395 2858 respectu,
1451 2770 1726 2860 magnis
1789 2781 1855 2838 et
1921 2770 2158 2840 multis
2217 2792 2582 2841 coruscare
2632 2771 3002 2841 miraculis
3040 2828 3057 2853 ,
3116 2787 3191 2844 ut

618 2857 1012 2930 sublimitas
1045 2859 1426 2928 sanctitatis
1457 2859 1632 2947 ejus,
1661 2880 1861 2946 quae,
1891 2859 2043 2948 ipso
2075 2859 2338 2929 vivente
2386 2860 2450 2927 in
2503 2881 2733 2941 carne,
2766 2859 2848 2928 ad
2893 2882 3183 2931 morum

617 2947 1062 3016 directionem
1118 2968 1235 3037 per
1273 2947 1584 3037 exempla
1652 2948 1988 3037 perfectae
2034 2948 2345 3037 justitiae
2402 2949 2794 3019 innotuerat
2841 2950 3172 3030 mundo,

617 3036 737 3105 illo
765 3036 912 3124 jam
966 3050 1292 3137 regnante
1338 3057 1498 3105 cum
1549 3035 1860 3116 Christo,
1913 3036 1997 3105 ad
2050 3058 2322 3106 omnem
2387 3036 2546 3106 fidei
2595 3037 3002 3106 firmitatem
3061 3062 3185 3128 per

618 3124 955 3193 miracula
1003 3124 1278 3193 divinae
1327 3126 1666 3225 potentiae
1731 3126 2297 3226 comprobaretur
2355 3148 2393 3195 e
2454 3127 2665 3196 coelO.
2719 3130 3042 3213 Cumque
3105 3129 3175 3197 in

616 3211 909 3282 diversis
945 3212 1133 3282 orbis
1175 3213 1487 3301 partibus
1526 3213 1823 3304 gloriosa
1852 3236 2003 3304 eJus
2033 3214 2388 3295 miracula,
2422 3214 2747 3305 largaque
2774 3236 2898 3305 per
2928 3215 3174 3305 ipsum

620 3301 981 3389 impetrata
1013 3300 1371 3382 beneficia,
1428 3301 1764 3393 plurimos
1797 3302 1881 3371 ad
1918 3302 2165 3372 Christi
2201 3302 2624 3373 devotionem
2677 3302 3169 3385 accenderent,

613 3401 679 3458 et
710 3388 795 3457 ad
835 3389 1055 3478 ipsius
1089 3390 1319 3460 Sancti
1353 3392 1791 3461 reverentiam
1831 3391 2217 3473 incitarent,
2266 3392 2813 3462 acclamantibus
2848 3404 2993 3462 tam
3035 3394 3171 3463 lin·

617 3477 778 3566 guis
825 3498 1224 3548 sermonum
1274 3500 1479 3565 quam
1513 3501 1801 3567 operum
1843 3480 1929 3549 ad
1970 3502 2172 3550 aures
2212 3481 2470 3551 summi
2511 3480 2858 3551 Pontificis
2893 3481 3171 3553 domini

614 3566 922 3658 Gregorii
970 3570 1079 3648 IX,
1134 3588 1312 3654 quae
1368 3589 1487 3657 per
1540 3572 1822 3638 Servum
1886 3591 2118 3651 suum,
2157 3570 2625 3651 Franciscum,
2687 3574 2865 3640 Deus
2918 3592 3172 3661 opera-

612 3655 842 3737 batur,
889 3656 1239 3747 magnalia
1296 3670 1773 3746 pervenerunt.
1835 3663 2009 3728 Sane
2055 3680 2212 3727 cum
2268 3657 2448 3728 idem
2501 3671 2729 3749 pastor
2784 3659 3166 3745 Ecclesiae,

613 3766 751 3813 non
801 3744 1025 3814 solum
1067 3768 1144 3816 ex
1183 3743 1538 3814 miraculis
1577 3746 1834 3816 auditis
1868 3759 2019 3835 post
2070 3758 2379 3829 mortem,
2433 3770 2666 3816 verum
2703 3740 2909 3816 etiam
2959 3769 3171 3839 expe—

610 3832 928 3903 rimentis
963 3835 1031 3902 in
1067 3835 1201 3903 vita
1243 3834 1486 3923 ipsius,
1524 3836 1748 3905 oculis
1782 3835 1969 3917 visiS,
2014 3847 2079 3904 et
2129 3836 2452 3906 manibus
2486 3837 2945 3918 contrectatis,
3002 3860 3170 3906 san-

612 3922 913 3992 ctitatem
945 3925 1096 4013 ejus
1132 3922 1515 3993 mirabilem
1561 3923 1766 4014 plena
1810 3923 1948 3993 fide
1995 3924 2412 3995 certificatus
2446 3936 2866 4016 agnosceret,
2914 3946 2996 3994 ac
3041 3947 3172 4016 per

608 4010 740 4081 hoc
799 4012 868 4080 in
934 4011 1142 4083 coelis
1203 4011 1663 4103 glorificatum
1716 4035 1757 4082 a
1806 4013 2094 4083 Domino
2157 4014 2554 4083 nullatenus
2618 4014 3013 4095 dubitaret,
3083 4027 3172 4085 ut

611 4100 876 4172 Christo
910 4156 925 4183 ,
978 4100 1182 4188 cujus
1219 4113 1364 4171 erat
1423 4102 1732 4171 vicarius
1761 4156 1777 4183 ,
1818 4101 2261 4171 concorditer
2304 4114 2556 4194 ageret,
2602 4102 2788 4172 hunc
2830 4103 2898 4171 in
2953 4103 3172 4173 terris

611 4188 897 4259 reddere
934 4190 1294 4271 celebrem,
1342 4203 1698 4278 tamquam
1745 4192 1934 4259 omni
1985 4192 2417 4261 veneratione
2464 4190 2985 4282 dignissimum,
3044 4192 3169 4282 pia

608 4279 1156 4349 consideratione
1189 4279 1554 4369 disposuit.
1607 4281 1700 4349 Ad
1752 4302 2025 4350 omnem
2069 4302 2339 4368 quoque
2387 4279 2868 4350 certitudinem
2900 4279 3172 4349 facien-

610 4365 767 4436 dam
806 4369 953 4438 orbi
1005 4381 1341 4438 terrarum
1382 4368 1466 4438 de
1499 4368 1996 4461 glorificatione
2036 4371 2171 4439 Viri
2214 4369 2656 4450 sanctissimi,
2698 4370 2973 4438 inventa
3022 4370 3170 4439 mi-

606 4457 846 4528 racula
892 4469 956 4528 et
1003 4458 1391 4549 conscripta
1422 4514 1438 4542 ,
1491 4473 1556 4530 et
1613 4459 1898 4530 testibus
1960 4458 2226 4530 idoneis
2283 4459 2660 4550 approbata
2693 4514 2709 4542 ,
2768 4457 3164 4529 examinari
