3347 4999
744 302 875 365 498
1536 318 1614 364 nr.
1660 318 1718 365 s.
1772 315 2066 365 aanwmss
2117 319 2306 366 vinna
2879 298 3064 364 ocT.
3125 303 3194 366 Π·

658 417 1003 472 maternos
1051 402 1256 492 pedes
1284 401 2012 472 reverenterablueret.
2059 407 2531 471 Perseverante
2559 401 2772 491 igitur
2802 401 3188 483 Abbatisss,

654 506 719 561 et
770 492 879 580 pia
926 491 1225 577 quadam
1276 490 1649 580 pertinacia
1697 492 1768 559 in
1821 492 2166 581 proposito
2209 504 2675 581 permanente.
2721 491 3012 558 tandem
3045 492 3188 579 ejus

708 580 976 650 recibus
1009 580 1181 648 victa
1220 593 1433 649 mater
1460 579 1877 657 humillima,
1917 580 2123 670 pedes
2151 579 2479 649 lavandos
2506 579 2845 648 exhibuit.
2884 584 3192 666 Tumque

614 670 619 677 ’
694 668 928 739 uliana
977 690 1191 745 soror,
1242 690 1418 756 quae
1468 666 1743 753 pelvim,
1787 670 1855 737 in
1904 690 2041 756 qua
2078 681 2223 738 erat
2259 690 2464 755 aqua,
2521 668 2818 745 tenebat,
2859 667 3037 735 vidit
3063 682 3187 738 tam

658 779 945 847 magnas
996 758 1061 825 in
1112 758 1262 845 ejus
1313 756 1604 845 pedibus
1651 758 2014 838 scissuras,
2067 757 2251 826 unde
2285 778 2780 847 saepenumero
2814 778 3035 825 cruor
3063 779 3192 825 ma·

659 847 865 915 nabat
913 845 1161 946 frigido
1212 858 1546 935 tempore:
1598 867 1805 932 quem
1839 845 2146 933 quidem,
2204 846 2356 934 ipsa
2405 845 2771 924 nesciente,
2829 844 2901 912 in
2959 844 3106 915 luto
3135 860 3190 913 et

658 936 813 1003 nive
858 933 1121 1003 familia
1167 955 1316 1002 eam
1367 934 1794 1022 subsequens
1825 989 1841 1013 ,
1894 934 2121 1003 adhuc
2172 948 2505 1004 recentem
2544 940 2586 1013 ,⁶
2617 954 2748 1002 non
2807 954 2971 1002 raro
3043 956 3190 1002 con-

659 1024 898 1114 spexit.
978 1023 1303 1092 Viderunt
1360 1022 1563 1091 etiam
1635 1021 1976 1102 feminae.
2039 1023 2101 1091 ei
2163 1022 2593 1092 familiariter
2658 1022 3181 1100 ministrantes,

659 1110 1243 1199 quemadmodum
1293 1112 1577 1201 sanguis
1623 1132 1661 1179 e
1711 1110 1964 1199 plantis
2009 1111 2159 1197 ejus
2219 1132 2629 1201 erumpens,
2682 1110 2826 1178 illis
2879 1109 3189 1180 inhaere-

663 1214 784 1270 ret.
830 1204 993 1269 Cum
1051 1212 1197 1288 post
1237 1200 1611 1268 orationem
1677 1199 2092 1286 quandoque
2137 1199 2440 1289 fatigata,
2490 1199 2786 1286 quietem
2854 1212 3188 1287 captura,

663 1311 809 1358 sese
858 1289 940 1357 ad
1013 1288 1512 1378 hypocaustum
1569 1288 1602 1320 ⁴
1641 1287 2088 1368 contulisset,
2140 1309 2383 1358 somno
2458 1309 2691 1377 pressa
2747 1286 3187 1357 obdormivit.

664 1382 865 1447 Soror
914 1398 1067 1445 vero
1111 1377 1343 1453 Jutba,
1399 1377 1733 1447 monacha
1782 1376 2305 1458 Trebniciensis,
2342 1398 2517 1464 quae
2544 1376 2608 1443 ei
2657 1388 2801 1444 tum
2826 1378 3186 1456 serviebat,

663 1466 1176 1554 superveniens,
1232 1464 1399 1534 vidit
1435 1478 1827 1535 concretum
1880 1466 2313 1555 sanguinem,
2412 1464 2486 1534 ui
2532 1464 2616 1533 de
2680 1463 2945 1553 pedum
3004 1466 3188 1533 hian-

666 1555 852 1625 tibus
903 1555 1098 1623 rimis
1124 1553 1493 1634 effluxerat,
1552 1553 1721 1643 ipsis
1769 1553 2059 1642 pedibus
2092 1554 2379 1623 nonnihi
2459 1567 2642 1622 extra
2702 1552 3188 1622 vestimentum

664 1643 1237 1743 prominentibus.
1279 1647 1514 1727 Itaque
1562 1642 1919 1711 admirans
1976 1643 2397 1713 severitatem
2453 1641 2937 1741 poenitentiae,
2992 1664 3188 1729 quarn

668 1754 739 1800 1n
784 1746 1016 1802 sancta
1075 1729 1191 1799 illa
1240 1731 1354 1799 Dei
1402 1730 1661 1800 famula
1730 1731 2071 1810 cernebat,
2140 1743 2336 1800 caute
2383 1729 2537 1801 aliis
2609 1751 2759 1798 eam
2828 1729 3187 1800 indicavit.

668 1825 1233 1905 Quantacumque
1271 1831 1446 1887 esset
1476 1818 1753 1908 frigoris
1786 1820 2140 1908 asperitaS,
2175 1818 2379 1887 nudis
2428 1839 2695 1908 semper
2744 1819 3091 1889 manibus
3115 1833 3191 1888 te·

663 1908 866 1978 nebat
914 1907 1337 1988 Psalterium,
1390 1929 1546 1976 cum
1594 1906 1759 1975 illud
1810 1907 2081 1997 legeret,
2140 1920 2206 1977 et
2249 1906 2632 1977 candelam.
2671 1909 2896 1975 Orans
2957 1909 3186 1985 etiam.

668 1998 875 2066 nudis
925 2018 1255 2065 manuum
1307 1995 1615 2065 articulis
1664 2009 1878 2065 terrae
1926 1996 2201 2085 saepius
2249 1995 2722 2065 incumbebat:
2759 2015 2948 2081 quae
2988 1998 3188 2064 resin

665 2108 871 2155 causa
912 2083 1064 2163 fuit,
1119 2097 1194 2152 ut
1234 2097 1297 2152 et
1334 2106 1578 2155 manus
1609 2085 1759 2172 ejus
1791 2085 2026 2154 multis
2059 2084 2225 2155 locis
2271 2097 2495 2154 essent
2541 2096 2801 2173 ruptae,
2841 2105 2883 2151 e
2935 2085 3188 2171 quibus

667 2195 867 2261 saepe
898 2172 1181 2262 sanguis
1229 2172 1541 2259 guttatim
1602 2172 1939 2242 effluebat.
1998 2178 2184 2256 Quae
2229 2172 2509 2260 quidem
2561 2172 2952 2242 sanctitatis
3005 2175 3193 2263 signa

664 2260 822 2330 licet
860 2262 1011 2350 ipsa
1042 2272 1354 2329 accurate
1400 2261 1866 2341 absconderet,
1907 2274 1975 2330 at
2021 2283 2135 2331 sae
2185 2283 2223 2331 e
2255 2274 2477 2331 tamen
2514 2261 2656 2331 visa
2687 2272 2850 2329 sunt
2880 2283 2928 2328 a
2979 2261 3194 2331 samu·

664 2349 866 2418 labus
912 2349 971 2417 ei
1025 2348 1596 2427 ministrantibuS,
1652 2372 1809 2418 cum
1845 2371 2095 2436 aquam
2173 2348 2458 2419 avandis
2506 2349 2830 2418 manibus
2878 2351 3048 2437 ejus
3100 2351 3193 2420 in-

666 2437 1075 2508 funderent:
1132 2459 1254 2507 nec
1303 2438 1523 2528 potuit
1560 2437 1682 2508 diu
1732 2438 1936 2509 latere
1991 2460 2229 2509 omnes
2280 2437 2460 2526 quod
2510 2437 2597 2507 ad
2641 2436 2941 2528 gloriam
2991 2461 3200 2510 suam

669 2532 845 2597 Deus
890 2527 1303 2614 quandoque
1336 2525 1546 2596 voluit
1594 2526 1738 2596 fieri
1795 2528 2256 2598 manifestum.

752 2619 786 2702 ξ
838 2621 979 2688 ²1.
1034 2621 1361 2704 Asperum
1406 2615 1734 2698 cilicium,
1778 2638 1814 2684 e
1867 2617 2028 2687 setis
2065 2638 2397 2704 equorum
2447 2614 2859 2693 confectum,
2918 2616 3013 2685 ad
3074 2640 3204 2687 nu·

664 2704 829 2773 dum
880 2726 1130 2794 corpus
1179 2702 1453 2783 ferebat,
1510 2705 1622 2772 cui
1676 2705 1983 2775 manicas
2030 2705 2223 2775 albas
2269 2726 2305 2773 e
2338 2726 2567 2794 panno
2604 2717 2946 2784 assuerat,
2981 2719 3070 2774 ut
3104 2707 3208 2796 pie

661 2792 965 2863 eluderet
1011 2791 1245 2861 oculos
1295 2793 1748 2872 intuentium,
1805 2815 1890 2862 ne
1950 2793 2037 2861 ab
2083 2794 2182 2863 eis
2230 2792 2447 2863 latens
2497 2792 2918 2863 intrinsecus
2987 2796 3204 2864 vestis

664 2904 903 2971 aspera
964 2894 1375 2950 cerneretur.
1442 2886 1687 2949 Zonam
1748 2902 2018 2968 quoque
2081 2882 2444 2958 nodosam,
2512 2902 2590 2950 ex
2636 2901 2983 2967 equorum
3036 2885 3206 2952 setis

665 2982 1065 3050 contortam,
1119 2969 1202 3038 ad
1276 2968 1546 3038 lumbos
1595 2991 1757 3038 suos
1802 2969 2096 3048 ferebat,
2166 2970 2264 3038 eis
2315 2969 2483 3039 adeo
2530 2969 2928 3038 adstrictam
2967 3026 2985 3051 ,
3043 2986 3127 3041 ut
3171 2993 3207 3039 e

664 3059 991 3129 carnibus
1038 3058 1188 3148 ejus
1240 3058 1483 3127 misere
1531 3057 1886 3136 laceratis,
1940 3058 2313 3146 oportuerit
2378 3079 2496 3146 per
2546 3056 2920 3127 familiares
2982 3060 3049 3128 ei
3110 3059 3208 3130 fe-

664 3148 889 3216 minas
927 3147 1013 3214 ab
1062 3147 1212 3234 ejus
1244 3168 1524 3236 corpore
1570 3167 1720 3214 eam
1769 3147 2029 3215 extrahi
2079 3159 2142 3215 et
2181 3146 2377 3216 avelli
2426 3159 2491 3216 et
2553 3147 2814 3215 saniem
2876 3147 2970 3216 ab
3025 3149 3204 3238 ipsis

711 3234 1058 3304 utrefactis
1104 3235 1430 3304 carnibus
1479 3234 1729 3324 pannis
1779 3234 2207 3304 mollioribus
2233 3235 2554 3324 abstergi.
2596 3234 2708 3303 Vir
2752 3234 3050 3322 quidam
3096 3258 3202 3305 re·

662 3257 950 3412 ligiosus
996 3344 1076 3390 ex
1108 3322 1359 3392 Ordine
1391 3322 1958 3411 Templariorum,
2010 3344 2249 3392 zonam
2291 3323 2439 3411 ejus
2479 3325 2771 3414 generis,
2816 3322 3208 3414 diligenter

662 3409 937 3482 sacculo
971 3408 1335 3490 inclusam,
1389 3412 1447 3478 ei
1495 3411 1744 3481 obtulit
1789 3411 1993 3482 corde
2019 3411 2317 3500 simplici
2350 3424 2415 3480 et
2446 3411 2784 3502 religios0‚
2832 3426 3206 3501 praesente

661 3499 939 3567 domina
971 3504 1157 3567 Anna
1192 3519 1374 3568 nuru
1411 3500 1582 3587 ejus,
1626 3522 1803 3587 quae
1836 3499 2154 3590 specialis
2188 3499 2670 3570 familiaritatis
2701 3500 2872 3569 freta
2898 3500 3203 3580 fiducia,

661 3587 965 3657 oblatum
1016 3586 1079 3655 ei
1128 3587 1477 3656 sacculum
1525 3611 1560 3657 a
1617 3589 1829 3658 eruitt
1883 3610 2304 3676 cernensque
2334 3589 2404 3657 in
2450 3610 2530 3659 eo
2555 3601 2689 3658 tam
2731 3588 2962 3658 dirum
3012 3590 3208 3660 lace-

656 3676 913 3745 randae
929 3675 1194 3765 fragilis
1220 3696 1561 3765 corpuscu
1593 3677 1611 3745 i
1646 3678 2207 3758 instrumentum,
2238 3676 2531 3747 multum
2556 3677 2789 3747 animo
2812 3692 3206 3758 commota,

663 3765 884 3834 virum
919 3764 1142 3845 illum,
1188 3765 1304 3850 qui
1340 3786 1578 3834 zonam
1607 3764 1967 3847 obtulerat,
2003 3767 2265 3856 asperis
2291 3765 2679 3856 objurgavit
2712 3765 2960 3844 verbis,
3002 3766 3206 3854 quod

661 3853 789 3924 tale
840 3876 1097 3923 munus
1148 3852 1263 3921 tali
1310 3852 1631 3923 dominae
1668 3854 1984 3924 exhibere
2031 3876 2244 3924 ausus
2275 3870 2472 3927 esset.
2525 3853 2718 3937 Quod
2761 3854 2874 3923 Dei
2922 3852 3210 3925 famula

657 3942 969 4023 audiens»,
1007 3955 1082 4012 ut
1114 3955 1260 4011 erat
1306 3963 1572 4031 semper
1623 3943 1809 4012 mitis
1839 3956 1903 4012 et
1934 3942 2226 4034 placida,
2272 3941 2528 4012 blanda
2557 3964 2714 4011 voce
2759 3945 3214 4042 compescuit

659 4052 912 4100 nurum
942 4054 955 4096 ε
1011 4053 1046 4097 «
1083 4030 1340 4109 Desine,
1375 4031 1718 4131 inquienS,
1753 4013 1895 4101 msa
1928 4030 2363 4111 stomachari,
2394 4043 2460 4100 et
2487 4029 2833 4100 hominem
2867 4031 3205 4102 divinum

658 4119 1180 4218 reprehendere.
1217 4120 1328 4188 Dei
1376 4141 1558 4189 enim
1600 4121 1915 4190 voluntas
1944 4133 2066 4203 est,
2104 4119 2284 4208 quod
2325 4118 2437 4189 ille
2486 4118 2662 4189 fecit.
2712 4119 2778 4190 Si
2825 4120 3013 4188 enim
3061 4125 3212 4191 Do·—

659 4229 848 4277 mino
898 4229 1033 4277 non
1078 4207 1393 4296 placeret,
1449 4220 1524 4277 ut
1556 4229 1722 4278 zona
1776 4209 1902 4278 hac
1949 4231 2073 4299 ego
2099 4208 2486 4279 salutariter
2509 4220 2687 4289 utar,
2728 4230 2860 4277 non
2914 4208 3214 4279 fecisset

657 4310 735 4366 ut
786 4318 906 4386 pro
956 4318 1238 4366 munere
1289 4297 1457 4365 mihi
1505 4297 1590 4366 ab
1640 4299 1768 4368 hoc
1819 4298 2091 4368 homine
2120 4298 2544 4368 offerretur.»
2595 4297 2719 4368 Illa
2756 4297 2940 4368 enim
2981 4319 3212 4379 zona,

707 4423 732 4449 ¹·
763 4422 853 4464 Seu
871 4423 1205 4474 calefactorium.
