3347 4999
667 280 792 345 394
1310 298 1388 344 mv.
1436 299 1491 344 s.
1545 296 1916 345 annannno
1967 298 2212 343 nancte.
2266 297 2365 343 ΕΡ.
2793 276 2962 345 OCT.
3020 280 3105 344 »tt

573 382 878 472 seipsum
913 381 1427 461 commendanS,
1469 380 1584 449 sed
1638 381 1703 447 in
1759 380 2043 449 Domino
2083 403 2238 448 cum
2276 380 2661 450 humilitate
2695 381 2825 451 sibi
2864 381 3108 450 inolita

570 492 694 561 pro
757 471 934 540 bono
995 470 1451 539 conscientiae
1524 469 1910 538 testimonio
1983 469 2414 538 mediocriter
2485 470 2833 559 glorianS,
2911 469 3105 538 illam

572 580 844 645 semper
889 558 1405 648 Psalmographi
1460 558 1813 626 ruminare
1875 557 2132 627 solebat
2199 559 2638 627 sententiam:
2693 564 2834 629 Non
2894 560 3103 639 nobis,

574 649 871 727 Domine,
913 670 1039 716 non
1075 649 1279 727 nobis,
1339 648 1454 715 sed
1484 648 1744 715 nomini
1790 658 1900 715 tuo
1949 647 2038 715 da
2082 649 2376 746 gloriam
2421 647 2633 734 (I'sal.
2685 647 2863 734 tt3).
2916 653 3114 716 Jam-

571 748 734 805 tunc
786 757 1060 814 novum,
1118 736 1329 804 inimo
1378 730 1681 826 primum
1734 757 1804 803 se
1855 735 2097 805 Christi
2172 735 2584 823 tyrocinium
2659 735 3111 825 profitebatur

572 825 987 914 ingressum,
1028 824 1097 892 in
1134 824 1513 910 frequentia
1566 823 1826 893 scilicet
1861 837 1951 892 tot
1986 836 2261 910 tamque
2313 826 2750 897 robustorum
2803 824 3106 893 militum

573 913 843 993 Christi,
898 934 1192 999 quorum
1243 914 1443 981 etiam
1507 912 1808 1001 vestigiis
1876 933 1998 1002 pro
2052 912 2298 980 onebat
2345 912 2751 992 adhaerere,
2807 934 3107 999 quorum

573 1002 905 1091 exemplis
981 1002 1048 1069 in
1124 1014 1416 1070 montem
1472 1000 1739 1070 Domini
1804 1001 1981 1069 consi
2038 1002 2191 1070 ebat
2261 1000 2467 1071 altius
2568 1001 2973 1071 roculdubio
3036 1023 3112 1069 se

573 1112 773 1181 posse
829 1093 1103 1179 repere,
1162 1089 1219 1158 si
1268 1105 1489 1158 tamen
1555 1110 1634 1157 ea
1682 1111 1858 1176 quae
1926 1102 2100 1159 retro
2167 1103 2382 1170 erant,
2437 1091 2524 1159 ob
2559 1091 2713 1171 ἰῑυε,
2769 1090 2852 1157 ad
2915 1102 3110 1159 ante-

575 1180 755 1249 riora
836 1191 1344 1269 perseveranter
1412 1178 1931 1256 extenderetur,
1985 1178 2201 1247 donec
2268 1178 2367 1247 sic
2417 1178 2690 1248 tandem
2765 1199 3113 1267 apparens

574 1268 970 1357 conspectui
1024 1268 1287 1336 Domini
1340 1289 1497 1335 cum
1542 1266 1836 1353 justitia,
1876 1266 1960 1335 de
2003 1266 2428 1337 manifestata
2480 1266 2646 1336 solis
2692 1267 2928 1335 electis
2958 1267 3113 1356 ejus

575 1358 793 1446 gloria
843 1357 1148 1425 satietur.
1206 1361 1503 1425 Fuerunt
1553 1355 1824 1423 tandem
1864 1356 1992 1424 sub
2036 1356 2425 1445 magisterio
2477 1355 2758 1445 praefati
2811 1355 3113 1424 doctoris

573 1445 933 1536 Apostolici
968 1443 1292 1514 Bonifacii
1321 1444 1770 1535 quamplures
1798 1443 1940 1531 jam
1973 1444 2055 1512 ad
2087 1466 2386 1535 unguent
2422 1445 2636 1513 sancti
2670 1443 2820 1525 viri,
2865 1443 3110 1512 Lullus

578 1535 859 1613 scilicet,
895 1533 1114 1623 ipsius
1149 1548 1375 1623 postea
1417 1533 1479 1601 in
1523 1533 1917 1622 praesulatu
1945 1554 2320 1612 successor,
2367 1532 2799 1602 willibaldus
2824 1546 2889 1602 et
2930 1533 3117 1601 Win-

578 1622 916 1692 nebaldus
964 1622 1297 1712 germani,
1340 1622 1746 1711 wigbertus,
1795 1619 1970 1699 Sola,
2027 1622 2342 1691 Eobanus
2372 1634 2435 1689 et
2465 1621 2870 1691 Adelharius
2909 1633 3118 1708 atque

581 1710 991 1791 waltherus,
1048 1711 1431 1797 caeterique
1477 1723 1946 1799 cooperatores
1989 1709 2177 1779 illius
2226 1711 2293 1778 in
2349 1710 2550 1779 verbo
2623 1711 2757 1789 Dei,
2812 1731 3114 1796 quorum

582 1800 935 1880 vocabula,
964 1814 1310 1889 gestorum
1341 1799 1489 1955 effus
1520 1799 1691 1866 liber
1728 1799 2050 1877 continet,
2092 1799 2490 1868 monachica
2519 1799 2648 1867 sub
2694 1798 3119 1888 professione

578 1888 923 1978 degentes,
964 1900 1188 1957 tamen
1243 1892 1370 1954 Ecc
1401 1887 1737 1957 esiasticis
1788 1886 2185 1956 ministeriis
2220 1902 2421 1973 atque
2457 1888 2946 1978 praedicationi
2995 1909 3116 1976 pa-

581 1980 743 2047 riter
791 1976 1257 2046 inservientes.
1313 1980 1644 2057 Quorum,
1701 1987 1932 2064 utpote
1994 1976 2458 2064 spiritualium
2538 1998 2657 2066 per
2740 1977 2973 2045 omnia
3026 1976 3121 2043 vi-

582 2088 842 2145 rorum,
895 2065 1133 2133 crebro
1184 2075 1469 2133 tractare
1502 2065 1786 2132 curabat
1821 2064 2132 2146 consilio,
2187 2064 2481 2152 qualiter
2526 2064 2836 2134 eamdem
2892 2065 3119 2133 lucer-

583 2176 741 2224 nam
793 2153 1005 2222 divini
1082 2153 1375 2242 Spiritus
1448 2166 1581 2221 tam
1656 2152 2076 2221 sufficienter
2130 2175 2486 2222 accensam
2540 2154 2719 2244 igne,
2778 2152 3120 2222 Ecclesiae

586 2254 1077 2332 superponeret
1122 2241 1535 2310 candelabro
1574 2254 1637 2309 et
1670 2241 2254 2327 quemadmodum
2292 2241 2374 2310 ad
2419 2254 2916 2332 competentem
2962 2264 3121 2331 per-

584 2330 861 2431 duceret
907 2330 1247 2411 effectum,
1301 2330 1480 2415 quod
1532 2329 1616 2398 de
1664 2332 1877 2399 sancti
1933 2329 2180 2397 Kiliani
2218 2332 2540 2419 martyris
2590 2331 2844 2420 populo
2883 2331 3119 2418 acqui·

585 2420 877 2499 sitionis,
933 2440 1230 2507 superna
1281 2419 1408 2489 sibi
1457 2419 1676 2509 gratia
1724 2418 1946 2487 fuerat
1996 2418 2387 2489 revelatum.
2443 2420 2740 2488 Tandem
2786 2431 2881 2488 tot
2953 2431 3123 2488 tem-

586 2508 857 2599 plorum
886 2508 1178 2598 Spiritus
1197 2509 1418 2577 Sancti
1446 2508 2008 2577 concordantium
2035 2509 2390 2597 roboratus
2410 2509 2732 2587 oraculis,
2761 2509 3112 2596 Pipinum,

584 2597 701 2685 qui
754 2597 963 2686 Major
995 2596 1244 2665 domus
1274 2597 1523 2677 dictuS‚
1558 2610 1719 2665 tunc
1771 2602 2181 2665 Francorum
2221 2620 2506 2686 regnum
2542 2598 2673 2667 sub
2709 2597 3116 2676 Childerim,

588 2687 731 2756 solo
780 2687 1057 2755 nomine
1100 2690 1276 2775 Rege
1325 2685 1789 2775 dispensabat,
1836 2685 2125 2774 supplex
2175 2685 2365 2766 adiit,
2419 2686 2618 2772 eique
2668 2708 2876 2774 super
2922 2685 3117 2774 capi-

586 2775 731 2845 tulo
780 2775 1141 2865 praesenti,
1196 2774 1305 2843 sui
1354 2774 1580 2858 cordis
1629 2787 1884 2843 secreta
1935 2774 2272 2843 revelavit.
2328 2775 2455 2857 Qui
2488 2773 2882 2854 clementer,
2933 2794 3119 2842 more

589 2886 737 2946 sun,
795 2864 924 2953 piis
975 2864 1145 2932 votis
1182 2863 1561 2943 annuebat3
1619 2884 1839 2949 neque
1889 2863 2053 2931 haec
2103 2862 2349 2944 solum,
2390 2863 2504 2932 sed
2556 2863 2757 2932 etiam
2812 2885 3008 2932 suam
3043 2883 3122 2931 ac

588 2954 813 3043 regiae
877 2952 1230 3042 dignitatis
1297 2952 1356 3020 le
1408 2953 1700 3021 ationem
1770 2953 1911 3020 sive
1957 2951 2252 3031 litteras,
2308 2951 2390 3020 ad
2444 2952 2636 3020 Sedis
2694 2951 3120 3041 Apostolicae

590 3042 980 3111 Pontificem
1039 3063 1154 3130 per
1199 3062 1332 3110 eun
1388 3064 1495 3110 em
1557 3040 1938 3128 praesulem
2012 3040 2417 3109 destinabat.
2474 3046 2840 3129 Assumpto
2892 3041 3122 3126 itaque

590 3130 937 3231 praedicto
985 3129 1378 3198 Burchardo
1430 3130 1822 3218 presbytero
1869 3129 1925 3209 ⁴¹,
1983 3129 2214 3197 nivosa
2250 3129 2521 3219 praesul
2574 3129 2801 3198 almus
2850 3127 3123 3218 Alpium

579 3241 752 3308 Juga
803 3241 933 3287 non
986 3220 1134 3286 sine
1184 3218 1419 3288 multis
1470 3218 1889 3287 transcendit
1941 3218 2288 3307 periculis,
2335 3223 2613 3286 Domum
2665 3239 2960 3305 quoque,
3016 3216 3128 3283 di-

589 3308 744 3374 vina
791 3328 947 3375 eum
1001 3307 1423 3395 gubernante
1467 3306 1914 3396 providentie,
1974 3307 2159 3374 salvo
2208 3307 2537 3375 comitum
2578 3318 2642 3375 et
2673 3304 3130 3396 supellectilis

589 3417 753 3463 suae
805 3416 1112 3474 numero,
1161 3395 1523 3464 moenibus
1572 3408 2049 3485 praesentatur
2099 3394 2470 3463 RomuleiS.

674 3485 710 3570 ξ
757 3487 833 3552 2.
871 3487 1180 3551 Praeerat
1212 3483 1320 3551 his
1357 3484 1779 3573 temporibus
1815 3489 2158 3553 Romanae
2192 3482 2529 3552 Ecclesiae
2553 3483 2915 3553 Zacharias
2945 3487 3130 3550 Pon—

589 3571 769 3653 tifex,
826 3592 1143 3641 summus
1189 3571 1385 3640 ovilis
1439 3573 1769 3641 Dominici
1824 3586 2072 3662 pastor,
2110 3585 2247 3641 tam
2282 3573 2505 3642 verbis
2552 3593 2761 3658 quam
2796 3569 3134 3660 exemplis

587 3660 1013 3750 aptissimus,
1060 3663 1146 3729 ab
1194 3659 1508 3750 Apostolo
1556 3666 1746 3730 Petro
1798 3661 1957 3730 huic
2007 3659 2388 3749 Apostolico
2437 3659 2871 3730 Pontificatui
2934 3658 3133 3727 nullo

590 3748 791 3818 modo
839 3749 1287 3840 incongruus.
1344 3751 1467 3818 Hic
1516 3749 1747 3840 amplo
1782 3750 1940 3818 sinu
1990 3750 2342 3818 charitatis
2393 3750 2571 3818 viros
2609 3770 2690 3818 ex
2724 3748 3137 3818 Germaniae

591 3838 901 3928 partibus
974 3843 1256 3908 Romam
1330 3837 1773 3907 adventantes
1838 3838 2160 3939 colligere
2232 3838 2473 3906 solitus
2544 3850 2729 3918 erat,
2807 3850 3137 3927 satagens

591 3927 812 3995 modis
882 3928 1208 3997 omnibus
1274 3926 1577 3995 novellae
1631 3925 2073 4017 plantationis
2116 3927 2184 3995 in
2236 3926 2372 3995 fide
2429 3927 2673 3996 Christi
2726 3939 2961 4016 gentes
3009 3924 3142 3993 eli-

588 4036 739 4084 cere
785 4015 869 4083 ad
919 4016 1398 4106 expetitionem
1476 4016 1626 4097 loci,
1702 4016 1822 4104 qui
1896 4016 2074 4085 sicut
2144 4015 2528 4102 antiquitus
2581 4037 2697 4104 per
2746 4013 3135 4083 secularem

592 4104 959 4192 potentiam
1038 4104 1279 4174 mundi
1325 4116 1534 4194 caput
1592 4105 1939 4186 extiterat,
2009 4106 2102 4173 ita
2172 4104 2301 4174 sub
2362 4103 2807 4194 Evangelicae
2872 4102 3146 4193 gratiae

592 4205 892 4282 tempore
945 4214 1060 4279 per
1106 4207 1501 4281 susceptum
1555 4194 1799 4263 Christi
1851 4193 2246 4282 imperium,
2290 4205 2354 4261 et
2390 4192 2726 4283 principis
2776 4190 3145 4280 Apostolo-

589 4302 770 4362 rum,
802 4282 1245 4371 gentiumque
1276 4281 1572 4351 doctoris
1608 4282 2017 4372 martyrium
2054 4304 2132 4350 ac
2164 4280 2620 4370 sepulturam,
2654 4280 2722 4348 in
2757 4281 3152 4370 primatum

638 4410 664 4437 ὲ
695 4408 736 4449 S.
756 4407 1057 4449 Burohsrduc
1076 4405 1146 4448 bis
1168 4408 1362 4450 Runmn
1383 4406 1527 4454 venit,
1546 4409 1629 4450 sed
1644 4417 1892 4457 nmquam
1912 4409 1958 4449 S.
1981 4404 2223 4450 connato
2243 4416 2419 4448 ro-nes.
