3347 4999
691 341 818 403 580
1486 356 1564 401 na
1613 356 1669 402 s.
1725 354 1996 402 Anrcmo
2059 354 2249 401 nar.
2831 335 3005 403 OCT.
3056 337 3146 401 20

602 453 828 509 autem
866 438 1046 508 mala
1093 439 1266 508 Arrii
1323 440 1649 529 opinione
1697 440 1831 509 cito
1867 440 2164 509 extincta
2198 493 2213 518 ,
2269 450 2502 528 utpote
2547 438 2729 525 quod
2788 438 2945 527 pius
3002 442 3148 508 Im-

603 541 873 619 perator
904 530 1141 597 Niceae
1169 528 1560 598 divinorum
1600 534 1873 598 Patrum
1908 539 2392 618 congregasset
2413 526 2785 616 synodum;
2821 539 2885 596 et
2910 527 3146 615 ipsum

599 617 875 705 quidem
912 617 1177 686 Arrium
1217 618 1538 686 movisset
1561 639 1598 686 e
1629 630 1828 687 coetu
1875 617 2343 696 Sacerdotum3
2379 636 2614 685 verum
2663 628 2893 686 autem
2927 621 3143 685 Deum

599 720 665 775 et
713 706 1077 775 Dominum
1133 719 1442 776 nostrum
1491 706 1736 776 Jesum
1791 706 2159 787 Christum,
2197 704 2510 792 ejusdem
2552 725 2703 774 esse
2741 725 2899 774 cum
2950 709 3149 773 Patre

599 796 956 875 essentiae,
1010 807 1076 863 et
1121 807 1589 877 coaeternum,
1626 796 1806 866 sicut
1833 796 2051 885 prius,
2094 793 2590 884 praedicasset:
2630 793 2960 864 inimicus
2994 814 3150 861 rur-

599 907 721 953 sus
769 884 958 952 rabie
1007 883 1420 973 agitabatur,
1474 897 1539 952 et
1590 884 1887 972 priorem
1939 905 2133 953 suam
2187 882 2585 982 religionem
2648 903 2891 953 rursus
2937 902 3152 951 cona-

598 972 803 1041 batur
851 994 1165 1056 movere;
1216 986 1280 1040 et
1327 972 1447 1058 qui
1500 994 1622 1062 pro
1671 971 2004 1064 dignitate
2061 971 2121 1040 ei
2172 972 2265 1040 rei
2320 969 2727 1052 inserviret,
2780 969 3153 1061 diligenter

599 1061 1012 1149 inquirebat.
1059 1065 1225 1129 Cum
1280 1083 1575 1151 magnus
1616 1083 1778 1162 ergo
1827 1074 1890 1130 et
1928 1062 2194 1151 primus
2242 1059 2782 1129 Christianorum
2837 1064 3150 1159 Impera—

601 1162 747 1229 tor,
831 1150 939 1240 pie
987 1148 1196 1218 simul
1245 1161 1308 1218 et
1358 1149 1596 1239 pulcre
1632 1148 2283 1220 tricesimosecundo
2331 1169 2513 1217 anno
2562 1147 2671 1216 sui
2712 1148 3024 1238 imperti,
3071 1148 3142 1216 in

602 1238 956 1328 provincia
1005 1238 1484 1328 Bithynorum,
1523 1238 1804 1325 quando
1852 1238 2352 1329 expeditionem
2405 1236 2661 1327 incepit
2708 1235 2930 1305 facere
2975 1259 3149 1306 con-

602 1341 702 1396 tra
751 1332 1011 1407 Persem,
1066 1326 1495 1417 deposuisset
1566 1327 1983 1416 imperium,
2053 1339 2116 1395 et
2166 1326 2603 1395 Constantius
2673 1325 2864 1394 filius
2930 1325 3151 1415 patris

602 1415 1046 1487 successisset
1109 1416 1440 1505 imperi0,
1514 1430 1875 1505 postquam
1929 1418 1987 1485 is
2034 1436 2306 1502 quoque
2373 1413 2655 1484 exsolvit
2701 1413 3007 1483 debitum
3058 1415 3095 1449 ¹*
3125 1468 3143 1495 ,

598 1505 822 1593 ipsius
867 1504 1195 1594 patruelis
1241 1504 1582 1585 Julianus,
1621 1505 1741 1591 qui
1775 1505 1976 1574 etiam
2019 1516 2505 1594 transgressor,
2542 1515 2818 1593 propter
2849 1525 2929 1571 ea
2956 1503 3144 1589 quod

595 1614 821 1661 veram
876 1592 1079 1662 fidem
1130 1605 1305 1662 esset
1351 1606 1783 1683 aspernatuS‚
1838 1605 1903 1663 et
1950 1615 2021 1662 se
2068 1592 2152 1661 ad
2205 1591 2527 1683 gentilem
2583 1591 2993 1661 traduxisset
3040 1613 3145 1660 re-

596 1681 952 1771 ligionem,
995 1682 1153 1772 jure
1203 1680 1331 1750 suit
1392 1683 1825 1771 appellatus,
1896 1694 2160 1783 sceptra
2229 1681 2584 1770 tyrannice
2655 1679 3137 1770 apprehendit.

596 1770 971 1840 Constantii
1010 1783 1237 1839 autem
1292 1771 1665 1860 patruelem
1698 1792 1854 1839 eum
1892 1770 2220 1850 diximuS,
2266 1769 2595 1857 quoniam
2649 1783 2850 1838 natus
2900 1769 3028 1838 fuit
3059 1790 3147 1837 ex

598 1860 990 1928 Constantio
1037 1859 1460 1928 Constantini
1519 1859 1745 1937 fratre,
1800 1859 2050 1928 diversi
2105 1871 2327 1928 tamen
2400 1859 2694 1948 generis.
2749 1859 3011 1926 Etenim
3062 1879 3149 1926 ex

596 1969 749 2016 vere
782 1948 975 2016 beata
1026 1948 1280 2016 Helena
1349 1949 1499 2038 ipse
1560 1948 2046 2018 Constantinus
2117 1947 2307 2016 solus
2368 1960 2570 2017 natus
2616 1960 2718 2015 est
2781 1946 2979 2032 patri.
3050 1950 3148 2015 Ex

598 2036 949 2106 Theodora
1001 2048 1226 2105 autem
1263 2036 1404 2105 filia
1449 2037 1867 2117 Maximiani,
1920 2037 2040 2124 qui
2089 2036 2292 2105 etiam
2330 2034 2557 2105 dictus
2596 2048 2698 2105 est
2746 2034 3142 2116 HerculiuS,

598 2124 670 2193 hi
714 2138 845 2194 tres
881 2124 1022 2193 nati
1072 2136 1259 2206 sunt,
1319 2125 1720 2207 DalmatiuS,
1774 2124 2268 2196 Anaballianus
2313 2138 2379 2194 et
2425 2124 2882 2194 Constantius,
2940 2129 3147 2193 Porro

598 2234 677 2281 ex
726 2213 1118 2282 Constantio
1167 2213 1422 2296 Gallus,
1478 2226 1543 2283 et
1589 2214 1671 2294 is,
1716 2214 1801 2283 de
1833 2236 1969 2302 quo
2021 2215 2087 2282 in
2150 2214 2533 2303 praesentia
2581 2214 2831 2303 agitur,
2888 2213 3149 2302 turpis-

598 2302 819 2370 simus
867 2302 1213 2370 Julianus.
1265 2304 1392 2384 Qui
1426 2302 1705 2390 quidem
1750 2326 1936 2385 cum,
1992 2314 2067 2371 ut
2116 2302 2441 2383 diximuS,
2480 2323 2559 2371 ex
2607 2299 2977 2391 tyrannide
3030 2324 3141 2370 ac·

593 2390 885 2479 cepisset
933 2390 1328 2479 imperium,
1369 2392 1856 2481 gravissimum
1889 2413 2128 2461 rursus
2166 2390 2422 2460 bellum
2475 2391 2833 2471 excitatur,
2884 2402 2950 2458 et
2982 2412 3147 2479 gra-

591 2478 871 2549 vissima
921 2501 1185 2560 earum,
1239 2501 1535 2566 quarum
1587 2502 1895 2569 unquam
1948 2481 2066 2551 fiat
2108 2480 2402 2562 mentio,
2455 2480 2674 2550 oritur
2719 2479 3141 2569 persecutio.

679 2569 715 2655 ξ
763 2571 855 2638 8.
909 2572 1054 2650 Quo
1092 2567 1369 2655 quidem
1410 2582 1714 2659 tempore
1751 2593 2048 2661 magnus
2076 2582 2138 2638 et
2166 2571 2413 2660 pietate
2450 2569 2769 2658 insigniS,
2826 2568 3139 2649 divinus,

589 2655 899 2743 inquam,
954 2657 1293 2728 Artemius
1340 2656 1469 2727 fuit
1522 2660 1832 2748 martyrii
1882 2661 2140 2728 corona
2174 2658 2558 2728 redimitus.
2605 2657 2681 2727 Id
2732 2678 2887 2726 vero
2936 2679 3147 2747 aper-

588 2744 725 2816 tius
758 2744 1028 2815 docebit
1069 2745 1442 2836 procedens
1490 2748 1731 2816 orati0.
1790 2753 1953 2817 Cum
2029 2753 2316 2837 Magnus
2377 2747 2862 2816 Constantinus
2904 2744 3053 2833 jam
3104 2767 3146 2816 e

585 2834 722 2901 vita
769 2835 1191 2915 excessisset,
1244 2847 1319 2902 ut
1364 2848 1465 2906 est
1517 2837 1999 2925 praemissum,
2057 2836 2126 2903 in
2181 2851 2317 2905 tres
2369 2849 2592 2924 partes
2650 2834 2780 2904 fuit
2830 2835 3142 2904 divisum

588 2927 974 2992 Romanum
1015 2924 1410 3025 imperium,
1449 2947 1608 2993 cum
1660 2925 1812 3016 ejus
1847 2924 1972 2993 filii
2030 2925 2539 3005 Constantinus,
2593 2923 3032 2993 Constantius
3074 2934 3147 2992 et

587 3015 917 3081 Constans
947 3012 1013 3081 id
1067 3012 1484 3081 divisissent.
1552 3018 1629 3082 Et
1680 3014 1901 3103 primo
1949 3012 2228 3100 quidem
2276 3069 2290 3094 ,
2347 3034 2591 3104 nempe
2641 3011 3087 3082 Constantino
3118 3067 3136 3093 ,

588 3101 977 3190 superiores
1027 3101 1307 3182 Galliae,
1361 3114 1425 3170 et
1456 3123 1630 3189 quae
1680 3114 1843 3171 sunt
1880 3102 2059 3171 ultra
2107 3102 2351 3192 Alpes,
2416 3113 2480 3170 et
2543 3101 2811 3170 insulae
2872 3101 3142 3169 Britan-

584 3189 779 3257 nicae
826 3210 1046 3276 usque
1093 3189 1180 3258 ad
1215 3190 1601 3260 Occidentis
1637 3195 1981 3260 Oceanum
2016 3191 2435 3281 obtigerunt.
2491 3189 2838 3259 Constanti
2874 3201 3132 3270 autem,

581 3289 658 3375 ut
706 3289 1070 3366 postrem0,
1126 3277 1405 3347 inferior
1453 3279 1694 3359 Gallia,
1749 3301 1871 3349 seu
1918 3279 2140 3359 Italia,
2194 3292 2259 3348 et
2309 3280 2454 3369 ipsa
2509 3283 2745 3348 Roma.
2803 3283 3139 3348 Constan-

584 3375 723 3434 tius
771 3377 1024 3446 autem,
1064 3366 1411 3436 secundus
1459 3390 1537 3437 ex
1587 3368 1752 3438 filiis
1801 3369 2252 3450 Constantini,
2307 3368 2426 3454 qui
2467 3379 2633 3437 tunc
2684 3367 2890 3437 rebus
2940 3386 3133 3455 prae—

583 3468 727 3524 erat
774 3454 1090 3535 Orientis,
1128 3454 1485 3528 decertans
1533 3457 1861 3528 adversus
1891 3462 2154 3537 Persas,
2203 3469 2463 3546 partem
2508 3456 2806 3527 Orientis
2854 3453 3122 3548 acc-pit,

584 3552 649 3610 et
674 3543 1102 3630 Byzantium,
1161 3545 1434 3614 nomine
1472 3558 1734 3615 mutato
1784 3547 1853 3615 in
1896 3544 2590 3635 Constantinopolim,
2621 3558 2685 3613 et
2721 3546 3134 3614 novamlRo-

584 3652 795 3711 mam,
850 3630 1009 3701 facit
1059 3633 1343 3722 regiam:
1396 3647 1460 3702 et
1508 3637 1595 3704 ab
1626 3634 1904 3725 Illyrico
1955 3634 2296 3722 usquead
2330 3633 2814 3724 Propontidem
2853 3652 3131 3702 omnem

588 3731 906 3801 tractum,
961 3722 1184 3790 Asiam
1236 3720 1506 3804 deinde,
1563 3723 1992 3812 Syriamque,
2055 3736 2120 3792 et
2174 3723 2665 3796 Palaestinam.
2719 3736 2782 3791 et
2831 3727 3140 3810 Mesopo-

586 3810 891 3891 tamiam,
928 3822 992 3879 et
1026 3814 1401 3900 Aegyptum
1438 3833 1818 3899 omnesque
1854 3812 2142 3894 insulas,
2183 3825 2248 3882 et
2286 3833 2767 3899 quaecumque
2800 3809 3137 3880 Romanis

581 3899 937 3989 parebant,
990 3900 1348 3990 vectigalia
1398 3922 1524 3969 suo
1560 3900 1782 3969 reddit
1831 3901 2144 3991 imperio.
2182 3906 2471 4002 Magnus
2500 3913 2729 3969 autem
2762 3899 3131 3978 Artemius,

580 4008 737 4056 cum
789 3999 965 4057 esset
1016 3987 1210 4057 valde
1259 4000 1463 4059 notus
1511 3990 1914 4079 Imperatori
1967 3994 2385 4071 Constantio,
2441 3991 2509 4058 in
2562 3989 2752 4058 omni
2795 4001 3133 4077 tempore,

581 4087 645 4143 et
691 4078 876 4144 omni
931 4079 1201 4168 negotio
1253 4089 1581 4168 perpetuo
1629 4101 1790 4149 cum
1840 4100 1917 4148 eo
1965 4078 2389 4159 versabatur,
2438 4090 2515 4147 ut
2561 4078 2680 4165 qui
2726 4089 2907 4147 esset
2957 4075 3142 4144 ami-

580 4185 705 4233 cus
743 4165 1071 4254 optimus,
1127 4180 1189 4235 et
1227 4189 1306 4237 ex
1355 4168 1463 4246 iis,
1517 4169 1634 4255 qui
1687 4180 1881 4237 erant
1930 4167 2175 4238 virtute
2220 4180 2286 4237 et
2332 4167 2646 4237 doctrina
2696 4167 3039 4256 insigneS,
3074 4175 3144 4233 et

579 4252 830 4323 ardens
870 4267 1135 4324 amator
1181 4256 1343 4325 fidei
1393 4256 1962 4338 Christianorum,
2015 4279 2153 4344 quo
2217 4257 2497 4326 nomine
2558 4256 2711 4344 ejus
2786 4254 3143 4324 amicitiae

578 4351 644 4411 et
688 4340 1177 4413 familiaritatis
1224 4348 1730 4435 agnoscebatur
1777 4345 1978 4437 longe
2027 4345 2606 4416 studiosissimus.
2672 4344 2836 4434 Ejus
2898 4356 3140 4414 autem

630 4468 657 4496 *¹
686 4467 1024 4513 Constantinus
1041 4469 1241 4523 Magnus
1260 4473 1463 4515 animam
1483 4471 1720 4517 exhalavit
1744 4482 1866 4515 anno
1888 4472 1981 4516 337.
