3347 4999
713 327 843 392 750
1287 339 1371 390 na
1419 344 1474 390 s.
1513 341 1903 390 wowcanco
1943 342 2039 388 nr.
2081 340 2493 388 nansrouaa.
2855 321 3037 387 OCT.
3087 321 3157 387 3t

622 429 770 518 ipse
807 428 1117 498 carmine
1152 426 1480 516 quodam,
1518 426 1705 515 quod
1740 427 1812 497 in
1855 425 2179 508 armario,
2221 425 2402 495 inter
2446 424 2712 512 reliqua
2754 423 2843 494 ab
2874 445 2958 493 eo
3004 445 3169 493 con-

622 530 879 588 structo
903 517 1014 607 (ut
1035 530 1179 586 erat
1199 515 1836 617 componendorum
1866 537 2190 585 versuum
2223 535 2358 584 non
2389 513 2825 584 mediocriter
2848 512 3168 604 peritus),

628 606 718 676 ita
752 606 1088 695 scriptum
1126 604 1448 694 reliqu1t:

937 767 1261 856 Struxerat
1300 766 1636 830 aediculam
1684 766 1987 830 mandrita
2033 766 2446 846 Lupambnlus
2491 769 2691 830 istam.

623 917 812 1002 Quod
853 931 1076 988 tamen
1122 939 1368 987 nomen
1433 938 1565 986 non
1604 916 1692 987 ab
1739 916 1975 1005 aliqua
2022 917 2404 1008 ignominia
2462 917 2745 1007 accepit,
2812 917 2935 988 sed
2988 916 3177 1004 quod

621 1020 799 1078 esset
846 1007 914 1076 in
966 1007 1117 1078 e'us
1164 1005 1426 1077 familia
1475 1007 1857 1076 usitatum:
1920 1028 2344 1093 quamquam
2412 1019 2699 1097 possunt
2761 1007 2974 1076 etiam
3034 1028 3178 1075 ma·

623 1097 844 1166 larum
890 1030 1275 1165 beliuarum
1332 1093 1663 1166 vocabula
1710 1107 1774 1164 et
1825 1096 2072 1164 bonam
2114 1108 2179 1165 et
2222 1093 2471 1164 malam
2519 1117 2679 1184 prae
2732 1117 2805 1164 se
2852 1093 3039 1164 ferre
3088 1095 3178 1163 si-

622 1184 1162 1276 gnificationem.
1216 1183 1541 1253 Videmus
1579 1183 1763 1252 enim
1800 1184 2002 1253 etiam
2048 1183 2119 1252 in
2170 1184 2546 1274 Scripturis
2593 1183 2850 1252 divinis
2904 1183 3175 1252 leonem

620 1273 1036 1362 quandoque
1069 1272 1135 1341 in
1173 1271 1425 1342 malam
1462 1273 1683 1361 accipi
1726 1285 2011 1363 partem,
2050 1284 2127 1342 ut
2163 1294 2323 1342 cum
2357 1271 2651 1343 dicitur:
2687 1274 2915 1342 Sobrii
2942 1282 3169 1352 estote,

622 1373 684 1433 et
717 1364 998 1452 viqilate
1025 1388 1047 1430 .·
1097 1364 1263 1453 quia
1309 1361 1742 1432 adversarius
1772 1371 1987 1432 vester
2034 1360 2340 1430 diabolus
2373 1371 2718 1452 tamquam
2759 1363 2861 1431 leo
2894 1363 3178 1452 rugiens

622 1453 882 1531 circuit,
933 1473 1259 1542 quaerens
1291 1473 1486 1541 quem
1512 1450 1777 1520 devoret
1810 1451 1909 1541 (l.
1944 1454 2079 1519 Pet.
2115 1450 2213 1537 v);
2247 1448 2661 1537 quandoque
2699 1451 2907 1518 etiam
2952 1449 3021 1518 in
3062 1449 3174 1518 bo-

626 1562 809 1615 nam,
848 1540 939 1608 ita
972 1552 1046 1609 ut
1080 1539 1424 1609 Christum
1464 1540 1691 1628 ipsum
1724 1537 2087 1628 significet,
2127 1551 2202 1607 ut
2231 1538 2302 1606 in
2334 1542 2381 1607 A
2434 1537 2780 1629 ocalypsi:
2816 1543 2991 1607 Ecce
3019 1537 3174 1606 vicit

626 1632 725 1697 leo
758 1629 838 1697 de
870 1630 1048 1698 tribu
1082 1628 1266 1697 Juda
1290 1633 1517 1718 (Apoc.
1548 1627 1638 1716 v).
1685 1629 1929 1698 Ovium
1967 1647 2244 1714 quoque
2282 1637 2347 1696 et
2427 1649 2559 1696 ona
2591 1640 2694 1697 est
2723 1626 3170 1718 significatio,

623 1717 891 1786 dicente
940 1716 1334 1806 Scriptura:
1386 1722 1515 1787 Nos
1560 1726 1788 1786 autem
1814 1719 2115 1818 populus
2163 1726 2319 1785 tuus
2357 1726 2419 1785 et
2476 1738 2625 1786 oves
2667 1738 2974 1806 pascuae
3023 1727 3179 1783 tuae

619 1808 831 1895 (Psal.
887 1805 1046 1894 78);
1097 1819 1164 1874 et
1212 1805 1415 1885 mala,
1461 1827 1620 1874 eum
1662 1805 1830 1874 alib1
1869 1804 2072 1874 dicit:
2126 1806 2314 1874 Sicut
2361 1827 2511 1873 oves
2559 1805 2628 1872 in
2677 1805 2944 1893 inferno
2974 1805 3181 1894 positi

622 1905 776 1964 sunt
821 1896 1032 1984 (Psal.
1087 1894 1224 1983 47).
1284 1894 1670 1964 Patriarcba
1713 1915 1986 1981 quoque
2023 1894 2237 1963 Jacob
2272 1892 2355 1961 de
2396 1891 2538 1962 filio
2579 1913 2727 1972 suo,
2783 1893 3170 1982 Benjamin,

625 1984 871 2071 inquit,
917 1986 1117 2074 lupus
1147 2006 1380 2075 rapam
1410 1985 1599 2073 (Gen.
1637 1982 1842 2071 xux);
1878 1995 1945 2051 et
1976 1984 2171 2072 poeta
2203 1980 2288 2050 de
2331 1981 2524 2051 beato
2562 1980 2769 2051 Paulo
2810 1980 3170 2071 Apostolo:

944 2143 990 2206 Ο
1033 2144 1176 2223 lupe
1220 2143 1402 2207 Paule
1446 2160 1653 2221 rapax,
1698 2144 1847 2222 quid
1887 2144 2009 2223 jam
2051 2141 2394 2205 remanebit
2439 2142 2501 2204 in
2544 2141 2715 2216 orbe,

939 2225 1105 2301 Quod
1154 2240 1276 2284 non
1323 2239 1430 2285 ore
1476 2223 1720 2285 trabas?

628 2389 806 2454 Haec
874 2397 938 2452 et
1008 2382 1072 2451 id
1125 2404 1347 2472 genus
1410 2382 1546 2452 alia
1606 2382 1946 2474 permulta
2016 2381 2180 2454 satis
2252 2380 2674 2462 ostendunt,
2742 2403 2824 2451 ex
2894 2382 3173 2450 nomine

627 2494 752 2543 suo
803 2470 1146 2542 neminem
1192 2470 1290 2542 vel
1333 2470 1629 2556 laudari,
1686 2472 1787 2543 vel
1839 2471 2237 2564 vituperari,
2295 2470 2594 2562 probari,
2649 2483 2769 2542 aut
2820 2470 3169 2561 reprobari

628 2587 667 2633 o
720 2573 960 2632 ortere.

674 2585 753 2738 p§
799 2655 890 2721 3.
947 2654 1300 2719 Crescente
1346 2662 1575 2720 autem
1636 2671 1847 2741 puero
1879 2705 1897 2733 ‚
1960 2670 2116 2718 cum
2168 2648 2407 2719 aetatis
2455 2647 2874 2728 accessione,
2945 2647 3169 2719 Sancti

629 2762 901 2828 quoque
951 2738 1246 2828 Spiritus
1293 2739 1511 2829 gratia
1564 2738 1628 2807 in
1680 2760 1760 2809 eo
1790 2740 2194 2829 augebatur.
2249 2741 2485 2825 Itaque
2519 2760 2678 2807 cum
2714 2749 2982 2827 septem
3018 2736 3171 2828 plus

630 2829 863 2899 minus
910 2849 1130 2897 annos
1165 2840 1367 2897 natus
1414 2840 1611 2909 esset,
1670 2841 1982 2918 parentes
2029 2827 2182 2915 ejus
2228 2825 2506 2895 cuidam
2541 2848 2577 2895 e
2614 2824 2803 2895 Clero
2838 2848 3000 2895 eum
3046 2841 3172 2895 tra—

625 2917 971 2996 diderunt,
1019 2929 1093 2984 ut
1138 2916 1226 2985 ab
1259 2939 1338 2986 eo
1396 2916 1639 2985 litteris
1682 2916 2175 2985 institueretur.
2230 2919 2376 2997 Qua
2428 2915 2496 2983 in
2538 2937 2610 2983 re
2646 2913 2713 2983 id
2757 2913 2861 2982 illi
2910 2928 3168 3004 specta·

628 3007 817 3087 bant,
850 3017 1081 3094 utpote
1121 3004 1435 3074 homines
1464 3005 1581 3074 reli
1640 3005 1789 3085 iosi‚
1828 3003 2009 3092 quod
2048 3017 2277 3094 postea
2314 3025 2385 3072 re
2417 3003 2566 3091 ipsa
2594 3002 2883 3073 feliciter
2913 3001 3171 3094 experti

629 3105 814 3173 sunt,
860 3109 935 3163 ut
966 3093 1087 3163 filii
1125 3094 1403 3163 assidua
1444 3115 1569 3164 eru
1626 3093 1832 3163 itione
1863 3093 2204 3172 instructi,
2254 3092 2548 3161 vinculis
2587 3104 2653 3161 et
2686 3092 2987 3162 nexibus
3025 3113 3171 3182 pec·

631 3194 936 3251 catorum
976 3236 992 3262 ‚
1036 3183 1292 3269 quibus
1343 3204 1415 3251 se
1475 3182 1864 3271 implicatos
1912 3180 2321 3261 sentiebant,
2366 3180 2907 3259 absolverentur.
2964 3184 3169 3250 Tanti

633 3283 860 3340 autem
913 3270 1128 3339 animi
1190 3270 1511 3340 aviditate
1559 3292 1731 3360 puer
1788 3270 2178 3361 praeclarae
2244 3268 2497 3338 indolis
2559 3268 2821 3338 litteras
2875 3268 3167 3345 didicit,

630 3379 846 3445 eaque
882 3359 1250 3428 memoriae
1299 3360 1656 3429 tenacitate
1704 3358 2102 3447 complexus
2148 3370 2271 3440 est,
2325 3369 2400 3426 ut
2448 3357 2627 3427 intra
2665 3378 2923 3448 paucos
2960 3378 3173 3427 annos

635 3468 774 3516 non
810 3446 1035 3516 solum
1084 3469 1321 3517 earum
1357 3459 1705 3517 externam
1756 3446 2191 3537 superficiem
2244 3458 2538 3536 caperet,
2587 3446 2703 3517 sed
2741 3446 2933 3535 ipsas
2970 3446 3171 3517 etiam

631 3534 1136 3605 reconditorum
1210 3558 1540 3607 sensuum
1606 3548 1670 3605 et
1738 3536 2219 3627 mysteriorum
2295 3533 2638 3604 medullas
2704 3535 3170 3626 investigaret·

633 3623 1087 3708 Quamobrem
1134 3646 1267 3693 non
1304 3637 1665 3695 contentus
1698 3625 1768 3693 in
1810 3623 2065 3694 scholis
2116 3622 2501 3694 trivialibus
2540 3636 2657 3692 aut
2703 3623 2995 3711 privatis
3024 3645 3177 3694 eru·

631 3714 787 3796 diri,
837 3725 1025 3804 patre
1054 3711 1457 3795 deducente,
1502 3735 1581 3783 eo
1614 3713 1747 3783 sibi
1785 3711 2295 3804 properandum
2337 3711 2597 3793 statuit,
2636 3711 2756 3781 ubi
2800 3724 2954 3782 tum
2997 3711 3177 3783 inu-a

632 3802 1036 3873 Germaniae
1084 3801 1256 3872 fines
1307 3803 1602 3872 maxime
1660 3803 1981 3871 florerent
2033 3800 2264 3872 studia
2321 3800 2725 3870 litterarum.
2799 3804 3047 3889 Itaque
3090 3800 3173 3870 ad

632 3892 970 3984 Augiense
1009 3891 1044 3927 '⁵
1087 3890 1578 3961 monasterium
1628 3912 1703 3960 se
1748 3890 2061 3971 contulit,
2117 3889 2240 3960 ubi
2289 3889 2580 3959 libenter
2626 3901 2692 3958 et
2730 3890 3027 3960 comiter
3064 3910 3183 3959 ex-

635 3994 875 4071 ceptus
923 3992 1069 4060 est,
1123 3979 1306 4068 quod
1365 3979 1551 4050 fama
1601 3980 1666 4049 in
1722 3978 1860 4047 enii
1909 3977 2059 4067 ejus
2097 3978 2519 4069 jampridem
2570 3998 2650 4046 eo
2700 3978 3179 4067 pervenisset:

637 4069 963 4158 brevique
1014 4080 1315 4160 tempore
1381 4081 1604 4139 tantos
1691 4067 1820 4138 ecit
1870 4067 1938 4136 in
1989 4066 2300 4137 doctrina
2357 4087 2813 4157 progressus,
2876 4080 2958 4137 ut
3006 4066 3189 4169 ipsis

635 4158 1215 4248 praeceptoribus,
1270 4158 1388 4246 qui
1439 4178 1731 4228 acumen
1773 4155 1962 4227 illius
1999 4156 2146 4247 jam
2198 4156 2674 4246 persentirent,
2728 4154 3185 4227 admirationi

684 4354 710 4381 ¹⁸
738 4354 837 4394 Hoc
865 4352 1224 4396 celeberrimum
1253 4352 1591 4394 monasterium
1621 4353 1811 4394 Ordinis
1838 4353 1882 4396 S.
1918 4349 2175 4398 Benedicti,
2202 4362 2229 4392 ι
2264 4353 2309 4395 S.
2346 4349 2582 4399 Firmino.
2611 4362 2738 4393 anno
2766 4353 2873 4399 m,
2906 4353 3185 4400 maun.

630 4407 776 4448 situm
813 4413 916 4447 erut
944 4409 994 4449 tn
1025 4408 1197 4453 insula.
1223 4408 1302 4447 cul
1330 4405 1593 4457 antiquitus
1621 4408 1764 4458 Auqia
1791 4407 1870 4446 vel
1899 4406 2179 4452 Sindataaeau.
2210 4408 2376 4457 postes
2412 4408 2654 4447 Reiz-henou
2687 4416 2862 4447 nomen
2894 4408 3029 4459 ent,
3052 4407 3207 4457 hou,

629 4459 945 4504 constantiae.
967 4462 1057 4502 Illo
1075 4462 1125 4502 tn
1144 4460 1435 4502 monasterio
1456 4470 1620 4503 omnes
1638 4457 1812 4502 ortium
1830 4460 2107 4510 disciplinae
2121 4457 2295 4501 mirum
2310 4458 2359 4502 in
2375 4460 2566 4502 modum
2588 4457 2830 4511 vigebunt,
2842 4460 3187 4511 nom
