3347 4999
811 329 938 392 530
1555 350 1632 395 nn
1679 350 1734 396 s.
1792 348 1947 397 LucA
1994 347 2415 397 nvANossusrA
2915 325 3060 393 OCT.
3106 326 3166 389 18

722 452 965 532 agrum
1018 432 1352 503 Ecclesiae
1399 432 1717 524 frugibus
1750 433 1952 516 dicat,
2006 432 2190 503 unde
2228 430 2536 501 videlicet
2584 430 2874 532 populus
2915 429 3165 528 esuriens

723 532 922 590 vivat.
976 525 1115 590 Hae
1165 521 1363 623 plane
1411 535 1573 592 sunt
1618 522 1875 613 fruges,
1944 544 2116 611 quas
2181 521 2432 612 Joseph
2505 520 2825 590 fratribus
2888 518 3160 595 contulit;

721 610 887 679 haec
938 632 1251 699 pecuma,
1307 634 1515 699 quam
1566 611 1631 680 in
1685 633 1801 681 ore
1863 612 2044 681 sacci
2118 611 2460 700 praecepit
2521 609 2807 700 imponi.
2871 612 3028 677 Haec
3083 627 3164 695 pe·

718 701 924 768 cunia
974 721 1156 769 nunc
1224 700 1288 767 in
1354 700 1694 770 Ecclesiae
1744 723 1974 772 mensa
2030 701 2456 790 proponitur,
2525 711 2603 768 ut
2662 720 2872 769 usura
2928 708 3163 787 postmo-

718 787 885 857 dum
932 810 971 856 a
1023 789 1559 878 negotiatoribus
1624 790 2030 876 requiratur.
2093 787 2222 858 Sed
2298 801 2362 857 et
2421 788 2776 875 Bcnjamin
2840 786 2956 855 boc
3010 785 3159 852 etiam

718 897 882 965 prae
952 878 1234 947 caeteris
1308 877 1629 961 additur,
1681 892 1757 947 ut
1827 880 1894 947 in
1959 899 2156 947 sacco
2225 878 2376 966 ejus
2423 876 2626 946 etiam
2695 874 2988 965 scyphus
3043 893 3157 942 cum

717 966 1010 1055 pecunia
1049 979 1440 1056 reponatur.
1464 972 1677 1050 Quem
1712 968 1894 1036 enim
1917 966 2169 1056 Joseph
2203 988 2321 1056 per
2355 965 2752 1056 mysterium
2788 963 3044 1043 indicat,
3067 960 3158 1029 nisi

717 1054 1237 1144 Redemptorem
1290 1070 1622 1137 nostrum,
1676 1077 1878 1143 quem
1932 1078 2057 1125 suo
2090 1056 2234 1142 jam
2297 1066 2459 1124 tunc
2510 1054 2624 1123 ille
2665 1053 2977 1142 mysterio
3021 1070 3158 1142 prae·

716 1142 1099 1233 figurabat?
1136 1144 1236 1213 Ait
1274 1146 1454 1214 enim
1509 1144 1904 1234 Scriptura:
1959 1146 2131 1229 Quia
2173 1145 2374 1214 vertit
2419 1166 2653 1213 nomen
2698 1145 2890 1213 illius
2935 1142 3157 1210 Pharao,

714 1242 777 1300 et
820 1236 1076 1303 vocavit
1117 1256 1267 1303 eum
1316 1236 1554 1324 linqua
1600 1236 2009 1335 Aeqyptiaca
2054 1236 2473 1304 Salvator-em
2520 1233 2760 1301 mundi
2819 1232 2998 1322 (Gen.
3051 1226 3158 1313 m).

713 1321 885 1403 Quid
939 1344 1056 1411 per
1102 1321 1364 1404 fratres,
1405 1323 1536 1392 nisi
1588 1338 1803 1392 sancti
1837 1322 1979 1392 desi
2038 1335 2288 1392 uantur
2324 1321 2667 1412 Apostoli?
2715 1320 2888 1404 Quid
2943 1340 3043 1410 per
3079 1321 3159 1384 Be

713 1410 1000 1498 njamin,
1056 1412 1186 1481 nisi
1238 1411 1509 1490 Paulus,
1580 1413 1699 1499 qui
1765 1411 1848 1480 de
1911 1413 1994 1481 tri
2047 1434 2093 1481 u
2157 1412 2509 1501 Benjamin
2584 1410 2922 1500 originem
2978 1405 3160 1477 duxit?

714 1502 963 1569 Omnes
1010 1522 1170 1591 ergo
1218 1500 1456 1571 fratres
1494 1500 1727 1591 fruges
1776 1501 2300 1591 praedicationis
2347 1499 2722 1589 accipiunt,
2775 1521 2946 1587 quas
3001 1514 3159 1592 serere

717 1610 837 1676 per
884 1590 1221 1660 mundum
1270 1590 1596 1670 debeant;
1635 1602 1698 1659 et
1748 1591 2133 1679 pecuniam,
2177 1612 2385 1676 quam
2420 1589 2505 1659 ad
2556 1610 2808 1661 usurae
2850 1588 3155 1658 lucrumm

714 1699 951 1747 mensa
1001 1692 1403 1768 proponant.
1470 1679 1605 1749 Soli
1671 1701 1824 1747 vero
1875 1679 2225 1768 Benjamin
2290 1679 2494 1749 etiam
2537 1678 2845 1768 scyphus
2882 1673 3155 1764 adjicitur,

710 1777 786 1834 ut
834 1788 954 1856 per
1000 1768 1330 1848 Paulum,
1411 1790 1611 1855 quem
1686 1767 1796 1837 ille
1844 1769 2182 1860 signabat,
2262 1789 2394 1837 non
2458 1766 2884 1837 tabernaculi
2935 1762 3157 1854 cyathus

711 1856 1061 1939 GentibuS,
1117 1857 1229 1927 sed
1282 1857 1591 1947 amplum
1653 1870 1718 1926 et
1789 1857 2098 1945 patulum
2168 1856 2349 1926 verbi
2419 1856 2740 1948 poculum
2795 1855 3152 1949 propinetur.

709 1944 881 2014 Hinc
929 1957 1029 2014 est
1076 1947 1287 2028 enim,
1340 1945 1518 2033 quod
1564 1947 1694 2014 ait:
1750 1952 1833 2016 Os
1879 1958 2173 2016 nostrum
2218 1956 2401 2037 patet
2450 1947 2540 2015 ad
2585 1968 2720 2024 vox,
2778 1968 2814 2013 ο
2874 1940 3155 2033 Corinthu,

710 2057 819 2102 cor
850 2046 1142 2103 nostrum
1173 2037 1533 2105 dilatatum
1574 2046 1691 2115 est,
1725 2037 2217 2125 angustiamini
2251 2037 2320 2119 in
2343 2037 2526 2105 nobis
2566 2038 2668 2119 (2.
2706 2038 2853 2105 Cor.
2890 2038 3010 2118 vi).
3039 2033 3155 2098 Acsi

711 2121 924 2192 dicat:
970 2124 1141 2206 Quia
1214 2147 1320 2193 me
1385 2126 1574 2194 vobis
1624 2124 1807 2194 verbi
1861 2138 2091 2225 potum
2135 2145 2255 2214 per
2314 2126 2592 2195 uberem
2643 2122 2980 2213 scyphum
3024 2119 3155 2205 large

712 2211 951 2281 videtis
1000 2213 1261 2295 afferre,
1297 2225 1361 2282 et
1396 2234 1510 2283 vos
1542 2213 1877 2283 sitibundi
1910 2212 2136 2283 cordis
2192 2212 2274 2283 ad
2316 2211 2781 2284 hauriendum
2818 2233 2932 2281 ora
2974 2209 3152 2279 laxate.

707 2313 785 2370 ut
831 2300 1199 2371 decurrens
1246 2301 1433 2371 unda
1480 2325 1614 2372 non
1666 2303 1958 2372 inaniter
2008 2303 2195 2381 fluat,
2234 2302 2350 2371 sed
2400 2302 2677 2393 capacia
2715 2323 2901 2381 vasa,
2944 2300 3005 2368 in
3038 2313 3158 2383 quae

713 2390 1251 2473 transfundatur,
1306 2390 1626 2460 inveniat.
1686 2396 1770 2460 De
1837 2413 1973 2478 quo
2035 2391 2342 2461 videlicet
2393 2406 2555 2481 potu
2621 2412 2739 2481 per
2794 2390 3032 2461 Isaiam
3079 2389 3161 2453 Do·

713 2478 945 2548 minus
991 2479 1196 2550 dicit:
1249 2483 1654 2572 Glorilicabit
1704 2505 1806 2551 me
1838 2482 2046 2552 bestia
2085 2483 2261 2584 aqi-i,
2299 2482 2636 2560 dracone&
2693 2490 2755 2550 et
2793 2478 3159 2550 struthiones:

711 2570 874 2659 quia
920 2570 1077 2638 dedi
1120 2572 1187 2639 in
1220 2572 1471 2640 deserto
1519 2595 1756 2662 aqua&
1783 2572 2080 2729 [Iumina
2121 2594 2189 2640 m
2223 2573 2420 2652 invio,
2456 2581 2529 2641 ut
2578 2572 2810 2640 darem
2845 2580 3057 2661 potum
3083 2585 3160 2654 ptr

698 2661 867 2749 pulo
914 2682 1077 2740 mec,
1147 2662 1348 2729 electo
1411 2683 1550 2729 meo
1616 2660 1828 2749 (Psa.
1893 2659 2094 2749 xmu).
2151 2659 2324 2743 Quid
2393 2661 2575 2729 enim
2641 2659 2862 2730 bestia
2913 2656 3161 2728 desinat

709 2748 880 2839 agri,
937 2747 1067 2818 nisi
1118 2748 1560 2839 gentilitatem
1609 2748 1847 2836 utique
1918 2749 2199 2819 rationis
2245 2753 2629 2837 expertem?
2669 2747 2846 2832 Quid
2901 2770 3011 2838 per
3089 2761 3161 2835 raf

706 2859 934 2919 coneS‚
993 2837 1128 2908 nisi
1175 2837 1539 2908 malitiosi?
1585 2838 1759 2921 Quid
1837 2860 1988 2908 vero
2040 2860 2158 2928 per
2227 2838 2678 2917 struthiones,
2753 2836 2872 2924 qui
2947 2841 3159 2923 pennalt

707 2940 888 3006 sunt,
943 2927 1059 2996 sed
1110 2925 1335 2997 volare
1385 2939 1753 3014 nequeunt,
1814 2926 1940 2995 nisi
1973 2927 2368 3027 hypocritae
2402 2925 2843 3028 figurantur?
2888 2929 3017 2994 Hae
3047 2934 3159 3006 ergo

704 3015 960 3086 bestiae
1010 3021 1215 3086 Deum
1259 3016 1665 3107 glorificant,
1726 3014 1889 3085 dum
1943 3017 2247 3086 Christus
2296 3017 2531 3106 gentili
2583 3014 2862 3106 populo,
2927 3013 3032 3100 qui
3082 3007 3159 3074 de·

707 3119 928 3175 sertus
974 3117 1118 3175 erat
1157 3117 1221 3174 et
1268 3105 1518 3186 inviuS‚
1571 3106 2006 3177 exuberantis
2054 3106 2400 3196 Evangelii
2437 3105 2637 3174 verba
2679 3103 3013 3193 propinat.
3114 3184 3123 3194 Ι

788 3197 824 3280 ἓ
876 3198 962 3265 92.
1018 3194 1330 3283 Scyphus
1380 3195 1604 3281 itaque
1651 3193 2092 3283 Evangelicae
2126 3193 2672 3284 praedicationis,
2728 3191 2798 3261 in
2864 3190 3154 3277 Benjamtn

702 3281 903 3351 datus
941 3297 1044 3353 est
1076 3282 1306 3364 Paulo,
1360 3297 1435 3353 ut
1485 3284 1629 3372 ipse
1677 3284 2017 3353 desertum
2062 3281 2457 3372 gentilitatis
2503 3280 2890 3372 specialiter
2934 3272 3155 3349 excolat.

700 3384 766 3440 et
811 3370 1160 3441 ariditates
1205 3371 1356 3459 ejus
1407 3371 1594 3461 largo
1648 3386 1918 3443 sanctae
1983 3372 2506 3461 praedicationis
2558 3371 2778 3441 imbre
2829 3361 3156 3461 perfundat.

702 3464 792 3529 De
846 3480 983 3546 quo
1031 3460 1289 3530 scilicet
1336 3459 1554 3531 imbre
1601 3461 1934 3550 scriptum
1983 3473 2119 3529 est:
2173 3464 2303 3545 Qui
2344 3464 2553 3552 operit
2610 3464 2864 3532 coelum
2911 3454 3154 3529 nubibas.

701 3560 763 3616 et
806 3557 1009 3639 parat
1049 3559 1267 3618 terrae
1310 3552 1616 3639 pluviam
1661 3551 1874 3640 (Psal.
1923 3549 2100 3638 ⁴46).
2149 3550 2337 3620 Unde
2384 3563 2448 3619 et
2479 3550 2623 3640 ipse
2670 3550 2949 3626 Paulus,
2984 3542 3082 3632 qui
3113 3557 3160 3606 Se

701 3637 1122 3726 Apostolum,
1161 3651 1225 3707 et
1265 3639 1667 3728 magistrum
1722 3639 2026 3729 gentium
2076 3660 2224 3708 esse
2285 3651 2589 3720 testatur,
2643 3640 2736 3708 ait
2775 3639 2858 3707 ad
2906 3634 3155 3732 Galatas:

702 3731 864 3796 Cum
896 3729 1237 3808 vidissent,
1282 3729 1457 3819 quod
1494 3729 1818 3797 creditum
1852 3739 1945 3797 est
1983 3729 2156 3797 mihi
2183 3731 2624 3819 Evangelium
2647 3727 3007 3819 praeputii,
3036 3724 3158 3790 sicut

696 3827 759 3886 et
796 3822 989 3887 Petro
1037 3819 1578 3887 circumcisionis.
1635 3819 1765 3900 Qui
1809 3818 1980 3886 enim
2028 3829 2335 3908 operat-us
2382 3828 2475 3887 est
2525 3823 2713 3886 Petro
2763 3819 2832 3885 in
2867 3810 3157 3903 Apostolu-

695 3917 834 3976 tum
884 3909 1422 3986 circumcisioni&
1492 3918 1803 3997 operatus
1851 3917 1943 3975 est
1992 3918 2052 3975 et
2111 3908 2281 3975 mihi
2341 3908 2510 3976 inter
2589 3912 2819 3976 Gentes
2862 3905 3034 3994 (Gal.
3087 3893 3156 3995 1))-

698 3995 820 4065 Ubi
863 3988 1265 4077 notandum,
1318 4008 1569 4082 quanta
1639 3995 1815 4066 beati
1889 3995 2077 4064 Pauli
2125 3995 2449 4085 dignitaS‚
2501 4008 2754 4082 quanta
2822 3996 2912 4064 sit
2964 3991 3155 4081 gloria·

689 4084 1027 4153 Nimirum
1077 4084 1196 4172 qui
1249 4086 1520 4154 beatum
1576 4090 1842 4154 Petrum
1893 4096 1958 4152 et
2005 4097 2304 4154 caeteros
2370 4083 2722 4174 Apostolos
2784 4081 3004 4152 adhuc
3048 4092 3158 4166 pa&

690 4171 914 4241 sibilis
943 4195 1022 4241 ac
1059 4172 1365 4243 mortalis
1397 4173 1690 4253 edocuit,
1729 4174 1875 4264 ipse
1926 4173 2239 4256 Paulum,
2274 4174 2417 4260 jam
2454 4171 2877 4264 glorificatus
2909 4182 2971 4238 et
2998 4179 3160 4252 super

689 4261 981 4351 Angelos
1009 4262 1365 4343 exaltatuS,
1403 4262 1745 4333 instruxit.
1776 4261 2094 4351 Magister
2123 4261 2595 4352 Apostolorum
2630 4261 2843 4330 extitit
2875 4255 3156 4328 Christus,

686 4371 847 4419 cum
898 4350 1258 4420 hominum
1295 4350 1676 4440 subjaceret
1717 4350 2023 4439 injuriis3
2077 4352 2366 4422 Paulum
2409 4350 2651 4421 docere
2703 4371 2831 4418 non
2882 4343 3158 4500 dediffi

687 4452 797 4509 tus
826 4453 949 4521 est,
1003 4461 1162 4511 cum
1204 4439 1348 4527 jam
1400 4440 1728 4511 virtutum
1777 4439 2172 4513 coelestium
2224 4440 2595 4512 vallaretur
2625 4435 2991 4526 ohsequiis.
