3347 4999
699 260 825 323 328
1382 276 1459 321 m:
1508 276 1563 321 s.
1618 274 1889 321 murino
1938 272 2136 320 muse.
2188 272 2369 319 naon.
2841 255 3025 321 OCT.
3096 257 3201 321 10

613 362 831 438 tertio,
886 372 950 429 et
987 358 1366 449 copiosiora
1399 359 1662 447 argenti
1712 358 1892 427 dona
1931 358 2244 438 offerenS,
2289 369 2353 425 et
2401 355 2661 426 bellum
2716 355 2839 438 illi,
2891 360 2947 427 si
2983 381 3200 428 con-—

614 462 1051 526 temneretur,
1093 447 1426 516 indicens,
1473 448 1601 530 Qui
1655 448 1754 517 vel
1807 448 2015 516 minis
2064 446 2343 525 fractus,
2402 445 2502 514 vel
2564 461 2935 537 corruptus
3002 470 3195 517 mu-

612 539 942 617 neribuS,
997 537 1201 606 cessit
1257 536 1694 625 deprecanti,
1747 549 1812 605 et
1882 537 2021 605 sive
2085 533 2398 604 occidere
2448 555 2520 603 se
2567 534 2913 603 Eduinum
2947 589 2967 616 ,
3034 558 3193 605 seu

613 626 958 727 legatariis
992 625 1254 695 tradere
1289 626 1624 713 promisit.
1681 624 1874 708 Quod
1911 624 2031 693 ubi
2063 622 2516 693 fidelissimus
2559 623 2847 710 quidam
2882 624 3192 694 amicus

611 715 801 785 illius
839 714 1342 793 animadvertit,
1400 715 1676 783 intravit
1724 713 2155 793 cubiculum,
2207 733 2344 798 quo
2392 711 2693 781 dormire
2739 712 3189 813 disponebat

610 806 784 895 (erat
832 816 1056 873 autem
1127 803 1348 893 prima
1399 803 1563 872 hora
1613 801 1863 891 noctis)
1894 856 1909 884 ,
1962 814 2027 871 et
2072 813 2425 870 evocatum
2490 799 2708 880 foras,
2760 802 2924 888 quid
2977 824 3179 893 erga

611 916 769 963 eum
806 915 1006 983 agere
1046 897 1183 961 Rex
1237 892 1684 980 promisisset,
1722 890 2016 967 edocuit,
2053 903 2118 958 et
2169 890 2453 978 insuper
2477 888 2768 976 adjecit:
2808 890 2933 959 «Si
2981 914 3180 981 ergo

613 983 740 1062 vis,
795 982 923 1050 bac
972 981 1121 1070 ipsa
1169 980 1338 1048 hora
1386 980 1679 1049 educam
1714 992 1774 1048 te
1808 978 1890 1047 de
1941 979 2066 1047 hac
2120 978 2491 1067 provincia,
2546 992 2610 1047 et
2663 978 2727 1047 in
2780 1000 2859 1047 ea
2901 978 3060 1051 loca
3104 994 3182 1049 te

612 1070 1073 1149 introducam,
1116 1069 1240 1138 ubi
1292 1090 1647 1155 nunquam
1704 1080 1763 1136 te
1814 1067 1912 1135 vel
1965 1066 2363 1136 Redualdus
2442 1065 2542 1135 vel
2593 1066 2984 1137 Edelsridus
3060 1069 3186 1137 in-

614 1160 844 1226 venire
895 1158 1232 1226 valeant.»
1261 1158 1388 1239 Qui
1424 1159 1552 1226 ait:
1602 1156 1909 1226 «Gratias
1935 1155 2212 1242 quidem
2250 1177 2378 1244 ago
2426 1154 2936 1225 benevolentiae
2968 1171 3176 1227 tuae:

616 1269 751 1316 non
808 1260 1031 1316 tamen
1071 1247 1197 1315 hoc
1246 1246 1464 1315 facere
1517 1268 1821 1336 possum,
1865 1244 2046 1331 quod
2085 1243 2429 1333 suggeris,
2462 1257 2538 1312 ut
2587 1258 2891 1334 pactum,
2965 1246 3178 1333 quod

615 1359 774 1406 cum
815 1348 998 1405 tanto
1048 1340 1226 1425 Rege
1275 1336 1421 1405 inii.
1479 1336 1624 1424 ipse
1678 1334 1944 1422 primus
1984 1333 2257 1402 irritum
2307 1332 2580 1412 faciam,
2620 1356 2778 1402 cum
2833 1334 2947 1403 ille
2981 1335 3178 1405 mihi

616 1424 789 1494 nihil
828 1424 992 1494 mali
1025 1424 1279 1504 fecerit,
1334 1423 1505 1492 nihil
1556 1422 1786 1493 adhuc
1838 1422 2355 1490 inimicitiarum
2410 1421 2759 1502 intulerit;
2810 1423 2982 1510 quin
3042 1446 3181 1514 po-

617 1515 776 1591 tius,
824 1514 880 1581 si
933 1514 1307 1582 moriturus
1341 1535 1523 1592 sum,
1557 1510 1670 1580 ille
1701 1531 1807 1578 me
1845 1511 2085 1600 magis,
2116 1531 2324 1597 quam
2372 1509 2739 1600 ignobilior
2779 1514 3171 1599 quisquam

618 1603 819 1671 morti
874 1602 1128 1671 tradat:
1169 1622 1305 1688 quo
1345 1600 1527 1670 enim
1583 1622 1768 1668 nunc
1809 1599 2095 1688 fugiam,
2139 1600 2257 1686 qui
2311 1620 2430 1687 per
2476 1621 2716 1670 omnes
2765 1601 3176 1671 Britanniae

672 1690 1012 1760 rovincias
1071 1703 1163 1759 tot
1224 1711 1563 1758 annorum
1633 1702 2158 1778 temporumque
2226 1688 2594 1758 curriculis
2645 1689 3161 1778 vagabundus,

620 1713 924 1849 liostium
979 1779 1273 1848 vitabam
1313 1777 1641 1846 insidias?
1680 1802 1713 1841 »

710 1871 745 1954 ξ
793 1872 951 1940 11).
1021 1868 1322 1936 Abeunte
1394 1866 1604 1955 igitur
1657 1865 1905 1946 amic0,
1963 1866 2290 1935 remansit
2352 1866 2665 1935 Eduinus
2713 1866 2903 1936 solus
2965 1865 3165 1945 foris,

620 1957 1066 2042 residensque
1123 1966 1423 2024 moestus
1472 1967 1624 2023 ante
1676 1953 2041 2045 palatium,
2112 1954 2346 2024 multis
2395 1955 2616 2044 coepit
2663 1954 3166 2045 cogitationum

619 2045 925 2114 aestibus
974 2042 1179 2123 affici,
1247 2042 1409 2130 quid
1450 2055 1700 2134 ageret,
1741 2065 1957 2129 quove
1996 2042 2232 2131 pedem
2273 2056 2575 2123 verteret,
2619 2043 2917 2113 nescius.
2955 2048 3169 2113 Cum-

621 2156 754 2220 que
802 2132 923 2200 diu
975 2132 1197 2201 tacitis
1239 2133 1488 2202 mentis
1536 2132 1936 2222 angoribuS‚
1990 2145 2055 2202 et
2092 2152 2292 2200 caeco
2339 2144 2735 2221 carperetur
2788 2132 2956 2221 igni,
2995 2133 3169 2201 vidit

622 2223 849 2291 subito
899 2220 1107 2290 intem
1166 2233 1346 2289 estae
1395 2222 1615 2290 noctis
1677 2220 1973 2301 silentio,
2019 2221 2687 2311 appropinquantem
2741 2221 2873 2290 sibi
2940 2221 3167 2289 bomi-

622 2332 777 2378 nem
823 2308 1051 2378 vultus
1114 2243 1524 2396 babitusque
1573 2310 1945 2399 incogniti:
2020 2331 2224 2395 quem
2302 2309 2539 2377 videns
2586 2321 2662 2378 ut
2730 2308 3047 2397 ignotum
3102 2326 3164 2380 et

623 2397 1080 2486 inopinatum,
1136 2420 1270 2466 non
1325 2420 1566 2487 parum
1602 2399 1893 2488 expavit.
1937 2403 2012 2467 At
2045 2397 2157 2466 ille
2205 2398 2559 2478 accedens,
2613 2396 2937 2467 salutavit
2970 2420 3160 2479 eum,

623 2499 686 2556 et
736 2485 1197 2576 interrogavit,
1255 2509 1465 2574 quare
1516 2486 1630 2556 illa
1661 2487 1824 2557 hora
1874 2486 2157 2557 caeteris
2189 2486 2727 2574 quiescentibus,
2770 2498 2833 2556 et
2879 2487 3019 2558 alto
3053 2512 3165 2558 so-

624 2597 789 2666 pore
826 2577 1101 2664 pressis,
1157 2575 1346 2645 solus
1379 2578 1523 2666 ipse
1559 2590 1861 2646 moestus
1901 2578 1969 2644 in
2005 2575 2233 2665 lapide
2276 2576 2559 2667 pervigil
2612 2576 2898 2647 sederet.
2933 2581 3014 2646 At
3047 2577 3163 2647 ille

621 2665 923 2733 vicissim
977 2664 1475 2744 sciscitabatur,
1533 2665 1699 2752 quid
1734 2666 1815 2734 ad
1859 2686 2015 2735 eum
2056 2665 2443 2754 pertineret,
2484 2679 2718 2734 utrum
2764 2666 2911 2754 ipse
2939 2667 3155 2745 intuS,

618 2775 703 2822 an
757 2753 948 2822 sortis
981 2765 1246 2822 noctem
1300 2753 1723 2844 transigeret.
1772 2755 1897 2836 Qui
1937 2753 2381 2843 respondenS,
2421 2754 2557 2822 ait:
2613 2759 2906 2823 «Neine
2952 2756 3162 2823 aesti-

618 2864 763 2911 mes
816 2857 968 2911 tuae
1018 2842 1416 2921 moestitiae,
1457 2854 1520 2911 et
1569 2842 2097 2922 insomniorum,
2150 2853 2216 2911 et
2263 2841 2639 2912 forinsecae
2686 2865 2763 2911 ac
2812 2842 3163 2914 solitariae

619 2931 944 3002 sessionis
984 2953 1263 3000 causam
1317 2931 1603 3000 nescire.
1646 2931 1799 3000 Scio
1830 2931 2010 2999 enim
2063 2931 2467 3009 certissime,
2515 2932 2636 3018 qui
2682 2953 2778 3011 eS,
2832 2942 2897 3000 et
2943 2947 3161 3017 quare

626 3041 910 3098 moeres,
965 3033 1028 3088 et
1075 3043 1251 3106 quae
1288 3032 1570 3089 ventura
1605 3019 1722 3090 tibi
1768 3019 1833 3087 in
1887 3019 2197 3110 proximo
2231 3019 2414 3090 mala
2462 3019 2819 3090 formidas.
2875 3020 3002 3089 Sed
3053 3020 3161 3089 di-

621 3109 754 3179 cito
816 3109 1008 3189 mihi,
1064 3109 1228 3196 quid
1285 3108 1618 3178 mercedis
1678 3107 1839 3178 dare
1890 3107 2094 3177 velles
2140 3109 2226 3189 ei,
2285 3109 2404 3195 qui
2458 3110 2564 3178 his
2617 3123 2674 3178 te
2725 3109 3160 3178 moeroribus

625 3197 954 3277 absolvat,
1001 3211 1064 3265 et
1101 3197 1452 3267 Redualdo
1494 3197 1800 3277 suadeat,
1858 3209 1933 3267 ut
1990 3220 2113 3267 nec
2157 3198 2303 3286 ipse
2365 3197 2486 3266 tibi
2534 3197 2797 3285 aliquid
2851 3196 3006 3268 mali
3053 3197 3161 3267 fa-

622 3286 779 3365 ciat,
837 3307 957 3354 nec
1008 3285 1145 3354 tuis
1195 3299 1254 3354 te
1288 3286 1598 3355 hostibus
1651 3285 2128 3375 perimendum
2176 3286 2439 3355 tradat?
2472 3309 2507 3352 »
2542 3288 2861 3369 Quicum
2904 3308 2969 3355 se
2999 3306 3160 3353 om-

623 3373 761 3453 nia,
815 3394 991 3459 quae
1024 3386 1271 3462 posset,
1318 3375 1478 3444 huic
1545 3374 1658 3443 tali
1705 3396 1826 3464 pro
1884 3374 2194 3444 mercede
2243 3374 2553 3444 beneficii
2628 3375 2950 3444 daturum
3000 3395 3159 3444 esse

622 3461 1087 3550 responderet,
1142 3462 1421 3552 adjecit:
1479 3487 1513 3529 «
1544 3463 1735 3546 Quod
1790 3464 1847 3532 si
1894 3464 2096 3532 etiam
2152 3477 2211 3533 te
2260 3468 2509 3554 Regem
2548 3463 2885 3542 futurum,
2936 3462 3159 3532 extin-

623 3550 752 3620 ctis
792 3549 1129 3629 hostibus,
1177 3551 1244 3618 in
1281 3552 1555 3621 veritate
1607 3552 1977 3641 promittat,
2019 3552 2109 3621 ita
2143 3565 2216 3620 ut
2267 3574 2400 3621 non
2453 3552 2675 3622 solum
2719 3574 2958 3621 omnes
2998 3574 3160 3640 pro-

625 3639 966 3729 genitores
1018 3653 1192 3719 tuOS,
1250 3639 1363 3708 sed
1415 3653 1479 3709 et
1526 3662 1788 3722 omnes,
1826 3641 1944 3728 qui
1985 3653 2140 3710 ante
2178 3654 2236 3710 te
2284 3644 2498 3731 Reges
2550 3642 2616 3709 in
2667 3654 2866 3731 gente
2912 3640 3158 3730 Anglo-

620 3750 775 3797 rum
821 3727 1114 3806 fuerant,
1171 3740 1495 3818 potestate
1546 3729 2035 3800 transcendas?
2068 3751 2102 3795 »
2150 3733 2227 3799 At
2259 3729 2570 3800 Eduinus
2603 3731 3021 3800 constantior
3054 3729 3158 3799 in-

621 3831 798 3886 terro
849 3816 1029 3886 ando
1078 3816 1320 3896 sactus,
1381 3839 1511 3887 non
1554 3817 1913 3887 dubitabat
1971 3818 2388 3908 promittere,
2443 3819 2613 3904 quin
2653 3819 2738 3898 ei,
2792 3817 2911 3905 qui
2971 3830 3157 3888 tanta

619 3905 751 3975 sibi
847 3904 1132 3975 eneficia
1166 3906 1475 3986 donaret,
1539 3906 1772 3995 dignis
1814 3908 1958 3996 ipse
2006 3907 2384 4007 gratiarum
2434 3907 2825 3977 actionibus
2876 3929 3154 3995 respon-

617 3993 827 4063 deret.
876 4000 1042 4064 Tum
1097 3995 1212 4064 ille
1241 3994 1479 4065 tertio:
1535 4018 1568 4060 «
1602 3995 1668 4064 Si
1718 4009 1973 4076 autern,
2023 3996 2270 4083 lnquit,
2304 3997 2362 4065 is
2401 3997 2520 4082 qui
2557 3995 2677 4065 tibi
2728 4008 2908 4065 tanta
2965 3995 3156 4065 talia·

617 4104 749 4169 que
806 4082 984 4152 dona
1051 4084 1377 4153 veraciter
1424 4084 1801 4154 adventura
1851 4083 2284 4174 praedixerit,
2360 4085 2566 4155 etiam
2620 4085 2988 4156 consilium
3032 4085 3156 4156 tibi

614 4184 772 4241 tuae
812 4172 1051 4244 salutis
1100 4195 1178 4242 ac
1231 4173 1403 4242 vitae
1454 4173 1705 4244 melius
1745 4186 1947 4260 atque
1996 4173 2263 4254 utilius,
2319 4195 2527 4261 quam
2580 4173 2834 4260 aliquis
2880 4173 2965 4242 de
3014 4174 3156 4245 tuis

614 4261 1015 4351 parentibus
1051 4274 1168 4332 aut
1197 4262 1507 4353 cognatis
1554 4284 1864 4350 unquam
1917 4262 2201 4343 audivit,
2253 4262 2609 4333 ostendere
2644 4263 2924 4352 poterit:
2980 4285 3152 4332 num

613 4349 675 4419 ei
723 4350 1213 4440 obtemperare,
1267 4364 1331 4420 et
1381 4351 1637 4421 monita
1686 4352 1838 4441 ejus
1898 4351 2229 4422 salutaria
2276 4352 2627 4442 suscipere
2675 4353 3067 4421 consentis?
3111 4375 3153 4419 »
