<?xml version="1.0" encoding="UTF-8"?>
<!DOCTYPE html PUBLIC "-//W3C//DTD XHTML 1.0 Transitional//EN"
    "http://www.w3.org/TR/xhtml1/DTD/xhtml1-transitional.dtd">
<html xmlns="http://www.w3.org/1999/xhtml" xml:lang="en" lang="en">
 <head>
  <title>
</title>
<meta http-equiv="Content-Type" content="text/html;charset=utf-8" />
  <meta name='ocr-system' content='tesseract 3.04.00' />
  <meta name='ocr-capabilities' content='ocr_page ocr_carea ocr_par ocr_line ocrx_word'/>
</head>
<body>
  <div class='ocr_page' id='page_1' title='image "./historiaeseuvit03lippgoog_0749.png"; bbox 0 0 3347 4999; ppageno 0'>
   <div class='ocr_carea' id='block_1_1' title="bbox 213 304 2683 370">
    <p class='ocr_par' dir='ltr' id='par_1_1' title="bbox 213 304 2683 370">
     <span class='ocr_line' id='line_1_1' title="bbox 213 304 2683 370; baseline 0 -2"><span class='ocrx_word' id='word_1_1' title='bbox 213 304 391 368; x_wconf 78' lang='lat' dir='ltr'>OCT.</span> <span class='ocrx_word' id='word_1_2' title='bbox 447 305 518 366; x_wconf 70' lang='lat'><strong>21</strong></span> <span class='ocrx_word' id='word_1_3' title='bbox 1073 323 1144 366; x_wconf 70' lang='lat' dir='ltr'><strong>nn</strong></span> <span class='ocrx_word' id='word_1_4' title='bbox 1195 322 1250 366; x_wconf 82' lang='lat' dir='ltr'><strong>s.</strong></span> <span class='ocrx_word' id='word_1_5' title='bbox 1301 322 1639 368; x_wconf 60' lang='lat' dir='ltr'><strong>mmmmm</strong></span> <span class='ocrx_word' id='word_1_6' title='bbox 1688 323 1928 368; x_wconf 69' lang='lat' dir='ltr'><strong>Anam:</strong></span> <span class='ocrx_word' id='word_1_7' title='bbox 2553 307 2683 370; x_wconf 78' lang='lat'><strong>619</strong></span> 
     </span>
    </p>
   </div>
   <div class='ocr_carea' id='block_1_2' title="bbox 205 404 2784 4397">
    <p class='ocr_par' dir='ltr' id='par_1_2' title="bbox 221 404 2784 1648">
     <span class='ocr_line' id='line_1_2' title="bbox 317 404 2780 497; baseline 0 -21"><span class='ocrx_word' id='word_1_8' title='bbox 317 407 353 492; x_wconf 70' lang='grc' dir='ltr'>ἓ</span> <span class='ocrx_word' id='word_1_9' title='bbox 408 410 572 477; x_wconf 65' lang='lat'><strong>26.</strong></span> <span class='ocrx_word' id='word_1_10' title='bbox 630 404 755 474; x_wconf 90' lang='lat' dir='ltr'><strong>Sed</strong></span> <span class='ocrx_word' id='word_1_11' title='bbox 811 426 985 484; x_wconf 90' lang='lat' dir='ltr'><strong>vere,</strong></span> <span class='ocrx_word' id='word_1_12' title='bbox 1032 405 1225 495; x_wconf 81' lang='lat' dir='ltr'><strong>juxta</strong></span> <span class='ocrx_word' id='word_1_13' title='bbox 1279 405 1459 491; x_wconf 89' lang='lat' dir='ltr'><strong>quod</strong></span> <span class='ocrx_word' id='word_1_14' title='bbox 1513 405 1845 495; x_wconf 86' lang='lat' dir='ltr'><strong>scriptum</strong></span> <span class='ocrx_word' id='word_1_15' title='bbox 1900 417 2023 485; x_wconf 89' lang='lat' dir='ltr'><strong>est,</strong></span> <span class='ocrx_word' id='word_1_16' title='bbox 2086 428 2219 476; x_wconf 91' lang='lat' dir='ltr'><strong>non</strong></span> <span class='ocrx_word' id='word_1_17' title='bbox 2277 420 2492 497; x_wconf 88' lang='lat' dir='ltr'><strong>potest</strong></span> <span class='ocrx_word' id='word_1_18' title='bbox 2539 408 2780 477; x_wconf 90' lang='lat' dir='ltr'><strong>civitas</strong></span> 
     </span>
     <span class='ocr_line' id='line_1_3' title="bbox 222 494 2781 584; baseline 0.001 -20"><span class='ocrx_word' id='word_1_19' title='bbox 222 496 438 564; x_wconf 78' lang='lat' dir='ltr'><strong>latere</strong></span> <span class='ocrx_word' id='word_1_20' title='bbox 479 516 687 584; x_wconf 86' lang='lat' dir='ltr'><strong>super</strong></span> <span class='ocrx_word' id='word_1_21' title='bbox 740 506 1039 562; x_wconf 90' lang='lat' dir='ltr'><strong>montem</strong></span> <span class='ocrx_word' id='word_1_22' title='bbox 1090 495 1343 582; x_wconf 87' lang='lat' dir='ltr'><strong>posita:</strong></span> <span class='ocrx_word' id='word_1_23' title='bbox 1399 495 1744 564; x_wconf 90' lang='lat' dir='ltr'><strong>scutarius</strong></span> <span class='ocrx_word' id='word_1_24' title='bbox 1791 494 2116 580; x_wconf 80' lang='lat' dir='ltr'><strong>quidam,</strong></span> <span class='ocrx_word' id='word_1_25' title='bbox 2173 518 2331 564; x_wconf 91' lang='lat' dir='ltr'><strong>cum</strong></span> <span class='ocrx_word' id='word_1_26' title='bbox 2385 498 2451 564; x_wconf 91' lang='lat' dir='ltr'><strong>in</strong></span> <span class='ocrx_word' id='word_1_27' title='bbox 2489 496 2781 566; x_wconf 86' lang='lat' dir='ltr'><strong>basilica</strong></span> 
     </span>
     <span class='ocr_line' id='line_1_4' title="bbox 221 582 2784 673; baseline 0 -20"><span class='ocrx_word' id='word_1_28' title='bbox 221 584 405 653; x_wconf 89' lang='lat' dir='ltr'><strong>beati</strong></span> <span class='ocrx_word' id='word_1_29' title='bbox 459 582 633 651; x_wconf 88' lang='lat' dir='ltr'><strong>Petri</strong></span> <span class='ocrx_word' id='word_1_30' title='bbox 693 589 943 651; x_wconf 88' lang='lat' dir='ltr'><strong>Romae</strong></span> <span class='ocrx_word' id='word_1_31' title='bbox 995 594 1451 669; x_wconf 77' lang='lat' dir='ltr'><strong>torqueretur,</strong></span> <span class='ocrx_word' id='word_1_32' title='bbox 1495 582 1817 652; x_wconf 88' lang='lat' dir='ltr'><strong>clamavit</strong></span> <span class='ocrx_word' id='word_1_33' title='bbox 1864 584 1932 651; x_wconf 93' lang='lat' dir='ltr'><strong>in</strong></span> <span class='ocrx_word' id='word_1_34' title='bbox 1984 605 2062 652; x_wconf 90' lang='lat' dir='ltr'><strong>eo</strong></span> <span class='ocrx_word' id='word_1_35' title='bbox 2119 584 2526 654; x_wconf 89' lang='lat' dir='ltr'><strong>immundus</strong></span> <span class='ocrx_word' id='word_1_36' title='bbox 2577 585 2784 673; x_wconf 91' lang='lat' dir='ltr'><strong>spiri-</strong></span> 
     </span>
     <span class='ocr_line' id='line_1_5' title="bbox 229 670 2780 762; baseline 0 -20"><span class='ocrx_word' id='word_1_37' title='bbox 229 686 388 742; x_wconf 89' lang='lat' dir='ltr'><strong>tus:</strong></span> <span class='ocrx_word' id='word_1_38' title='bbox 454 700 474 732; x_wconf 79' lang='grc'>«</span> <span class='ocrx_word' id='word_1_39' title='bbox 509 675 675 741; x_wconf 81' lang='lat' dir='ltr'><strong>Ante</strong></span> <span class='ocrx_word' id='word_1_40' title='bbox 730 692 983 760; x_wconf 89' lang='lat' dir='ltr'><strong>paucos</strong></span> <span class='ocrx_word' id='word_1_41' title='bbox 1031 671 1179 740; x_wconf 88' lang='lat' dir='ltr'><strong>dies</strong></span> <span class='ocrx_word' id='word_1_42' title='bbox 1238 670 1539 739; x_wconf 87' lang='lat' dir='ltr'><strong>Siciliam</strong></span> <span class='ocrx_word' id='word_1_43' title='bbox 1593 672 1949 762; x_wconf 83' lang='lat' dir='ltr'><strong>ingressus</strong></span> <span class='ocrx_word' id='word_1_44' title='bbox 1997 686 2096 741; x_wconf 88' lang='lat' dir='ltr'><strong>est</strong></span> <span class='ocrx_word' id='word_1_45' title='bbox 2156 672 2489 754; x_wconf 90' lang='lat' dir='ltr'><strong>Hilarion,</strong></span> <span class='ocrx_word' id='word_1_46' title='bbox 2544 695 2780 743; x_wconf 92' lang='lat' dir='ltr'><strong>servus</strong></span> 
     </span>
     <span class='ocr_line' id='line_1_6' title="bbox 241 759 2782 851; baseline 0 -22"><span class='ocrx_word' id='word_1_47' title='bbox 241 759 513 837; x_wconf 80' lang='lat' dir='ltr'><strong>Christi,</strong></span> <span class='ocrx_word' id='word_1_48' title='bbox 553 773 615 829; x_wconf 90' lang='lat' dir='ltr'><strong>et</strong></span> <span class='ocrx_word' id='word_1_49' title='bbox 672 782 871 829; x_wconf 89' lang='lat' dir='ltr'><strong>nemo</strong></span> <span class='ocrx_word' id='word_1_50' title='bbox 919 782 1074 829; x_wconf 91' lang='lat' dir='ltr'><strong>eum</strong></span> <span class='ocrx_word' id='word_1_51' title='bbox 1133 760 1337 839; x_wconf 88' lang='lat' dir='ltr'><strong>novit,</strong></span> <span class='ocrx_word' id='word_1_52' title='bbox 1391 773 1454 828; x_wconf 86' lang='lat' dir='ltr'><strong>et</strong></span> <span class='ocrx_word' id='word_1_53' title='bbox 1507 773 1697 850; x_wconf 90' lang='lat' dir='ltr'><strong>putat</strong></span> <span class='ocrx_word' id='word_1_54' title='bbox 1742 782 1811 829; x_wconf 91' lang='lat' dir='ltr'><strong>se</strong></span> <span class='ocrx_word' id='word_1_55' title='bbox 1859 783 2006 830; x_wconf 85' lang='lat' dir='ltr'><strong>esse</strong></span> <span class='ocrx_word' id='word_1_56' title='bbox 2061 775 2440 831; x_wconf 87' lang='lat' dir='ltr'><strong>secretum:</strong></span> <span class='ocrx_word' id='word_1_57' title='bbox 2491 783 2617 851; x_wconf 90' lang='lat' dir='ltr'><strong>ego</strong></span> <span class='ocrx_word' id='word_1_58' title='bbox 2665 785 2782 831; x_wconf 85' lang='lat' dir='ltr'><strong>va-</strong></span> 
     </span>
     <span class='ocr_line' id='line_1_7' title="bbox 239 848 2783 939; baseline 0.001 -21"><span class='ocrx_word' id='word_1_59' title='bbox 239 849 427 930; x_wconf 89' lang='lat' dir='ltr'><strong>dam,</strong></span> <span class='ocrx_word' id='word_1_60' title='bbox 473 861 537 918; x_wconf 88' lang='lat' dir='ltr'><strong>et</strong></span> <span class='ocrx_word' id='word_1_61' title='bbox 590 848 874 939; x_wconf 89' lang='lat' dir='ltr'><strong>prodam</strong></span> <span class='ocrx_word' id='word_1_62' title='bbox 928 848 1152 917; x_wconf 90' lang='lat' dir='ltr'><strong>illum.</strong></span> <span class='ocrx_word' id='word_1_63' title='bbox 1196 870 1229 914; x_wconf 91' lang='lat'>»</span> <span class='ocrx_word' id='word_1_64' title='bbox 1281 850 1680 936; x_wconf 81' lang='lat' dir='ltr'><strong>Statimque,</strong></span> <span class='ocrx_word' id='word_1_65' title='bbox 1738 872 1894 917; x_wconf 88' lang='lat' dir='ltr'><strong>cum</strong></span> <span class='ocrx_word' id='word_1_66' title='bbox 1957 849 2246 918; x_wconf 84' lang='lat' dir='ltr'><strong>servulis</strong></span> <span class='ocrx_word' id='word_1_67' title='bbox 2295 851 2442 919; x_wconf 88' lang='lat' dir='ltr'><strong>suis</strong></span> <span class='ocrx_word' id='word_1_68' title='bbox 2496 853 2783 920; x_wconf 73' lang='lat' dir='ltr'><strong>ascensa</strong></span> 
     </span>
     <span class='ocr_line' id='line_1_8' title="bbox 240 936 2783 1027; baseline 0.001 -22"><span class='ocrx_word' id='word_1_69' title='bbox 240 938 308 1005; x_wconf 91' lang='lat' dir='ltr'><strong>in</strong></span> <span class='ocrx_word' id='word_1_70' title='bbox 365 950 568 1027; x_wconf 89' lang='lat' dir='ltr'><strong>portu</strong></span> <span class='ocrx_word' id='word_1_71' title='bbox 620 959 831 1018; x_wconf 89' lang='lat' dir='ltr'><strong>nave,</strong></span> <span class='ocrx_word' id='word_1_72' title='bbox 908 936 1246 1026; x_wconf 80' lang='lat' dir='ltr'><strong>appulsus</strong></span> <span class='ocrx_word' id='word_1_73' title='bbox 1313 949 1413 1006; x_wconf 88' lang='lat' dir='ltr'><strong>est</strong></span> <span class='ocrx_word' id='word_1_74' title='bbox 1483 937 1908 1027; x_wconf 80' lang='lat' dir='ltr'><strong>Pachynum,</strong></span> <span class='ocrx_word' id='word_1_75' title='bbox 1961 951 2026 1006; x_wconf 89' lang='lat' dir='ltr'><strong>et</strong></span> <span class='ocrx_word' id='word_1_76' title='bbox 2073 938 2449 1008; x_wconf 80' lang='lat' dir='ltr'><strong>deducente</strong></span> <span class='ocrx_word' id='word_1_77' title='bbox 2506 961 2577 1009; x_wconf 90' lang='lat' dir='ltr'><strong>se</strong></span> <span class='ocrx_word' id='word_1_78' title='bbox 2624 938 2783 1008; x_wconf 88' lang='lat' dir='ltr'><strong>dae-</strong></span> 
     </span>
     <span class='ocr_line' id='line_1_9' title="bbox 244 1026 2777 1116; baseline 0 -22"><span class='ocrx_word' id='word_1_79' title='bbox 244 1048 467 1107; x_wconf 87' lang='lat' dir='ltr'><strong>mone,</strong></span> <span class='ocrx_word' id='word_1_80' title='bbox 521 1027 642 1095; x_wconf 91' lang='lat' dir='ltr'><strong>ubi</strong></span> <span class='ocrx_word' id='word_1_81' title='bbox 691 1038 846 1095; x_wconf 89' lang='lat' dir='ltr'><strong>ante</strong></span> <span class='ocrx_word' id='word_1_82' title='bbox 895 1026 1250 1116; x_wconf 85' lang='lat' dir='ltr'><strong>tugurium</strong></span> <span class='ocrx_word' id='word_1_83' title='bbox 1289 1026 1472 1094; x_wconf 90' lang='lat' dir='ltr'><strong>senis</strong></span> <span class='ocrx_word' id='word_1_84' title='bbox 1521 1049 1591 1094; x_wconf 89' lang='lat' dir='ltr'><strong>se</strong></span> <span class='ocrx_word' id='word_1_85' title='bbox 1649 1027 2032 1113; x_wconf 86' lang='lat' dir='ltr'><strong>prostravit,</strong></span> <span class='ocrx_word' id='word_1_86' title='bbox 2090 1026 2273 1097; x_wconf 90' lang='lat' dir='ltr'><strong>illico</strong></span> <span class='ocrx_word' id='word_1_87' title='bbox 2320 1040 2604 1097; x_wconf 86' lang='lat' dir='ltr'><strong>curatus</strong></span> <span class='ocrx_word' id='word_1_88' title='bbox 2652 1040 2777 1097; x_wconf 89' lang='lat' dir='ltr'><strong>est.</strong></span> 
     </span>
     <span class='ocr_line' id='line_1_10' title="bbox 244 1114 2781 1204; baseline 0 -20"><span class='ocrx_word' id='word_1_89' title='bbox 244 1120 383 1184; x_wconf 92' lang='lat' dir='ltr'><strong>Hoc</strong></span> <span class='ocrx_word' id='word_1_90' title='bbox 427 1114 697 1184; x_wconf 89' lang='lat' dir='ltr'><strong>initium</strong></span> <span class='ocrx_word' id='word_1_91' title='bbox 756 1114 1109 1204; x_wconf 86' lang='lat' dir='ltr'><strong>signorum</strong></span> <span class='ocrx_word' id='word_1_92' title='bbox 1183 1114 1333 1204; x_wconf 87' lang='lat' dir='ltr'><strong>ejus</strong></span> <span class='ocrx_word' id='word_1_93' title='bbox 1385 1115 1451 1182; x_wconf 90' lang='lat' dir='ltr'><strong>in</strong></span> <span class='ocrx_word' id='word_1_94' title='bbox 1505 1115 1776 1196; x_wconf 75' lang='lat' dir='ltr'><strong>Sicilia,</strong></span> <span class='ocrx_word' id='word_1_95' title='bbox 1852 1116 2425 1185; x_wconf 78' lang='lat' dir='ltr'><strong>innumerabilem</strong></span> <span class='ocrx_word' id='word_1_96' title='bbox 2482 1117 2563 1185; x_wconf 90' lang='lat' dir='ltr'><strong>ad</strong></span> <span class='ocrx_word' id='word_1_97' title='bbox 2622 1138 2781 1185; x_wconf 89' lang='lat' dir='ltr'><strong>eum</strong></span> 
     </span>
     <span class='ocr_line' id='line_1_11' title="bbox 243 1202 2783 1294; baseline 0.001 -21"><span class='ocrx_word' id='word_1_98' title='bbox 243 1203 572 1292; x_wconf 85' lang='lat' dir='ltr'><strong>deinceps</strong></span> <span class='ocrx_word' id='word_1_99' title='bbox 647 1202 1188 1294; x_wconf 85' lang='lat' dir='ltr'><strong>aegrotantium,</strong></span> <span class='ocrx_word' id='word_1_100' title='bbox 1244 1203 1361 1273; x_wconf 90' lang='lat' dir='ltr'><strong>sed</strong></span> <span class='ocrx_word' id='word_1_101' title='bbox 1419 1213 1485 1271; x_wconf 93' lang='lat' dir='ltr'><strong>et</strong></span> <span class='ocrx_word' id='word_1_102' title='bbox 1548 1204 2020 1293; x_wconf 89' lang='lat' dir='ltr'><strong>religiosorum</strong></span> <span class='ocrx_word' id='word_1_103' title='bbox 2084 1204 2441 1274; x_wconf 88' lang='lat' dir='ltr'><strong>hominurn</strong></span> <span class='ocrx_word' id='word_1_104' title='bbox 2494 1205 2783 1275; x_wconf 88' lang='lat' dir='ltr'><strong>adduxit</strong></span> 
     </span>
     <span class='ocr_line' id='line_1_12' title="bbox 246 1291 2780 1381; baseline 0 -19"><span class='ocrx_word' id='word_1_105' title='bbox 246 1291 784 1370; x_wconf 85' lang='lat' dir='ltr'><strong>multitudinem,</strong></span> <span class='ocrx_word' id='word_1_106' title='bbox 827 1292 1165 1361; x_wconf 88' lang='lat' dir='ltr'><strong>intantum</strong></span> <span class='ocrx_word' id='word_1_107' title='bbox 1219 1304 1293 1360; x_wconf 90' lang='lat' dir='ltr'><strong>ut</strong></span> <span class='ocrx_word' id='word_1_108' title='bbox 1334 1291 1416 1359; x_wconf 91' lang='lat' dir='ltr'><strong>de</strong></span> <span class='ocrx_word' id='word_1_109' title='bbox 1469 1293 1890 1381; x_wconf 89' lang='lat' dir='ltr'><strong>primoribus</strong></span> <span class='ocrx_word' id='word_1_110' title='bbox 1918 1291 2200 1380; x_wconf 90' lang='lat' dir='ltr'><strong>quidam</strong></span> <span class='ocrx_word' id='word_1_111' title='bbox 2240 1306 2509 1363; x_wconf 88' lang='lat' dir='ltr'><strong>tumens</strong></span> <span class='ocrx_word' id='word_1_112' title='bbox 2544 1294 2780 1363; x_wconf 91' lang='lat' dir='ltr'><strong>morbo</strong></span> 
     </span>
     <span class='ocr_line' id='line_1_13' title="bbox 245 1379 2781 1472; baseline 0.001 -23"><span class='ocrx_word' id='word_1_113' title='bbox 245 1381 627 1460; x_wconf 81' lang='lat' dir='ltr'><strong>intercutiS,</strong></span> <span class='ocrx_word' id='word_1_114' title='bbox 681 1380 915 1450; x_wconf 87' lang='lat' dir='ltr'><strong>codem</strong></span> <span class='ocrx_word' id='word_1_115' title='bbox 968 1379 1101 1460; x_wconf 89' lang='lat' dir='ltr'><strong>die,</strong></span> <span class='ocrx_word' id='word_1_116' title='bbox 1157 1402 1292 1466; x_wconf 91' lang='lat' dir='ltr'><strong>quo</strong></span> <span class='ocrx_word' id='word_1_117' title='bbox 1330 1380 1411 1448; x_wconf 89' lang='lat' dir='ltr'><strong>ad</strong></span> <span class='ocrx_word' id='word_1_118' title='bbox 1465 1402 1619 1449; x_wconf 91' lang='lat' dir='ltr'><strong>eum</strong></span> <span class='ocrx_word' id='word_1_119' title='bbox 1665 1394 1957 1460; x_wconf 89' lang='lat' dir='ltr'><strong>venerat,</strong></span> <span class='ocrx_word' id='word_1_120' title='bbox 2015 1394 2296 1450; x_wconf 89' lang='lat' dir='ltr'><strong>curatus</strong></span> <span class='ocrx_word' id='word_1_121' title='bbox 2331 1383 2439 1451; x_wconf 89' lang='lat' dir='ltr'><strong>sit.</strong></span> <span class='ocrx_word' id='word_1_122' title='bbox 2493 1383 2620 1466; x_wconf 87' lang='lat' dir='ltr'><strong>Qui</strong></span> <span class='ocrx_word' id='word_1_123' title='bbox 2660 1404 2781 1472; x_wconf 88' lang='lat' dir='ltr'><strong>po-</strong></span> 
     </span>
     <span class='ocr_line' id='line_1_14' title="bbox 244 1468 2776 1549; baseline 0 -10"><span class='ocrx_word' id='word_1_124' title='bbox 244 1482 379 1539; x_wconf 88' lang='lat' dir='ltr'><strong>stea</strong></span> <span class='ocrx_word' id='word_1_125' title='bbox 442 1469 734 1538; x_wconf 82' lang='lat' dir='ltr'><strong>offerens</strong></span> <span class='ocrx_word' id='word_1_126' title='bbox 800 1469 858 1537; x_wconf 91' lang='lat' dir='ltr'><strong>ei</strong></span> <span class='ocrx_word' id='word_1_127' title='bbox 913 1468 1180 1538; x_wconf 85' lang='lat' dir='ltr'><strong>infinita</strong></span> <span class='ocrx_word' id='word_1_128' title='bbox 1233 1490 1542 1549; x_wconf 89' lang='lat' dir='ltr'><strong>munera,</strong></span> <span class='ocrx_word' id='word_1_129' title='bbox 1609 1470 1870 1538; x_wconf 87' lang='lat' dir='ltr'><strong>audivit</strong></span> <span class='ocrx_word' id='word_1_130' title='bbox 1940 1470 2198 1538; x_wconf 89' lang='lat' dir='ltr'><strong>dictum</strong></span> <span class='ocrx_word' id='word_1_131' title='bbox 2254 1470 2617 1541; x_wconf 80' lang='lat' dir='ltr'><strong>Salvatoris&#39;</strong></span> <span class='ocrx_word' id='word_1_132' title='bbox 2693 1470 2776 1539; x_wconf 89' lang='lat' dir='ltr'><strong>ad</strong></span> 
     </span>
     <span class='ocr_line' id='line_1_15' title="bbox 244 1543 2246 1648; baseline 0 -21"><span class='ocrx_word' id='word_1_133' title='bbox 244 1557 664 1647; x_wconf 77' lang='lat' dir='ltr'><strong>discipulos:</strong></span> <span class='ocrx_word' id='word_1_134' title='bbox 721 1559 944 1628; x_wconf 80' lang='lat' dir='ltr'><strong>Gratis</strong></span> <span class='ocrx_word' id='word_1_135' title='bbox 992 1559 1360 1648; x_wconf 76' lang='lat' dir='ltr'><strong>accepistis,</strong></span> <span class='ocrx_word' id='word_1_136' title='bbox 1403 1560 1620 1648; x_wconf 66' lang='lat' dir='ltr'><strong>gyratis</strong></span> <span class='ocrx_word' id='word_1_137' title='bbox 1652 1560 1806 1628; x_wconf 78' lang='lat' dir='ltr'><strong>date</strong></span> <span class='ocrx_word' id='word_1_138' title='bbox 1849 1543 2116 1648; x_wconf 63' lang='lat' dir='ltr'><strong>(Mami.</strong></span> <span class='ocrx_word' id='word_1_139' title='bbox 2156 1560 2246 1645; x_wconf 81' lang='lat' dir='ltr'><strong>x).</strong></span> 
     </span>
    </p>

    <p class='ocr_par' dir='ltr' id='par_1_3' title="bbox 205 1646 2783 2977">
     <span class='ocr_line' id='line_1_16' title="bbox 332 1646 2782 1736; baseline 0 -19"><span class='ocrx_word' id='word_1_140' title='bbox 332 1649 367 1734; x_wconf 66' lang='grc' dir='ltr'><strong>ἕ</strong></span> <span class='ocrx_word' id='word_1_141' title='bbox 420 1650 562 1718; x_wconf 67' lang='lat'><strong>922.</strong></span> <span class='ocrx_word' id='word_1_142' title='bbox 620 1652 787 1716; x_wconf 88' lang='lat' dir='ltr'><strong>Dum</strong></span> <span class='ocrx_word' id='word_1_143' title='bbox 833 1646 999 1715; x_wconf 84' lang='lat' dir='ltr'><strong>haec</strong></span> <span class='ocrx_word' id='word_1_144' title='bbox 1049 1646 1140 1714; x_wconf 87' lang='lat' dir='ltr'><strong>ita</strong></span> <span class='ocrx_word' id='word_1_145' title='bbox 1175 1658 1510 1735; x_wconf 86' lang='lat' dir='ltr'><strong>geruntur</strong></span> <span class='ocrx_word' id='word_1_146' title='bbox 1541 1647 1609 1714; x_wconf 89' lang='lat' dir='ltr'><strong>in</strong></span> <span class='ocrx_word' id='word_1_147' title='bbox 1663 1646 1916 1727; x_wconf 85' lang='lat' dir='ltr'><strong>Sicilia,</strong></span> <span class='ocrx_word' id='word_1_148' title='bbox 1966 1648 2343 1735; x_wconf 80' lang='lat' dir='ltr'><strong>Hesychius</strong></span> <span class='ocrx_word' id='word_1_149' title='bbox 2392 1647 2782 1736; x_wconf 86' lang='lat' dir='ltr'><strong>discipulus</strong></span> 
     </span>
     <span class='ocr_line' id='line_1_17' title="bbox 240 1734 2775 1825; baseline 0 -21"><span class='ocrx_word' id='word_1_150' title='bbox 240 1734 391 1822; x_wconf 87' lang='lat' dir='ltr'><strong>ejus</strong></span> <span class='ocrx_word' id='word_1_151' title='bbox 427 1747 559 1805; x_wconf 91' lang='lat' dir='ltr'><strong>toto</strong></span> <span class='ocrx_word' id='word_1_152' title='bbox 592 1757 821 1804; x_wconf 89' lang='lat' dir='ltr'><strong>senem</strong></span> <span class='ocrx_word' id='word_1_153' title='bbox 859 1734 1022 1803; x_wconf 90' lang='lat' dir='ltr'><strong>orbe</strong></span> <span class='ocrx_word' id='word_1_154' title='bbox 1054 1736 1444 1821; x_wconf 89' lang='lat' dir='ltr'><strong>quaerebat,</strong></span> <span class='ocrx_word' id='word_1_155' title='bbox 1486 1735 1787 1805; x_wconf 87' lang='lat' dir='ltr'><strong>lustrans</strong></span> <span class='ocrx_word' id='word_1_156' title='bbox 1823 1736 2038 1816; x_wconf 90' lang='lat' dir='ltr'><strong>litora,</strong></span> <span class='ocrx_word' id='word_1_157' title='bbox 2079 1736 2341 1805; x_wconf 89' lang='lat' dir='ltr'><strong>deserta</strong></span> <span class='ocrx_word' id='word_1_158' title='bbox 2389 1751 2775 1825; x_wconf 82' lang='lat' dir='ltr'><strong>penetranS,</strong></span> 
     </span>
     <span class='ocr_line' id='line_1_18' title="bbox 239 1823 2783 1912; baseline 0 -20"><span class='ocrx_word' id='word_1_159' title='bbox 239 1836 306 1892; x_wconf 89' lang='lat' dir='ltr'><strong>et</strong></span> <span class='ocrx_word' id='word_1_160' title='bbox 350 1824 540 1892; x_wconf 81' lang='lat' dir='ltr'><strong>hanc</strong></span> <span class='ocrx_word' id='word_1_161' title='bbox 579 1836 839 1893; x_wconf 84' lang='lat' dir='ltr'><strong>tanturn</strong></span> <span class='ocrx_word' id='word_1_162' title='bbox 894 1823 1153 1892; x_wconf 88' lang='lat' dir='ltr'><strong>habens</strong></span> <span class='ocrx_word' id='word_1_163' title='bbox 1203 1823 1555 1904; x_wconf 81' lang='lat' dir='ltr'><strong>fiduciam,</strong></span> <span class='ocrx_word' id='word_1_164' title='bbox 1594 1825 1756 1910; x_wconf 92' lang='lat' dir='ltr'><strong>quia</strong></span> <span class='ocrx_word' id='word_1_165' title='bbox 1791 1825 2215 1912; x_wconf 89' lang='lat' dir='ltr'><strong>ubicumque</strong></span> <span class='ocrx_word' id='word_1_166' title='bbox 2262 1838 2459 1905; x_wconf 90' lang='lat' dir='ltr'><strong>esset,</strong></span> <span class='ocrx_word' id='word_1_167' title='bbox 2515 1826 2637 1893; x_wconf 88' lang='lat' dir='ltr'><strong>diu</strong></span> <span class='ocrx_word' id='word_1_168' title='bbox 2687 1824 2783 1892; x_wconf 93' lang='lat' dir='ltr'><strong>la-</strong></span> 
     </span>
     <span class='ocr_line' id='line_1_19' title="bbox 246 1911 2781 2002; baseline 0 -21"><span class='ocrx_word' id='word_1_169' title='bbox 246 1914 384 1981; x_wconf 80' lang='lat' dir='ltr'><strong>tere</strong></span> <span class='ocrx_word' id='word_1_170' title='bbox 431 1934 561 1981; x_wconf 91' lang='lat' dir='ltr'><strong>non</strong></span> <span class='ocrx_word' id='word_1_171' title='bbox 602 1925 848 2001; x_wconf 87' lang='lat' dir='ltr'><strong>posset.</strong></span> <span class='ocrx_word' id='word_1_172' title='bbox 895 1917 1260 1981; x_wconf 89' lang='lat' dir='ltr'><strong>Transacto</strong></span> <span class='ocrx_word' id='word_1_173' title='bbox 1313 1911 1522 2002; x_wconf 90' lang='lat' dir='ltr'><strong>igitur</strong></span> <span class='ocrx_word' id='word_1_174' title='bbox 1558 1913 1703 2002; x_wconf 89' lang='lat' dir='ltr'><strong>jam</strong></span> <span class='ocrx_word' id='word_1_175' title='bbox 1760 1913 2075 1995; x_wconf 91' lang='lat' dir='ltr'><strong>triennio,</strong></span> <span class='ocrx_word' id='word_1_176' title='bbox 2114 1914 2377 1983; x_wconf 88' lang='lat' dir='ltr'><strong>audivit</strong></span> <span class='ocrx_word' id='word_1_177' title='bbox 2426 1915 2781 1983; x_wconf 87' lang='lat' dir='ltr'><strong>Methonae</strong></span> 
     </span>
     <span class='ocr_line' id='line_1_20' title="bbox 245 1999 2781 2093; baseline 0 -24"><span class='ocrx_word' id='word_1_178' title='bbox 245 2024 281 2069; x_wconf 89' lang='lat' dir='ltr'><strong>a</strong></span> <span class='ocrx_word' id='word_1_179' title='bbox 323 2000 620 2087; x_wconf 89' lang='lat' dir='ltr'><strong>quodam</strong></span> <span class='ocrx_word' id='word_1_180' title='bbox 672 1999 957 2077; x_wconf 86' lang='lat' dir='ltr'><strong>Judaeo,</strong></span> <span class='ocrx_word' id='word_1_181' title='bbox 1000 2001 1152 2068; x_wconf 84' lang='lat' dir='ltr'><strong>vilia</strong></span> <span class='ocrx_word' id='word_1_182' title='bbox 1195 2001 1468 2090; x_wconf 89' lang='lat' dir='ltr'><strong>populis</strong></span> <span class='ocrx_word' id='word_1_183' title='bbox 1494 2015 1725 2070; x_wconf 89' lang='lat' dir='ltr'><strong>scruta</strong></span> <span class='ocrx_word' id='word_1_184' title='bbox 1759 2002 2111 2081; x_wconf 90' lang='lat' dir='ltr'><strong>vendente,</strong></span> <span class='ocrx_word' id='word_1_185' title='bbox 2152 2003 2550 2093; x_wconf 82' lang='lat' dir='ltr'><strong>prophetam</strong></span> <span class='ocrx_word' id='word_1_186' title='bbox 2588 2002 2781 2071; x_wconf 86' lang='lat' dir='ltr'><strong>Chri-</strong></span> 
     </span>
     <span class='ocr_line' id='line_1_21' title="bbox 243 2089 2781 2181; baseline 0 -24"><span class='ocrx_word' id='word_1_187' title='bbox 243 2090 625 2158; x_wconf 85' lang='lat' dir='ltr'><strong>stianorum</strong></span> <span class='ocrx_word' id='word_1_188' title='bbox 665 2090 1069 2178; x_wconf 85' lang='lat' dir='ltr'><strong>apparuisse</strong></span> <span class='ocrx_word' id='word_1_189' title='bbox 1121 2089 1184 2171; x_wconf 89' lang='lat' dir='ltr'><strong>in</strong></span> <span class='ocrx_word' id='word_1_190' title='bbox 1225 2089 1491 2168; x_wconf 88' lang='lat' dir='ltr'><strong>Sicilia,</strong></span> <span class='ocrx_word' id='word_1_191' title='bbox 1548 2103 1731 2158; x_wconf 88' lang='lat' dir='ltr'><strong>tanta</strong></span> <span class='ocrx_word' id='word_1_192' title='bbox 1785 2090 2115 2160; x_wconf 85' lang='lat' dir='ltr'><strong>miracula</strong></span> <span class='ocrx_word' id='word_1_193' title='bbox 2164 2104 2229 2159; x_wconf 91' lang='lat' dir='ltr'><strong>et</strong></span> <span class='ocrx_word' id='word_1_194' title='bbox 2277 2092 2479 2181; x_wconf 87' lang='lat' dir='ltr'><strong>signa</strong></span> <span class='ocrx_word' id='word_1_195' title='bbox 2524 2090 2781 2159; x_wconf 81' lang='lat' dir='ltr'><strong>facien-</strong></span> 
     </span>
     <span class='ocr_line' id='line_1_22' title="bbox 250 2177 2782 2268; baseline 0.001 -23"><span class='ocrx_word' id='word_1_196' title='bbox 250 2192 406 2257; x_wconf 83' lang='lat' dir='ltr'><strong>tem,</strong></span> <span class='ocrx_word' id='word_1_197' title='bbox 465 2191 536 2247; x_wconf 91' lang='lat' dir='ltr'><strong>ut</strong></span> <span class='ocrx_word' id='word_1_198' title='bbox 582 2177 666 2246; x_wconf 91' lang='lat' dir='ltr'><strong>de</strong></span> <span class='ocrx_word' id='word_1_199' title='bbox 700 2178 1039 2247; x_wconf 86' lang='lat' dir='ltr'><strong>veteribus</strong></span> <span class='ocrx_word' id='word_1_200' title='bbox 1089 2179 1344 2247; x_wconf 86' lang='lat' dir='ltr'><strong>sanctis</strong></span> <span class='ocrx_word' id='word_1_201' title='bbox 1374 2192 1751 2268; x_wconf 88' lang='lat' dir='ltr'><strong>putaretur.</strong></span> <span class='ocrx_word' id='word_1_202' title='bbox 1810 2184 2271 2268; x_wconf 80' lang='lat' dir='ltr'><strong>Interrogatus</strong></span> <span class='ocrx_word' id='word_1_203' title='bbox 2307 2181 2532 2266; x_wconf 89' lang='lat' dir='ltr'><strong>itaque</strong></span> <span class='ocrx_word' id='word_1_204' title='bbox 2584 2180 2782 2248; x_wconf 90' lang='lat' dir='ltr'><strong>habi-</strong></span> 
     </span>
     <span class='ocr_line' id='line_1_23' title="bbox 248 2266 2783 2356; baseline 0 -22"><span class='ocrx_word' id='word_1_205' title='bbox 248 2278 390 2335; x_wconf 90' lang='lat' dir='ltr'><strong>tum</strong></span> <span class='ocrx_word' id='word_1_206' title='bbox 442 2266 618 2353; x_wconf 82' lang='lat' dir='ltr'><strong>ejuS,</strong></span> <span class='ocrx_word' id='word_1_207' title='bbox 677 2266 1016 2336; x_wconf 89' lang='lat' dir='ltr'><strong>incessum</strong></span> <span class='ocrx_word' id='word_1_208' title='bbox 1068 2280 1132 2335; x_wconf 90' lang='lat' dir='ltr'><strong>et</strong></span> <span class='ocrx_word' id='word_1_209' title='bbox 1183 2266 1536 2356; x_wconf 87' lang='lat' dir='ltr'><strong>linguam,</strong></span> <span class='ocrx_word' id='word_1_210' title='bbox 1610 2268 2038 2355; x_wconf 88' lang='lat' dir='ltr'><strong>maximeque</strong></span> <span class='ocrx_word' id='word_1_211' title='bbox 2085 2281 2395 2338; x_wconf 88' lang='lat' dir='ltr'><strong>aetatem:</strong></span> <span class='ocrx_word' id='word_1_212' title='bbox 2457 2268 2626 2337; x_wconf 86' lang='lat' dir='ltr'><strong>nibil</strong></span> <span class='ocrx_word' id='word_1_213' title='bbox 2679 2267 2783 2336; x_wconf 91' lang='lat' dir='ltr'><strong>di-</strong></span> 
     </span>
     <span class='ocr_line' id='line_1_24' title="bbox 249 2354 2777 2444; baseline 0.001 -22"><span class='ocrx_word' id='word_1_214' title='bbox 249 2375 403 2425; x_wconf 82' lang='lat' dir='ltr'><strong>cere</strong></span> <span class='ocrx_word' id='word_1_215' title='bbox 448 2356 685 2444; x_wconf 87' lang='lat' dir='ltr'><strong>potuit.</strong></span> <span class='ocrx_word' id='word_1_216' title='bbox 741 2354 861 2424; x_wconf 88' lang='lat' dir='ltr'><strong>Ille</strong></span> <span class='ocrx_word' id='word_1_217' title='bbox 897 2356 1107 2435; x_wconf 89' lang='lat' dir='ltr'><strong>enim,</strong></span> <span class='ocrx_word' id='word_1_218' title='bbox 1147 2356 1263 2441; x_wconf 91' lang='lat' dir='ltr'><strong>qui</strong></span> <span class='ocrx_word' id='word_1_219' title='bbox 1301 2354 1650 2436; x_wconf 77' lang='lat' dir='ltr'><strong>referebat,</strong></span> <span class='ocrx_word' id='word_1_220' title='bbox 1682 2356 1934 2425; x_wconf 87' lang='lat' dir='ltr'><strong>samam</strong></span> <span class='ocrx_word' id='word_1_221' title='bbox 1970 2356 2055 2425; x_wconf 90' lang='lat' dir='ltr'><strong>ad</strong></span> <span class='ocrx_word' id='word_1_222' title='bbox 2093 2380 2164 2425; x_wconf 92' lang='lat' dir='ltr'><strong>se</strong></span> <span class='ocrx_word' id='word_1_223' title='bbox 2207 2358 2468 2426; x_wconf 83' lang='lat' dir='ltr'><strong>venisse</strong></span> <span class='ocrx_word' id='word_1_224' title='bbox 2510 2370 2777 2426; x_wconf 89' lang='lat' dir='ltr'><strong>tantum</strong></span> 
     </span>
     <span class='ocr_line' id='line_1_25' title="bbox 248 2442 2782 2536; baseline 0 -24"><span class='ocrx_word' id='word_1_225' title='bbox 248 2442 552 2512; x_wconf 89' lang='lat' dir='ltr'><strong>hominis</strong></span> <span class='ocrx_word' id='word_1_226' title='bbox 586 2444 979 2514; x_wconf 86' lang='lat' dir='ltr'><strong>testabatur.</strong></span> <span class='ocrx_word' id='word_1_227' title='bbox 1027 2448 1386 2535; x_wconf 82' lang='lat' dir='ltr'><strong>Ingressus</strong></span> <span class='ocrx_word' id='word_1_228' title='bbox 1419 2445 1630 2536; x_wconf 87' lang='lat' dir='ltr'><strong>igitur</strong></span> <span class='ocrx_word' id='word_1_229' title='bbox 1667 2444 1967 2526; x_wconf 71' lang='lat' dir='ltr'><strong>Adi-iam,</strong></span> <span class='ocrx_word' id='word_1_230' title='bbox 2050 2467 2325 2536; x_wconf 84' lang='lat' dir='ltr'><strong>rospero</strong></span> <span class='ocrx_word' id='word_1_231' title='bbox 2353 2468 2563 2515; x_wconf 89' lang='lat' dir='ltr'><strong>cursu</strong></span> <span class='ocrx_word' id='word_1_232' title='bbox 2599 2446 2782 2515; x_wconf 89' lang='lat' dir='ltr'><strong>venit</strong></span> 
     </span>
     <span class='ocr_line' id='line_1_26' title="bbox 248 2468 2780 2620; baseline 0 -18"><span class='ocrx_word' id='word_1_233' title='bbox 248 2533 646 2620; x_wconf 79' lang='lat' dir='ltr'><strong>Pachynum</strong></span> <span class='ocrx_word' id='word_1_234' title='bbox 684 2533 740 2612; x_wconf 64' lang='lat'><strong>³⁶,</strong></span> <span class='ocrx_word' id='word_1_235' title='bbox 793 2548 855 2601; x_wconf 90' lang='lat' dir='ltr'><strong>et</strong></span> <span class='ocrx_word' id='word_1_236' title='bbox 903 2532 972 2601; x_wconf 90' lang='lat' dir='ltr'><strong>in</strong></span> <span class='ocrx_word' id='word_1_237' title='bbox 1024 2533 1321 2619; x_wconf 89' lang='lat' dir='ltr'><strong>quadam</strong></span> <span class='ocrx_word' id='word_1_238' title='bbox 1396 2535 1588 2603; x_wconf 88' lang='lat' dir='ltr'><strong>curvi</strong></span> <span class='ocrx_word' id='word_1_239' title='bbox 1663 2533 1878 2604; x_wconf 91' lang='lat' dir='ltr'><strong>litoris</strong></span> <span class='ocrx_word' id='word_1_240' title='bbox 1933 2468 2210 2616; x_wconf 65' lang='lat' dir='ltr'><strong>viilula;</strong></span> <span class='ocrx_word' id='word_1_241' title='bbox 2286 2535 2538 2604; x_wconf 87' lang='lat' dir='ltr'><strong>famam</strong></span> <span class='ocrx_word' id='word_1_242' title='bbox 2595 2535 2780 2605; x_wconf 86' lang='lat' dir='ltr'><strong>senis</strong></span> 
     </span>
     <span class='ocr_line' id='line_1_27' title="bbox 243 2621 2779 2724; baseline 0.001 -35"><span class='ocrx_word' id='word_1_243' title='bbox 243 2621 655 2699; x_wconf 86' lang='lat' dir='ltr'><strong>sciscitatus,</strong></span> <span class='ocrx_word' id='word_1_244' title='bbox 711 2623 1013 2691; x_wconf 72' lang='lat' dir='ltr'><strong>consona</strong></span> <span class='ocrx_word' id='word_1_245' title='bbox 1049 2643 1206 2690; x_wconf 87' lang='lat' dir='ltr'><strong>voce</strong></span> <span class='ocrx_word' id='word_1_246' title='bbox 1254 2624 1563 2692; x_wconf 89' lang='lat' dir='ltr'><strong>omnium</strong></span> <span class='ocrx_word' id='word_1_247' title='bbox 1616 2624 1955 2724; x_wconf 86' lang='lat' dir='ltr'><strong>cognovit,</strong></span> <span class='ocrx_word' id='word_1_248' title='bbox 1996 2625 2117 2693; x_wconf 90' lang='lat' dir='ltr'><strong>ubi</strong></span> <span class='ocrx_word' id='word_1_249' title='bbox 2150 2639 2348 2703; x_wconf 88' lang='lat' dir='ltr'><strong>esset,</strong></span> <span class='ocrx_word' id='word_1_250' title='bbox 2404 2624 2567 2710; x_wconf 88' lang='lat' dir='ltr'><strong>quid</strong></span> <span class='ocrx_word' id='word_1_251' title='bbox 2623 2644 2779 2712; x_wconf 89' lang='lat' dir='ltr'><strong>age-</strong></span> 
     </span>
     <span class='ocr_line' id='line_1_28' title="bbox 243 2707 2781 2801; baseline 0.001 -24"><span class='ocrx_word' id='word_1_252' title='bbox 243 2723 381 2779; x_wconf 88' lang='lat' dir='ltr'><strong>ret:</strong></span> <span class='ocrx_word' id='word_1_253' title='bbox 437 2710 605 2779; x_wconf 87' lang='lat' dir='ltr'><strong>nihil</strong></span> <span class='ocrx_word' id='word_1_254' title='bbox 664 2711 728 2779; x_wconf 93' lang='lat' dir='ltr'><strong>in</strong></span> <span class='ocrx_word' id='word_1_255' title='bbox 779 2732 857 2779; x_wconf 91' lang='lat' dir='ltr'><strong>eo</strong></span> <span class='ocrx_word' id='word_1_256' title='bbox 907 2707 999 2778; x_wconf 90' lang='lat' dir='ltr'><strong>ita</strong></span> <span class='ocrx_word' id='word_1_257' title='bbox 1044 2712 1312 2780; x_wconf 88' lang='lat' dir='ltr'><strong>cunctis</strong></span> <span class='ocrx_word' id='word_1_258' title='bbox 1360 2711 1886 2791; x_wconf 79' lang='lat' dir='ltr'><strong>admirantibuS,</strong></span> <span class='ocrx_word' id='word_1_259' title='bbox 1924 2735 2129 2799; x_wconf 89' lang='lat' dir='ltr'><strong>quam</strong></span> <span class='ocrx_word' id='word_1_260' title='bbox 2179 2714 2356 2798; x_wconf 84' lang='lat' dir='ltr'><strong>quod</strong></span> <span class='ocrx_word' id='word_1_261' title='bbox 2416 2725 2562 2801; x_wconf 86' lang='lat' dir='ltr'><strong>post</strong></span> <span class='ocrx_word' id='word_1_262' title='bbox 2597 2723 2781 2780; x_wconf 85' lang='lat' dir='ltr'><strong>tanta</strong></span> 
     </span>
     <span class='ocr_line' id='line_1_29' title="bbox 242 2798 2776 2891; baseline 0 -26"><span class='ocrx_word' id='word_1_263' title='bbox 242 2799 438 2868; x_wconf 65' lang='lat' dir='ltr'><strong>sinna</strong></span> <span class='ocrx_word' id='word_1_264' title='bbox 488 2812 690 2885; x_wconf 89' lang='lat' dir='ltr'><strong>atque</strong></span> <span class='ocrx_word' id='word_1_265' title='bbox 742 2798 1096 2879; x_wconf 87' lang='lat' dir='ltr'><strong>miracula,</strong></span> <span class='ocrx_word' id='word_1_266' title='bbox 1147 2822 1226 2869; x_wconf 91' lang='lat' dir='ltr'><strong>ne</strong></span> <span class='ocrx_word' id='word_1_267' title='bbox 1276 2799 1583 2891; x_wconf 88' lang='lat' dir='ltr'><strong>fragmen</strong></span> <span class='ocrx_word' id='word_1_268' title='bbox 1636 2800 1914 2888; x_wconf 89' lang='lat' dir='ltr'><strong>quidem</strong></span> <span class='ocrx_word' id='word_1_269' title='bbox 1970 2801 2168 2891; x_wconf 89' lang='lat' dir='ltr'><strong>panis</strong></span> <span class='ocrx_word' id='word_1_270' title='bbox 2215 2824 2253 2868; x_wconf 89' lang='lat' dir='ltr'><strong>a</strong></span> <span class='ocrx_word' id='word_1_271' title='bbox 2302 2823 2650 2887; x_wconf 89' lang='lat' dir='ltr'><strong>quoquam</strong></span> <span class='ocrx_word' id='word_1_272' title='bbox 2705 2800 2776 2867; x_wconf 93' lang='lat' dir='ltr'><strong>in</strong></span> 
     </span>
     <span class='ocr_line' id='line_1_30' title="bbox 205 2854 1029 2977; baseline 0.002 -22"><span class='ocrx_word' id='word_1_273' title='bbox 205 2854 384 2956; x_wconf 69' lang='lat' dir='ltr'><strong>‘iliis</strong></span> <span class='ocrx_word' id='word_1_274' title='bbox 418 2887 585 2957; x_wconf 90' lang='lat' dir='ltr'><strong>locis</strong></span> <span class='ocrx_word' id='word_1_275' title='bbox 634 2888 1029 2977; x_wconf 86' lang='lat' dir='ltr'><strong>accepisset.</strong></span> 
     </span>
    </p>

    <p class='ocr_par' dir='ltr' id='par_1_4' title="bbox 240 2976 2779 3688">
     <span class='ocr_line' id='line_1_31' title="bbox 331 2976 2774 3068; baseline -0.004 -16"><span class='ocrx_word' id='word_1_276' title='bbox 331 2985 367 3052; x_wconf 67' lang='grc' dir='ltr'>ἓ</span> <span class='ocrx_word' id='word_1_277' title='bbox 423 2980 567 3049; x_wconf 62' lang='lat'><strong>28.</strong></span> <span class='ocrx_word' id='word_1_278' title='bbox 624 2982 698 3046; x_wconf 89' lang='lat' dir='ltr'><strong>Et</strong></span> <span class='ocrx_word' id='word_1_279' title='bbox 749 2999 830 3046; x_wconf 92' lang='lat' dir='ltr'><strong>ne</strong></span> <span class='ocrx_word' id='word_1_280' title='bbox 880 2976 1161 3068; x_wconf 87' lang='lat' dir='ltr'><strong>longum</strong></span> <span class='ocrx_word' id='word_1_281' title='bbox 1201 2977 1473 3058; x_wconf 85' lang='lat' dir='ltr'><strong>faciam,</strong></span> <span class='ocrx_word' id='word_1_282' title='bbox 1521 2991 1804 3047; x_wconf 90' lang='lat' dir='ltr'><strong>sanctus</strong></span> <span class='ocrx_word' id='word_1_283' title='bbox 1856 2977 1957 3044; x_wconf 88' lang='lat' dir='ltr'><strong>vir</strong></span> <span class='ocrx_word' id='word_1_284' title='bbox 1995 2976 2379 3067; x_wconf 83' lang='lat' dir='ltr'><strong>Hesychius</strong></span> <span class='ocrx_word' id='word_1_285' title='bbox 2430 2976 2510 3045; x_wconf 91' lang='lat' dir='ltr'><strong>ad</strong></span> <span class='ocrx_word' id='word_1_286' title='bbox 2554 2976 2774 3066; x_wconf 88' lang='lat' dir='ltr'><strong>magi-</strong></span> 
     </span>
     <span class='ocr_line' id='line_1_32' title="bbox 243 3064 2775 3155; baseline 0 -23"><span class='ocrx_word' id='word_1_287' title='bbox 243 3065 362 3154; x_wconf 79' lang='lat' dir='ltr'><strong>stri</strong></span> <span class='ocrx_word' id='word_1_288' title='bbox 415 3087 637 3154; x_wconf 89' lang='lat' dir='ltr'><strong>genua</strong></span> <span class='ocrx_word' id='word_1_289' title='bbox 693 3066 1111 3153; x_wconf 83' lang='lat' dir='ltr'><strong>provolutuS‚</strong></span> <span class='ocrx_word' id='word_1_290' title='bbox 1171 3066 1573 3155; x_wconf 86' lang='lat' dir='ltr'><strong>plantasque</strong></span> <span class='ocrx_word' id='word_1_291' title='bbox 1623 3067 1772 3155; x_wconf 86' lang='lat' dir='ltr'><strong>ejus</strong></span> <span class='ocrx_word' id='word_1_292' title='bbox 1823 3065 2148 3154; x_wconf 85' lang='lat' dir='ltr'><strong>lacrymis</strong></span> <span class='ocrx_word' id='word_1_293' title='bbox 2196 3066 2451 3155; x_wconf 78' lang='lat' dir='ltr'><strong>riganS,</strong></span> <span class='ocrx_word' id='word_1_294' title='bbox 2500 3064 2775 3133; x_wconf 88' lang='lat' dir='ltr'><strong>tandem</strong></span> 
     </span>
     <span class='ocr_line' id='line_1_33' title="bbox 240 3152 2774 3243; baseline 0.001 -23"><span class='ocrx_word' id='word_1_295' title='bbox 240 3152 329 3220; x_wconf 89' lang='lat' dir='ltr'><strong>ab</strong></span> <span class='ocrx_word' id='word_1_296' title='bbox 375 3176 453 3222; x_wconf 92' lang='lat' dir='ltr'><strong>eo</strong></span> <span class='ocrx_word' id='word_1_297' title='bbox 487 3153 904 3235; x_wconf 87' lang='lat' dir='ltr'><strong>sublevatus,</strong></span> <span class='ocrx_word' id='word_1_298' title='bbox 945 3168 1091 3243; x_wconf 90' lang='lat' dir='ltr'><strong>post</strong></span> <span class='ocrx_word' id='word_1_299' title='bbox 1141 3155 1359 3234; x_wconf 90' lang='lat' dir='ltr'><strong>bidui,</strong></span> <span class='ocrx_word' id='word_1_300' title='bbox 1401 3154 1746 3241; x_wconf 87' lang='lat' dir='ltr'><strong>triduique</strong></span> <span class='ocrx_word' id='word_1_301' title='bbox 1777 3175 2161 3223; x_wconf 89' lang='lat' dir='ltr'><strong>sermonem</strong></span> <span class='ocrx_word' id='word_1_302' title='bbox 2196 3153 2388 3223; x_wconf 89' lang='lat' dir='ltr'><strong>audit</strong></span> <span class='ocrx_word' id='word_1_303' title='bbox 2421 3158 2774 3234; x_wconf 81' lang='lat' dir='ltr'><strong>aGazanO,</strong></span> 
     </span>
     <span class='ocr_line' id='line_1_34' title="bbox 244 3240 2779 3343; baseline 0 -34"><span class='ocrx_word' id='word_1_304' title='bbox 244 3262 377 3309; x_wconf 92' lang='lat' dir='ltr'><strong>non</strong></span> <span class='ocrx_word' id='word_1_305' title='bbox 433 3263 629 3331; x_wconf 90' lang='lat' dir='ltr'><strong>posse</strong></span> <span class='ocrx_word' id='word_1_306' title='bbox 662 3264 891 3312; x_wconf 87' lang='lat' dir='ltr'><strong>senem</strong></span> <span class='ocrx_word' id='word_1_307' title='bbox 938 3244 1081 3328; x_wconf 79' lang='lat' dir='ltr'><strong>jam</strong></span> <span class='ocrx_word' id='word_1_308' title='bbox 1136 3244 1202 3311; x_wconf 92' lang='lat' dir='ltr'><strong>in</strong></span> <span class='ocrx_word' id='word_1_309' title='bbox 1258 3243 1395 3314; x_wconf 91' lang='lat' dir='ltr'><strong>illis</strong></span> <span class='ocrx_word' id='word_1_310' title='bbox 1443 3243 1754 3311; x_wconf 88' lang='lat' dir='ltr'><strong>habitare</strong></span> <span class='ocrx_word' id='word_1_311' title='bbox 1822 3242 2242 3343; x_wconf 88' lang='lat' dir='ltr'><strong>regionibus,</strong></span> <span class='ocrx_word' id='word_1_312' title='bbox 2298 3242 2410 3311; x_wconf 91' lang='lat' dir='ltr'><strong>sed</strong></span> <span class='ocrx_word' id='word_1_313' title='bbox 2476 3241 2642 3311; x_wconf 82' lang='lat' dir='ltr'><strong>velle</strong></span> <span class='ocrx_word' id='word_1_314' title='bbox 2691 3240 2779 3310; x_wconf 92' lang='lat' dir='ltr'><strong>ad</strong></span> 
     </span>
     <span class='ocr_line' id='line_1_35' title="bbox 240 3329 2776 3421; baseline 0.001 -24"><span class='ocrx_word' id='word_1_315' title='bbox 240 3329 570 3398; x_wconf 91' lang='lat' dir='ltr'><strong>barbaras</strong></span> <span class='ocrx_word' id='word_1_316' title='bbox 634 3331 967 3415; x_wconf 89' lang='lat' dir='ltr'><strong>quasdam</strong></span> <span class='ocrx_word' id='word_1_317' title='bbox 1048 3353 1324 3421; x_wconf 90' lang='lat' dir='ltr'><strong>pergere</strong></span> <span class='ocrx_word' id='word_1_318' title='bbox 1399 3332 1728 3411; x_wconf 90' lang='lat' dir='ltr'><strong>nationes,</strong></span> <span class='ocrx_word' id='word_1_319' title='bbox 1806 3332 1921 3400; x_wconf 82' lang='lat' dir='ltr'><strong>ubi</strong></span> <span class='ocrx_word' id='word_1_320' title='bbox 1974 3344 2036 3399; x_wconf 89' lang='lat' dir='ltr'><strong>et</strong></span> <span class='ocrx_word' id='word_1_321' title='bbox 2097 3352 2380 3411; x_wconf 90' lang='lat' dir='ltr'><strong>nomen,</strong></span> <span class='ocrx_word' id='word_1_322' title='bbox 2435 3345 2497 3400; x_wconf 90' lang='lat' dir='ltr'><strong>et</strong></span> <span class='ocrx_word' id='word_1_323' title='bbox 2551 3352 2776 3400; x_wconf 87' lang='lat' dir='ltr'><strong>sermo</strong></span> 
     </span>
     <span class='ocr_line' id='line_1_36' title="bbox 242 3417 2776 3509; baseline -0.001 -21"><span class='ocrx_word' id='word_1_324' title='bbox 242 3441 413 3488; x_wconf 87' lang='lat' dir='ltr'><strong>suus</strong></span> <span class='ocrx_word' id='word_1_325' title='bbox 464 3418 855 3508; x_wconf 88' lang='lat' dir='ltr'><strong>incognitus</strong></span> <span class='ocrx_word' id='word_1_326' title='bbox 902 3418 1094 3489; x_wconf 86' lang='lat' dir='ltr'><strong>soret.</strong></span> <span class='ocrx_word' id='word_1_327' title='bbox 1157 3420 1351 3488; x_wconf 82' lang='lat' dir='ltr'><strong>Duxit</strong></span> <span class='ocrx_word' id='word_1_328' title='bbox 1398 3420 1626 3506; x_wconf 87' lang='lat' dir='ltr'><strong>itaque</strong></span> <span class='ocrx_word' id='word_1_329' title='bbox 1676 3418 1870 3488; x_wconf 87' lang='lat' dir='ltr'><strong>illum</strong></span> <span class='ocrx_word' id='word_1_330' title='bbox 1910 3419 1993 3488; x_wconf 90' lang='lat' dir='ltr'><strong>ad</strong></span> <span class='ocrx_word' id='word_1_331' title='bbox 2040 3419 2457 3509; x_wconf 86' lang='lat' dir='ltr'><strong>Epidaurum</strong></span> <span class='ocrx_word' id='word_1_332' title='bbox 2503 3419 2572 3453; x_wconf 67' lang='lat'><strong>*²*</strong></span> <span class='ocrx_word' id='word_1_333' title='bbox 2623 3417 2776 3488; x_wconf 88' lang='lat' dir='ltr'><strong>Dal-</strong></span> 
     </span>
     <span class='ocr_line' id='line_1_37' title="bbox 241 3506 2766 3598; baseline -0 -22"><span class='ocrx_word' id='word_1_334' title='bbox 241 3508 491 3576; x_wconf 86' lang='lat' dir='ltr'><strong>matiae</strong></span> <span class='ocrx_word' id='word_1_335' title='bbox 551 3506 911 3596; x_wconf 90' lang='lat' dir='ltr'><strong>oppidum,</strong></span> <span class='ocrx_word' id='word_1_336' title='bbox 966 3508 1087 3577; x_wconf 92' lang='lat' dir='ltr'><strong>ubi</strong></span> <span class='ocrx_word' id='word_1_337' title='bbox 1139 3509 1376 3595; x_wconf 90' lang='lat' dir='ltr'><strong>paucis</strong></span> <span class='ocrx_word' id='word_1_338' title='bbox 1431 3508 1678 3578; x_wconf 89' lang='lat' dir='ltr'><strong>diebus</strong></span> <span class='ocrx_word' id='word_1_339' title='bbox 1725 3508 1795 3576; x_wconf 90' lang='lat' dir='ltr'><strong>in</strong></span> <span class='ocrx_word' id='word_1_340' title='bbox 1847 3509 2070 3577; x_wconf 90' lang='lat' dir='ltr'><strong>vicino</strong></span> <span class='ocrx_word' id='word_1_341' title='bbox 2101 3508 2320 3598; x_wconf 89' lang='lat' dir='ltr'><strong>agello</strong></span> <span class='ocrx_word' id='word_1_342' title='bbox 2359 3510 2766 3588; x_wconf 84' lang='lat' dir='ltr'><strong>mansitans,</strong></span> 
     </span>
     <span class='ocr_line' id='line_1_38' title="bbox 242 3594 2777 3688; baseline 0 -25"><span class='ocrx_word' id='word_1_343' title='bbox 242 3618 376 3664; x_wconf 91' lang='lat' dir='ltr'><strong>non</strong></span> <span class='ocrx_word' id='word_1_344' title='bbox 476 3596 649 3665; x_wconf 90' lang='lat' dir='ltr'><strong>otuit</strong></span> <span class='ocrx_word' id='word_1_345' title='bbox 697 3594 1051 3665; x_wconf 88' lang='lat' dir='ltr'><strong>abscondi.</strong></span> <span class='ocrx_word' id='word_1_346' title='bbox 1108 3595 1457 3683; x_wconf 88' lang='lat' dir='ltr'><strong>Siquidem</strong></span> <span class='ocrx_word' id='word_1_347' title='bbox 1510 3597 1717 3666; x_wconf 88' lang='lat' dir='ltr'><strong>draco</strong></span> <span class='ocrx_word' id='word_1_348' title='bbox 1771 3597 1981 3666; x_wconf 88' lang='lat' dir='ltr'><strong>mirae</strong></span> <span class='ocrx_word' id='word_1_349' title='bbox 2029 3597 2551 3688; x_wconf 88' lang='lat' dir='ltr'><strong>magnitudinis,</strong></span> <span class='ocrx_word' id='word_1_350' title='bbox 2603 3617 2777 3683; x_wconf 90' lang='lat' dir='ltr'><strong>quos</strong></span> 
     </span>
    </p>

    <p class='ocr_par' dir='ltr' id='par_1_5' title="bbox 288 3683 2778 3776">
     <span class='ocr_line' id='line_1_39' title="bbox 288 3683 2778 3776; baseline -0 -22"><span class='ocrx_word' id='word_1_351' title='bbox 288 3683 479 3754; x_wconf 88' lang='lat' dir='ltr'><strong>eutii</strong></span> <span class='ocrx_word' id='word_1_352' title='bbox 528 3705 843 3753; x_wconf 88' lang='lat' dir='ltr'><strong>sermone</strong></span> <span class='ocrx_word' id='word_1_353' title='bbox 893 3685 1056 3753; x_wconf 92' lang='lat' dir='ltr'><strong>boas</strong></span> <span class='ocrx_word' id='word_1_354' title='bbox 1108 3699 1371 3766; x_wconf 86' lang='lat' dir='ltr'><strong>vocant,</strong></span> <span class='ocrx_word' id='word_1_355' title='bbox 1424 3685 1511 3754; x_wconf 89' lang='lat' dir='ltr'><strong>ab</strong></span> <span class='ocrx_word' id='word_1_356' title='bbox 1558 3707 1659 3766; x_wconf 91' lang='lat' dir='ltr'><strong>eo,</strong></span> <span class='ocrx_word' id='word_1_357' title='bbox 1712 3686 1896 3773; x_wconf 90' lang='lat' dir='ltr'><strong>quod</strong></span> <span class='ocrx_word' id='word_1_358' title='bbox 1949 3699 2081 3755; x_wconf 90' lang='lat' dir='ltr'><strong>tam</strong></span> <span class='ocrx_word' id='word_1_359' title='bbox 2135 3685 2433 3776; x_wconf 89' lang='lat' dir='ltr'><strong>grandes</strong></span> <span class='ocrx_word' id='word_1_360' title='bbox 2483 3686 2646 3765; x_wconf 90' lang='lat' dir='ltr'><strong>sint,</strong></span> <span class='ocrx_word' id='word_1_361' title='bbox 2702 3695 2778 3753; x_wconf 90' lang='lat' dir='ltr'><strong>ut</strong></span> 
     </span>
    </p>

    <p class='ocr_par' dir='ltr' id='par_1_6' title="bbox 238 3771 2779 4397">
     <span class='ocr_line' id='line_1_40' title="bbox 290 3771 2778 3863; baseline -0 -22"><span class='ocrx_word' id='word_1_362' title='bbox 290 3795 448 3842; x_wconf 88' lang='lat' dir='ltr'><strong>oves</strong></span> <span class='ocrx_word' id='word_1_363' title='bbox 496 3771 747 3863; x_wconf 89' lang='lat' dir='ltr'><strong>glutire</strong></span> <span class='ocrx_word' id='word_1_364' title='bbox 796 3772 1080 3854; x_wconf 87' lang='lat' dir='ltr'><strong>soleant,</strong></span> <span class='ocrx_word' id='word_1_365' title='bbox 1134 3795 1407 3843; x_wconf 91' lang='lat' dir='ltr'><strong>omnem</strong></span> <span class='ocrx_word' id='word_1_366' title='bbox 1474 3773 1604 3842; x_wconf 87' lang='lat' dir='ltr'><strong>late</strong></span> <span class='ocrx_word' id='word_1_367' title='bbox 1670 3776 1973 3845; x_wconf 89' lang='lat' dir='ltr'><strong>vastabat</strong></span> <span class='ocrx_word' id='word_1_368' title='bbox 2025 3775 2471 3863; x_wconf 87' lang='lat' dir='ltr'><strong>provinciam,</strong></span> <span class='ocrx_word' id='word_1_369' title='bbox 2525 3787 2590 3841; x_wconf 90' lang='lat' dir='ltr'><strong>et</strong></span> <span class='ocrx_word' id='word_1_370' title='bbox 2640 3793 2778 3841; x_wconf 90' lang='lat' dir='ltr'><strong>non</strong></span> 
     </span>
     <span class='ocr_line' id='line_1_41' title="bbox 239 3862 2777 3954; baseline -0.002 -22"><span class='ocrx_word' id='word_1_371' title='bbox 239 3862 461 3933; x_wconf 91' lang='lat' dir='ltr'><strong>solum</strong></span> <span class='ocrx_word' id='word_1_372' title='bbox 515 3873 825 3930; x_wconf 88' lang='lat' dir='ltr'><strong>armenta</strong></span> <span class='ocrx_word' id='word_1_373' title='bbox 859 3874 922 3931; x_wconf 89' lang='lat' dir='ltr'><strong>et</strong></span> <span class='ocrx_word' id='word_1_374' title='bbox 961 3863 1278 3952; x_wconf 76' lang='lat' dir='ltr'><strong>pecude5‚</strong></span> <span class='ocrx_word' id='word_1_375' title='bbox 1316 3862 1431 3932; x_wconf 85' lang='lat' dir='ltr'><strong>sed</strong></span> <span class='ocrx_word' id='word_1_376' title='bbox 1485 3863 1821 3954; x_wconf 79' lang='lat' dir='ltr'><strong>agricolas</strong></span> <span class='ocrx_word' id='word_1_377' title='bbox 1869 3885 2139 3950; x_wconf 89' lang='lat' dir='ltr'><strong>quoque</strong></span> <span class='ocrx_word' id='word_1_378' title='bbox 2170 3875 2235 3932; x_wconf 90' lang='lat' dir='ltr'><strong>et</strong></span> <span class='ocrx_word' id='word_1_379' title='bbox 2285 3873 2612 3952; x_wconf 56' lang='lat' dir='ltr'><strong>pastores„</strong></span> <span class='ocrx_word' id='word_1_380' title='bbox 2654 3874 2777 3929; x_wconf 89' lang='lat' dir='ltr'><strong>tra·</strong></span> 
     </span>
     <span class='ocr_line' id='line_1_42' title="bbox 238 3949 2779 4041; baseline 0 -22"><span class='ocrx_word' id='word_1_381' title='bbox 238 3963 383 4021; x_wconf 89' lang='lat' dir='ltr'><strong>ctos</strong></span> <span class='ocrx_word' id='word_1_382' title='bbox 432 3949 518 4020; x_wconf 89' lang='lat' dir='ltr'><strong>ad</strong></span> <span class='ocrx_word' id='word_1_383' title='bbox 570 3972 642 4021; x_wconf 90' lang='lat' dir='ltr'><strong>se</strong></span> <span class='ocrx_word' id='word_1_384' title='bbox 677 3950 733 4018; x_wconf 89' lang='lat' dir='ltr'><strong>vi</strong></span> <span class='ocrx_word' id='word_1_385' title='bbox 769 3950 1077 4040; x_wconf 85' lang='lat' dir='ltr'><strong>spiritus,</strong></span> <span class='ocrx_word' id='word_1_386' title='bbox 1117 3952 1546 4022; x_wconf 89' lang='lat' dir='ltr'><strong>absorbebat.</strong></span> <span class='ocrx_word' id='word_1_387' title='bbox 1588 3952 1704 4020; x_wconf 85' lang='lat' dir='ltr'><strong>Cui</strong></span> <span class='ocrx_word' id='word_1_388' title='bbox 1747 3974 1903 4021; x_wconf 90' lang='lat' dir='ltr'><strong>cum</strong></span> <span class='ocrx_word' id='word_1_389' title='bbox 1953 3973 2190 4041; x_wconf 90' lang='lat' dir='ltr'><strong>pyram</strong></span> <span class='ocrx_word' id='word_1_390' title='bbox 2227 3950 2551 4038; x_wconf 87' lang='lat' dir='ltr'><strong>jussisset</strong></span> <span class='ocrx_word' id='word_1_391' title='bbox 2584 3970 2779 4038; x_wconf 87' lang='lat' dir='ltr'><strong>prae·</strong></span> 
     </span>
     <span class='ocr_line' id='line_1_43' title="bbox 291 4039 2776 4141; baseline -0 -34"><span class='ocrx_word' id='word_1_392' title='bbox 291 4039 494 4120; x_wconf 88' lang='lat' dir='ltr'><strong>arari,</strong></span> <span class='ocrx_word' id='word_1_393' title='bbox 526 4051 590 4108; x_wconf 92' lang='lat' dir='ltr'><strong>et</strong></span> <span class='ocrx_word' id='word_1_394' title='bbox 618 4040 924 4109; x_wconf 90' lang='lat' dir='ltr'><strong>oratione</strong></span> <span class='ocrx_word' id='word_1_395' title='bbox 949 4040 1035 4109; x_wconf 91' lang='lat' dir='ltr'><strong>ad</strong></span> <span class='ocrx_word' id='word_1_396' title='bbox 1064 4041 1405 4110; x_wconf 89' lang='lat' dir='ltr'><strong>Christum</strong></span> <span class='ocrx_word' id='word_1_397' title='bbox 1442 4040 1677 4120; x_wconf 72' lang='lat' dir='ltr'><strong>missa,</strong></span> <span class='ocrx_word' id='word_1_398' title='bbox 1716 4052 1990 4110; x_wconf 88' lang='lat' dir='ltr'><strong>evocato</strong></span> <span class='ocrx_word' id='word_1_399' title='bbox 2029 4040 2486 4141; x_wconf 83' lang='lat' dir='ltr'><strong>praecepisset</strong></span> <span class='ocrx_word' id='word_1_400' title='bbox 2516 4050 2776 4107; x_wconf 88' lang='lat' dir='ltr'><strong>struem</strong></span> 
     </span>
     <span class='ocr_line' id='line_1_44' title="bbox 273 4127 2776 4284; baseline 0.001 -91"><span class='ocrx_word' id='word_1_401' title='bbox 273 4128 589 4217; x_wconf 87' lang='lat' dir='ltr'><strong>ignorum</strong></span> <span class='ocrx_word' id='word_1_402' title='bbox 640 4127 1002 4209; x_wconf 87' lang='lat' dir='ltr'><strong>scandere,</strong></span> <span class='ocrx_word' id='word_1_403' title='bbox 1057 4129 1284 4219; x_wconf 89' lang='lat' dir='ltr'><strong>ignem</strong></span> <span class='ocrx_word' id='word_1_404' title='bbox 1340 4129 1728 4219; x_wconf 90' lang='lat' dir='ltr'><strong>supposuit.</strong></span> <span class='ocrx_word' id='word_1_405' title='bbox 1792 4134 1961 4198; x_wconf 89' lang='lat' dir='ltr'><strong>Tum</strong></span> <span class='ocrx_word' id='word_1_406' title='bbox 2029 4142 2255 4284; x_wconf 56' lang='lat' dir='ltr'><strong>itague</strong></span> <span class='ocrx_word' id='word_1_407' title='bbox 2321 4129 2570 4196; x_wconf 74' lang='lat' dir='ltr'><strong>cuncta</strong></span> <span class='ocrx_word' id='word_1_408' title='bbox 2619 4149 2776 4216; x_wconf 84' lang='lat' dir='ltr'><strong>spe-</strong></span> 
     </span>
     <span class='ocr_line' id='line_1_45' title="bbox 242 4214 2772 4307; baseline 0 -24"><span class='ocrx_word' id='word_1_409' title='bbox 242 4227 464 4286; x_wconf 90' lang='lat' dir='ltr'><strong>ctante</strong></span> <span class='ocrx_word' id='word_1_410' title='bbox 499 4216 717 4307; x_wconf 90' lang='lat' dir='ltr'><strong>plebe,</strong></span> <span class='ocrx_word' id='word_1_411' title='bbox 760 4217 1130 4287; x_wconf 89' lang='lat' dir='ltr'><strong>immanem</strong></span> <span class='ocrx_word' id='word_1_412' title='bbox 1167 4217 1451 4287; x_wconf 87' lang='lat' dir='ltr'><strong>bestiam</strong></span> <span class='ocrx_word' id='word_1_413' title='bbox 1490 4218 1970 4287; x_wconf 88' lang='lat' dir='ltr'><strong>concremavit.</strong></span> <span class='ocrx_word' id='word_1_414' title='bbox 2019 4223 2117 4287; x_wconf 92' lang='lat' dir='ltr'><strong>Un</strong></span> <span class='ocrx_word' id='word_1_415' title='bbox 2173 4239 2210 4286; x_wconf 90' lang='lat' dir='ltr'><strong>e</strong></span> <span class='ocrx_word' id='word_1_416' title='bbox 2248 4230 2570 4286; x_wconf 89' lang='lat' dir='ltr'><strong>aestuans</strong></span> <span class='ocrx_word' id='word_1_417' title='bbox 2604 4214 2772 4303; x_wconf 90' lang='lat' dir='ltr'><strong>quid</strong></span> 
     </span>
     <span class='ocr_line' id='line_1_46' title="bbox 242 4301 2776 4397; baseline 0.001 -26"><span class='ocrx_word' id='word_1_418' title='bbox 242 4301 511 4387; x_wconf 86' lang='lat' dir='ltr'><strong>faceret,</strong></span> <span class='ocrx_word' id='word_1_419' title='bbox 564 4327 700 4393; x_wconf 85' lang='lat' dir='ltr'><strong>quo</strong></span> <span class='ocrx_word' id='word_1_420' title='bbox 734 4329 804 4376; x_wconf 91' lang='lat' dir='ltr'><strong>se</strong></span> <span class='ocrx_word' id='word_1_421' title='bbox 840 4319 1145 4389; x_wconf 88' lang='lat' dir='ltr'><strong>verteret,</strong></span> <span class='ocrx_word' id='word_1_422' title='bbox 1201 4306 1406 4376; x_wconf 88' lang='lat' dir='ltr'><strong>aliam</strong></span> <span class='ocrx_word' id='word_1_423' title='bbox 1452 4306 1737 4397; x_wconf 88' lang='lat' dir='ltr'><strong>parabat</strong></span> <span class='ocrx_word' id='word_1_424' title='bbox 1769 4304 2032 4396; x_wconf 87' lang='lat' dir='ltr'><strong>sugam,</strong></span> <span class='ocrx_word' id='word_1_425' title='bbox 2068 4319 2134 4376; x_wconf 91' lang='lat' dir='ltr'><strong>et</strong></span> <span class='ocrx_word' id='word_1_426' title='bbox 2183 4306 2526 4376; x_wconf 88' lang='lat' dir='ltr'><strong>solitarias</strong></span> <span class='ocrx_word' id='word_1_427' title='bbox 2557 4318 2776 4375; x_wconf 88' lang='lat' dir='ltr'><strong>terras</strong></span> 
     </span>
    </p>
   </div>
   <div class='ocr_carea' id='block_1_3' title="bbox 292 4428 2069 4485">
    <p class='ocr_par' dir='ltr' id='par_1_7' title="bbox 292 4428 2069 4485">
     <span class='ocr_line' id='line_1_47' title="bbox 292 4428 2069 4485; baseline 0.002 -15"><span class='ocrx_word' id='word_1_428' title='bbox 292 4429 320 4456; x_wconf 70' lang='lat'><strong>&#39;⁸</strong></span> <span class='ocrx_word' id='word_1_429' title='bbox 350 4431 487 4472; x_wconf 69' lang='lat' dir='ltr'><strong>ctroa</strong></span> <span class='ocrx_word' id='word_1_430' title='bbox 504 4428 694 4473; x_wconf 74' lang='lat' dir='ltr'><strong>initium</strong></span> <span class='ocrx_word' id='word_1_431' title='bbox 713 4434 823 4474; x_wconf 66' lang='lat' dir='ltr'><strong>tuni</strong></span> <span class='ocrx_word' id='word_1_432' title='bbox 848 4434 942 4475; x_wconf 78' lang='lat'><strong>365.</strong></span> <span class='ocrx_word' id='word_1_433' title='bbox 1223 4483 1226 4484; x_wconf 15' lang='lat'><em>⁷</em></span> <span class='ocrx_word' id='word_1_434' title='bbox 1459 4434 1513 4460; x_wconf 80' lang='lat'><strong>¹⁸¹*</strong></span> <span class='ocrx_word' id='word_1_435' title='bbox 1548 4434 1682 4474; x_wconf 81' lang='lat' dir='ltr'><strong>Nunc</strong></span> <span class='ocrx_word' id='word_1_436' title='bbox 1708 4434 1835 4473; x_wconf 69' lang='lat' dir='ltr'><strong>Vetas</strong></span> <span class='ocrx_word' id='word_1_437' title='bbox 1858 4430 2069 4485; x_wconf 57' lang='lat' dir='ltr'><strong>Rapuit».</strong></span> 
     </span>
    </p>
   </div>
  </div>
 </body>
</html>
