3347 4999
159 337 349 404 OCT.
402 336 487 400 22
930 351 1009 398 ns
1058 352 1115 398 s,
1169 349 1437 398 nancto
1483 352 1581 397 nr.
1630 348 1967 400 mmmm..
2502 340 2630 405 647

159 438 595 509 reddideris:
635 449 698 506 et
735 458 776 505 a
810 435 1086 506 veritate
1115 435 1455 505 divulsam
1489 436 1669 505 hanc
1694 437 1923 536 gregis
1954 448 2214 528 partem
2252 442 2613 522 revocaris,
2652 454 2717 512 et

152 530 315 620 jam
340 526 641 597 filiorum
667 524 1034 614 adoptione
1055 524 1362 615 digneris
1391 546 1510 613 per
1532 525 2027 616 baptismum.»
2048 530 2227 596 Haec
2248 549 2407 598 cum
2436 529 2721 602 dixisset

166 622 313 686 Deo
360 615 870 695 universorum,
916 612 1114 701 jubet
1167 612 1682 683 multitudinem
1731 635 1889 683 eum
1944 615 2139 703 sequi
2185 616 2267 685 ad
2327 617 2714 689 ecclesiam.

167 711 345 776 Cum
399 716 630 773 autem
662 704 811 792 jam
870 703 1239 782 venissent,
1294 702 1642 772 consuetis
1687 702 1890 772 dictis
1937 704 2263 792 precibus
2296 759 2311 787 ,
2372 706 2717 797 baptismo

166 793 407 863 initiat
453 793 636 862 viros
687 811 977 861 numero
1024 790 1460 879 quingentos.
1507 795 1598 860 Ex
1639 790 1804 860 hinc
1851 804 2078 862 autem
2131 791 2332 862 multi
2384 794 2469 864 ad
2519 793 2718 866 illum

168 883 645 962 confluebant,
700 901 835 949 non
888 879 1110 950 solum
1153 901 1234 948 ex
1267 901 1518 967 magna
1567 879 1898 970 Phrygia,
1957 893 2022 950 et
2060 881 2383 951 universa
2422 882 2721 953 finitima

169 972 480 1060 regione,
520 969 637 1038 sed
679 968 884 1038 etiam
921 968 1039 1056 qui
1071 969 1296 1037 Asiam
1336 967 1759 1050 habitabant,
1811 982 1876 1039 et
1907 970 2024 1056 qui
2060 970 2397 1071 degebant
2444 972 2515 1040 in
2565 993 2720 1072 pro-

168 1059 427 1129 vinciis
476 1058 689 1148 Lydia
735 1070 801 1127 et
848 1058 1064 1127 Caria.
1130 1056 1391 1126 Etenim
1450 1078 1567 1146 per
1616 1058 2009 1127 universam
2053 1059 2392 1129 civitatem
2434 1059 2519 1128 de
2569 1083 2719 1150 1pso

172 1149 509 1219 manabat
556 1167 782 1217 sermo
819 1146 941 1232 qui
990 1167 1127 1215 non
1162 1157 1304 1214 erat
1348 1168 1565 1215 vanus
1594 1158 1659 1215 et
1698 1146 1950 1228 inanis,
1987 1159 2051 1217 et
2091 1147 2242 1217 ideo
2281 1147 2414 1217 cito
2453 1160 2719 1239 poterat

171 1237 531 1326 extingui:
583 1234 701 1305 sed
799 1236 870 1303 ui
917 1256 998 1304 ex
1048 1234 1322 1303 veritate
1355 1256 1642 1324 magnas
1672 1235 1967 1306 habebat
2006 1237 2206 1305 vires.
2242 1236 2337 1305 Ad
2366 1259 2524 1307 eum
2556 1260 2630 1308 er
2679 1260 2719 1307 o

171 1326 671 1405 confluebant,
724 1345 759 1392 a
795 1323 843 1392 ii
903 1322 1178 1410 quidem
1231 1335 1309 1392 ut
1345 1322 1686 1393 discerent
1722 1346 1900 1409 quae
1938 1336 2131 1394 erant
2180 1325 2544 1404 salutaria:
2598 1348 2635 1396 a
2671 1327 2719 1395 ii

174 1427 437 1492 autem,
475 1427 552 1484 ut
581 1412 1040 1481 liberarentur
1085 1411 1172 1481 ab
1220 1411 1307 1479 iis
1336 1433 1514 1497 quae
1543 1412 1643 1482 eis
1673 1412 2046 1483 afferebant
2084 1413 2506 1483 molestiam:
2544 1435 2719 1501 quos

177 1503 446 1575 scilicet
473 1502 828 1602 premebat
861 1499 1167 1581 morbuS,
1205 1511 1322 1569 aut
1354 1500 1556 1569 etiam
1589 1499 1868 1588 aliquod
1899 1501 2086 1571 aliud
2123 1503 2391 1572 tenebat
2427 1502 2711 1573 malum.

175 1597 342 1661 Erat
377 1612 562 1660 enim
613 1589 1016 1680 aptissimus
1070 1588 1153 1657 ad
1205 1587 1591 1658 docendum
1643 1590 1927 1659 verbum
1962 1590 2286 1673 veritatiS,
2325 1603 2389 1661 et
2428 1592 2720 1680 paratis-

178 1680 408 1751 simus
447 1677 821 1748 familiares
855 1678 1118 1747 Christo
1153 1677 1435 1746 reddere
1472 1699 1586 1748 eos
1617 1679 1738 1765 qui
1772 1678 2208 1749 accedebant.

271 1771 308 1856 ξ
355 1773 449 1838 9.
501 1766 706 1837 Pauci
753 1765 901 1835 dies
959 1766 1494 1856 praeterierunt,
1539 1788 1699 1835 cum
1762 1768 2136 1857 assumptis
2192 1768 2608 1859 presbyteris
2649 1781 2717 1839 et

184 1857 523 1938 diaconis,
567 1867 632 1925 et
681 1855 943 1942 reliqua
977 1867 1325 1944 praeterea
1371 1854 1813 1936 fraternitate,
1856 1856 2196 1946 procedit:
2246 1869 2311 1926 et
2359 1856 2603 1926 sedens
2649 1858 2720 1926 in

182 1968 267 2016 eo
317 1946 488 2025 loco,
542 1944 610 2012 in
646 1965 783 2032 quo
830 1955 1299 2023 consueverat,
1355 1957 1706 2030 tamquam
1752 1967 1832 2014 ex
1887 1943 2119 2033 aliquo
2167 1944 2350 2015 fonte
2396 1946 2722 2016 suavissi-

185 2056 326 2115 m0,
362 2055 473 2108 ex,
505 2054 621 2102 ore
654 2030 1007 2123 profundit
1033 2032 1383 2102 doctrinae
1418 2032 1675 2102 fluenta
1708 2033 2140 2103 suavissima.
2178 2039 2439 2103 Interea
2488 2047 2716 2104 autem

186 2123 477 2192 accessit
506 2120 804 2191 adducta
839 2120 1128 2190 illustris
1173 2121 1509 2208 quaedam
1558 2120 1838 2202 femina,
1875 2121 2096 2193 oculis
2129 2122 2387 2204 orbata,
2442 2123 2722 2192 nomine

188 2209 579 2300 Phrygella,
630 2223 846 2279 mater
892 2209 1269 2278 Euxeniani
1308 2208 1679 2298 Poplionis.
1720 2214 1787 2280 Is
1819 2232 1975 2279 vero
2024 2211 2303 2301 Poplion
2346 2211 2530 2301 apud
2587 2216 2720 2281 Im·

190 2312 574 2389 peratorem
605 2310 671 2367 et
702 2298 1095 2368 universam
1146 2297 1483 2367 civitatem
1541 2299 1841 2389 primum
1898 2297 2123 2367 locum
2156 2300 2222 2367 in
2264 2299 2518 2369 honore
2547 2299 2721 2370 obti-

190 2389 418 2458 nebat.
459 2386 767 2457 Adducta
804 2408 989 2477 ergo,
1029 2387 1209 2456 sicut
1246 2386 1572 2466 diximuS,
1610 2399 1827 2456 mater
1858 2385 2070 2467 illius,
2126 2400 2487 2477 postquam
2524 2386 2721 2458 audi-

190 2476 287 2546 vit
336 2497 666 2567 magnum
711 2475 1071 2546 Abercium
1129 2475 1240 2545 hic
1284 2475 1427 2564 jam
1471 2475 1705 2545 sedere
1756 2489 1821 2546 et
1878 2474 2143 2559 docere,
2201 2499 2452 2568 magno
2491 2476 2720 2548 studio

192 2566 279 2635 ad
314 2588 470 2636 eum
522 2586 924 2646 accurrenS,
960 2575 1026 2633 et
1078 2564 1269 2634 illius
1324 2563 1527 2652 pedes
1576 2564 2022 2654 prehensam,
2077 2566 2510 2636 vehementer
2559 2587 2720 2636 eum

190 2657 626 2745 precabatur,
670 2666 736 2723 et
775 2679 799 2718 ‹
839 2654 1176 2734 Miserere,
1229 2652 1520 2735 dicebat,
1569 2653 1738 2722 mihi
1790 2652 2148 2723 hominurn
2190 2654 2484 2724 maxime
2517 2674 2720 2723 vene-

192 2743 433 2824 rande,
488 2742 755 2829 solique
788 2764 943 2811 vero
977 2747 1108 2811 Deo
1135 2763 1313 2824 care,
1355 2742 1677 2812 miserere
1717 2743 1847 2810 mei
1881 2742 2259 2832 supplicis:
2307 2742 2512 2811 redde
2547 2740 2721 2810 mihi

192 2853 440 2903 rursus
495 2831 753 2913 oculos,
810 2851 1138 2921 magnum
1207 2830 1321 2900 Dei
1368 2853 1568 2920 opus;
1633 2830 1860 2910 effice,
1905 2844 1981 2900 ut
2034 2830 2428 2920 Jucundum
2498 2829 2722 2899 Solem

191 2943 435 2990 rursus
483 2922 802 3000 intuear;
851 2940 1071 3007 neque
1116 2942 1223 2988 me
1255 2919 1596 3010 despicias
1634 2919 1944 2989 affectam
1998 2931 2132 2988 tam
2199 2919 2718 2998 miserabiliter;

195 3009 551 3080 consolare
591 3030 813 3079 meam
848 3007 1343 3078 calamitatem:
1387 3020 1648 3077 moveat
1685 3022 1743 3076 te
1778 3007 2119 3077 maximus
2147 3029 2339 3078 meus
2371 3006 2717 3097 splendor.

194 3103 311 3167 Est
357 3098 528 3167 mihi
561 3096 751 3169 filius
800 3097 1103 3187 Poplion‚
1141 3098 1261 3184 qui
1297 3096 1589 3166 multum
1629 3108 1846 3186 potest
1874 3096 2055 3185 apud
2097 3100 2611 3196 Imperatorem,
2660 3104 2726 3164 et

197 3186 566 3266 civitatem
619 3207 744 3275 ego
775 3200 1000 3257 autem
1032 3186 1260 3276 ipsum
1295 3206 1432 3254 non
1475 3184 1694 3253 video.
1739 3188 1910 3253 Sunt
1945 3184 2115 3253 mihi
2164 3184 2439 3254 divitiae
2480 3185 2724 3275 ingen-

203 3287 325 3353 tes,
361 3288 427 3344 et
474 3274 724 3355 variae,
791 3271 1061 3353 famuli,
1116 3273 1469 3363 pecuniae,
1535 3272 1852 3362 praedia;
1886 3294 2011 3361 ego
2059 3286 2284 3342 autem
2336 3272 2423 3342 ad
2479 3294 2560 3342 ea
2616 3293 2724 3343 me

199 3363 395 3465 pejus
426 3362 667 3443 liabeo,
698 3383 906 3448 quam
935 3375 1230 3451 egentes.
1264 3367 1430 3430 Nam
1468 3361 1571 3430 illi
1602 3360 1881 3448 quidem
1916 3374 2203 3450 possunt
2233 3360 2368 3431 frui
2395 3362 2728 3451 adspectu

200 3452 474 3521 illorum
521 3471 923 3538 paucorum,
960 3471 1138 3537 quac
1165 3449 1442 3532 habent,
1494 3462 1559 3519 et
1607 3471 1724 3531 ea,
1769 3471 1945 3537 quae
1992 3450 2282 3531 habent,
2338 3464 2414 3520 ut
2459 3450 2721 3532 volunt,

201 3538 709 3620 administrare;
761 3560 887 3629 ego
948 3560 1102 3608 vero
1169 3559 1293 3607 nec
1339 3560 1420 3608 ea
1481 3559 1764 3627 possum
1816 3538 2083 3619 videre,
2136 3560 2432 3626 quorum
2483 3538 2726 3609 credor

199 3649 346 3700 esse
392 3627 698 3697 domina.
733 3632 814 3696 Et
850 3627 1116 3696 utinam
1161 3627 1422 3717 privata
1453 3627 1562 3697 his
1591 3627 1942 3709 omnibuS,
1987 3627 2168 3698 solos
2217 3628 2538 3698 haberem
2565 3649 2729 3698 ocu-

201 3718 323 3789 los.
350 3722 710 3805 Propterea
740 3737 906 3805 rogo
939 3728 1125 3785 tuam
1154 3714 1560 3786 clementem
1593 3718 1926 3797 animam,
1965 3715 2184 3798 valde,
2215 3717 2526 3804 inquam,
2563 3736 2728 3806 rogo

201 3819 265 3876 et
316 3803 636 3895 supplico
669 3804 942 3886 misera,
999 3818 1076 3875 ut
1114 3826 1302 3875 meos
1349 3805 1618 3895 aperias
1663 3804 1926 3886 ocuIOS,
1979 3817 2045 3875 et
2084 3817 2201 3876 tua
2248 3804 2434 3896 apud
2492 3826 2728 3874 verum

206 3900 411 3965 Deum
463 3893 719 3963 fiducia
768 3893 869 3964 eis
902 3886 1036 3962 vim
1071 3892 1349 3963 videndi
1399 3894 1754 3964 immittas.
1790 3916 1825 3960 »

288 3986 323 4070 ξι
369 3988 527 4056 lo.
581 3982 701 4052 Ille
750 3994 1020 4052 autem:
1073 4004 1111 4049 «
1141 3987 1218 4051 At
1263 4004 1413 4073 ego,
1453 3983 1718 4069 inquit,
1762 4004 1803 4052 o
1852 3981 2137 4063 mulier,
2191 4003 2346 4051 sum
2390 3991 2725 4070 peccator,

207 4083 270 4141 et
311 4072 436 4157 qui
477 4070 700 4161 magis
746 4092 912 4172 egeo
961 4071 1456 4151 misericordia,
1489 4083 1555 4140 et
1595 4069 1857 4161 pendeo
1894 4083 2073 4141 totus
2105 4093 2146 4140 a
2179 4070 2291 4140 Dei
2339 4069 2728 4139 clementia.

214 4158 280 4228 Si
324 4170 550 4230 autem
602 4175 677 4230 tu
728 4174 932 4230 etiam
982 4159 1208 4231 credis
1257 4159 1328 4228 in
1365 4165 1601 4239 Deum,
1666 4160 1735 4228 in
1799 4181 1936 4247 quo
1990 4180 2115 4249 ego
2162 4158 2460 4239 confidO,
2514 4169 2735 4247 potest

209 4247 486 4318 omnino
518 4249 698 4319 sicut
743 4249 830 4331 ei,
885 4249 1180 4336 quierat
1226 4269 1472 4318 caecus
1518 4248 1606 4318 ab
1652 4259 1831 4328 ortu,
1874 4248 1997 4317 tibi
2029 4269 2301 4335 quoque
2347 4247 2570 4317 visum
2612 4247 2735 4316 do-

210 4356 443 4404 nare.»
478 4336 602 4405 Illa
636 4359 828 4408 vero:
861 4361 899 4406 «
927 4336 1160 4418 Credo,
1199 4337 1445 4425 inquit,
1478 4337 1545 4405 in
1580 4358 1816 4406 verum
1857 4336 2219 4405 Dominum
2252 4335 2620 4405 Christum:
2658 4348 2733 4406 tu

208 4422 416 4514 igitur
446 4447 631 4495 meos
667 4425 1009 4497 credentis
1057 4438 1346 4516 tangens
1382 4424 1642 4508 oculos,
1687 4424 2074 4515 jucundam
2108 4437 2175 4494 et
2207 4423 2731 4495 desiderabilem
