3347 4999
248 354 425 420 OCT.
476 353 561 418 20
1147 371 1224 416 nn
1272 370 1328 417 s.
1383 368 1656 417 Anmmo
1704 366 1893 416 mar.
2568 354 2694 419 595

246 455 496 525 filium.
549 459 762 541 Atque
795 452 1098 543 primum
1141 453 1446 541 quidem,
1500 453 1620 540 qui
1671 453 1877 523 sicin
1936 464 2217 522 matrem
2269 454 2666 538 insanierat,
2706 469 2783 527 ut

248 544 570 614 volebant
616 545 768 634 ejus
802 543 1028 624 verba,
1083 542 1221 625 ille,
1274 564 1429 611 cum
1482 555 1660 611 esset
1711 542 2033 623 marituS,
2091 542 2337 632 puniit.
2381 548 2613 614 Postea
2664 567 2784 615 au-

250 645 383 703 tem
419 654 576 703 cum
630 632 939 702 scivisset
975 654 1123 701 esse
1174 631 1550 712 mentitam,
1602 630 1824 721 ipsam
1877 652 2149 717 quoque
2181 631 2453 713 occldit,
2510 633 2577 701 in
2630 655 2780 703 eam

248 721 473 791 ferens
514 721 919 791 sententiam
958 720 1266 789 omnium
1311 719 1799 810 justissimam.
1844 719 1937 788 Ad
1990 718 2329 790 Christum
2383 734 2610 789 autem
2662 722 2783 792 de-

247 809 529 880 clinavit
576 810 662 879 ab
703 808 820 878 illo
871 822 1168 889 vocatuS,
1222 808 1497 896 quando
1538 807 2024 877 difficillimum
2061 808 2406 877 commisit
2443 809 2779 899 proelium

246 899 574 968 adversus
609 898 1046 967 Maxentium.
1103 904 1289 966 Tunc
1338 897 1518 969 enim
1561 899 1622 966 ei
1672 897 1740 965 in
1799 896 2081 965 meridie
2129 897 2451 997 apparuit
2500 899 2776 988 signum

253 988 509 1069 CruciS,
566 987 778 1057 radiis
826 985 999 1056 Solis
1047 985 1502 1075 splendidius,
1534 999 1597 1055 et
1647 985 1886 1055 litteris
1921 984 2080 1054 belli
2131 985 2534 1076 significans
2576 986 2783 1056 victo-

246 1076 447 1146 riam.
486 1081 649 1145 Nam
705 1097 830 1145 nos
876 1096 1147 1162 quoque
1197 1075 1329 1164 ipsi
1378 1075 1651 1164 signum
1706 1074 2183 1164 adspeximus,
2237 1097 2394 1144 curn
2448 1073 2628 1145 bello
2679 1076 2780 1144 in-

245 1175 688 1245 teressemus,
745 1176 808 1233 et
858 1162 1111 1234 litteras
1177 1163 1489 1254 legimus.
1546 1163 1931 1245 Quinetiam
1986 1175 2163 1233 totus
2217 1185 2490 1250 quoque
2540 1164 2607 1232 id
2676 1177 2780 1235 est

246 1252 749 1342 contemplatus
780 1252 1139 1333 exercitus;
1176 1267 1241 1322 et
1271 1252 1464 1320 multi
1512 1252 1723 1341 hujus
1760 1252 1852 1321 rei
1892 1264 2090 1321 testes
2125 1266 2286 1322 sunt
2329 1253 2395 1319 in
2434 1265 2551 1322 tuo
2585 1274 2778 1322 exer-

247 1343 412 1413 citu.
468 1340 640 1424 Quid
692 1353 918 1410 autem
988 1341 1152 1410 haec
1210 1340 1409 1409 dico?
1457 1341 1799 1410 Christum
1864 1340 2047 1409 enim
2099 1341 2473 1430 Prophetae
2538 1342 2778 1411 multis

248 1443 402 1501 ante
452 1428 702 1500 seculis
739 1430 1346 1519 praenunciarunt,
1406 1443 1477 1498 ut
1509 1442 1579 1498 tu
1628 1451 1901 1515 quoque
1941 1429 2075 1498 scis
2123 1430 2418 1519 optime,
2478 1430 2610 1499 nisi
2665 1443 2780 1500 tua

249 1532 489 1611 sponte
529 1517 693 1588 velis
727 1540 873 1586 esse
921 1518 1198 1588 surdus,
1256 1523 1426 1587 Sunt
1472 1531 1695 1587 autem
1747 1519 1895 1606 ejus
1943 1516 2274 1587 adventus
2328 1518 2541 1587 multa
2593 1519 2782 1588 testi-

249 1608 512 1678 monia:
560 1620 623 1675 et
673 1618 746 1675 ut
775 1606 910 1675 alia
944 1608 1277 1686 omittam,
1331 1628 1592 1687 eorum,
1629 1606 1747 1692 qui
1782 1628 1822 1674 a
1865 1606 2055 1676 vobis
2088 1606 2433 1687 coluntur,
2488 1606 2775 1677 deorum

248 1718 600 1786 responsa,
655 1707 718 1763 et
769 1696 1302 1785 praedictioneS,
1356 1708 1419 1764 et
1481 1694 1736 1784 scripta
1786 1693 2143 1784 Sibyllina,
2214 1709 2277 1763 et
2340 1695 2602 1785 Virgilii
2654 1702 2782 1766 Ro-

250 1786 436 1855 mani
479 1784 726 1874 poe’siS,
772 1805 978 1870 quam
1026 1806 1138 1853 vos
1204 1784 1456 1852 vocatis
1503 1782 1936 1862 Bucolicam,
2002 1782 2168 1853 haec
2218 1782 2383 1854 satis
2425 1783 2509 1852 de
2560 1806 2638 1854 eo
2687 1784 2781 1854 si-

248 1872 602 1965 gnificant.
643 1876 988 1941 Caeterum
1042 1873 1186 1962 ipse
1216 1894 1488 1959 quoque
1535 1871 1793 1961 Apollo,
1846 1871 1961 1957 qui
2007 1872 2188 1961 apud
2233 1893 2349 1941 vos
2384 1871 2672 1942 habetur
2711 1874 2777 1941 in

249 1984 499 2051 inagna
541 1960 1018 2042 admiratione,
1056 1960 1260 2050 cujus
1291 1975 1390 2030 est
1441 1961 1713 2050 propria
1753 1960 2105 2041 divinatiO,
2166 1960 2248 2030 de
2280 1961 2545 2031 Christo
2575 1960 2775 2031 talem

248 2050 492 2119 effatus
540 2061 642 2119 est
690 2070 1112 2120 sermonem:

564 2173 612 2236 Ο
642 2176 871 2236 utinam
904 2191 1023 2236 non
1058 2181 1333 2236 extremo
1364 2173 1706 2236 miserande
1737 2174 2045 2245 minister,

561 2253 918 2327 QuaesisseS,
949 2256 1227 2332 quisnam
1261 2255 1358 2315 ille
1391 2254 1570 2324 DeuS,
1608 2256 1747 2331 quis
1775 2256 2023 2328 spiritus
2055 2251 2177 2325 ille,

563 2332 756 2395 Instar
784 2337 886 2410 qui
919 2334 1076 2395 botri
1109 2334 1529 2410 complectitur
1558 2334 1759 2394 omnia
1794 2334 2051 2405 circum,

566 2412 818 2486 Lucem,
850 2422 1031 2486 astra,
1061 2421 1121 2474 et
1150 2412 1390 2483 fluvios,
1420 2423 1478 2474 et
1510 2421 1750 2487 tartara,
1780 2420 1841 2472 et
1862 2415 2023 2485 aera,
2055 2421 2115 2473 et
2147 2411 2379 2488 ignem.

563 2490 836 2555 Invitum
869 2493 969 2573 qui
1004 2509 1100 2555 me
1130 2493 1405 2571 propellit
1435 2492 1509 2555 ab
1538 2491 1784 2554 aedibus
1816 2492 1963 2554 istiS.

558 2571 691 2633 Sola
722 2572 871 2634 mihi
910 2573 1211 2651 tripodum
1247 2589 1408 2634 nunc
1434 2588 1512 2633 en
1545 2589 1761 2634 aurora
1794 2571 2107 2633 remansit.

564 2651 698 2725 Hei,
730 2651 828 2713 hei
862 2668 979 2720 me,
1016 2651 1295 2729 tripodes,
1327 2651 1562 2714 deflete.
1595 2652 1910 2713 Extinctus
1943 2649 2153 2729 Apollo
2186 2657 2297 2725 est,

561 2731 899 2793 Extinctus.
931 2731 1042 2794 Vir
1076 2747 1172 2792 me
1204 2731 1478 2793 coelestis
1509 2731 1746 2792 lumine
1779 2732 1990 2810 perdit.

560 2810 628 2872 Et
658 2827 857 2889 passus
887 2810 1045 2873 Deus
1073 2819 1198 2872 est:
1231 2811 1417 2872 deitas
1447 2827 1565 2872 non
1602 2826 1761 2889 passa
1791 2811 1890 2873 sed
1928 2812 2048 2888 ipsa
2080 2819 2190 2872 est.
2225 2832 2248 2864 υ

332 2936 367 3021 ἓ
416 2937 584 3006 8⁰.
642 2934 1086 3024 Respondens
1151 2947 1375 3004 autem
1441 2934 1861 3024 foedifragus
1908 2932 2275 3003 Julianus:
2331 2955 2366 2997 «
2403 2931 2771 3016 Existimo,

241 3021 489 3108 inquit,
536 3045 575 3092 o
607 3024 880 3105 Artemi,
937 3037 997 3093 te
1047 3046 1180 3093 non
1234 3023 1497 3092 venisse
1538 3023 1607 3091 in
1652 3027 2028 3112 Aegyptum
2084 3026 2331 3090 Ducem
2385 3021 2766 3102 exercimS,

242 3110 357 3179 sed
396 3124 612 3180 vatem
646 3113 870 3202 potius
903 3111 1298 3199 quemdam,
1347 3125 1463 3181 aut
1505 3116 1991 3200 Menagyrtem,
2025 3132 2103 3178 ac
2145 3107 2770 3178 circumforaneum

243 3199 679 3282 nebulonem,
717 3213 781 3269 et
812 3223 1072 3270 anuum
1112 3200 1639 3270 temulentarum
1672 3212 1925 3269 veteres
1953 3211 2155 3284 atque
2181 3202 2350 3266 adeo
2384 3198 2776 3285 antiquatas

242 3287 797 3358 narratiunculas
863 3301 926 3358 et
994 3287 1262 3357 fabulas
1324 3287 1862 3378 colligentem.»
1915 3291 2166 3375 Martyr
2235 3296 2502 3354 autem:
2565 3311 2589 3350 (ι
2628 3292 2771 3358 Non

243 3390 422 3446 recte
455 3376 879 3457 existimasti,
925 3398 964 3445 o
1012 3381 1411 3466 Imperator,
1455 3398 1577 3444 nec
1623 3388 1700 3444 ut
1756 3387 1941 3445 tuam
2005 3375 2195 3444 decet
2249 3374 2658 3464 sapientiam
2708 3388 2775 3446 et

243 3466 584 3534 virtutem.
640 3469 732 3533 Ex
774 3464 908 3534 tuis
956 3466 1137 3533 enim
1175 3464 1331 3546 diis,
1376 3476 1440 3534 et
1486 3463 1595 3544 iis,
1653 3486 1829 3550 quae
1882 3464 1998 3533 tibi
2042 3474 2202 3534 sunt
2240 3475 2509 3554 gratae,
2565 3464 2771 3534 disci-

241 3553 475 3644 plinis,
531 3552 704 3622 facio
735 3552 1368 3633 demonstrationes,
1397 3563 1472 3621 ut
1500 3575 1578 3621 ex
1620 3552 1728 3633 iis,
1767 3574 1943 3639 quae
1984 3552 2102 3622 tibi
2147 3564 2306 3621 sunt
2339 3553 2634 3642 cognita,
2668 3553 2771 3622 di-

241 3664 393 3713 scas
445 3641 844 3731 mysterium
897 3640 1218 3710 veritatis.
1281 3646 1505 3728 Neque
1561 3654 1757 3730 putes
1810 3663 1915 3711 me
1964 3641 2133 3709 mihi
2195 3639 2461 3731 placere
2509 3641 2769 3713 ornatis

239 3736 648 3800 Graecorum
702 3729 921 3799 verbis
967 3730 1257 3818 (Oleum
1314 3731 1487 3798 enim
1532 3731 1897 3821 peccatoris
1960 3753 2088 3799 non
2143 3731 2513 3819 z'mpinquet
2569 3741 2770 3820 caput

237 3843 458 3890 meum
489 3819 574 3908 *),
627 3818 742 3888 sed
778 3831 931 3888 tuae
978 3818 1247 3887 animae
1280 3841 1515 3888 curam
1550 3839 1817 3909 gerens,
1857 3839 2089 3888 moveo
2122 3839 2393 3886 omnem
2432 3817 2762 3908 lapidem,

236 3920 312 3978 ut
359 3920 433 3978 tu
477 3905 974 3998 persuadeariS.
1030 3906 1352 3976 Existimo
1388 3929 1709 3994 namque,
1748 3907 1927 3994 quod
1968 3907 2143 3977 sicut
2184 3917 2468 3974 veterem
2520 3905 2758 3988 Adam,

237 4007 302 4065 et
335 3998 634 4087 primum
677 4008 1020 4086 parentem
1054 3995 1433 4065 excaecavit
1470 4001 1669 4065 Satan
1723 4018 1840 4085 per
1872 3995 2431 4075 inobedientiam,
2473 4006 2537 4063 et
2570 4016 2766 4064 esum

237 4082 501 4156 fructus
537 4086 775 4155 vetitae
823 4084 1111 4166 arboris;
1164 4085 1255 4153 ita
1295 4085 1522 4162 etiam,
1568 4107 1606 4153 o
1656 4089 2057 4174 Imperator,
2113 4083 2427 4152 invidens
2483 4083 2603 4153 tibi
2655 4106 2766 4153 sa-

238 4171 471 4256 lutem,
518 4187 579 4243 te
628 4175 910 4265 privarit
942 4173 1185 4243 Christi
1239 4173 1391 4242 fide.
1447 4173 1637 4256 Quod
1689 4184 1917 4243 autem
1971 4172 2191 4243 Solem
2244 4181 2308 4240 et
2357 4176 2646 4253 Lunam,
2701 4184 2766 4242 et

237 4261 489 4344 stellaS,
541 4263 703 4334 deos
740 4285 959 4343 vocaS,
1019 4262 1226 4351 pudet
1263 4285 1368 4331 me
1419 4275 1571 4332 tuae
1620 4261 2069 4352 ignorantiae,
2113 4283 2196 4331 ne
2232 4255 2455 4331 dicam
2508 4261 2765 4351 impro-

230 4348 486 4431 bitatis,
538 4352 718 4439 quod
768 4366 832 4425 et
878 4375 993 4424 eas
1027 4351 1361 4422 honorare
1401 4351 1875 4433 constitueris,
1929 4362 1994 4420 et
2042 4350 2263 4442 magis
2312 4372 2517 4437 quam
2588 4349 2775 4419 alias

292 4476 320 4504 ¹·
348 4477 511 4519 psalm.
539 4479 634 4528 140.
