3347 4999
663 322 779 385 142
1430 339 1507 384 ne
1556 339 1611 384 s.
1665 335 2010 384 ra.³tNeisco
2059 337 2239 383 noxe.
2459 363 2468 380 .
2845 319 3027 384 OCT.
3087 321 3130 383 4

564 426 1002 491 flammarum
1044 423 1307 523 projici,
1355 436 1428 492 ut
1477 443 1719 491 omnes
1767 423 2218 498 adverterent,
2274 434 2528 506 quanta
2592 420 2924 508 qualique
2968 423 3133 488 vin-

563 512 769 590 dicta,
814 512 1072 580 offensa
1121 528 1208 581 sit
1261 501 1764 581 inobedientiae
1816 509 2272 598 percellenda.
2320 515 2625 596 Cumque
2677 531 2795 596 per
2848 533 3133 579 moram

560 601 916 688 caputium
969 597 1212 670 fuisset
1263 601 1330 668 in
1397 601 1623 668 medio
1685 601 1903 689 igniS,
1960 599 2306 689 praecepit
2367 602 2593 687 ipsum
2649 599 2954 667 flammis
3006 599 3133 668 de·

563 689 767 769 trahi,
816 688 1146 775 reddique
1194 688 1383 759 fratri
1440 688 1797 758 humiliter
1847 688 2245 777 poenitenti.
2289 687 2597 757 Mirabile
2631 687 2844 756 dictu.
2883 693 3132 756 Extra·

563 778 750 847 bitur
798 779 1150 867 caputium
1189 779 1273 847 de
1324 778 1550 846 medio
1586 779 2054 854 flammarum,
2103 776 2372 845 nullum
2430 777 2689 845 habens
2723 776 3131 846 adustionis

560 867 962 956 vestigium:
1016 867 1254 953 sicque
1294 867 1548 936 sactum
1586 880 1710 946 est,
1749 880 1823 934 ut
1855 867 1981 934 hoc
2019 888 2155 934 uno
2199 870 2374 935 Deus
2417 865 2756 935 miraculo
2786 880 2851 934 et
2884 868 3130 935 sancti

560 956 693 1023 Viri
749 956 1091 1034 virtutem,
1146 971 1211 1024 et
1272 955 1732 1024 humilitatem
1791 955 2247 1042 poenitentiae
2296 954 2838 1024 commendaret.
2900 955 3128 1045 Digne

560 1045 789 1130 itaque
837 1043 1162 1112 sectanda
1196 1058 1298 1113 est
1341 1043 1685 1112 Francisci
1720 1042 2099 1120 humilitas,
2131 1066 2309 1129 quae
2339 1057 2472 1112 tam
2515 1044 2759 1112 miram
2802 1044 2868 1111 in
2913 1046 3127 1113 terris

558 1134 762 1201 etiam
815 1133 1218 1222 dignitatem
1272 1133 1593 1212 obtinuit,
1649 1144 1724 1201 ut
1777 1135 1982 1201 Deum
2041 1132 2403 1201 inclinaret.
2452 1132 2537 1201 ad
2592 1146 2847 1210 votum,
2886 1146 2954 1200 et
2999 1133 3128 1202 ho-

560 1223 766 1289 minis
820 1222 1216 1290 immutaret
1283 1223 1629 1301 affectum,
1689 1220 2108 1290 daemonum
2167 1221 2672 1309 protervitatem
2730 1243 2855 1290 suo
2899 1221 3128 1308 jussu

561 1311 988 1399 propelleret,
1043 1323 1108 1380 et
1156 1311 1599 1379 flammarum
1651 1312 2085 1379 voracitatem
2123 1309 2268 1379 solo
2321 1324 2491 1379 nutu
2546 1311 2942 1380 refrenaret.
2987 1316 3126 1380 Re·

558 1421 713 1468 vera,
767 1399 930 1469 baec
978 1412 1101 1476 est,
1155 1422 1333 1486 quae
1383 1421 1812 1489 possessores
1861 1421 2025 1468 suos
2072 1398 2403 1478 exaltans,
2444 1400 2610 1468 dum
2639 1399 2976 1468 omnibus
3019 1423 3128 1468 re-

558 1488 929 1557 verentiam
981 1488 1275 1560 exhibet.
1330 1492 1416 1558 ab
1456 1489 1784 1558 omnibus
1836 1502 2264 1578 promeretur
2315 1489 2672 1557 honorem.

770 1689 858 1752 De
906 1707 1129 1753 amore
1173 1687 1622 1774 paupertati&
1678 1697 1740 1753 et
1787 1687 1964 1753 mira
2011 1687 2433 1775 suppletione
2481 1685 2882 1794 deseccuqm.

642 1848 677 1931 ξ
726 1850 875 1916 45.
932 1850 1114 1913 Inter
1175 1857 1437 1913 caetera
1473 1846 1971 1914 charismatum
2024 1845 2228 1922 dona,
2284 1866 2460 1930 quae
2510 1867 2547 1911 a
2614 1844 2805 1934 largo
2863 1850 3127 1913 Datore

558 1935 966 2002 Franciscus
1025 1933 1369 2014 obtinuit,
1431 1934 1896 2024 praerogativa
1973 1933 2274 2020 quadam
2344 1933 2628 2021 speciali
2697 1935 3124 2022 promeruit,

559 2024 622 2090 in
659 2022 933 2090 divitias
966 2021 1433 2111 simplicitatis
1465 2045 1853 2092 excrescere
1898 2045 2015 2112 per
2043 2023 2422 2091 altissimae
2461 2045 2592 2111 pau
2651 2022 2886 2090 ertatis
2915 2045 3128 2092 amo-

554 2133 721 2180 rem.
777 2115 966 2179 Hanc
1016 2111 1184 2179 Filio
1238 2114 1347 2179 Dei
1422 2113 1534 2179 Vir
1582 2124 1864 2181 sanctus
1913 2112 2324 2180 familiarem
2396 2124 2574 2179 atten
2632 2133 2792 2191 ens,
2847 2126 2914 2179 et
2957 2112 3126 2198 jam

550 2201 747 2286 quasi
803 2213 936 2267 toto
969 2201 1134 2269 orbe
1185 2199 1560 2290 repulsam,
1623 2201 1956 2269 charitate
2013 2201 2111 2270 sic
2161 2199 2423 2269 studuit
2472 2199 2895 2290 desponsare
2953 2223 3129 2289 per-

556 2303 781 2375 petua,
835 2288 1018 2373 quod
1072 2309 1205 2356 non
1258 2290 1483 2358 solum
1539 2312 1659 2378 pro
1708 2310 1784 2357 ea
1840 2303 2098 2377 patrem
2155 2304 2580 2375 matremque
2631 2290 2935 2375 reliquit,
2999 2312 3126 2356 ve·

558 2379 919 2445 rumenam
973 2399 1149 2462 quae
1178 2377 1449 2446 *habere
1483 2379 1725 2466 potuit,
1761 2381 2080 2447 universa
2117 2379 2462 2466 dispersit.
2501 2383 2708 2447 Nemo
2742 2390 2879 2446 tam
2918 2382 3118 2456 auri,

548 2487 754 2553 quam
791 2466 934 2554 ipse
960 2466 1260 2555 cupidus
1297 2468 1742 2557 paupertatis;
1777 2489 1898 2537 nec
1935 2467 2236 2536 thesauri
2264 2466 2696 2536 custodiendi
2739 2465 3123 2538 sollicitior

550 2554 764 2634 ulluS‚
817 2576 1023 2640 quam
1082 2557 1204 2624 iste
1243 2556 1456 2645 hujus
1497 2558 1941 2647 Evangelicae
1974 2556 2402 2646 margaritae.
2447 2560 2523 2624 In
2560 2557 2683 2625 hoc
2731 2558 3127 2646 praecipue

551 2642 742 2713 solus
790 2644 1266 2714 offendebatur
1334 2658 1701 2735 aspectuS,
1762 2647 1817 2714 si
1879 2646 2252 2732 quicquam
2308 2645 2561 2713 videret
2614 2646 2681 2713 in
2735 2645 3118 2725 fratribuS‚

547 2733 730 2820 quod
769 2734 1153 2823 paupertati
1220 2756 1355 2803 non
1401 2757 1521 2824 per
1566 2734 1800 2803 omnia
1850 2745 2279 2803 consonaret.
2320 2739 2574 2803 Revera
2617 2734 2761 2823 ipse
2819 2756 2858 2801 a
2912 2734 3123 2823 prin-

546 2823 729 2911 cipio
779 2821 1132 2913 religionis
1178 2844 1398 2910 usque
1446 2823 1529 2892 ad
1576 2837 1890 2901 mortem,
1947 2824 2205 2901 tunica,
2247 2822 2606 2902 chordula,
2645 2836 2710 2891 et
2749 2821 3123 2893 femorali-

552 2912 682 2980 bus
717 2910 930 3001 diveS,
971 2912 1057 2981 iis
1094 2925 1459 2982 contentus
1492 2912 1642 2981 fuit.
1702 2913 1944 2981 Christi
1998 2918 2164 2981 Jesu
2224 2923 2694 3001 paupertatem
2758 2926 2823 2980 et
2865 2914 3122 2981 Matris

546 3001 936 3087 frequenter
967 3021 1127 3069 cum
1166 3001 1490 3091 lacrymis
1530 3001 1891 3070 revocabat
1943 3001 2025 3070 ad
2069 3015 2407 3069 mentem:
2451 3000 2608 3067 inde
2658 3000 2840 3068 hanc
2883 3002 3120 3070 virtu-

548 3102 680 3157 tem
733 3111 1047 3159 asserens
1093 3111 1243 3159 esse
1294 3091 1601 3181 reginam
1638 3145 1652 3170 ,
1700 3092 1864 3177 quia
1909 3091 1974 3157 in
2014 3095 2197 3177 Rege
2259 3111 2494 3178 regum
2530 3144 2544 3168 ‚
2598 3102 2663 3157 et
2715 3090 2780 3158 in
2837 3092 3118 3180 Regina

548 3190 764 3246 matre
814 3178 1036 3266 ipsius
1090 3191 1223 3246 tam
1276 3191 1698 3268 praestanter
1744 3179 2026 3248 effulsit.
2080 3184 2247 3249 Nam
2298 3192 2362 3246 et
2400 3178 2730 3247 fratribus
2794 3179 2864 3246 in
2933 3202 3117 3248 con-

545 3265 721 3333 clavi
768 3266 1284 3351 quaerentibuS,
1329 3290 1506 3354 quae
1558 3269 1775 3337 virtus
1827 3269 2045 3359 magis
2080 3270 2381 3337 amicum
2429 3266 2741 3335 redderet
2798 3267 3111 3347 ChristO,

544 3354 744 3441 quasi
795 3368 1132 3424 secretum
1184 3356 1294 3424 sui
1342 3356 1570 3425 cordis
1618 3358 1959 3445 aperienS,
2019 3356 2507 3446 respondebat:
2547 3379 2580 3419 «
2616 3360 3116 3445 Paupertatem

547 3443 871 3513 noveritis
920 3442 1182 3523 fratreS,
1238 3445 1667 3534 spiritualem
1723 3447 1899 3516 viam
1952 3468 2100 3515 esse
2153 3445 2419 3523 salutiS‚
2480 3457 2828 3530 tamquam
2869 3446 3117 3513 humi-

546 3532 754 3600 litatis
792 3531 1197 3609 fomentum,
1242 3534 1816 3623 perfectionisque
1868 3536 2192 3613 radicem,
2251 3533 2453 3619 cujus
2482 3547 2585 3600 est
2614 3532 2881 3601 fructus
2917 3536 3115 3602 mul-

544 3620 775 3710 tiplex,
830 3620 946 3689 sed
998 3621 1337 3691 occultus.
1383 3627 1563 3691 Haec
1597 3624 1783 3690 enim
1818 3639 1918 3693 est
1947 3623 2323 3712 evangelici
2357 3624 2504 3712 agri
2537 3621 2907 3691 thesaurus
2941 3623 3116 3693 abs-

538 3711 881 3789 conditus,
924 3732 1044 3799 pro
1078 3732 1214 3795 quo
1247 3711 1540 3781 emendo
1584 3711 1934 3780 vendenda
1999 3726 2161 3780 sunt
2214 3713 2485 3789 omnia;
2545 3725 2611 3778 et
2673 3732 2849 3796 quae
2889 3712 3114 3781 vendi

544 3821 677 3868 non
723 3813 1035 3888 possunt,
1095 3799 1288 3869 illius
1340 3800 1856 3890 comparatione
1904 3800 2315 3890 spernenda.
2390 3799 2481 3868 Ad
2547 3799 2785 3885 hujus,
2838 3799 3108 3886 inquit,

538 3888 812 3957 culmen
858 3889 976 3973 qui
1035 3889 1228 3978 cupit
1288 3892 1661 3979 attingere,
1709 3911 1842 3958 non
1911 3890 2132 3959 solum
2201 3889 2592 3959 mundanae
2655 3888 3107 3976 prudentiae,

538 3976 982 4045 verumetiam
1048 3977 1429 4050 litterarum
1494 3979 1776 4067 peritiae
1831 3980 2241 4049 renunciare
2302 3976 2816 4064 quodammodo
2860 3977 3106 4057 debet,

539 4079 617 4134 ut
653 4065 768 4134 tali
810 4067 1291 4155 expropriatus
1345 4068 1779 4160 possessione
1837 4069 2125 4138 introeat
2174 4070 2242 4136 in
2298 4064 2634 4156 potentias
2689 4068 2992 4142 Domini,
3034 4082 3113 4138 et

540 4155 808 4223 nudum
849 4177 918 4225 se
951 4156 1188 4225 offerat
1227 4156 1533 4228 brachiis
1569 4157 1913 4227 crucifixi.
1957 4152 2395 4244 Nequaquam
2438 4154 2623 4224 enim
2668 4156 2901 4225 seculo
2936 4179 3111 4245 per-

538 4243 708 4311 fecte
749 4246 1133 4326 renunciat,
1178 4249 1296 4332 qui
1336 4244 1598 4340 proprii
1640 4268 1889 4317 sensus
1921 4247 2181 4316 loculos
2218 4249 2395 4315 intra
2431 4240 2661 4315 cordis
2700 4267 2950 4315 arcana
2993 4269 3109 4315 re-

539 4344 784 4400 servat.
822 4356 855 4398 »

628 4422 664 4507 ἓ
714 4427 871 4494 am.
932 4426 1143 4513 Saepe
1193 4444 1347 4491 vero
1411 4423 1496 4493 de
1549 4435 1948 4514 paupertate
1983 4446 2370 4496 sermonem
2407 4423 2691 4506 faciens,
2736 4423 3106 4514 ingerebat
