3347 4999
697 295 821 359 304
1282 311 1360 356 nn
1410 311 1465 357 s.
1519 309 1826 357 Lunovico
1875 307 2241 357 nnnrnANno
2290 309 2473 357 conr.
2820 314 2825 321 ¹
2909 292 3089 359 OCT.
3143 296 3178 360 9

608 397 790 465 Beati
839 394 1452 465 canonizationem.
1507 399 1941 483 Quapropter
1964 394 2118 481 ejus
2154 395 2328 463 vitae
2359 395 2860 465 sanctissimae
2916 395 3181 466 meritis

607 486 1064 576 exigentibuS,
1121 507 1281 553 cum
1317 484 1462 570 jam
1519 484 1693 552 nihil
1756 484 2021 553 deesset
2054 506 2293 553 eorum
2335 506 2535 571 quae,
2574 483 2657 553 ad
2711 484 2908 553 hanc
2952 505 3181 553 sacro-

610 588 915 644 sanctam
970 572 1387 643 functionem
1430 573 1816 643 necessario
1848 596 1926 642 ex
1972 586 2364 643 sanctorum
2406 578 2681 642 Patrum
2726 572 3174 654 auctoritate,

610 684 958 733 sacrorum
1011 683 1355 731 canonum
1420 662 1735 742 decretis,
1800 667 1864 731 S.
1920 667 1997 731 R.
2038 667 2108 731 E.
2147 661 2431 749 antiqua
2472 661 3057 741 consuetudine,
3105 684 3179 731 ac

611 760 966 821 novorum*
993 751 1424 820 decretorum
1480 751 1904 840 praescripto
1953 750 2221 840 agenda
2250 764 2315 820 et
2348 751 2685 820 servanda
2724 750 3179 837 requireban-

611 854 740 919 tur,
772 842 1039 928 justum
1076 852 1140 909 et
1180 839 1485 908 debitum
1537 862 1686 908 esse
1734 853 2111 920 censentes,
2152 852 2246 919 ut,
2301 862 2473 926 quos
2528 845 2705 909 Deus
2746 840 3056 910 honorat
3110 839 3177 907 in

607 929 839 1009 coelis,
885 952 1007 998 nos
1044 928 1498 997 venerationis
1530 928 1752 997 officio
1797 927 2162 997 laudemus
2194 939 2259 996 et
2306 927 2791 1018 glorificemus
2835 929 2907 996 in
2946 927 3174 1010 terriS‚

609 1018 814 1089 hodie
847 1018 882 1051 '⁶
912 1018 980 1086 in
1039 1021 1474 1087 sacrosancta
1517 1016 1803 1086 basilica
1842 1022 1912 1085 B.
1959 1017 2135 1087 Petri
2186 1017 2529 1105 Principis
2585 1016 3171 1107 Apostolorum...

610 1108 701 1177 Ad
741 1108 1067 1176 honorem
1105 1106 1580 1176 sanctissimae
1610 1118 1676 1175 et
1711 1106 2104 1175 individuae
2139 1107 2512 1183 Trinitatis,
2552 1106 2637 1174 ad
2673 1105 3169 1176 exaltationem

612 1209 887 1265 sanctae
936 1195 1091 1265 fidei
1143 1194 1518 1264 catholicae
1574 1206 1638 1265 et
1685 1195 2101 1264 christianae
2151 1194 2503 1284 religionis
2552 1208 3029 1282 augmentum
3044 1245 3168 1264 .....

612 1286 1011 1354 auctoritate
1050 1284 1314 1354 Domini
1357 1284 1565 1352 nostri
1600 1285 1759 1353 Jesu
1792 1284 2060 1362 Christi,
2095 1285 2448 1353 beatorum
2479 1284 2973 1374 apostolorum
3008 1283 3172 1353 Petri

611 1386 675 1442 et
722 1373 938 1454 Pauli,
994 1394 1072 1442 ac
1125 1376 1378 1453 nostra,
1432 1372 1923 1442 deliberatione
1965 1373 2387 1463 praehabita,
2439 1385 2504 1442 et
2551 1373 2799 1442 divina
2852 1396 2989 1476 ope
3038 1395 3173 1441 sae-

614 1463 771 1550 pius
820 1462 1208 1551 implorate,
1263 1484 1343 1531 ac
1390 1461 1476 1530 de
1526 1462 2021 1531 venerabilium
2072 1462 2358 1531 fratrum
2405 1475 2804 1531 nostrorum
2860 1462 3168 1549 ejusdem

614 1556 678 1620 S.
735 1555 812 1619 R.
869 1556 934 1619 E.
992 1551 1480 1630 cardinalium,
1536 1555 1607 1618 B.
1661 1551 2081 1621 Ludovicum
2134 1549 2586 1620 Bertrandum
2631 1555 2982 1620 Sanctum
3034 1570 3170 1620 esse

611 1639 1043 1709 decrevimus
1090 1654 1153 1709 et
1188 1640 1655 1719 definivimus,
1695 1663 1771 1709 ac
1809 1646 2210 1710 Sanctorum
2246 1660 2400 1707 eum
2445 1638 2757 1729 catalogo
2792 1638 3167 1729 adscripsi-

615 1750 791 1807 mus,
841 1744 1041 1819 prout
1093 1729 1554 1819 praesentium
1609 1742 1839 1798 tenore
1885 1728 2348 1809 decernimu5‚
2391 1727 2769 1797 definimus
2806 1740 2879 1799 et
2919 1726 3168 1797 adscri-

613 1816 882 1888 bimus:
927 1830 1301 1887 statuentes
1333 1817 1420 1885 ab
1455 1818 1754 1887 Ecclesia
1791 1816 2160 1887 universali
2196 1817 2502 1903 quolibet
2534 1839 2719 1886 anno
2762 1816 2885 1887 die
2917 1841 2957 1887 x
2989 1821 3164 1887 Octo-

613 1906 756 1976 bris
810 1907 1210 1976 memoriam
1260 1906 1410 1974 e'us
1460 1906 1635 1975 inter
1676 1920 1948 1976 sanctos
1984 1904 2413 1975 confessores
2464 1928 2597 1974 non
2651 1906 3034 1975 Pontifices
3068 1904 3166 1994 pia

612 1995 967 2064 devotione
1019 1994 1225 2064 recoli
1321 1996 1542 2064 ebere.
1597 2001 1675 2064 In
1731 1995 2007 2065 nomine
2054 1995 2296 2075 Patris,
2352 2007 2415 2063 et
2465 1994 2658 2075 Filii,
2734 2008 2805 2065 et
2875 1993 3162 2085 Spiritus

617 2084 869 2164 Sancti,
926 2089 1161 2152 Amen.

705 2174 739 2257 ξ
793 2178 935 2244 22.
989 2180 1295 2258 Aequum
1349 2171 1559 2262 igitur
1620 2185 1723 2241 est
1772 2194 1897 2241 nos
1947 2172 2200 2262 gratias
2251 2193 2450 2261 agere
2498 2185 2562 2241 et
2612 2171 2910 2242 laudare
2962 2176 3157 2239 Deum

618 2266 878 2329 Patrem
921 2262 1482 2349 omnipotentem,
1538 2262 1657 2347 qui
1702 2284 1972 2331 servum
2026 2282 2229 2330 suum
2283 2259 2632 2329 benedixit
2680 2262 2751 2329 in
2807 2260 3008 2331 omni
3056 2258 3158 2327 be-

619 2348 1005 2417 nedictione
1054 2349 1395 2438 spirituali
1448 2363 1523 2418 ut
1569 2362 1746 2419 esset
1781 2362 2062 2419 sanctus
2092 2362 2156 2418 et
2189 2349 2679 2419 immaculatus
2721 2370 2964 2421 coram
2996 2348 3154 2438 ipso,

617 2449 681 2507 et
729 2436 914 2507 dedit
964 2438 1160 2508 illum
1216 2439 1553 2508 universis
1600 2437 2173 2509 christifidelibus
2223 2450 2574 2526 tamquam
2625 2437 3016 2530 fulgentem
3067 2434 3160 2504 lu-

615 2548 760 2595 cem
833 2528 900 2595 in
956 2528 1081 2598 hac
1148 2541 1338 2598 nocte
1405 2543 1837 2617 peccatorum
1891 2542 1955 2597 et
2004 2527 2527 2598 tribulationum
2597 2542 3000 2599 nostrarum
3033 2580 3053 2606 ,
3098 2533 3159 2589 ut

616 2615 952 2686 Ecclesiae
1002 2640 1239 2708 pacem
1289 2629 1354 2685 et
1403 2616 2003 2703 tranquillitatem,
2046 2617 2265 2705 princi
2324 2617 2481 2688 ibus
2528 2616 2939 2687 christianis
2988 2625 3158 2704 opta-

618 2717 749 2773 tam
823 2706 1261 2775 concordiam
1301 2761 1316 2787 ‚
1383 2716 1447 2774 et
1496 2705 1897 2776 infidelibus
1946 2729 1983 2774 a
2033 2706 2140 2774 via
2189 2728 2259 2774 sa
2301 2705 2434 2775 utis
2481 2706 2885 2777 errantibus
2940 2705 3154 2773 lumen

617 2794 917 2864 veritatis
949 2796 1327 2865 obtineant.
1385 2793 1725 2864 Adeamus
1762 2794 1970 2884 igitur
2016 2817 2174 2863 curn
2230 2794 2487 2863 fiducia
2547 2795 2631 2862 ad
2680 2795 3012 2864 thronum
3062 2788 3155 2856 di-

617 2882 812 2952 vinae
863 2885 1152 2972 pietatis,
1207 2905 1323 2954 ore
1353 2895 1417 2951 et
1451 2904 1655 2971 opere
1698 2881 2170 2984 supplicantes
2202 2894 2278 2950 ut
2311 2887 2376 2951 S.
2418 2882 2808 2953 Ludovicus
2845 2882 3155 2954 universo

616 2971 991 3042 christiano
1045 2972 1298 3066 populo
1372 2971 1587 3063 prosit
1635 2989 1897 3040 meritis
1944 2983 2009 3040 et
2047 2971 2426 3062 exemplis,
2484 2973 2809 3061 precibus
2860 2968 3041 3042 adsit
3085 2983 3154 3033 ac

618 3063 1019 3150 patrocini0,
1076 3076 1140 3134 et
1189 3063 1258 3131 in
1314 3074 1617 3152 tempore
1668 3060 2071 3131 iracundiae
2120 3060 2238 3130 siat
2290 3061 2779 3132 reconciliatio

672 3278 696 3299 ⁶
727 3279 775 3316 12
805 3287 900 3326 apr.
931 3279 1047 3318 1671.
