3347 4999
715 320 843 384 766
1285 337 1366 383 ιιι
1410 336 1467 384 s.
1506 335 1899 383 wonrcmeo
1936 336 2036 382 nr.
2078 332 2493 382 amsi-onst«.
2862 319 3035 383 OCT.
3087 319 3155 383 3⁴

624 420 884 493 carnali
933 418 1290 489 curandus
1325 441 1399 490 es
1451 420 1847 509 pharmaco,
1901 419 2015 490 dic
2055 418 2277 487 mibi:
2331 417 2509 502 Quid
2557 431 2662 488 est
2708 419 3088 489 Accidens?
3135 443 3171 486 ι

625 511 750 581 Ille
781 508 1346 600 arrogantissime
1378 509 1784 599 respondet:
1822 533 1859 575 «
1880 509 2211 578 Accidens
2243 520 2369 589 est,
2409 507 2590 597 quod
2618 507 2816 578 adest
2849 507 2950 576 vel
2985 508 3176 578 abaet

627 613 897 690 praeter
943 597 1236 686 subjecti
1302 598 1912 688 corruptionem.»
1973 603 2415 685 Rursumque
2464 595 2785 698 praesul:
2838 619 2875 663 «ι
2910 597 3173 684 Ecquid

622 701 749 769 est,
808 687 1053 774 inquit,
1109 686 1886 757 formarumaccidens‘?
1919 686 2086 756 »Ibi
2138 685 2278 766 ille,
2344 685 2617 766 divino,
2670 698 2745 755 ut
2789 685 3174 768 credimus„

616 775 854 867 jaculo
899 774 1284 854 confossus,
1321 775 1693 845 obmutuit.
1730 777 2114 865 Episcopus
2149 796 2304 844 vero
2334 777 2421 843 ab
2470 779 2888 863 Imperatore
2917 787 2990 844 et
3018 775 3179 844 aliis

625 880 928 955 rogatus,
982 864 1140 934 licet
1181 864 1475 933 multum
1531 878 1899 945 recusaret,
1951 864 2135 950 quod
2189 862 2610 952 impeditiori
2658 877 2838 932 esset
2878 862 3175 953 lingua,

625 954 972 1025 succincte
1018 952 1398 1043 expedivit:
1452 975 1488 1019 «
1531 952 1886 1033 Accidens,
1935 952 2182 1040 inquit,
2224 965 2329 1022 est
2364 950 2860 1040 quadriforme.
2902 957 3166 1032 Unum,

623 1043 803 1132 quod
860 1064 983 1111 nec
1021 1040 1295 1121 accidit,
1354 1062 1478 1110 nec
1529 1041 1803 1122 recedit,
1860 1054 1936 1111 ut
1986 1042 2349 1111 incurvum
2386 1040 2659 1128 aquilae
2701 1055 3031 1110 rostrum.
3066 1042 3173 1111 At-

628 1146 876 1211 terum,
929 1129 1109 1217 quod
1143 1129 1395 1199 accidit
1438 1142 1503 1198 et
1554 1129 1829 1210 recedit,
1881 1142 1959 1199 ut
2008 1151 2296 1199 somnus
2342 1143 2406 1198 et
2442 1130 2785 1199 saturitas,
2829 1133 3167 1214 Tertium,

623 1242 757 1291 non
809 1218 1059 1290 accidit
1103 1218 1410 1305 quidem,
1464 1219 1578 1289 sed
1635 1232 1858 1287 tamen
1915 1218 2189 1298 recedit,
2244 1233 2321 1287 ut
2370 1217 2659 1287 infantia
2713 1230 2779 1287 et
2838 1219 3166 1319 pueritia.

624 1313 984 1398 Quartum,
1034 1306 1217 1395 quod
1261 1306 1535 1388 accidit,
1591 1329 1716 1376 nec
1776 1307 2047 1388 recedit,
2103 1320 2178 1376 ut
2223 1320 2541 1378 senectus
2585 1324 2653 1374 et
2697 1308 3019 1378 canities.
3078 1313 3178 1377 Ita

623 1419 787 1489 ergo
836 1395 1048 1465 Filius
1102 1395 1236 1477 Dei,
1290 1396 1408 1484 qui
1463 1409 1567 1465 est
1604 1397 1824 1466 virtus
1868 1410 1932 1465 et
1980 1395 2317 1496 sapientia
2370 1395 2482 1464 Dei
2538 1395 2780 1468 Patris.
2827 1397 2944 1466 cui
2999 1396 3177 1466 nibil

623 1500 726 1555 est
775 1484 1225 1575 impossibile,
1267 1484 1466 1573 quasi
1522 1505 1642 1573 per
1688 1484 2009 1553 accidens
2058 1484 2520 1573 inseparabile
2565 1483 2794 1553 induit
2844 1484 3179 1554 humani-

624 1586 855 1651 tatem,
913 1595 1043 1643 non
1093 1574 1417 1643 amittens
1449 1572 1903 1643 divinitatem.
1960 1572 2085 1643 Sed
2134 1572 2503 1661 ejusmodi,
2556 1572 2780 1642 oculis
2816 1573 2975 1643 fidei
3006 1596 3177 1643 eon·

624 1662 880 1734 tuenda
943 1676 1131 1732 sunt.
1187 1666 1267 1731 Ut
1320 1661 1504 1731 enim
1557 1662 1800 1732 beatus
1868 1662 2237 1751 Gregorius
2276 1661 2403 1731 ait:
2464 1685 2502 1728 «
2537 1661 2732 1732 Fides
2783 1683 2917 1731 non
2972 1662 3179 1732 babet

624 1753 975 1832 meritum,
1032 1750 1143 1820 cui
1189 1750 1496 1819 humana
1554 1751 1725 1821 ratio
1784 1752 2060 1840 praebet
2105 1751 2753 1840 experimentum.»
2804 1751 2926 1820 His
2959 1765 3171 1838 atque

624 1840 783 1911 aliis
831 1839 1253 1910 salutaribus
1300 1838 1525 1908 verbis
1575 1840 1679 1908 vir
1717 1855 1997 1910 sanc-tus
2043 1839 2215 1908 adeo
2262 1839 2563 1910 condivit
2621 1838 2828 1908 corda
2877 1839 3175 1909 audien-

628 1931 824 2010 tium,
877 1941 955 1998 ut
1003 1927 1117 1997 ille
1151 1927 1339 1997 iilius
1387 1926 1592 1997 Belial
1639 1949 1763 2018 pro
1800 1949 2030 1998 errore
2077 1927 2527 2008 satisfaciens,
2582 1927 2671 1997 ab
2716 1950 2754 1997 e
2808 1929 2997 2019 regio
3045 1928 3170 1998 do-

624 2032 808 2089 ctore
856 2017 1124 2086 veniam
1185 2017 1473 2107 petierit.
1529 2022 1604 2086 At
1660 2016 1776 2086 ille
1835 2018 2216 2107 promptior
2260 2017 2343 2085 ad
2411 2017 2734 2108 ignoscen
2793 2041 2905 2083 um
2958 2040 3169 2106 quam

623 2106 1132 2186 ulciscendum,
1188 2104 1514 2175 mulctam
1564 2107 1627 2175 ei
1679 2106 2025 2196 irrogavit,
2076 2119 2143 2175 et
2210 2127 2292 2174 ne
2392 2105 2705 2175 rofanum
2770 2105 2969 2175 illum
3026 2128 3173 2176 scr-

624 2215 896 2264 monem
964 2215 1270 2280 unquam
1329 2194 1625 2276 iteraret,
1682 2194 1813 2264 sub
1860 2194 2109 2264 Christi
2173 2195 2323 2264 testi
2354 2195 2647 2263 icatione
2701 2206 2769 2263 et
2813 2194 2950 2263 sub
3015 2217 3171 2264 ana·

627 2282 922 2352 themate
967 2283 1030 2351 ei
1080 2282 1451 2351 interdixit.

711 2373 750 2458 ξ
795 2374 952 2441 88.
1007 2375 1147 2439 Hoc
1198 2370 1346 2440 loco
1377 2370 1579 2440 etiam
1631 2369 2003 2440 dicendum
2057 2370 2256 2441 nobis
2310 2370 2619 2450 videtur,
2671 2391 2835 2458 erga
2881 2373 3167 2442 Boemo-

623 2480 777 2529 rum
815 2471 1085 2549 gentem
1127 2471 1205 2528 ut
1249 2479 1323 2529 se
1369 2457 1681 2549 gesserit.
1737 2464 1944 2529 Erant
1992 2459 2220 2530 Boemi
2264 2471 2407 2530 tum
2462 2480 2699 2530 recens
2736 2459 2769 2494 *
2815 2459 2920 2530 ad⁴
2958 2459 3165 2531 fidem

623 2548 944 2628 traducti,
978 2560 1045 2618 et
1081 2547 1497 2618 daemonum
1549 2548 1925 2618 simulacra
1968 2549 2359 2639 abjecerant
2409 2547 2505 2617 illi
2555 2548 2864 2636 quidem,
2921 2549 3042 2618 sed
3083 2563 3162 2618 te·

622 2637 816 2727 pide:
871 2651 945 2707 ut
1011 2658 1167 2706 vero
1212 2636 1497 2706 colenda
1558 2648 1738 2707 esset
1807 2637 2188 2707 Christiana
2252 2636 2535 2727 religio,
2598 2637 3165 2724 quandoquidem

624 2740 894 2816 pastore
926 2726 1232 2796 destituti
1266 2739 1485 2807 erant,
1527 2747 1813 2815 prorsus
1860 2725 2296 2815 ignorabant.
2352 2725 2706 2815 Rogabant
2756 2741 2899 2795 tum
2954 2727 3167 2797 Otho·

625 2835 779 2883 nem
820 2819 1333 2905 Imperatorem,
1387 2813 1505 2902 qui
1555 2814 1831 2884 divinae
1868 2814 2219 2902 religionis
2264 2832 2410 2883 erat
2437 2814 2661 2884 cultor
2758 2815 3155 2904 roecipuus,

623 2901 1058 2973 clarissimus
1091 2908 1231 2973 Dux
1274 2903 1612 2972 Henricus
1642 2916 1710 2972 et
1739 2903 1856 2972 alii
1900 2902 2161 2983 fideles,
2214 2902 2499 2990 utquod
2548 2836 2751 2990 apud)
2785 2902 2980 2973 illam
3012 2924 3169 2993 geu·

621 3003 754 3062 tem
801 2991 1197 3062 inchoatum
1248 3006 1449 3073 esset,
1492 3014 1612 3082 pro
1663 2991 1775 3061 Dei
1827 3012 2061 3061 amore
2106 2992 2295 3081 regia
2343 2992 2747 3061 auctoritate
2799 2992 3169 3061 absolven-

620 3080 787 3149 dum
837 3093 1131 3150 curaret.
1168 3080 1291 3149 llle
1336 3093 1475 3150 tam
1519 3081 1778 3150 sanctis
1815 3080 2135 3168 precibus
2176 3079 2468 3149 libenter
2496 3080 2768 3161 annuit,
2824 3081 2944 3150 md
2977 3078 3161 3168 quod

621 3168 896 3238 Boemia
943 3169 1028 3238 ad
1094 3168 1612 3258 Ratisponensis
1667 3168 2011 3239 Ecclesiae
2073 3169 2457 3259 paroeciam
2521 3169 2933 3270 pertineret,
2987 3166 3161 3238 nihil

623 3258 749 3327 abs
801 3278 885 3326 ue
916 3257 1069 3347 ejus
1117 3257 1433 3347 Episcopi
1486 3278 1833 3328 consensu
1864 3256 2043 3327 effici
2094 3256 2334 3347 potuit.
2390 3258 2569 3328 Misit
2610 3258 2823 3349 igitur
2862 3263 3169 3347 Impera·

618 3356 726 3416 tor
794 3358 1028 3446 egatos
1074 3345 1160 3415 ad
1211 3346 1655 3435 Episcopum,
1693 3368 1901 3416 orans
1947 3358 2025 3416 ut
2075 3368 2198 3436 pro
2249 3347 2561 3436 paroecia
2609 3347 2910 3435 acceptis
2964 3368 3164 3437 prae-

619 3433 780 3510 diis,
836 3433 969 3523 ipsi
1010 3433 1240 3504 liceret
1295 3434 1362 3502 in
1400 3434 1675 3505 Boemia
1726 3436 2139 3525 Episcopum
2196 3455 2443 3505 curare
2489 3435 3019 3506 instituendum.
3080 3440 3171 3506 Ec
3266 3472 3277 3491 ·

619 3521 878 3592 nuncio
923 3536 1202 3613 accepto
1239 3522 1662 3593 exhilaratus
1700 3523 1803 3593 vir
1852 3524 1987 3603 Dei,
2024 3544 2184 3593 cum
2246 3524 2394 3595 suis
2451 3524 2854 3611 proceribus
2899 3522 3165 3594 delibe—

616 3610 812 3692 ravit,
847 3611 1013 3699 quid
1062 3622 1240 3683 esset
1288 3612 1691 3702 Imperatori
1756 3612 2342 3702 respondendum.
2405 3612 2552 3683 Illis
2595 3612 3015 3693 dicentibus,
3074 3633 3167 3682 ue
3276 3684 3287 3703 ,

615 3700 942 3792 precibus
987 3700 1140 3791 ejus
1172 3700 1612 3782 consentiret,
1675 3700 2029 3791 respondit
2070 3702 2173 3771 vir
2228 3701 2508 3772 beatus:
2563 3700 2959 3774 «Videmus
3008 3722 3177 3791 μω·

618 3789 861 3861 tiosam
917 3788 1356 3879 margaritam
1393 3788 1461 3859 in
1515 3789 1730 3878 hujus
1763 3789 2153 3879 provinciae
2201 3789 2414 3859 humo
2464 3789 2911 3871 reconditam,
2950 3810 3166 3877 quam
3278 3854 3291 3875 ,

616 3899 744 3949 nos
794 3898 928 3948 non
968 3878 1557 3968 comparabimus,
1615 3877 1747 3948 nisi
1784 3878 2136 3948 distractis
2185 3878 2390 3950 rebus
2419 3878 2867 3967 quibusdam.
2922 3883 3173 3966 Itaque
3284 3930 3297 3949 .

619 3966 878 4048 audite,
919 3988 1099 4055 quae
1143 3966 1461 4038 dicturus
1508 3988 1706 4037 sum:
1746 3966 2078 4054 Equidem
2122 3979 2187 4037 et
2236 3988 2345 4038 me
2378 3982 2444 4037 et
2479 3989 2630 4038 mea
2667 3968 2901 4037 omnia
2938 3967 3177 4038 libens

614 4054 968 4145 impendo,
1021 4068 1099 4125 ut
1146 4054 1287 4125 illic
1332 4054 1584 4127 domus
1637 4054 1776 4136 Dei,
1813 4055 2250 4127 corroborata
2288 4055 2608 4137 Ecclesia,
2650 4054 3073 4125 stabiliatur.
3126 4078 3177 4123 ι
3284 4088 3297 4119 ι

616 4143 740 4213 His
770 4142 1000 4225 dictis,
1040 4143 1472 4214 renunciavit
1518 4145 1948 4235 Imperatori,
2004 4167 2078 4217 se
2128 4165 2573 4216 assensurum
2625 4144 2948 4234 precibus
2978 4143 3173 4235 eius.

668 4304 697 4331 ⁸
725 4303 991 4347 Christiana
1009 4303 1191 4356 Religio
1209 4309 1325 4347 tuno
1343 4305 1548 4357 primum
1566 4306 1614 4346 tn
1634 4307 1862 4351 Bohomie
1878 4308 2050 4349 durau
2068 4307 2156 4353 eat.
2173 4316 2279 4348 cum
2299 4304 2446 4356 tuqui
2465 4306 2671 4353 Bobemt.
2688 4306 2835 4348 uobtu
2855 4315 3032 4357 muare
3050 4305 3181 4355 uti.

617 4365 742 4399 anno
759 4357 854 4406 846.
872 4358 1170 4405 Bau-bonae,
1184 4359 1470 4409 bapti-mum
1491 4365 1821 4411 susceperunt.
1841 4361 1996 4411 nnuc
2013 4369 2127 4401 vero
2145 4361 2485 4401 incrementum
2507 4357 2549 4399 ei
2569 4356 2735 4401 amit
2750 4359 3005 4401 noh-nm
3018 4358 3183 4403 θιὼ

616 4411 845 4460 nox-ivor.
874 4411 1074 4461 ejusque
1100 4413 1334 4463 conjuga,
1356 4413 1619 4460 Ludmtlae,
1651 4412 1915 4459 convenio.
1945 4412 2027 4463 qui
2058 4422 2091 4455 ι
2122 4413 2171 4455 8.
2200 4414 2453 4460 Ηοιὴοᾱιο.
2479 4409 2728 4456 Novom
2752 4412 2995 4464 Avendo.
3028 4411 3183 4461 md

615 4460 920 4517 baptismus
936 4462 1063 4505 undu
1081 4465 1232 4506 abluti
1253 4466 1383 4513 aunt.
1399 4476 1523 4508 auno
1542 4467 1856 4517 probabiliter
1874 4467 1966 4508 8⁴11.
