3347 4999
242 343 418 410 OCT.
479 343 559 407 19
931 357 1010 403 nn
1062 355 1150 402 ss.
1211 354 1574 402 promtum
1626 356 1702 401 m·
1750 354 1932 402 Lucio
1982 356 2097 401 aru.
2578 337 2705 401 553

244 452 411 516 Cum
465 443 699 523 enim,
758 455 1026 532 praeter
1079 440 1329 509 eximia
1384 440 1697 527 prodigia
1752 441 2011 526 quibus
2069 440 2244 509 Petri
2299 440 2432 509 vita
2482 439 2794 518 effulsit,

240 548 397 626 post
448 545 733 602 mortem
768 532 968 599 etiam
1003 529 1543 616 quamplurimis
1573 528 1730 598 aliis
1773 528 2130 597 miraculis
2169 529 2321 613 ejus
2365 530 2794 597 sanctitatem

243 635 610 694 testaretur
645 626 843 697 DeuS‚
899 619 1128 687 aditus
1173 617 1612 707 aperiebatur
1666 616 1748 684 ad
1805 638 2037 686 sacros
2090 617 2382 687 bonores
2436 622 2625 686 Petro
2682 618 2799 686 de·-

243 712 675 782 ferendos....
723 715 848 777 Deo
908 708 1119 797 igitur
1170 707 1431 794 optimo
1484 706 1807 785 maximo,
1860 728 1897 774 a
1947 728 2085 792 quo
2145 719 2244 775 est
2305 728 2509 775 omne
2558 707 2798 774 datum

243 802 614 892 optimum,
653 809 717 867 et
749 819 953 866 omne
1001 796 1259 864 donum
1313 793 1717 884 perfectum,
1751 796 2007 886 gratias
2058 816 2258 883 agere
2306 794 2627 863 eumdem
2666 795 2805 863 Cle·

244 902 546 960 mentem
617 887 1205 978 praedecessorem
1261 898 1572 953 nostrum
1629 883 1949 953 decebat:
2022 886 2143 971 qui
2213 882 2557 953 benedixit
2616 883 2802 952 hunc

248 974 522 1049 servum
588 999 791 1046 suum
845 976 914 1043 in
964 975 1155 1042 omni
1205 972 1679 1042 benedictione
1730 973 2102 1063 spirituali,
2165 984 2240 1042 ut
2288 985 2464 1042 esset
2522 985 2804 1040 sanctus

247 1080 314 1138 et
363 1064 857 1135 immaculatus
905 1085 1134 1133 coram
1172 1063 1320 1153 ipso
1369 1075 1433 1129 et
1465 1077 1769 1130 curreret
1814 1063 1876 1130 in
1934 1064 2039 1129 via
2083 1061 2567 1130 mandatorum
2621 1060 2799 1127 divi-

247 1178 499 1226 norum
533 1154 814 1223 dilatato
864 1152 1067 1221 corde
1116 1152 1202 1220 ab
1235 1151 1481 1219 eximia
1530 1152 1897 1230 charitate;
1953 1173 2252 1239 cumque
2305 1150 2501 1219 illum
2565 1149 2801 1218 divina

246 1247 468 1337 pietas
517 1244 679 1312 huic
725 1255 953 1311 nostro
999 1240 1232 1310 seculo
1284 1240 1695 1319 indulserit,
1750 1241 1867 1326 qui
1926 1240 2209 1326 antiqua
2285 1238 2601 1329 prodigia
2649 1260 2807 1306 san-

252 1334 505 1404 ctitatis
554 1334 992 1409 instauraret,
1029 1329 1347 1398 eumdem
1401 1328 1742 1419 singulari
1781 1328 1976 1398 cultu
2027 1340 2575 1418 prosequeretur,
2621 1328 2803 1416 ejus-

249 1446 386 1510 que
436 1421 772 1491 auxilium
830 1420 895 1488 in
953 1420 1139 1487 bisce
1187 1418 1604 1487 christianae
1638 1418 2057 1508 reipublicae
2110 1416 2632 1488 necessitatibus
2666 1417 2810 1485 eni-

251 1514 409 1581 xius
464 1509 863 1600 imploraret
874 1557 1005 1576 .....

538 1874 1154 1978 MARTYRlUM
1229 1876 1362 1974 SS.
1438 1873 2003 1976 PTOLOlllAEl
2084 1874 2200 1973 ET
2273 1872 2534 1976 LUCll

722 2153 1005 2202 AUCTORE
1054 2155 1112 2200 a.
1149 2153 1408 2201 Jusrmo
1458 2152 1846 2200 ruttosorno
1896 2153 1969 2198 ετ
2017 2152 2305 2199 marran
2344 2131 2376 2163 ¹*

256 2299 334 2344 Ex
388 2296 698 2344 APOLOGIA
752 2300 799 2345 1.
852 2299 972 2346 PRO
1031 2297 1467 2355 CHRISTIANIS,
1520 2297 1809 2344 INTERPR.
1863 2296 2085 2344 JOACH.
2138 2296 2434 2343 PEmoNlo
2484 2295 2808 2344 BENEmcr.

797 2545 991 2601 Pessi
1032 2551 1216 2614 sunt,
1249 2548 1521 2616 Romae,
1565 2560 1804 2602 versus
1846 2561 2100 2603 annum
2142 2549 2276 2603 165.

259 2751 268 2766 ²
353 2752 390 2826 ἓ
439 2753 516 2816 1.
577 2750 653 2814 Ut
701 2767 938 2815 eorum
992 2746 1305 2815 omnium
1342 2801 1356 2824 ,
1410 2767 1587 2832 quae
1641 2745 1914 2815 'Urbicio
1967 2744 2301 2834 praesecto
2352 2758 2539 2835 gesta
2605 2762 2808 2826 sunt,

256 2856 543 2905 causam
599 2834 1056 2923 perspiciatis,
1098 2856 1261 2915 rem,
1304 2847 1379 2904 ut
1412 2848 1600 2922 gesta
1649 2847 1773 2914 est,
1833 2836 2149 2902 narrabo.
2192 2833 2434 2902 Mulier
2467 2834 2808 2919 quaedam

256 2923 427 2995 viro.
482 2926 602 3010 qui
649 2924 924 2992 libidini
960 2924 1236 2993 deditus
1269 2937 1436 3004 erat,
1494 2936 1845 3013 nupserat.
1885 2927 1974 2991 Ea
2009 2945 2166 2990 cum
2212 2935 2409 2991 antea
2446 2922 2814 2993 libidinose

256 3012 560 3090 vixisset,
621 3027 1061 3102 posteaquam
1099 3012 1345 3082 Christi
1402 3028 1759 3102 praecepta
1800 3025 1865 3080 et
1912 3011 2351 3100 disciplinam
2390 3011 2662 3100 cognita
2695 3011 2815 3081 ha—

258 3100 431 3179 buit,
487 3122 558 3169 se
608 3100 692 3170 ad
747 3103 1099 3171 meliorem
1153 3102 1420 3190 frugem
1482 3113 1921 3187 mentemque
1984 3100 2338 3178 convertit,
2403 3100 2683 3187 viroque
2733 3116 2808 3172 ut

257 3188 440 3258 idem
495 3190 769 3268 faceret,
837 3190 1129 3259 suadere
1189 3191 1573 3264 conabatur
1622 3188 2003 3279 praeceptis
2055 3188 2503 3277 proferendi5‚
2564 3212 2812 3280 propo-

262 3278 627 3364 nendaque
700 3300 917 3367 poena
951 3335 965 3359 ,
1019 3301 1197 3365 quae
1265 3279 1329 3346 in
1398 3291 1675 3347 aeterno
1749 3279 1906 3367 igne
1960 3293 2263 3348 maneret
2308 3299 2446 3358 ρος,
2502 3279 2623 3365 qui
2673 3301 2808 3349 non

310 3366 535 3444 udice,
595 3387 718 3435 nec.
767 3389 847 3435 ex
900 3369 1160 3437 ratione
1209 3381 1389 3434 recta
1440 3366 1787 3456 degerent.
1850 3366 1967 3434 llle
2008 3380 2261 3445 autem,
2301 3368 2417 3453 qui
2460 3367 2525 3435 in
2569 3367 2807 3438 eadem

257 3389 553 3524 libidine
590 3469 941 3545 perstaret,
983 3455 1180 3526 factis
1216 3455 1362 3525 suis
1398 3476 1677 3523 uxorem
1717 3477 1751 3523 a
1790 3477 1860 3524 se
1901 3455 2355 3524 abalienabat.
2396 3456 2592 3527 Nefas
2625 3458 2809 3526 enim

258 3558 324 3614 et
363 3543 656 3633 impium
715 3558 858 3613 rata
910 3545 1179 3624 mulier,
1236 3543 1563 3644 deinceps
1612 3567 1770 3612 cum
1819 3544 1960 3613 viro
1998 3545 2329 3626 babitare,
2385 3546 2507 3632 qui
2569 3560 2809 3616 contra

258 3633 477 3723 legem
551 3646 835 3702 naturae
875 3646 939 3701 et
966 3647 1201 3702 contra
1240 3634 1384 3722 jue,
1441 3654 1616 3701 viam
1676 3633 1945 3701 libidini
1997 3656 2076 3702 ac
2110 3634 2441 3723 voluptati
2489 3635 2681 3703 omni
2729 3658 2811 3704 ex

259 3736 452 3813 parte
503 3721 880 3813 patefacere
930 3722 1255 3802 studeret,
1310 3744 1344 3790 a
1396 3722 1722 3813 conjugio
1770 3722 2080 3811 disjungi
2142 3723 2588 3812 separarique
2650 3745 2813 3792 con-

259 3812 506 3881 stituit.
562 3815 868 3897 Cumque
915 3811 1002 3879 ab
1049 3832 1130 3880 eo
1179 3832 1303 3900 pro
1356 3812 1531 3880 osito
1577 3810 2040 3881 abduceretur
2070 3834 2109 3880 a
2143 3813 2314 3891 suis,
2349 3811 2471 3898 qui
2510 3813 2571 3880 ei
2603 3813 2807 3881 etiam

261 3900 686 3970 manendum
726 3900 1118 3978 suaderent,
1150 3922 1287 3988 quo
1366 3922 1522 3990 spes
1562 3915 1760 3982 esset,
1807 3900 1948 3970 fore
1983 3913 2056 3970 ut
2104 3900 2478 3988 aliquando
2519 3901 2621 3970 vir
2658 3902 2811 3987 ejus

260 3989 466 4058 vitam
509 4010 868 4076 moresque
921 4001 1238 4070 mutaret,
1295 3990 1427 4058 vim
1481 3989 1613 4059 sibi
1651 3990 1976 4069 inferens,
2034 3989 2244 4057 invita
2298 3990 2571 4059 mansit.

348 4079 385 4165 ξ
431 4082 511 4146 2.
566 4083 802 4147 Postea
867 4100 1043 4157 νει-ο,
1119 4100 1326 4165 quam
1382 4079 1485 4147 vir
1531 4079 2007 4147 Alexandriam
2073 4078 2442 4167 profectus,
2495 4077 2812 4168 graviora

264 4179 329 4234 et
363 4166 756 4257 indigniora
805 4167 1061 4236 scelera
1089 4168 1448 4237 admittere
1486 4168 1933 4237 renunciatus
1971 4179 2170 4244 esset,
2221 4188 2304 4235 ne
2344 4167 2527 4236 socia
2559 4181 2624 4236 et
2655 4190 2810 4258 par·

268 4253 482 4342 ticeps
527 4256 680 4343 ejus
730 4255 1065 4325 scelerum
1142 4257 1708 4358 flagitiorumque
1758 4256 1945 4326 fieret
1980 4311 1995 4336 ,
2051 4256 2105 4324 si
2160 4257 2227 4324 in
2281 4257 2605 4347 conjugio
2666 4279 2810 4326 ma-

265 4356 474 4421 neret,
531 4346 850 4432 victuque
897 4368 1255 4415 communi
1320 4360 1645 4426 uteretur,
1701 4358 1764 4413 et
1816 4346 1880 4414 in
1934 4345 2170 4415 eodem
2247 4345 2418 4415 lecto
2495 4345 2803 4427 cubaret,

319 4468 345 4495 ⁸
372 4469 438 4508 De
459 4469 503 4510 Β.
525 4468 716 4512 «tustino
735 4472 870 4512 Mart.
890 4473 998 4513 vide
1019 4474 1210 4519 Sue-lum,
1233 4473 1332 4513 Vol.
1355 4472 1430 4514 IV.
