3347 4999
751 317 880 381 486
1413 334 1491 380 m:
1525 332 1618 380 ss.
1658 329 1925 380 PLAcmo
1965 333 2039 380 ετ
2086 331 2286 380 socus
2334 333 2450 381 mr.
2939 314 3152 380 OCT.
3213 318 3251 379 5

660 431 907 501 castra,
954 418 1150 488 villas
1174 428 1240 486 et
1268 418 1755 506 possessiones,
1794 439 1971 504 quae
2004 418 2136 486 sibi
2170 418 2239 485 in
2295 439 2362 486 re
2404 418 2862 490 haereditaria
2904 419 3250 508 pertine-

662 510 851 589 bant,
896 529 1053 575 cum
1106 507 1446 577 universis
1492 530 1529 575 a
1591 506 1914 596 penditiis
1963 506 2131 576 suis.
2190 511 2478 576 Domum
2532 530 2713 589 vem,
2755 509 2820 577 in
2871 529 3025 596 qua
3081 507 3249 576 Pla-

659 597 858 667 cidus
894 596 1081 666 filius
1105 597 1257 685 ejus
1291 608 1494 665 natus
1558 608 1750 665 uerat
1782 597 1849 665 in
1885 595 2055 666 urbe
2089 601 2328 675 Roma,
2365 596 2434 664 in
2472 597 2694 666 Caelio
2738 610 3004 674 monte,
3047 597 3248 666 beati

661 687 925 756 Erasmi
961 686 1222 754 nomini
1256 683 1520 766 dicans,
1566 684 1741 774 patri
1793 685 2230 754 sanctissimo
2260 706 2341 753 ex
2376 696 2512 754 toto
2544 686 2908 756 concessit.
2949 685 3246 755 Obtulit

659 776 863 845 etiam
910 776 1059 862 ipso
1100 774 1211 842 die
1252 779 1383 844 Deo
1415 787 1481 843 et
1518 773 1776 842 sanctis
1824 774 1974 863 ejus
2025 773 2452 843 medietatem
2520 774 2606 844 de
2661 775 2814 844 lacu
2879 775 3240 854 Lucrino,

661 886 924 934 necnon
962 876 1027 932 et
1062 861 1362 932 insulam
1402 862 1837 952 Caprariam,
1877 864 1942 930 in
2001 861 2147 933 salo
2195 862 2639 952 Neapolitano
2673 863 2970 933 locatam
3007 918 3028 944 ,
3076 886 3242 953 por-

661 966 947 1041 tumque
981 953 1443 1040 Trajesensem
1481 965 1546 1022 et
1578 951 2091 1031 Ultranensem,
2136 963 2201 1020 et
2234 963 2438 1022 totam
2480 952 2840 1042 piscariam
2885 952 3244 1024 Lesinen-

659 1065 804 1111 sem
859 1063 994 1110 una
1033 1064 1192 1110 cum
1231 1039 1410 1110 fasce
1442 1063 1591 1119 sua,
1632 1039 1841 1109 simul
1878 1040 2080 1109 etiam
2121 1052 2255 1109 tres
2291 1040 2557 1111 insulas
2593 1041 2946 1111 Diomedis
2980 1057 3064 1110 et
3101 1042 3242 1112 ssu-

661 1131 847 1199 vium
905 1130 1105 1199 Lauri
1148 1130 1345 1219 juxta
1388 1130 1753 1219 piscariam
1812 1129 2270 1198 Lesinensem.
2328 1131 2608 1219 Propria
2667 1151 2826 1200 vero
2896 1153 3106 1217 quae
3171 1133 3236 1200 in

660 1220 902 1309 Apulia
949 1217 1263 1299 habebat,
1304 1232 1545 1309 rogatu
1585 1217 1840 1287 Placidi
1877 1219 2004 1287 filii
2045 1219 2153 1288 sui
2191 1218 2549 1308 parimodo
2602 1220 2990 1300 concessit,
3056 1242 3238 1307 quo·

616 1335 625 1362 1
667 1329 818 1376 rum
857 1309 1136 1377 nomina
1172 1308 1338 1378 haec
1386 1320 1589 1377 sunt:
1634 1311 1709 1375 In
1761 1308 2049 1377 Canusia
2094 1306 2387 1377 fundum
2426 1307 2840 1377 Melitensem
2875 1364 2892 1390 ,
2947 1311 3235 1379 Poden-

663 1418 831 1477 sem,
888 1397 1119 1465 villam
1156 1401 1534 1474 Pertusam‚
1573 1417 1897 1485 campum
1936 1395 2336 1476 Caliensem,
2372 1397 2822 1467 Babolianum
2862 1398 3229 1478 viculum,

661 1499 726 1554 et
757 1485 1115 1555 ecclesiam
1154 1490 1437 1555 Sanctae
1473 1484 1721 1553 Mariae
1767 1485 1831 1553 in
1886 1485 2123 1553 eadem
2181 1486 2524 1554 Canusina
2571 1486 2845 1556 civitate
2886 1502 3233 1558 constru-

662 1589 841 1643 ctam
885 1596 1041 1643 cum
1086 1574 1391 1643 cortibus
1427 1573 1747 1664 pluribus
1777 1586 1840 1642 et
1866 1573 2088 1674 plagis
2120 1573 2425 1661 locisque
2451 1574 2763 1644 diversis,
2802 1579 2950 1644 Ista
2986 1577 3228 1646 omnia

664 1661 1007 1733 Tertullus
1089 1663 1374 1732 atricius
1408 1685 1564 1732 cum
1601 1661 1874 1731 Placido
1907 1662 2051 1733 filio
2084 1685 2209 1732 suo
2252 1664 2425 1753 patri
2471 1663 2834 1734 Benedicto
2881 1687 3023 1755 per
3062 1667 3231 1736 scri-

663 1764 856 1842 ptum
911 1765 1006 1820 tra
1068 1753 1342 1820 iderunt
1392 1753 1460 1819 in
1513 1763 1919 1841 perpetuum
1958 1751 2395 1841 possidenda.

751 1842 787 1928 §
826 1846 919 1913 0.
975 1845 1175 1909 Hunc
1209 1839 1595 1909 aemulatus
1620 1839 1706 1908 ad
1731 1842 1986 1910 bonum
2021 1841 2333 1926 Equitius
2354 1853 2647 1926 senator,
2682 1840 2947 1912 obtulit
2976 1855 3052 1913 et
3089 1843 3226 1931 ipse

664 1951 802 1998 una
856 1952 1014 1998 cum
1074 1929 1218 1998 filio
1278 1951 1404 1998 suo
1457 1935 1691 1997 Mauro
1745 1928 2042 1999 fundum
2089 1930 2503 1999 Gentianam
2556 1952 2712 1999 cum
2769 1929 2962 2000 cella
2999 1933 3223 2002 sancti

664 2018 955 2119 Agapiti‚
993 2030 1057 2086 et
1095 2030 1346 2087 cortem
1392 2039 1586 2087 suam
1638 2018 1708 2085 in
1751 2018 2019 2089 civitate
2053 2019 2493 2108 Neapolitana
2532 2018 2816 2088 locatam
2845 2073 2861 2098 ,
2904 2043 3096 2090 cum
3127 2043 3223 2091 ec-

663 2106 869 2176 clesia
929 2118 1205 2176 sanctae
1262 2106 1545 2197 virg-inis
1586 2106 1832 2175 Christi
1896 2106 2221 2176 Caeciliae
2279 2121 2343 2177 et
2400 2108 2613 2176 sancti
2681 2108 3036 2190 Severini,
3112 2110 3220 2179 ubi

662 2209 895 2286 postea
947 2217 985 2264 a
1038 2208 1224 2284 patre
1280 2195 1641 2265 Benedicto
1697 2197 2024 2265 ecclesiae
2081 2197 2249 2266 sitae
2309 2211 2511 2274 sunt,
2588 2216 2855 2265 necnon
2914 2198 3216 2268 ecclesia

663 2291 947 2353 Sanctae
984 2285 1230 2353 Mariae
1267 2284 1336 2353 in
1372 2284 1705 2354 Cosentia.
1746 2284 2132 2355 Gordianus
2169 2306 2444 2373 quoque
2485 2289 2833 2354 Romanae
2868 2287 3093 2357 urbis
3131 2289 3216 2356 vir

667 2371 1086 2461 spectabilis,
1142 2373 1384 2442 horum
1436 2374 1792 2443 devotione
1830 2373 2227 2454 delectatuS,
2286 2373 2535 2443 obtulit
2588 2395 2708 2462 pro
2754 2396 2827 2444 se
2883 2387 2962 2444 et
3017 2375 3218 2445 Silvia

662 2482 872 2530 uxore
906 2483 1027 2531 sua
1073 2462 1266 2531 villas
1304 2475 1370 2532 et
1418 2461 1667 2533 fundos
1701 2463 2117 2552 complures
2165 2462 2413 2533 Eodem
2458 2476 2586 2532 tem
2643 2484 2758 2532 ore
2779 2463 2942 2552 jam
2983 2464 3216 2536 dictus

666 2550 1007 2620 Tertullus
1068 2552 1419 2640 patricius,
1457 2551 1731 2621 hortatu
1789 2553 2206 2622 sanctissimi
2269 2552 2523 2621 Placidi
2638 2551 2711 2620 lii
2768 2553 2912 2632 sui,
2966 2555 3218 2624 obtulit

660 2639 1059 2709 beatissimo
1092 2663 1170 2709 ac
1206 2640 1571 2711 venerabili
1630 2642 1802 2730 patri
1841 2641 2201 2711 Benedicto
2233 2641 2467 2710 decem
2505 2653 2569 2709 et
2602 2651 2751 2709 octo
2800 2643 3214 2730 patrimonii

662 2729 772 2797 sui
820 2742 1040 2798 cortes
1085 2750 1259 2817 quas
1300 2729 1367 2797 in
1407 2729 1636 2798 Sicilia
1673 2730 1988 2810 habebat,
2031 2743 2095 2799 et
2136 2730 2201 2798 in
2235 2730 2527 2800 diversis
2567 2728 2733 2798 locis
2766 2731 2875 2798 vir
2919 2753 3212 2822 praepo-

661 2829 810 2886 tens
846 2817 1258 2906 possidebat,
1304 2818 1521 2887 bonas
1570 2818 1765 2888 valde
1811 2831 1875 2888 et
1927 2841 2234 2909 magnas,
2273 2839 2431 2887 cum
2479 2818 2815 2906 portubus
2865 2821 3063 2900 suis,
3104 2822 3209 2891 sil·

660 2906 785 2989 viS,
838 2907 1060 2994 aquis,
1110 2907 1447 2997 piscariis,
1495 2907 1933 2988 molendiniS,
1979 2929 2456 2994 aquarumque
2486 2906 2906 2978 decursibus
2944 2910 3044 2978 ad
3079 2933 3215 2982 eas-

661 2994 814 3064 dem
864 3009 1082 3065 cortes
1132 2996 1670 3085 pertinentibuS‚
1735 3017 1893 3066 cum
1947 2997 2160 3066 servis
2208 3018 2279 3066 se
2335 3009 2464 3065 tem
2522 2995 2857 3078 millibus,
2899 3001 3211 3088 exceptis

659 3085 991 3154 uxoribus
1023 3107 1257 3154 eorum
1300 3098 1364 3155 et
1412 3084 1598 3164 filiis,
1637 3106 1796 3154 cum
1854 3085 2275 3174 procuratori
2327 3107 2413 3155 us
2460 3084 2862 3154 earumdem
2907 3089 3213 3159 certium

660 3187 861 3259 atque
912 3194 947 3240 a
987 3174 1263 3264 proprio
1305 3174 1464 3262 jure
1514 3172 1787 3243 easdem
1837 3187 2056 3243 cortes
2106 3173 2545 3253 abscindenS,
2599 3172 2818 3244 eidem
2864 3178 3061 3265 patri
3103 3199 3215 3267 per

660 3273 1099 3350 praeceptum
1159 3261 1439 3331 tradidit
1486 3262 1552 3331 in
1610 3275 2011 3351 perpetuum
2083 3261 2555 3353 possidendaS,
2613 3264 2830 3350 poena
2892 3267 3213 3356 apposita

659 3349 1178 3434 quatuordecim
1220 3350 1513 3419 millium
1549 3350 1958 3420 talentorum
1994 3353 2148 3421 auri
2187 3352 2305 3439 qui
2345 3351 2411 3419 id
2454 3371 2802 3420 removere
2845 3363 3202 3424 tentasset.

660 3439 783 3507 His
822 3458 1094 3524 quoque
1141 3438 1388 3508 diebus
1436 3439 1823 3509 Gordianus
1856 3439 2138 3527 quidam
2194 3441 2468 3510 natione
2517 3445 2899 3521 Romanu5‚
2969 3443 3211 3513 litteris

659 3526 933 3597 Graecis
965 3528 1279 3615 apprime
1304 3527 1641 3608 erudituS‚
1678 3528 1762 3597 ad
1798 3528 2252 3599 venerabilem
2285 3543 2543 3618 patrem
2573 3528 3034 3600 Benedicturn
3070 3554 3212 3621 per·

658 3616 865 3696 venit,
906 3637 1113 3702 seque
1142 3616 1291 3703 ejus
1325 3617 1715 3706 magisterio
1743 3617 2075 3687 subdidit.
2106 3617 2424 3687 Placidus
2454 3630 2681 3686 autem
2719 3617 3206 3697 beatissimus,

657 3703 825 3772 dum
878 3705 1088 3774 robur
1127 3704 1342 3773 virilis
1381 3705 1744 3775 invasisset
1791 3729 1870 3775 ae
1901 3706 2053 3786 atiS,
2100 3728 2169 3775 se
2221 3706 2287 3775 in
2330 3706 2657 3775 omnibus
2707 3708 3058 3798 magistro
3090 3732 3211 3780 suo

658 3793 1021 3863 Benedicto
1055 3793 1349 3864 subdere
1389 3794 1676 3876 studuit,
1712 3808 1777 3863 et
1803 3719 1934 3865 sul>
1967 3796 2117 3886 ejus
2152 3795 2538 3885 praesentia
2576 3795 2968 3896 angelicam
3009 3799 3211 3868 vitam

659 3882 727 3949 in
782 3882 978 3951 terris
1024 3882 1277 3953 ducere
1322 3884 1566 3972 coepit,
1620 3906 1825 3971 quem
1866 3898 2055 3973 pater
2083 3883 2493 3953 Benedictus
2525 3904 2604 3952 ac
2636 3898 2815 3954 sicut
2845 3888 3211 3977 proprium

655 3969 875 4039 filium
930 3972 1210 4040 unicum
1265 3972 1382 4041 dili
1439 3995 1581 4054 ens,
1637 3995 1800 4042 cum
1854 3995 2133 4043 summa
2180 3972 2526 4042 industria
2573 3972 2659 4042 de
2705 3973 2814 4043 his
2863 3996 3054 4062 quae
3103 3977 3212 4045 Dei

658 4073 841 4139 sunt,
881 4059 1170 4129 sollicite
1219 4083 1297 4131 ac
1339 4061 1406 4130 di
1443 4063 1705 4153 igenter
1745 4062 2089 4132 instruxit.
2468 4111 2472 4117 -
2515 4128 2518 4129 γ

743 4149 780 4235 ξ
827 4151 901 4218 2.
957 4154 1080 4218 Per
1135 4148 1314 4220 idem
1382 4164 1651 4240 tempus
1703 4163 2181 4237 procuratores
2227 4150 2561 4231 curtium,
2614 4172 2788 4237 quas
2849 4150 2921 4219 in
2979 4153 3214 4223 Sicilia

655 4236 998 4307 Tertullus
1047 4240 1377 4338 patricius
1427 4240 1602 4329 patri
1651 4239 2014 4309 Benedicto
2047 4253 2500 4318 concesserat,
2545 4238 2806 4329 legatos
2840 4242 3209 4312 Cassinum

656 4323 739 4392 ad
795 4327 1264 4396 beatissimum
1323 4341 1579 4417 patrem
1630 4328 2072 4398 Benedictum
2124 4328 2561 4407 direxerunt,
2617 4328 2935 4414 eo.quod
2992 4345 3212 4399 cortes

656 4414 846 4502 ipsae
894 4437 933 4483 a
981 4415 1375 4501 quibusque
1422 4416 1965 4498 devastarentur,
2005 4417 2173 4486 adeo
2209 4428 2352 4487 uta
2398 4418 2967 4506 procuratoribus
3024 4418 3212 4489 nullo
