<?xml version="1.0" encoding="UTF-8"?>
<!DOCTYPE html PUBLIC "-//W3C//DTD XHTML 1.0 Transitional//EN"
    "http://www.w3.org/TR/xhtml1/DTD/xhtml1-transitional.dtd">
<html xmlns="http://www.w3.org/1999/xhtml" xml:lang="en" lang="en">
 <head>
  <title>
</title>
<meta http-equiv="Content-Type" content="text/html;charset=utf-8" />
  <meta name='ocr-system' content='tesseract 3.04.00' />
  <meta name='ocr-capabilities' content='ocr_page ocr_carea ocr_par ocr_line ocrx_word'/>
</head>
<body>
  <div class='ocr_page' id='page_1' title='image "./historiaeseuvit03lippgoog_0549.png"; bbox 0 0 3347 4999; ppageno 0'>
   <div class='ocr_carea' id='block_1_1' title="bbox 221 314 2678 383">
    <p class='ocr_par' dir='ltr' id='par_1_1' title="bbox 221 314 2678 383">
     <span class='ocr_line' id='line_1_1' title="bbox 221 314 2678 383; baseline 0.001 -3"><span class='ocrx_word' id='word_1_1' title='bbox 221 314 394 381; x_wconf 86' lang='lat' dir='ltr'>OCT.</span> <span class='ocrx_word' id='word_1_2' title='bbox 451 316 535 380; x_wconf 66' lang='grc'>’16</span> <span class='ocrx_word' id='word_1_3' title='bbox 1008 333 1085 380; x_wconf 74' lang='lat' dir='ltr'>DE</span> <span class='ocrx_word' id='word_1_4' title='bbox 1134 334 1190 380; x_wconf 86' lang='lat' dir='ltr'>S.</span> <span class='ocrx_word' id='word_1_5' title='bbox 1244 331 1439 380; x_wconf 73' lang='lat' dir='ltr'><strong>GALLO</strong></span> <span class='ocrx_word' id='word_1_6' title='bbox 1488 329 1627 379; x_wconf 69' lang='lat' dir='ltr'>aaa.</span> <span class='ocrx_word' id='word_1_7' title='bbox 1680 333 1755 379; x_wconf 76' lang='lat' dir='ltr'>m</span> <span class='ocrx_word' id='word_1_8' title='bbox 1802 332 1985 381; x_wconf 65' lang='lat' dir='ltr'>conr.</span> <span class='ocrx_word' id='word_1_9' title='bbox 2549 319 2678 383; x_wconf 71' lang='lat'>459</span> 
     </span>
    </p>
   </div>
   <div class='ocr_carea' id='block_1_2' title="bbox 197 417 2769 4497">
    <p class='ocr_par' dir='ltr' id='par_1_2' title="bbox 213 417 2769 1376">
     <span class='ocr_line' id='line_1_2' title="bbox 220 417 2769 518; baseline 0.001 -32"><span class='ocrx_word' id='word_1_10' title='bbox 220 417 288 486; x_wconf 92' lang='lat' dir='ltr'>in</span> <span class='ocrx_word' id='word_1_11' title='bbox 341 417 685 508; x_wconf 80' lang='lat' dir='ltr'>gurgitem</span> <span class='ocrx_word' id='word_1_12' title='bbox 740 428 898 499; x_wconf 90' lang='lat' dir='ltr'>rete,</span> <span class='ocrx_word' id='word_1_13' title='bbox 937 430 1265 518; x_wconf 90' lang='lat' dir='ltr'>ceperunt</span> <span class='ocrx_word' id='word_1_14' title='bbox 1314 417 1538 507; x_wconf 81' lang='lat' dir='ltr'><strong>pisces</strong></span> <span class='ocrx_word' id='word_1_15' title='bbox 1585 429 1878 504; x_wconf 88' lang='lat' dir='ltr'>quantos</span> <span class='ocrx_word' id='word_1_16' title='bbox 1941 417 2287 499; x_wconf 86' lang='lat' dir='ltr'>volebant;</span> <span class='ocrx_word' id='word_1_17' title='bbox 2331 430 2396 488; x_wconf 90' lang='lat' dir='ltr'>et</span> <span class='ocrx_word' id='word_1_18' title='bbox 2443 418 2610 489; x_wconf 89' lang='lat' dir='ltr'>dum</span> <span class='ocrx_word' id='word_1_19' title='bbox 2667 420 2769 511; x_wconf 91' lang='lat' dir='ltr'>pi-</span> 
     </span>
     <span class='ocr_line' id='line_1_3' title="bbox 220 505 2767 588; baseline 0.001 -12"><span class='ocrx_word' id='word_1_20' title='bbox 220 528 369 576; x_wconf 84' lang='lat' dir='ltr'>sces</span> <span class='ocrx_word' id='word_1_21' title='bbox 432 506 516 575; x_wconf 91' lang='lat' dir='ltr'>de</span> <span class='ocrx_word' id='word_1_22' title='bbox 568 505 860 575; x_wconf 88' lang='lat' dir='ltr'>maculis</span> <span class='ocrx_word' id='word_1_23' title='bbox 909 505 1033 574; x_wconf 78' lang='lat' dir='ltr'>lim</span> <span class='ocrx_word' id='word_1_24' title='bbox 1095 505 1481 587; x_wconf 87' lang='lat' dir='ltr'>absolvunt,</span> <span class='ocrx_word' id='word_1_25' title='bbox 1529 505 1865 586; x_wconf 90' lang='lat' dir='ltr'>audiunt,</span> <span class='ocrx_word' id='word_1_26' title='bbox 1933 505 2001 575; x_wconf 90' lang='lat' dir='ltr'>in</span> <span class='ocrx_word' id='word_1_27' title='bbox 2055 507 2450 577; x_wconf 78' lang='lat' dir='ltr'><strong>summitate</strong></span> <span class='ocrx_word' id='word_1_28' title='bbox 2511 510 2767 588; x_wconf 90' lang='lat' dir='ltr'>montis</span> 
     </span>
     <span class='ocr_line' id='line_1_4' title="bbox 215 592 2757 685; baseline 0.002 -25"><span class='ocrx_word' id='word_1_29' title='bbox 215 617 416 665; x_wconf 88' lang='lat' dir='ltr'>voces</span> <span class='ocrx_word' id='word_1_30' title='bbox 448 595 650 682; x_wconf 80' lang='lat' dir='ltr'>quasi</span> <span class='ocrx_word' id='word_1_31' title='bbox 701 594 995 664; x_wconf 90' lang='lat' dir='ltr'>duarum</span> <span class='ocrx_word' id='word_1_32' title='bbox 1043 594 1408 675; x_wconf 77' lang='lat' dir='ltr'>mulierum</span> <span class='ocrx_word' id='word_1_33' title='bbox 1462 592 1822 663; x_wconf 80' lang='lat' dir='ltr'>defunctos</span> <span class='ocrx_word' id='word_1_34' title='bbox 1871 594 2345 685; x_wconf 78' lang='lat' dir='ltr'>plangentium</span> <span class='ocrx_word' id='word_1_35' title='bbox 2375 649 2389 673; x_wconf 92' lang='lat'>,</span> <span class='ocrx_word' id='word_1_36' title='bbox 2443 609 2507 665; x_wconf 91' lang='lat' dir='ltr'>et</span> <span class='ocrx_word' id='word_1_37' title='bbox 2570 597 2757 666; x_wconf 88' lang='lat' dir='ltr'>dice-</span> 
     </span>
     <span class='ocr_line' id='line_1_5' title="bbox 216 681 2763 773; baseline 0.001 -20"><span class='ocrx_word' id='word_1_38' title='bbox 216 683 385 753; x_wconf 90' lang='lat' dir='ltr'>bant</span> <span class='ocrx_word' id='word_1_39' title='bbox 436 685 519 753; x_wconf 92' lang='lat' dir='ltr'>ad</span> <span class='ocrx_word' id='word_1_40' title='bbox 560 684 889 752; x_wconf 87' lang='lat' dir='ltr'>invicem:</span> <span class='ocrx_word' id='word_1_41' title='bbox 945 706 980 749; x_wconf 84' lang='lat'>«</span> <span class='ocrx_word' id='word_1_42' title='bbox 1015 688 1159 752; x_wconf 90' lang='lat' dir='ltr'>Heu</span> <span class='ocrx_word' id='word_1_43' title='bbox 1194 681 1361 770; x_wconf 91' lang='lat' dir='ltr'>quid</span> <span class='ocrx_word' id='word_1_44' title='bbox 1397 681 1756 764; x_wconf 67' lang='lat' dir='ltr'>faciemus,</span> <span class='ocrx_word' id='word_1_45' title='bbox 1801 696 1919 752; x_wconf 91' lang='lat' dir='ltr'>aut</span> <span class='ocrx_word' id='word_1_46' title='bbox 1952 705 2089 769; x_wconf 91' lang='lat' dir='ltr'>quo</span> <span class='ocrx_word' id='word_1_47' title='bbox 2124 685 2537 773; x_wconf 74' lang='lat' dir='ltr'>pergemus?</span> <span class='ocrx_word' id='word_1_48' title='bbox 2568 690 2763 756; x_wconf 88' lang='lat' dir='ltr'>Pere-</span> 
     </span>
     <span class='ocr_line' id='line_1_6' title="bbox 214 771 2768 863; baseline 0.002 -23"><span class='ocrx_word' id='word_1_49' title='bbox 214 773 461 863; x_wconf 89' lang='lat' dir='ltr'>grinus</span> <span class='ocrx_word' id='word_1_50' title='bbox 511 773 624 842; x_wconf 86' lang='lat' dir='ltr'>hic</span> <span class='ocrx_word' id='word_1_51' title='bbox 673 773 851 842; x_wconf 88' lang='lat' dir='ltr'>inter</span> <span class='ocrx_word' id='word_1_52' title='bbox 896 771 1211 841; x_wconf 91' lang='lat' dir='ltr'>homines</span> <span class='ocrx_word' id='word_1_53' title='bbox 1260 793 1386 840; x_wconf 89' lang='lat' dir='ltr'>nos</span> <span class='ocrx_word' id='word_1_54' title='bbox 1438 771 1743 840; x_wconf 88' lang='lat' dir='ltr'>habitare</span> <span class='ocrx_word' id='word_1_55' title='bbox 1777 793 1908 841; x_wconf 92' lang='lat' dir='ltr'>non</span> <span class='ocrx_word' id='word_1_56' title='bbox 1962 772 2147 853; x_wconf 90' lang='lat' dir='ltr'>sinit,</span> <span class='ocrx_word' id='word_1_57' title='bbox 2203 773 2272 841; x_wconf 92' lang='lat' dir='ltr'>in</span> <span class='ocrx_word' id='word_1_58' title='bbox 2321 774 2549 842; x_wconf 79' lang='lat' dir='ltr'>eremo</span> <span class='ocrx_word' id='word_1_59' title='bbox 2598 796 2768 861; x_wconf 92' lang='lat' dir='ltr'>quo-</span> 
     </span>
     <span class='ocr_line' id='line_1_7' title="bbox 262 860 2764 950; baseline 0.001 -20"><span class='ocrx_word' id='word_1_60' title='bbox 262 884 348 930; x_wconf 90' lang='lat' dir='ltr'>ue</span> <span class='ocrx_word' id='word_1_61' title='bbox 401 883 678 931; x_wconf 88' lang='lat' dir='ltr'>manere</span> <span class='ocrx_word' id='word_1_62' title='bbox 720 883 853 929; x_wconf 94' lang='lat' dir='ltr'>non</span> <span class='ocrx_word' id='word_1_63' title='bbox 898 860 1176 950; x_wconf 91' lang='lat' dir='ltr'>patitur.</span> <span class='ocrx_word' id='word_1_64' title='bbox 1211 884 1246 926; x_wconf 86' lang='lat'>»</span> <span class='ocrx_word' id='word_1_65' title='bbox 1288 865 1428 929; x_wconf 90' lang='lat' dir='ltr'>Non</span> <span class='ocrx_word' id='word_1_66' title='bbox 1465 860 1689 929; x_wconf 89' lang='lat' dir='ltr'>solum</span> <span class='ocrx_word' id='word_1_67' title='bbox 1743 872 1967 930; x_wconf 91' lang='lat' dir='ltr'>autem</span> <span class='ocrx_word' id='word_1_68' title='bbox 2010 873 2175 929; x_wconf 88' lang='lat' dir='ltr'>tunc</span> <span class='ocrx_word' id='word_1_69' title='bbox 2226 861 2353 930; x_wconf 82' lang='lat' dir='ltr'>hae</span> <span class='ocrx_word' id='word_1_70' title='bbox 2393 883 2590 931; x_wconf 91' lang='lat' dir='ltr'>voces</span> <span class='ocrx_word' id='word_1_71' title='bbox 2636 885 2764 932; x_wconf 88' lang='lat' dir='ltr'>au-</span> 
     </span>
     <span class='ocr_line' id='line_1_8' title="bbox 213 883 2759 1039; baseline 0.001 -21"><span class='ocrx_word' id='word_1_72' title='bbox 213 883 398 1019; x_wconf 57' lang='lat' dir='ltr'>ditae</span> <span class='ocrx_word' id='word_1_73' title='bbox 434 963 620 1029; x_wconf 90' lang='lat' dir='ltr'>sunt,</span> <span class='ocrx_word' id='word_1_74' title='bbox 688 971 922 1019; x_wconf 89' lang='lat' dir='ltr'>verum</span> <span class='ocrx_word' id='word_1_75' title='bbox 973 950 1174 1018; x_wconf 86' lang='lat' dir='ltr'>etiarn</span> <span class='ocrx_word' id='word_1_76' title='bbox 1244 948 1681 1038; x_wconf 90' lang='lat' dir='ltr'>postmodum</span> <span class='ocrx_word' id='word_1_77' title='bbox 1747 950 1967 1018; x_wconf 88' lang='lat' dir='ltr'>tribus</span> <span class='ocrx_word' id='word_1_78' title='bbox 2016 949 2283 1018; x_wconf 87' lang='lat' dir='ltr'>vicibus</span> <span class='ocrx_word' id='word_1_79' title='bbox 2319 1004 2334 1031; x_wconf 94' lang='lat'>,</span> <span class='ocrx_word' id='word_1_80' title='bbox 2388 949 2554 1019; x_wconf 91' lang='lat' dir='ltr'>dum</span> <span class='ocrx_word' id='word_1_81' title='bbox 2610 951 2759 1039; x_wconf 89' lang='lat' dir='ltr'>ipse</span> 
     </span>
     <span class='ocr_line' id='line_1_9' title="bbox 213 1037 2763 1127; baseline 0 -19"><span class='ocrx_word' id='word_1_82' title='bbox 213 1039 558 1108; x_wconf 88' lang='lat' dir='ltr'>diaconus</span> <span class='ocrx_word' id='word_1_83' title='bbox 605 1038 856 1108; x_wconf 89' lang='lat' dir='ltr'>saltum</span> <span class='ocrx_word' id='word_1_84' title='bbox 909 1038 1269 1127; x_wconf 78' lang='lat' dir='ltr'>accipitres</span> <span class='ocrx_word' id='word_1_85' title='bbox 1303 1037 1384 1106; x_wconf 90' lang='lat' dir='ltr'>ad</span> <span class='ocrx_word' id='word_1_86' title='bbox 1437 1038 1810 1126; x_wconf 85' lang='lat' dir='ltr'>capiendos</span> <span class='ocrx_word' id='word_1_87' title='bbox 1852 1039 2262 1119; x_wconf 78' lang='lat' dir='ltr'>intravisset,</span> <span class='ocrx_word' id='word_1_88' title='bbox 2298 1038 2562 1107; x_wconf 92' lang='lat' dir='ltr'>audivit</span> <span class='ocrx_word' id='word_1_89' title='bbox 2599 1039 2763 1109; x_wconf 89' lang='lat' dir='ltr'>dae-</span> 
     </span>
     <span class='ocr_line' id='line_1_10' title="bbox 217 1125 2754 1217; baseline 0.001 -23"><span class='ocrx_word' id='word_1_90' title='bbox 217 1129 453 1197; x_wconf 90' lang='lat' dir='ltr'>monia</span> <span class='ocrx_word' id='word_1_91' title='bbox 505 1128 589 1197; x_wconf 93' lang='lat' dir='ltr'>de</span> <span class='ocrx_word' id='word_1_92' title='bbox 636 1127 935 1214; x_wconf 91' lang='lat' dir='ltr'>quodam</span> <span class='ocrx_word' id='word_1_93' title='bbox 989 1139 1249 1208; x_wconf 91' lang='lat' dir='ltr'>monte,</span> <span class='ocrx_word' id='word_1_94' title='bbox 1302 1126 1419 1213; x_wconf 90' lang='lat' dir='ltr'>qui</span> <span class='ocrx_word' id='word_1_95' title='bbox 1471 1125 1932 1217; x_wconf 89' lang='lat' dir='ltr'>Himilinberg</span> <span class='ocrx_word' id='word_1_96' title='bbox 1978 1128 2270 1207; x_wconf 87' lang='lat' dir='ltr'>dicitur,</span> <span class='ocrx_word' id='word_1_97' title='bbox 2338 1126 2754 1208; x_wconf 89' lang='lat' dir='ltr'>clamantia,</span> 
     </span>
     <span class='ocr_line' id='line_1_11' title="bbox 213 1215 2761 1306; baseline 0.001 -21"><span class='ocrx_word' id='word_1_98' title='bbox 213 1228 281 1285; x_wconf 92' lang='lat' dir='ltr'>et</span> <span class='ocrx_word' id='word_1_99' title='bbox 342 1229 580 1286; x_wconf 89' lang='lat' dir='ltr'>utrum</span> <span class='ocrx_word' id='word_1_100' title='bbox 634 1216 862 1285; x_wconf 87' lang='lat' dir='ltr'>adhuc</span> <span class='ocrx_word' id='word_1_101' title='bbox 912 1215 1148 1285; x_wconf 78' lang='lat' dir='ltr'>Gallus</span> <span class='ocrx_word' id='word_1_102' title='bbox 1195 1228 1371 1286; x_wconf 90' lang='lat' dir='ltr'>esset</span> <span class='ocrx_word' id='word_1_103' title='bbox 1424 1215 1493 1284; x_wconf 92' lang='lat' dir='ltr'>in</span> <span class='ocrx_word' id='word_1_104' title='bbox 1544 1237 1797 1297; x_wconf 89' lang='lat' dir='ltr'>erem0‚</span> <span class='ocrx_word' id='word_1_105' title='bbox 1852 1216 2307 1295; x_wconf 85' lang='lat' dir='ltr'>sciscitantia,</span> <span class='ocrx_word' id='word_1_106' title='bbox 2364 1215 2462 1285; x_wconf 92' lang='lat' dir='ltr'>vel</span> <span class='ocrx_word' id='word_1_107' title='bbox 2518 1217 2572 1287; x_wconf 92' lang='lat' dir='ltr'>si</span> <span class='ocrx_word' id='word_1_108' title='bbox 2624 1218 2761 1306; x_wconf 91' lang='lat' dir='ltr'>jam</span> 
     </span>
     <span class='ocr_line' id='line_1_12' title="bbox 214 1304 669 1376; baseline -0.007 -2"><span class='ocrx_word' id='word_1_109' title='bbox 214 1304 669 1376; x_wconf 86' lang='lat' dir='ltr'>discessisset.</span> 
     </span>
    </p>

    <p class='ocr_par' dir='ltr' id='par_1_3' title="bbox 210 1391 2767 2468">
     <span class='ocr_line' id='line_1_13' title="bbox 303 1391 2763 1484; baseline -0.002 -18"><span class='ocrx_word' id='word_1_110' title='bbox 303 1396 340 1480; x_wconf 69' lang='grc' dir='ltr'>ξ</span> <span class='ocrx_word' id='word_1_111' title='bbox 391 1400 541 1466; x_wconf 63' lang='lat'>1².</span> <span class='ocrx_word' id='word_1_112' title='bbox 591 1394 809 1484; x_wconf 82' lang='lat' dir='ltr'>Igitur</span> <span class='ocrx_word' id='word_1_113' title='bbox 840 1391 1398 1481; x_wconf 90' lang='lat' dir='ltr'>postdiscessum</span> <span class='ocrx_word' id='word_1_114' title='bbox 1451 1392 1896 1473; x_wconf 91' lang='lat' dir='ltr'>daemonum,</span> <span class='ocrx_word' id='word_1_115' title='bbox 1927 1392 2093 1463; x_wconf 91' lang='lat' dir='ltr'>dum</span> <span class='ocrx_word' id='word_1_116' title='bbox 2147 1392 2384 1463; x_wconf 86' lang='lat' dir='ltr'>fideles</span> <span class='ocrx_word' id='word_1_117' title='bbox 2415 1392 2515 1461; x_wconf 94' lang='lat' dir='ltr'>illi</span> <span class='ocrx_word' id='word_1_118' title='bbox 2547 1394 2763 1464; x_wconf 78' lang='lat' dir='ltr'>eremi</span> 
     </span>
     <span class='ocr_line' id='line_1_14' title="bbox 218 1480 2767 1560; baseline 0 -9"><span class='ocrx_word' id='word_1_119' title='bbox 218 1482 588 1553; x_wconf 87' lang='lat' dir='ltr'>dilectores</span> <span class='ocrx_word' id='word_1_120' title='bbox 640 1480 882 1550; x_wconf 89' lang='lat' dir='ltr'>vallem</span> <span class='ocrx_word' id='word_1_121' title='bbox 926 1481 1320 1560; x_wconf 86' lang='lat' dir='ltr'>lustrarent,</span> <span class='ocrx_word' id='word_1_122' title='bbox 1368 1481 1670 1550; x_wconf 89' lang='lat' dir='ltr'>videntes</span> <span class='ocrx_word' id='word_1_123' title='bbox 1720 1481 1896 1551; x_wconf 89' lang='lat' dir='ltr'>inter</span> <span class='ocrx_word' id='word_1_124' title='bbox 1948 1481 2122 1551; x_wconf 92' lang='lat' dir='ltr'>duos</span> <span class='ocrx_word' id='word_1_125' title='bbox 2172 1480 2489 1552; x_wconf 88' lang='lat' dir='ltr'>fluviolos</span> <span class='ocrx_word' id='word_1_126' title='bbox 2544 1482 2767 1552; x_wconf 89' lang='lat' dir='ltr'>multa</span> 
     </span>
     <span class='ocr_line' id='line_1_15' title="bbox 214 1569 2760 1661; baseline 0 -21"><span class='ocrx_word' id='word_1_127' title='bbox 214 1569 732 1650; x_wconf 86' lang='lat' dir='ltr'>desiderabilia,</span> <span class='ocrx_word' id='word_1_128' title='bbox 788 1569 1027 1639; x_wconf 90' lang='lat' dir='ltr'>silvam</span> <span class='ocrx_word' id='word_1_129' title='bbox 1073 1569 1479 1659; x_wconf 87' lang='lat' dir='ltr'>speciosam,</span> <span class='ocrx_word' id='word_1_130' title='bbox 1552 1582 1818 1639; x_wconf 92' lang='lat' dir='ltr'>montes</span> <span class='ocrx_word' id='word_1_131' title='bbox 1880 1592 2001 1659; x_wconf 91' lang='lat' dir='ltr'>per</span> <span class='ocrx_word' id='word_1_132' title='bbox 2046 1592 2343 1661; x_wconf 81' lang='lat' dir='ltr'>gyrum,</span> <span class='ocrx_word' id='word_1_133' title='bbox 2402 1569 2760 1661; x_wconf 88' lang='lat' dir='ltr'>planitiem</span> 
     </span>
     <span class='ocr_line' id='line_1_16' title="bbox 211 1657 2761 1749; baseline 0 -21"><span class='ocrx_word' id='word_1_134' title='bbox 211 1660 285 1728; x_wconf 92' lang='lat' dir='ltr'>in</span> <span class='ocrx_word' id='word_1_135' title='bbox 341 1659 597 1741; x_wconf 88' lang='lat' dir='ltr'>medio,</span> <span class='ocrx_word' id='word_1_136' title='bbox 639 1658 1098 1749; x_wconf 87' lang='lat' dir='ltr'>probaverunt</span> <span class='ocrx_word' id='word_1_137' title='bbox 1148 1659 1370 1727; x_wconf 90' lang='lat' dir='ltr'>locum</span> <span class='ocrx_word' id='word_1_138' title='bbox 1422 1658 1504 1726; x_wconf 92' lang='lat' dir='ltr'>ad</span> <span class='ocrx_word' id='word_1_139' title='bbox 1549 1658 2055 1729; x_wconf 81' lang='lat' dir='ltr'>aedificandum</span> <span class='ocrx_word' id='word_1_140' title='bbox 2110 1657 2357 1728; x_wconf 85' lang='lat' dir='ltr'>Cellam</span> <span class='ocrx_word' id='word_1_141' title='bbox 2422 1660 2761 1748; x_wconf 85' lang='lat' dir='ltr'>optimum</span> 
     </span>
     <span class='ocr_line' id='line_1_17' title="bbox 210 1747 2765 1835; baseline -0.001 -17"><span class='ocrx_word' id='word_1_142' title='bbox 210 1770 392 1818; x_wconf 81' lang='lat' dir='ltr'>esse.</span> <span class='ocrx_word' id='word_1_143' title='bbox 435 1754 511 1817; x_wconf 86' lang='lat' dir='ltr'>Et</span> <span class='ocrx_word' id='word_1_144' title='bbox 559 1747 956 1817; x_wconf 88' lang='lat' dir='ltr'>recordatus</span> <span class='ocrx_word' id='word_1_145' title='bbox 1004 1748 1118 1815; x_wconf 85' lang='lat' dir='ltr'>Vir</span> <span class='ocrx_word' id='word_1_146' title='bbox 1164 1759 1443 1815; x_wconf 85' lang='lat' dir='ltr'>sanctus</span> <span class='ocrx_word' id='word_1_147' title='bbox 1492 1748 1898 1827; x_wconf 92' lang='lat' dir='ltr'>sententiae,</span> <span class='ocrx_word' id='word_1_148' title='bbox 1953 1770 2158 1834; x_wconf 91' lang='lat' dir='ltr'>quam</span> <span class='ocrx_word' id='word_1_149' title='bbox 2210 1748 2417 1818; x_wconf 80' lang='lat' dir='ltr'>Jacob</span> <span class='ocrx_word' id='word_1_150' title='bbox 2470 1761 2618 1835; x_wconf 90' lang='lat' dir='ltr'>post</span> <span class='ocrx_word' id='word_1_151' title='bbox 2667 1749 2765 1815; x_wconf 89' lang='lat' dir='ltr'>vi-</span> 
     </span>
     <span class='ocr_line' id='line_1_18' title="bbox 211 1835 2764 1926; baseline -0.001 -20"><span class='ocrx_word' id='word_1_152' title='bbox 211 1837 483 1907; x_wconf 92' lang='lat' dir='ltr'>sionem</span> <span class='ocrx_word' id='word_1_153' title='bbox 523 1835 747 1906; x_wconf 85' lang='lat' dir='ltr'>scalae</span> <span class='ocrx_word' id='word_1_154' title='bbox 795 1846 860 1904; x_wconf 91' lang='lat' dir='ltr'>et</span> <span class='ocrx_word' id='word_1_155' title='bbox 895 1835 1306 1924; x_wconf 83' lang='lat' dir='ltr'>Angelorum</span> <span class='ocrx_word' id='word_1_156' title='bbox 1344 1835 1861 1904; x_wconf 86' lang='lat' dir='ltr'>ascendentium</span> <span class='ocrx_word' id='word_1_157' title='bbox 1915 1851 1980 1906; x_wconf 89' lang='lat' dir='ltr'>et</span> <span class='ocrx_word' id='word_1_158' title='bbox 2026 1835 2587 1906; x_wconf 89' lang='lat' dir='ltr'>descendentium</span> <span class='ocrx_word' id='word_1_159' title='bbox 2642 1858 2764 1926; x_wconf 90' lang='lat' dir='ltr'>per</span> 
     </span>
     <span class='ocr_line' id='line_1_19' title="bbox 214 1923 2759 2014; baseline -0.002 -20"><span class='ocrx_word' id='word_1_160' title='bbox 214 1948 367 1994; x_wconf 84' lang='lat' dir='ltr'>eam</span> <span class='ocrx_word' id='word_1_161' title='bbox 413 1924 719 2014; x_wconf 89' lang='lat' dir='ltr'>protulit,</span> <span class='ocrx_word' id='word_1_162' title='bbox 773 1923 980 1993; x_wconf 87' lang='lat' dir='ltr'>dixit:</span> <span class='ocrx_word' id='word_1_163' title='bbox 1046 1930 1202 1994; x_wconf 81' lang='lat' dir='ltr'>Vere</span> <span class='ocrx_word' id='word_1_164' title='bbox 1252 1926 1569 1993; x_wconf 78' lang='lat' dir='ltr'>Dominus</span> <span class='ocrx_word' id='word_1_165' title='bbox 1616 1935 1711 1993; x_wconf 78' lang='lat' dir='ltr'>est</span> <span class='ocrx_word' id='word_1_166' title='bbox 1759 1927 1829 1993; x_wconf 80' lang='lat' dir='ltr'>in</span> <span class='ocrx_word' id='word_1_167' title='bbox 1880 1928 2017 1994; x_wconf 84' lang='lat' dir='ltr'>loco</span> <span class='ocrx_word' id='word_1_168' title='bbox 2066 1924 2433 2014; x_wconf 78' lang='lat' dir='ltr'>isco(Gen.</span> <span class='ocrx_word' id='word_1_169' title='bbox 2489 1925 2759 2013; x_wconf 84' lang='lat' dir='ltr'>xxvm).</span> 
     </span>
     <span class='ocr_line' id='line_1_20' title="bbox 217 2011 2765 2103; baseline -0 -20"><span class='ocrx_word' id='word_1_170' title='bbox 217 2019 379 2083; x_wconf 87' lang='lat' dir='ltr'>Erat</span> <span class='ocrx_word' id='word_1_171' title='bbox 430 2026 658 2083; x_wconf 89' lang='lat' dir='ltr'>autem</span> <span class='ocrx_word' id='word_1_172' title='bbox 701 2034 922 2099; x_wconf 90' lang='lat' dir='ltr'>usque</span> <span class='ocrx_word' id='word_1_173' title='bbox 971 2011 1054 2081; x_wconf 92' lang='lat' dir='ltr'>ad</span> <span class='ocrx_word' id='word_1_174' title='bbox 1106 2012 1276 2082; x_wconf 89' lang='lat' dir='ltr'>illud</span> <span class='ocrx_word' id='word_1_175' title='bbox 1314 2025 1444 2082; x_wconf 91' lang='lat' dir='ltr'>tem</span> <span class='ocrx_word' id='word_1_176' title='bbox 1504 2035 1586 2082; x_wconf 93' lang='lat' dir='ltr'>us</span> <span class='ocrx_word' id='word_1_177' title='bbox 1636 2014 1703 2080; x_wconf 91' lang='lat' dir='ltr'>in</span> <span class='ocrx_word' id='word_1_178' title='bbox 1748 2013 1983 2082; x_wconf 89' lang='lat' dir='ltr'>eadem</span> <span class='ocrx_word' id='word_1_179' title='bbox 2036 2013 2211 2083; x_wconf 90' lang='lat' dir='ltr'>valle</span> <span class='ocrx_word' id='word_1_180' title='bbox 2260 2013 2562 2103; x_wconf 90' lang='lat' dir='ltr'>plurima</span> <span class='ocrx_word' id='word_1_181' title='bbox 2625 2035 2765 2082; x_wconf 88' lang='lat' dir='ltr'>ser-</span> 
     </span>
     <span class='ocr_line' id='line_1_21' title="bbox 216 2100 2760 2192; baseline -0 -21"><span class='ocrx_word' id='word_1_182' title='bbox 216 2103 538 2192; x_wconf 90' lang='lat' dir='ltr'>pentium</span> <span class='ocrx_word' id='word_1_183' title='bbox 585 2101 976 2171; x_wconf 91' lang='lat' dir='ltr'>multitudo.</span> <span class='ocrx_word' id='word_1_184' title='bbox 1022 2106 1227 2170; x_wconf 91' lang='lat' dir='ltr'>Porro</span> <span class='ocrx_word' id='word_1_185' title='bbox 1274 2122 1354 2170; x_wconf 83' lang='lat' dir='ltr'>ex</span> <span class='ocrx_word' id='word_1_186' title='bbox 1403 2101 1447 2170; x_wconf 96' lang='lat' dir='ltr'>il</span> <span class='ocrx_word' id='word_1_187' title='bbox 1482 2124 1520 2170; x_wconf 92' lang='lat' dir='ltr'>a</span> <span class='ocrx_word' id='word_1_188' title='bbox 1568 2100 1679 2170; x_wconf 91' lang='lat' dir='ltr'>die</span> <span class='ocrx_word' id='word_1_189' title='bbox 1721 2113 1854 2171; x_wconf 92' lang='lat' dir='ltr'>tam</span> <span class='ocrx_word' id='word_1_190' title='bbox 1910 2101 2201 2191; x_wconf 78' lang='lat' dir='ltr'>pleniter</span> <span class='ocrx_word' id='word_1_191' title='bbox 2255 2102 2760 2182; x_wconf 87' lang='lat' dir='ltr'>abscesserunt,</span> 
     </span>
     <span class='ocr_line' id='line_1_22' title="bbox 211 2189 2762 2280; baseline 0.001 -21"><span class='ocrx_word' id='word_1_192' title='bbox 211 2204 287 2259; x_wconf 90' lang='lat' dir='ltr'>ut</span> <span class='ocrx_word' id='word_1_193' title='bbox 360 2204 591 2279; x_wconf 89' lang='lat' dir='ltr'>postea</span> <span class='ocrx_word' id='word_1_194' title='bbox 642 2189 735 2259; x_wconf 92' lang='lat' dir='ltr'>ibi</span> <span class='ocrx_word' id='word_1_195' title='bbox 788 2211 920 2258; x_wconf 93' lang='lat' dir='ltr'>non</span> <span class='ocrx_word' id='word_1_196' title='bbox 980 2200 1474 2279; x_wconf 87' lang='lat' dir='ltr'>comparerent.</span> <span class='ocrx_word' id='word_1_197' title='bbox 1545 2191 1873 2280; x_wconf 85' lang='lat' dir='ltr'>Congruit</span> <span class='ocrx_word' id='word_1_198' title='bbox 1923 2192 2048 2260; x_wconf 88' lang='lat' dir='ltr'>boc</span> <span class='ocrx_word' id='word_1_199' title='bbox 2113 2189 2525 2260; x_wconf 85' lang='lat' dir='ltr'>miraculum</span> <span class='ocrx_word' id='word_1_200' title='bbox 2602 2214 2762 2260; x_wconf 91' lang='lat' dir='ltr'>cum</span> 
     </span>
     <span class='ocr_line' id='line_1_23' title="bbox 214 2278 2758 2369; baseline 0.001 -24"><span class='ocrx_word' id='word_1_201' title='bbox 214 2278 601 2369; x_wconf 85' lang='lat' dir='ltr'>prioribus.</span> <span class='ocrx_word' id='word_1_202' title='bbox 656 2283 821 2348; x_wconf 91' lang='lat' dir='ltr'>Nam</span> <span class='ocrx_word' id='word_1_203' title='bbox 878 2278 1152 2347; x_wconf 93' lang='lat' dir='ltr'>diabolo</span> <span class='ocrx_word' id='word_1_204' title='bbox 1193 2279 1352 2347; x_wconf 89' lang='lat' dir='ltr'>inde</span> <span class='ocrx_word' id='word_1_205' title='bbox 1399 2278 1724 2368; x_wconf 85' lang='lat' dir='ltr'>expulso,</span> <span class='ocrx_word' id='word_1_206' title='bbox 1779 2278 2068 2369; x_wconf 92' lang='lat' dir='ltr'>dignum</span> <span class='ocrx_word' id='word_1_207' title='bbox 2129 2293 2294 2357; x_wconf 84' lang='lat' dir='ltr'>erat,</span> <span class='ocrx_word' id='word_1_208' title='bbox 2361 2292 2438 2348; x_wconf 89' lang='lat' dir='ltr'>ut</span> <span class='ocrx_word' id='word_1_209' title='bbox 2475 2279 2758 2364; x_wconf 90' lang='lat' dir='ltr'>animal,</span> 
     </span>
     <span class='ocr_line' id='line_1_24' title="bbox 213 2366 2603 2468; baseline -0.002 -31"><span class='ocrx_word' id='word_1_210' title='bbox 213 2389 342 2459; x_wconf 89' lang='lat' dir='ltr'>per</span> <span class='ocrx_word' id='word_1_211' title='bbox 376 2367 561 2452; x_wconf 90' lang='lat' dir='ltr'>quod</span> <span class='ocrx_word' id='word_1_212' title='bbox 602 2367 949 2436; x_wconf 88' lang='lat' dir='ltr'>hominem</span> <span class='ocrx_word' id='word_1_213' title='bbox 1001 2366 1380 2468; x_wconf 87' lang='lat' dir='ltr'>deceperat,</span> <span class='ocrx_word' id='word_1_214' title='bbox 1431 2367 1832 2436; x_wconf 88' lang='lat' dir='ltr'>habitationi</span> <span class='ocrx_word' id='word_1_215' title='bbox 1882 2368 2149 2437; x_wconf 89' lang='lat' dir='ltr'>cederet</span> <span class='ocrx_word' id='word_1_216' title='bbox 2197 2368 2603 2439; x_wconf 86' lang='lat' dir='ltr'>sanctitatis.</span> 
     </span>
    </p>

    <p class='ocr_par' dir='ltr' id='par_1_4' title="bbox 197 2455 2767 4497">
     <span class='ocr_line' id='line_1_25' title="bbox 304 2455 2762 2547; baseline 0 -21"><span class='ocrx_word' id='word_1_217' title='bbox 304 2458 342 2543; x_wconf 64' lang='grc' dir='ltr'>ξ</span> <span class='ocrx_word' id='word_1_218' title='bbox 400 2460 542 2527; x_wconf 77' lang='grc'>13.</span> <span class='ocrx_word' id='word_1_219' title='bbox 599 2460 904 2543; x_wconf 84' lang='lat' dir='ltr'>Cumque</span> <span class='ocrx_word' id='word_1_220' title='bbox 941 2478 1188 2526; x_wconf 83' lang='lat' dir='ltr'>reverst</span> <span class='ocrx_word' id='word_1_221' title='bbox 1238 2455 1528 2526; x_wconf 86' lang='lat' dir='ltr'>fuissent</span> <span class='ocrx_word' id='word_1_222' title='bbox 1561 2456 1645 2526; x_wconf 90' lang='lat' dir='ltr'>ad</span> <span class='ocrx_word' id='word_1_223' title='bbox 1682 2455 1906 2526; x_wconf 88' lang='lat' dir='ltr'>locum</span> <span class='ocrx_word' id='word_1_224' title='bbox 1953 2458 2214 2547; x_wconf 86' lang='lat' dir='ltr'>primae</span> <span class='ocrx_word' id='word_1_225' title='bbox 2263 2457 2601 2538; x_wconf 79' lang='lat' dir='ltr'>stationiS,</span> <span class='ocrx_word' id='word_1_226' title='bbox 2642 2457 2762 2528; x_wconf 90' lang='lat' dir='ltr'>ubi</span> 
     </span>
     <span class='ocr_line' id='line_1_26' title="bbox 214 2544 2758 2637; baseline -0 -23"><span class='ocrx_word' id='word_1_227' title='bbox 214 2544 493 2637; x_wconf 89' lang='lat' dir='ltr'>pridem</span> <span class='ocrx_word' id='word_1_228' title='bbox 548 2545 650 2613; x_wconf 90' lang='lat' dir='ltr'>vir</span> <span class='ocrx_word' id='word_1_229' title='bbox 705 2547 816 2615; x_wconf 92' lang='lat' dir='ltr'>Dei</span> <span class='ocrx_word' id='word_1_230' title='bbox 869 2544 1296 2615; x_wconf 87' lang='lat' dir='ltr'>Cruciculam</span> <span class='ocrx_word' id='word_1_231' title='bbox 1363 2545 1721 2626; x_wconf 82' lang='lat' dir='ltr'>defixerat,</span> <span class='ocrx_word' id='word_1_232' title='bbox 1779 2545 2114 2616; x_wconf 89' lang='lat' dir='ltr'>diaconus</span> <span class='ocrx_word' id='word_1_233' title='bbox 2174 2547 2344 2616; x_wconf 84' lang='lat' dir='ltr'>dixit</span> <span class='ocrx_word' id='word_1_234' title='bbox 2396 2546 2477 2615; x_wconf 93' lang='lat' dir='ltr'>ad</span> <span class='ocrx_word' id='word_1_235' title='bbox 2550 2568 2758 2614; x_wconf 90' lang='lat' dir='ltr'>eum:</span> 
     </span>
     <span class='ocr_line' id='line_1_27' title="bbox 210 2634 2759 2724; baseline 0 -21"><span class='ocrx_word' id='word_1_236' title='bbox 210 2660 248 2703; x_wconf 82' lang='lat'>«</span> <span class='ocrx_word' id='word_1_237' title='bbox 293 2639 656 2704; x_wconf 87' lang='lat' dir='ltr'>Sumentes</span> <span class='ocrx_word' id='word_1_238' title='bbox 707 2656 936 2724; x_wconf 89' lang='lat' dir='ltr'>peram</span> <span class='ocrx_word' id='word_1_239' title='bbox 973 2646 1037 2703; x_wconf 93' lang='lat' dir='ltr'>et</span> <span class='ocrx_word' id='word_1_240' title='bbox 1071 2646 1230 2714; x_wconf 88' lang='lat' dir='ltr'>rete,</span> <span class='ocrx_word' id='word_1_241' title='bbox 1270 2634 1742 2724; x_wconf 87' lang='lat' dir='ltr'>regrediamur</span> <span class='ocrx_word' id='word_1_242' title='bbox 1781 2635 1865 2704; x_wconf 90' lang='lat' dir='ltr'>ad</span> <span class='ocrx_word' id='word_1_243' title='bbox 1897 2648 2275 2715; x_wconf 83' lang='lat' dir='ltr'>castrum;»</span> <span class='ocrx_word' id='word_1_244' title='bbox 2308 2646 2372 2704; x_wconf 91' lang='lat' dir='ltr'>et</span> <span class='ocrx_word' id='word_1_245' title='bbox 2407 2634 2562 2703; x_wconf 91' lang='lat' dir='ltr'>ille:</span> <span class='ocrx_word' id='word_1_246' title='bbox 2596 2639 2759 2716; x_wconf 87' lang='lat' dir='ltr'>«Tu,</span> 
     </span>
     <span class='ocr_line' id='line_1_28' title="bbox 207 2722 2764 2814; baseline -0.002 -19"><span class='ocrx_word' id='word_1_247' title='bbox 207 2724 469 2810; x_wconf 90' lang='lat' dir='ltr'>inquit,</span> <span class='ocrx_word' id='word_1_248' title='bbox 516 2723 638 2804; x_wconf 80' lang='lat' dir='ltr'>fili,</span> <span class='ocrx_word' id='word_1_249' title='bbox 693 2735 767 2791; x_wconf 91' lang='lat' dir='ltr'>ut</span> <span class='ocrx_word' id='word_1_250' title='bbox 815 2722 1059 2813; x_wconf 91' lang='lat' dir='ltr'>placet,</span> <span class='ocrx_word' id='word_1_251' title='bbox 1096 2722 1182 2792; x_wconf 94' lang='lat' dir='ltr'>ad</span> <span class='ocrx_word' id='word_1_252' title='bbox 1221 2724 1496 2814; x_wconf 88' lang='lat' dir='ltr'>propria</span> <span class='ocrx_word' id='word_1_253' title='bbox 1532 2738 1899 2794; x_wconf 85' lang='lat' dir='ltr'>revertere:</span> <span class='ocrx_word' id='word_1_254' title='bbox 1954 2745 2078 2814; x_wconf 89' lang='lat' dir='ltr'>ego</span> <span class='ocrx_word' id='word_1_255' title='bbox 2111 2747 2266 2793; x_wconf 88' lang='lat' dir='ltr'>vero</span> <span class='ocrx_word' id='word_1_256' title='bbox 2320 2723 2429 2792; x_wconf 89' lang='lat' dir='ltr'>his</span> <span class='ocrx_word' id='word_1_257' title='bbox 2478 2723 2546 2790; x_wconf 91' lang='lat' dir='ltr'>in</span> <span class='ocrx_word' id='word_1_258' title='bbox 2589 2722 2764 2792; x_wconf 88' lang='lat' dir='ltr'>locis</span> 
     </span>
     <span class='ocr_line' id='line_1_29' title="bbox 211 2810 2765 2911; baseline -0.002 -29"><span class='ocrx_word' id='word_1_259' title='bbox 211 2812 724 2911; x_wconf 86' lang='lat' dir='ltr'>aliquantisper</span> <span class='ocrx_word' id='word_1_260' title='bbox 778 2823 1135 2892; x_wconf 80' lang='lat' dir='ltr'>moratuS,</span> <span class='ocrx_word' id='word_1_261' title='bbox 1191 2825 1341 2901; x_wconf 90' lang='lat' dir='ltr'>post</span> <span class='ocrx_word' id='word_1_262' title='bbox 1391 2811 1697 2881; x_wconf 89' lang='lat' dir='ltr'>triduum</span> <span class='ocrx_word' id='word_1_263' title='bbox 1728 2867 1748 2893; x_wconf 91' lang='lat'>,</span> <span class='ocrx_word' id='word_1_264' title='bbox 1809 2813 2095 2881; x_wconf 89' lang='lat' dir='ltr'>Domino</span> <span class='ocrx_word' id='word_1_265' title='bbox 2144 2812 2355 2893; x_wconf 89' lang='lat' dir='ltr'>duce,</span> <span class='ocrx_word' id='word_1_266' title='bbox 2412 2825 2472 2880; x_wconf 90' lang='lat' dir='ltr'>te</span> <span class='ocrx_word' id='word_1_267' title='bbox 2520 2810 2765 2879; x_wconf 90' lang='lat' dir='ltr'>subse-</span> 
     </span>
     <span class='ocr_line' id='line_1_30' title="bbox 211 2898 2762 2988; baseline -0.002 -18"><span class='ocrx_word' id='word_1_268' title='bbox 211 2923 420 2988; x_wconf 89' lang='lat' dir='ltr'>quar.</span> <span class='ocrx_word' id='word_1_269' title='bbox 457 2923 492 2965; x_wconf 85' lang='lat'>»</span> <span class='ocrx_word' id='word_1_270' title='bbox 547 2905 881 2970; x_wconf 77' lang='lat' dir='ltr'>Dlaconus</span> <span class='ocrx_word' id='word_1_271' title='bbox 934 2900 1143 2969; x_wconf 81' lang='lat' dir='ltr'>dixit:</span> <span class='ocrx_word' id='word_1_272' title='bbox 1198 2924 1235 2966; x_wconf 84' lang='lat'>«</span> <span class='ocrx_word' id='word_1_273' title='bbox 1268 2906 1756 2988; x_wconf 84' lang='lat' dir='ltr'>Nequaquam.</span> <span class='ocrx_word' id='word_1_274' title='bbox 1818 2913 1881 2969; x_wconf 90' lang='lat' dir='ltr'>te</span> <span class='ocrx_word' id='word_1_275' title='bbox 1929 2901 2244 2978; x_wconf 88' lang='lat' dir='ltr'>absente,</span> <span class='ocrx_word' id='word_1_276' title='bbox 2310 2899 2627 2970; x_wconf 88' lang='lat' dir='ltr'>remeabo</span> <span class='ocrx_word' id='word_1_277' title='bbox 2675 2898 2762 2967; x_wconf 91' lang='lat' dir='ltr'>ad</span> 
     </span>
     <span class='ocr_line' id='line_1_31' title="bbox 207 2987 2759 3081; baseline -0.001 -23"><span class='ocrx_word' id='word_1_278' title='bbox 207 3003 486 3081; x_wconf 87' lang='lat' dir='ltr'>patrem</span> <span class='ocrx_word' id='word_1_279' title='bbox 530 3003 868 3070; x_wconf 89' lang='lat' dir='ltr'>nostrum,</span> <span class='ocrx_word' id='word_1_280' title='bbox 922 3010 1004 3058; x_wconf 92' lang='lat' dir='ltr'>ne</span> <span class='ocrx_word' id='word_1_281' title='bbox 1049 2987 1219 3059; x_wconf 86' lang='lat' dir='ltr'>forte</span> <span class='ocrx_word' id='word_1_282' title='bbox 1259 2989 1443 3059; x_wconf 90' lang='lat' dir='ltr'>dicat</span> <span class='ocrx_word' id='word_1_283' title='bbox 1492 3003 1552 3059; x_wconf 91' lang='lat' dir='ltr'>te</span> <span class='ocrx_word' id='word_1_284' title='bbox 1601 3000 1878 3080; x_wconf 89' lang='lat' dir='ltr'>propter</span> <span class='ocrx_word' id='word_1_285' title='bbox 1925 3013 1957 3057; x_wconf 92' lang='lat' dir='ltr'>s</span> <span class='ocrx_word' id='word_1_286' title='bbox 2009 2988 2143 3057; x_wconf 90' lang='lat' dir='ltr'>olia</span> <span class='ocrx_word' id='word_1_287' title='bbox 2191 3011 2230 3058; x_wconf 95' lang='lat' dir='ltr'>a</span> <span class='ocrx_word' id='word_1_288' title='bbox 2284 3010 2392 3057; x_wconf 90' lang='lat' dir='ltr'>me</span> <span class='ocrx_word' id='word_1_289' title='bbox 2430 2988 2759 3056; x_wconf 91' lang='lat' dir='ltr'>interem-</span> 
     </span>
     <span class='ocr_line' id='line_1_32' title="bbox 197 3075 2756 3168; baseline -0.003 -21"><span class='ocrx_word' id='word_1_290' title='bbox 197 3091 460 3168; x_wconf 86' lang='lat' dir='ltr'>ptum:</span> <span class='ocrx_word' id='word_1_291' title='bbox 516 3077 618 3146; x_wconf 86' lang='lat' dir='ltr'>vel</span> <span class='ocrx_word' id='word_1_292' title='bbox 667 3077 726 3145; x_wconf 93' lang='lat' dir='ltr'>si</span> <span class='ocrx_word' id='word_1_293' title='bbox 775 3077 1226 3147; x_wconf 87' lang='lat' dir='ltr'>homicidium</span> <span class='ocrx_word' id='word_1_294' title='bbox 1294 3101 1376 3147; x_wconf 91' lang='lat' dir='ltr'>ne</span> <span class='ocrx_word' id='word_1_295' title='bbox 1427 3100 1541 3148; x_wconf 90' lang='lat' dir='ltr'>are</span> <span class='ocrx_word' id='word_1_296' title='bbox 1588 3077 1899 3156; x_wconf 89' lang='lat' dir='ltr'>voluer0,</span> <span class='ocrx_word' id='word_1_297' title='bbox 2014 3099 2131 3145; x_wconf 89' lang='lat' dir='ltr'>aec</span> <span class='ocrx_word' id='word_1_298' title='bbox 2202 3076 2370 3145; x_wconf 89' lang='lat' dir='ltr'>mihi</span> <span class='ocrx_word' id='word_1_299' title='bbox 2433 3075 2756 3165; x_wconf 87' lang='lat' dir='ltr'>objiciat:</span> 
     </span>
     <span class='ocr_line' id='line_1_33' title="bbox 199 3163 2761 3245; baseline -0.002 -7"><span class='ocrx_word' id='word_1_300' title='bbox 199 3172 363 3238; x_wconf 78' lang='lat' dir='ltr'>Cur·</span> <span class='ocrx_word' id='word_1_301' title='bbox 423 3164 614 3234; x_wconf 91' lang='lat' dir='ltr'>illum</span> <span class='ocrx_word' id='word_1_302' title='bbox 668 3166 992 3236; x_wconf 90' lang='lat' dir='ltr'>dimisisti</span> <span class='ocrx_word' id='word_1_303' title='bbox 1045 3167 1111 3235; x_wconf 93' lang='lat' dir='ltr'>in</span> <span class='ocrx_word' id='word_1_304' title='bbox 1165 3167 1371 3236; x_wconf 89' lang='lat' dir='ltr'>solitu</span> <span class='ocrx_word' id='word_1_305' title='bbox 1426 3166 1581 3236; x_wconf 78' lang='lat' dir='ltr'>ine?</span> <span class='ocrx_word' id='word_1_306' title='bbox 1644 3166 1780 3234; x_wconf 90' lang='lat' dir='ltr'>cito</span> <span class='ocrx_word' id='word_1_307' title='bbox 1842 3187 2175 3245; x_wconf 63' lang='lat' dir='ltr'>reversus»,</span> <span class='ocrx_word' id='word_1_308' title='bbox 2240 3165 2415 3235; x_wconf 88' lang='lat' dir='ltr'>educ</span> <span class='ocrx_word' id='word_1_309' title='bbox 2463 3184 2621 3232; x_wconf 91' lang='lat' dir='ltr'>eum</span> <span class='ocrx_word' id='word_1_310' title='bbox 2673 3163 2761 3233; x_wconf 90' lang='lat' dir='ltr'>ad</span> 
     </span>
     <span class='ocr_line' id='line_1_34' title="bbox 206 3251 2767 3344; baseline -0.001 -19"><span class='ocrx_word' id='word_1_311' title='bbox 206 3276 364 3325; x_wconf 87' lang='lat' dir='ltr'>me.</span> <span class='ocrx_word' id='word_1_312' title='bbox 418 3258 492 3321; x_wconf 89' lang='lat' dir='ltr'>Et</span> <span class='ocrx_word' id='word_1_313' title='bbox 552 3268 753 3322; x_wconf 85' lang='lat' dir='ltr'>erunt</span> <span class='ocrx_word' id='word_1_314' title='bbox 809 3253 977 3322; x_wconf 88' lang='lat' dir='ltr'>mihi</span> <span class='ocrx_word' id='word_1_315' title='bbox 1026 3255 1164 3323; x_wconf 89' lang='lat' dir='ltr'>duo</span> <span class='ocrx_word' id='word_1_316' title='bbox 1213 3256 1489 3344; x_wconf 90' lang='lat' dir='ltr'>pariter,</span> <span class='ocrx_word' id='word_1_317' title='bbox 1542 3254 1736 3323; x_wconf 88' lang='lat' dir='ltr'>labor</span> <span class='ocrx_word' id='word_1_318' title='bbox 1782 3253 2219 3343; x_wconf 82' lang='lat' dir='ltr'>duplicatuS,</span> <span class='ocrx_word' id='word_1_319' title='bbox 2271 3265 2335 3323; x_wconf 94' lang='lat' dir='ltr'>et</span> <span class='ocrx_word' id='word_1_320' title='bbox 2397 3251 2767 3323; x_wconf 83' lang='lat' dir='ltr'>manifesta</span> 
     </span>
     <span class='ocr_line' id='line_1_35' title="bbox 210 3341 2765 3433; baseline -0.002 -18"><span class='ocrx_word' id='word_1_321' title='bbox 210 3341 571 3415; x_wconf 78' lang='lat' dir='ltr'>confusio,</span> <span class='ocrx_word' id='word_1_322' title='bbox 605 3364 640 3407; x_wconf 84' lang='lat'>»</span> <span class='ocrx_word' id='word_1_323' title='bbox 675 3341 768 3409; x_wconf 82' lang='lat' dir='ltr'>Ad</span> <span class='ocrx_word' id='word_1_324' title='bbox 820 3344 985 3411; x_wconf 86' lang='lat' dir='ltr'>haec</span> <span class='ocrx_word' id='word_1_325' title='bbox 1023 3343 1136 3410; x_wconf 86' lang='lat' dir='ltr'>Vir</span> <span class='ocrx_word' id='word_1_326' title='bbox 1166 3356 1446 3413; x_wconf 89' lang='lat' dir='ltr'>sanctus</span> <span class='ocrx_word' id='word_1_327' title='bbox 1497 3342 1893 3431; x_wconf 88' lang='lat' dir='ltr'>respondit:</span> <span class='ocrx_word' id='word_1_328' title='bbox 1949 3366 1985 3409; x_wconf 88' lang='lat'>«</span> <span class='ocrx_word' id='word_1_329' title='bbox 2020 3343 2221 3425; x_wconf 85' lang='lat' dir='ltr'>Vade,</span> <span class='ocrx_word' id='word_1_330' title='bbox 2276 3341 2418 3412; x_wconf 91' lang='lat' dir='ltr'>fili:</span> <span class='ocrx_word' id='word_1_331' title='bbox 2457 3364 2582 3433; x_wconf 89' lang='lat' dir='ltr'>ego</span> <span class='ocrx_word' id='word_1_332' title='bbox 2613 3353 2765 3431; x_wconf 88' lang='lat' dir='ltr'>post</span> 
     </span>
     <span class='ocr_line' id='line_1_36' title="bbox 211 3431 2765 3521; baseline -0 -20"><span class='ocrx_word' id='word_1_333' title='bbox 211 3431 510 3520; x_wconf 88' lang='lat' dir='ltr'>vestigia</span> <span class='ocrx_word' id='word_1_334' title='bbox 576 3443 691 3499; x_wconf 89' lang='lat' dir='ltr'>tua</span> <span class='ocrx_word' id='word_1_335' title='bbox 737 3443 1166 3519; x_wconf 82' lang='lat' dir='ltr'>quantocyus</span> <span class='ocrx_word' id='word_1_336' title='bbox 1223 3454 1344 3521; x_wconf 90' lang='lat' dir='ltr'>pro</span> <span class='ocrx_word' id='word_1_337' title='bbox 1397 3431 1622 3501; x_wconf 91' lang='lat' dir='ltr'>erabo.</span> <span class='ocrx_word' id='word_1_338' title='bbox 1659 3453 1696 3496; x_wconf 84' lang='lat'>»</span> <span class='ocrx_word' id='word_1_339' title='bbox 1751 3436 1896 3513; x_wconf 89' lang='lat' dir='ltr'>Quo</span> <span class='ocrx_word' id='word_1_340' title='bbox 1951 3431 2283 3513; x_wconf 88' lang='lat' dir='ltr'>abeunte,</span> <span class='ocrx_word' id='word_1_341' title='bbox 2336 3431 2597 3504; x_wconf 79' lang='lat' dir='ltr'>Athleta</span> <span class='ocrx_word' id='word_1_342' title='bbox 2647 3431 2765 3500; x_wconf 92' lang='lat' dir='ltr'>Dei</span> 
     </span>
     <span class='ocr_line' id='line_1_37' title="bbox 209 3518 2764 3610; baseline -0.002 -17"><span class='ocrx_word' id='word_1_343' title='bbox 209 3535 361 3593; x_wconf 91' lang='lat' dir='ltr'>toto</span> <span class='ocrx_word' id='word_1_344' title='bbox 396 3518 622 3588; x_wconf 89' lang='lat' dir='ltr'>triduo</span> <span class='ocrx_word' id='word_1_345' title='bbox 671 3518 757 3588; x_wconf 91' lang='lat' dir='ltr'>ab</span> <span class='ocrx_word' id='word_1_346' title='bbox 804 3519 994 3587; x_wconf 89' lang='lat' dir='ltr'>omni</span> <span class='ocrx_word' id='word_1_347' title='bbox 1031 3519 1247 3588; x_wconf 88' lang='lat' dir='ltr'>victus</span> <span class='ocrx_word' id='word_1_348' title='bbox 1287 3542 1324 3589; x_wconf 92' lang='lat' dir='ltr'>a</span> <span class='ocrx_word' id='word_1_349' title='bbox 1368 3520 1687 3609; x_wconf 90' lang='lat' dir='ltr'>jumento</span> <span class='ocrx_word' id='word_1_350' title='bbox 1734 3521 2069 3610; x_wconf 89' lang='lat' dir='ltr'>corporei,</span> <span class='ocrx_word' id='word_1_351' title='bbox 2105 3520 2390 3610; x_wconf 89' lang='lat' dir='ltr'>jejunus</span> <span class='ocrx_word' id='word_1_352' title='bbox 2445 3540 2764 3609; x_wconf 88' lang='lat' dir='ltr'>perman-</span> 
     </span>
     <span class='ocr_line' id='line_1_38' title="bbox 205 3605 2758 3698; baseline -0.001 -18"><span class='ocrx_word' id='word_1_353' title='bbox 205 3613 346 3680; x_wconf 88' lang='lat' dir='ltr'>sit:</span> <span class='ocrx_word' id='word_1_354' title='bbox 401 3620 478 3677; x_wconf 91' lang='lat' dir='ltr'>ut</span> <span class='ocrx_word' id='word_1_355' title='bbox 528 3605 841 3675; x_wconf 89' lang='lat' dir='ltr'>videlicet</span> <span class='ocrx_word' id='word_1_356' title='bbox 889 3605 1142 3687; x_wconf 88' lang='lat' dir='ltr'>locum,</span> <span class='ocrx_word' id='word_1_357' title='bbox 1197 3629 1400 3694; x_wconf 84' lang='lat' dir='ltr'>quern</span> <span class='ocrx_word' id='word_1_358' title='bbox 1438 3608 1784 3698; x_wconf 87' lang='lat' dir='ltr'>spirituali</span> <span class='ocrx_word' id='word_1_359' title='bbox 1827 3609 2110 3680; x_wconf 90' lang='lat' dir='ltr'>militiae</span> <span class='ocrx_word' id='word_1_360' title='bbox 2143 3608 2564 3698; x_wconf 87' lang='lat' dir='ltr'>providebat,</span> <span class='ocrx_word' id='word_1_361' title='bbox 2600 3629 2758 3697; x_wconf 89' lang='lat' dir='ltr'>par-</span> 
     </span>
     <span class='ocr_line' id='line_1_39' title="bbox 213 3696 2750 3786; baseline -0.001 -18"><span class='ocrx_word' id='word_1_362' title='bbox 213 3697 561 3768; x_wconf 86' lang='lat' dir='ltr'>simoniae</span> <span class='ocrx_word' id='word_1_363' title='bbox 607 3708 1037 3764; x_wconf 86' lang='lat' dir='ltr'>consecraret</span> <span class='ocrx_word' id='word_1_364' title='bbox 1069 3696 1308 3767; x_wconf 90' lang='lat' dir='ltr'>initiis.</span> <span class='ocrx_word' id='word_1_365' title='bbox 1351 3702 1601 3779; x_wconf 90' lang='lat' dir='ltr'>Quarto</span> <span class='ocrx_word' id='word_1_366' title='bbox 1642 3697 1872 3784; x_wconf 76' lang='lat' dir='ltr'>itaque</span> <span class='ocrx_word' id='word_1_367' title='bbox 1904 3697 2014 3767; x_wconf 92' lang='lat' dir='ltr'>die</span> <span class='ocrx_word' id='word_1_368' title='bbox 2053 3699 2282 3767; x_wconf 81' lang='lat' dir='ltr'>eremo</span> <span class='ocrx_word' id='word_1_369' title='bbox 2329 3696 2750 3786; x_wconf 78' lang='lat' dir='ltr'>digredienS,</span> 
     </span>
     <span class='ocr_line' id='line_1_40' title="bbox 214 3783 2757 3873; baseline -0.002 -16"><span class='ocrx_word' id='word_1_370' title='bbox 214 3787 506 3857; x_wconf 89' lang='lat' dir='ltr'>domum</span> <span class='ocrx_word' id='word_1_371' title='bbox 568 3783 800 3853; x_wconf 88' lang='lat' dir='ltr'>revisit</span> <span class='ocrx_word' id='word_1_372' title='bbox 850 3784 1262 3873; x_wconf 79' lang='lat' dir='ltr'>presbyteri,</span> <span class='ocrx_word' id='word_1_373' title='bbox 1319 3799 1384 3855; x_wconf 93' lang='lat' dir='ltr'>et</span> <span class='ocrx_word' id='word_1_374' title='bbox 1442 3785 1620 3854; x_wconf 91' lang='lat' dir='ltr'>inter</span> <span class='ocrx_word' id='word_1_375' title='bbox 1676 3786 1937 3855; x_wconf 88' lang='lat' dir='ltr'>amicae</span> <span class='ocrx_word' id='word_1_376' title='bbox 2007 3785 2439 3855; x_wconf 88' lang='lat' dir='ltr'>salutationis</span> <span class='ocrx_word' id='word_1_377' title='bbox 2487 3784 2709 3854; x_wconf 88' lang='lat' dir='ltr'>officia</span> <span class='ocrx_word' id='word_1_378' title='bbox 2742 3839 2757 3864; x_wconf 93' lang='lat'>,</span> 
     </span>
     <span class='ocr_line' id='line_1_41' title="bbox 210 3872 2763 3966; baseline 0 -24"><span class='ocrx_word' id='word_1_379' title='bbox 210 3874 480 3966; x_wconf 87' lang='lat' dir='ltr'>gratias</span> <span class='ocrx_word' id='word_1_380' title='bbox 523 3878 654 3942; x_wconf 89' lang='lat' dir='ltr'>Deo</span> <span class='ocrx_word' id='word_1_381' title='bbox 684 3894 804 3962; x_wconf 90' lang='lat' dir='ltr'>pro</span> <span class='ocrx_word' id='word_1_382' title='bbox 838 3873 1165 3942; x_wconf 90' lang='lat' dir='ltr'>omnibus</span> <span class='ocrx_word' id='word_1_383' title='bbox 1199 3874 1419 3954; x_wconf 60' lang='lat' dir='ltr'>boniet,</span> <span class='ocrx_word' id='word_1_384' title='bbox 1459 3895 1634 3960; x_wconf 90' lang='lat' dir='ltr'>quae</span> <span class='ocrx_word' id='word_1_385' title='bbox 1660 3875 1720 3943; x_wconf 93' lang='lat' dir='ltr'>ei</span> <span class='ocrx_word' id='word_1_386' title='bbox 1750 3875 2067 3956; x_wconf 89' lang='lat' dir='ltr'>ostendit,</span> <span class='ocrx_word' id='word_1_387' title='bbox 2106 3897 2264 3944; x_wconf 88' lang='lat' dir='ltr'>cum</span> <span class='ocrx_word' id='word_1_388' title='bbox 2302 3874 2524 3943; x_wconf 91' lang='lat' dir='ltr'>debita</span> <span class='ocrx_word' id='word_1_389' title='bbox 2559 3872 2763 3942; x_wconf 91' lang='lat' dir='ltr'>laude</span> 
     </span>
     <span class='ocr_line' id='line_1_42' title="bbox 211 3961 2764 4052; baseline 0 -21"><span class='ocrx_word' id='word_1_390' title='bbox 211 3962 570 4052; x_wconf 88' lang='lat' dir='ltr'>persolvit.</span> <span class='ocrx_word' id='word_1_391' title='bbox 627 3961 985 4051; x_wconf 70' lang='lat' dir='ltr'>Presbyter</span> <span class='ocrx_word' id='word_1_392' title='bbox 1023 3974 1249 4031; x_wconf 91' lang='lat' dir='ltr'>autem</span> <span class='ocrx_word' id='word_1_393' title='bbox 1294 3963 1681 4052; x_wconf 89' lang='lat' dir='ltr'>suscipiens</span> <span class='ocrx_word' id='word_1_394' title='bbox 1742 3962 1937 4032; x_wconf 91' lang='lat' dir='ltr'>illum</span> <span class='ocrx_word' id='word_1_395' title='bbox 1990 3985 2146 4032; x_wconf 90' lang='lat' dir='ltr'>cum</span> <span class='ocrx_word' id='word_1_396' title='bbox 2199 3963 2498 4052; x_wconf 87' lang='lat' dir='ltr'>gaudi0,</span> <span class='ocrx_word' id='word_1_397' title='bbox 2552 3962 2764 4052; x_wconf 86' lang='lat' dir='ltr'>jussit</span> 
     </span>
     <span class='ocr_line' id='line_1_43' title="bbox 220 4051 2761 4141; baseline -0.001 -21"><span class='ocrx_word' id='word_1_398' title='bbox 220 4072 538 4120; x_wconf 90' lang='lat' dir='ltr'>mensam</span> <span class='ocrx_word' id='word_1_399' title='bbox 591 4052 887 4141; x_wconf 90' lang='lat' dir='ltr'>apponi:</span> <span class='ocrx_word' id='word_1_400' title='bbox 941 4063 1194 4120; x_wconf 85' lang='lat' dir='ltr'>etcum</span> <span class='ocrx_word' id='word_1_401' title='bbox 1244 4051 1738 4130; x_wconf 90' lang='lat' dir='ltr'>consedissent,</span> <span class='ocrx_word' id='word_1_402' title='bbox 1791 4051 2271 4121; x_wconf 90' lang='lat' dir='ltr'>benedicentes</span> <span class='ocrx_word' id='word_1_403' title='bbox 2314 4056 2551 4132; x_wconf 88' lang='lat' dir='ltr'>Deum,</span> <span class='ocrx_word' id='word_1_404' title='bbox 2601 4072 2761 4121; x_wconf 89' lang='lat' dir='ltr'>cum</span> 
     </span>
     <span class='ocr_line' id='line_1_44' title="bbox 215 4139 2760 4229; baseline 0.001 -23"><span class='ocrx_word' id='word_1_405' title='bbox 215 4140 598 4227; x_wconf 87' lang='lat' dir='ltr'>gratiarum</span> <span class='ocrx_word' id='word_1_406' title='bbox 652 4140 916 4208; x_wconf 87' lang='lat' dir='ltr'>actione</span> <span class='ocrx_word' id='word_1_407' title='bbox 984 4139 1216 4209; x_wconf 88' lang='lat' dir='ltr'>cibum</span> <span class='ocrx_word' id='word_1_408' title='bbox 1260 4153 1731 4229; x_wconf 84' lang='lat' dir='ltr'>sumpserunt,</span> <span class='ocrx_word' id='word_1_409' title='bbox 1770 4154 1834 4210; x_wconf 93' lang='lat' dir='ltr'>et</span> <span class='ocrx_word' id='word_1_410' title='bbox 1881 4139 2057 4210; x_wconf 90' lang='lat' dir='ltr'>inter</span> <span class='ocrx_word' id='word_1_411' title='bbox 2094 4139 2571 4229; x_wconf 90' lang='lat' dir='ltr'>prandendum</span> <span class='ocrx_word' id='word_1_412' title='bbox 2610 4139 2760 4208; x_wconf 90' lang='lat' dir='ltr'>dia-</span> 
     </span>
     <span class='ocr_line' id='line_1_45' title="bbox 217 4228 2757 4318; baseline 0.001 -25"><span class='ocrx_word' id='word_1_413' title='bbox 217 4246 442 4297; x_wconf 83' lang='lat' dir='ltr'>conus</span> <span class='ocrx_word' id='word_1_414' title='bbox 487 4228 653 4298; x_wconf 90' lang='lat' dir='ltr'>dicit</span> <span class='ocrx_word' id='word_1_415' title='bbox 698 4228 1131 4317; x_wconf 78' lang='lat' dir='ltr'>presbytero:</span> <span class='ocrx_word' id='word_1_416' title='bbox 1187 4251 1221 4292; x_wconf 89' lang='lat'>«</span> <span class='ocrx_word' id='word_1_417' title='bbox 1259 4229 1324 4297; x_wconf 91' lang='lat' dir='ltr'>Si</span> <span class='ocrx_word' id='word_1_418' title='bbox 1361 4251 1567 4299; x_wconf 90' lang='lat' dir='ltr'>ursus</span> <span class='ocrx_word' id='word_1_419' title='bbox 1616 4228 1907 4308; x_wconf 87' lang='lat' dir='ltr'>adesset,</span> <span class='ocrx_word' id='word_1_420' title='bbox 1962 4228 2271 4298; x_wconf 89' lang='lat' dir='ltr'>fortassis</span> <span class='ocrx_word' id='word_1_421' title='bbox 2312 4228 2549 4298; x_wconf 88' lang='lat' dir='ltr'>Gallus</span> <span class='ocrx_word' id='word_1_422' title='bbox 2601 4250 2757 4318; x_wconf 92' lang='lat' dir='ltr'>por-</span> 
     </span>
     <span class='ocr_line' id='line_1_46' title="bbox 215 4314 2759 4407; baseline 0.001 -26"><span class='ocrx_word' id='word_1_423' title='bbox 215 4314 502 4385; x_wconf 80' lang='lat' dir='ltr'>rexisset</span> <span class='ocrx_word' id='word_1_424' title='bbox 552 4317 648 4385; x_wconf 91' lang='lat' dir='ltr'>illi</span> <span class='ocrx_word' id='word_1_425' title='bbox 728 4317 1385 4386; x_wconf 82' lang='lat' dir='ltr'>benedictionem.»</span> <span class='ocrx_word' id='word_1_426' title='bbox 1455 4318 2043 4407; x_wconf 86' lang='lat' dir='ltr'>Interrogantique</span> <span class='ocrx_word' id='word_1_427' title='bbox 2105 4316 2288 4385; x_wconf 90' lang='lat' dir='ltr'>unde</span> <span class='ocrx_word' id='word_1_428' title='bbox 2356 4316 2759 4403; x_wconf 86' lang='lat' dir='ltr'>hujusmodi</span> 
     </span>
     <span class='ocr_line' id='line_1_47' title="bbox 211 4402 2760 4497; baseline 0.003 -31"><span class='ocrx_word' id='word_1_429' title='bbox 211 4402 422 4471; x_wconf 83' lang='lat' dir='ltr'>verba</span> <span class='ocrx_word' id='word_1_430' title='bbox 457 4405 820 4493; x_wconf 73' lang='lat' dir='ltr'>proferret,</span> <span class='ocrx_word' id='word_1_431' title='bbox 879 4405 1176 4474; x_wconf 88' lang='lat' dir='ltr'>narravit</span> <span class='ocrx_word' id='word_1_432' title='bbox 1232 4405 1465 4474; x_wconf 90' lang='lat' dir='ltr'>omnia</span> <span class='ocrx_word' id='word_1_433' title='bbox 1513 4427 1689 4492; x_wconf 89' lang='lat' dir='ltr'>quae</span> <span class='ocrx_word' id='word_1_434' title='bbox 1753 4420 1939 4497; x_wconf 90' lang='lat' dir='ltr'>gesta</span> <span class='ocrx_word' id='word_1_435' title='bbox 2001 4419 2193 4476; x_wconf 87' lang='lat' dir='ltr'>erant</span> <span class='ocrx_word' id='word_1_436' title='bbox 2257 4406 2325 4474; x_wconf 91' lang='lat' dir='ltr'>in</span> <span class='ocrx_word' id='word_1_437' title='bbox 2363 4408 2612 4475; x_wconf 78' lang='lat' dir='ltr'>eremo.</span> <span class='ocrx_word' id='word_1_438' title='bbox 2667 4410 2760 4473; x_wconf 80' lang='lat' dir='ltr'>Ex</span> 
     </span>
    </p>
   </div>
  </div>
 </body>
</html>
