3347 4999
699 307 830 371 4⁴6
1271 323 1350 371 nu
1397 324 1453 371 s.
1504 322 1805 372 nommco
1853 322 2153 372 Lochro
2200 324 2471 373 susum
2827 307 3001 374 OCT.
3058 310 3137 374 tt

616 421 798 489 sunt,
852 409 1362 498 aegrotantibus
1411 408 1724 499 praebeo,
1777 431 2070 497 quorum
2150 429 2285 479 non
2337 409 2695 478 minimam
2755 410 3144 480 multitudi-

616 518 769 567 nem
812 497 1039 588 jacere
1079 498 1146 566 in
1184 496 1432 567 nostris
1475 498 1787 587 partibus
1821 499 1888 566 in
1944 496 2268 567 emisco.»
2319 502 2623 585 Cumque
2671 497 2870 568 illum
2922 498 3145 569 durus

613 600 881 655 exactor
913 587 981 655 in
1033 598 1324 687 angusto
1344 586 1849 666 concluderem,
1933 586 2142 655 icens:
2199 609 2235 652 «
2268 586 2453 656 Unde
2492 607 2654 676 ergo
2704 586 2844 657 illis
2891 586 3141 657 diebus

615 675 970 744 remissius
1018 675 1209 755 vivis,
1241 675 1301 743 si
1335 675 1504 744 nihil
1547 696 1784 744 eorum
1816 674 2142 754 comediS,
2179 696 2355 761 quae
2390 696 2664 744 necesse
2709 675 2795 744 sit
2825 675 2924 744 vel
2963 676 3144 766 igni-

617 764 745 832 bus
776 763 1088 850 decoqui,
1129 763 1228 832 vel
1260 764 1622 834 arboribus
1651 764 1942 832 inveniri
1964 767 2035 831 Y»
2067 763 2482 854 Respondit:
2538 786 2575 830 «
2600 764 2998 845 Foeniculo‚
3040 765 3148 832 in-

612 852 881 937 quienS,
933 874 1090 922 oum
1128 874 1302 942 pane
1335 851 1623 922 libenter
1670 873 1974 921 vescor.»
2011 857 2157 921 Mox
2198 852 2526 921 nimirum
2569 852 2777 940 perite
2825 852 3140 942 cognovi,

613 962 820 1027 quam
870 939 1234 1010 carnaliter
1272 941 1476 1010 homo
1526 941 1796 1022 viveret,
1841 941 1960 1027 qui
2011 963 2173 1009 suas
2220 940 2503 1010 delicias
2529 940 2948 1010 foeniculum
2984 962 3150 1011 con-

616 1030 967 1099 stituisset.
1007 1029 1222 1098 Habet
1279 1029 1479 1120 plane
1524 1029 1804 1099 uberem
1873 1029 2335 1117 lacrymarum
2389 1030 2706 1120 gratiam,
2776 1030 2888 1098 sed
2943 1029 3149 1099 alter-

617 1140 802 1186 nam.
837 1123 1002 1188 Cum
1043 1117 1228 1188 enim
1279 1119 1589 1188 reclusus
1629 1119 1759 1189 sub
1790 1117 2098 1186 districto
2151 1139 2223 1188 se
2271 1118 2542 1188 silentio
2606 1118 2940 1209 reprimit,
2988 1139 3150 1188 mox

615 1218 691 1277 ut
716 1206 1025 1288 voluerit,
1062 1206 1415 1276 affluenter
1466 1206 1749 1295 plangit.
1788 1212 1865 1276 At
1912 1207 1969 1276 si
1999 1205 2340 1293 colloquio
2369 1206 2853 1294 frequentetur,
2905 1206 3148 1277 fletum

616 1316 688 1364 se
732 1296 1047 1366 amisisse
1111 1296 1578 1383 conqueritur.
1634 1294 1758 1364 Sed
1813 1308 1877 1363 et
1923 1317 2049 1384 ego
2107 1294 2209 1363 illi
2279 1317 2481 1385 saepe
2544 1296 2902 1385 penuriam
2954 1316 3151 1365 meae

615 1383 951 1454 ariditatis
1000 1384 1411 1474 improper0‚
1452 1384 1732 1453 dicens:
1766 1406 1801 1449 «
1832 1388 2001 1463 Heu,
2040 1383 2356 1471 inquam„
2394 1385 2487 1452 mi
2530 1396 2743 1473 pater,
2798 1383 2964 1455 istae
2992 1396 3151 1452 tuae

618 1471 960 1561 lacrymae
1029 1472 1437 1543 infecundae
1489 1485 1694 1553 sunt,
1746 1494 1923 1560 quae
1970 1472 2141 1541 alias
2198 1472 2459 1542 orando
2508 1472 2851 1562 lacrymas
2910 1475 3152 1561 parere

616 1565 1004 1647 nequeuntl
1058 1566 1371 1662 Optarem
1423 1583 1719 1649 namque
1765 1561 1947 1648 quod
2010 1583 2437 1648 consequens
2477 1573 2622 1640 est,
2682 1560 3012 1631 nimirum
3066 1574 3143 1630 ut

616 1649 794 1719 sicut
845 1662 912 1719 tu
963 1651 1135 1719 mitn
1201 1663 1386 1739 pater
1431 1672 1527 1730 es,
1585 1650 1675 1718 ita
1726 1649 2178 1718 nibilominus
2236 1663 2301 1719 et
2355 1662 2510 1721 tuae
2560 1650 2903 1739 lacrymae
2962 1671 3150 1719 mea-

617 1759 768 1807 rum
810 1761 1082 1826 quoque
1122 1738 1579 1827 lacrymarum
1633 1739 1870 1808 fierent
1909 1738 2297 1828 genitrices,
2338 1765 2363 1804 ι)

706 1835 743 1908 ἓ
790 1832 872 1899 S.
927 1833 1003 1897 In
1056 1828 1315 1917 Regula
1352 1848 1622 1914 quoque
1654 1826 2000 1896 eremitica
2041 1827 2414 1898 inseruisse
2445 1846 2551 1896 me
2592 1824 2835 1896 recolo.
2869 1826 3144 1895 Dicam:

621 1915 745 1985 Sed
796 1916 952 2003 quis
1002 1916 1149 1994 scit,
1183 1930 1413 1986 utrum
1468 1914 1635 1984 fides
1684 1915 2045 1986 assertioni
2076 1915 2518 1985 fidelissimae
2569 1915 3030 2005 praebeatur?
3074 1919 3150 1985 At

618 2003 1253 2094 parvipendendum
1304 2016 1427 2083 est,
1482 2004 1540 2074 si
1581 2004 1886 2073 bumana
1936 2005 2277 2074 temeritas
2325 2016 2592 2094 arguat,
2635 2026 2839 2091 quem
2872 2025 3149 2074 summa

617 2093 862 2163 veritas
902 2093 1213 2162 salsitatis
1243 2105 1545 2162 excusat.
1586 2098 1698 2161 Est
1756 2094 1931 2161 inter
1966 2114 2111 2172 noa,
2147 2094 2267 2180 qui
2320 2113 2819 2180 nonnunquam
2855 2113 2995 2162 uno
3037 2091 3150 2160 die

616 2182 1015 2250 continuato
1061 2202 1219 2250 cum
1272 2194 1486 2261 nocte,
1551 2202 1789 2250 novem
1841 2180 2162 2271 psalteria
2220 2180 2613 2251 meditando
2675 2181 3019 2261 decurrat,
3087 2191 3151 2250 et

618 2270 887 2338 interim
942 2291 1110 2359 pene
1141 2291 1411 2357 semper
1448 2273 1738 2357 utraque
1766 2291 2001 2351 manu,
2058 2270 2283 2360 scopis
2333 2272 2618 2349 armata,
2673 2268 2937 2339 nudum
2993 2288 3148 2339 cor-

620 2379 750 2448 pus
796 2357 1069 2426 afficiat.
1123 2357 1506 2427 Notandum
1542 2372 1795 2439 autem,
1847 2358 2011 2445 quia
2045 2357 2210 2426 dum
2260 2359 2428 2427 haec
2480 2379 2798 2448 peragere
2839 2358 3138 2447 satagit,

619 2459 837 2525 nocte,
885 2446 985 2515 vel
1023 2445 1131 2516 die
1179 2446 1478 2526 dormire
1514 2468 1646 2516 non
1703 2460 1930 2516 vacat:
1971 2445 2085 2516 sed
2123 2446 2495 2535 aliquando
2529 2468 2751 2539 genua
2804 2446 3088 2517 flectens
3114 2501 3135 2527 ,

619 2534 783 2604 dum
819 2548 1024 2626 caput
1058 2550 1272 2605 terrae
1297 2535 1599 2625 deponit,
1627 2536 1725 2605 sic
1767 2535 1953 2605 nudo
1986 2549 2258 2625 repente
2290 2559 2579 2606 somnus
2609 2536 2897 2624 obrepit,
2933 2557 3151 2623 eoque

618 2624 763 2694 solo
810 2637 1170 2694 contentus
1217 2637 1339 2694 est.
1376 2624 1500 2693 Hic
1541 2624 1712 2692 mibi
1743 2624 2114 2711 aliquando
2164 2625 2461 2694 fraterna
2498 2623 2961 2694 familiaritate
2987 2647 3151 2695 con-

617 2725 901 2799 questus
931 2726 1054 2795 est,
1106 2713 1274 2800 quia
1311 2735 1469 2782 curn
1522 2734 1762 2782 novem
1804 2713 1902 2782 sic
1936 2712 2258 2802 psalteria
2291 2735 2494 2804 saepe
2544 2711 2965 2783 modulando
2995 2735 3147 2803 per-

621 2802 870 2883 ficeret,
916 2802 999 2871 ad
1051 2801 1396 2871 decimum
1450 2822 1803 2888 nunquam
1851 2802 2145 2890 potuerit
2193 2803 2568 2891 pervenire.

706 2893 742 2978 ἕ
787 2895 881 2961 θ.
935 2896 1010 2959 Ιι]
1048 2889 1335 2979 epistola
1380 2911 1677 2977 quoque,
1732 2912 1939 2976 quam
1978 2888 2264 2959 Blancae
2311 2891 2709 2961 comitissae
2736 2890 3142 2971 direximuS‚

620 2979 787 3047 haec
824 3001 947 3048 nos
979 2978 1313 3048 indidisse
1362 2976 1696 3049 videmur.
1744 2978 2012 3047 Utinam
2056 2979 2335 3048 daretur
2387 2980 2509 3048 tibi
2566 3000 2750 3048 nuuc
2784 2977 3149 3048 dominum

623 3088 849 3137 meum
900 3067 1128 3137 videre
1165 3067 1635 3148 Dominicum,
1688 3066 1808 3154 qui
1856 3066 2036 3154 quod
2086 3068 2440 3157 imperitae
2491 3068 2768 3157 linguae
2813 3088 3152 3136 conamur

616 3155 862 3237 officio,
917 3157 1063 3246 ipse
1102 3169 1163 3225 te
1209 3155 1572 3225 efficaciori
1623 3155 2212 3225 luculentissimae
2264 3156 2436 3226 vitae
2491 3157 2759 3226 doceret
2806 3168 2871 3225 et
2941 3154 3154 3225 insor-

623 3258 839 3314 maret
884 3245 1217 3335 exemplo.
1270 3245 1395 3313 Hic
1443 3244 1741 3331 denique
1802 3267 1841 3313 a
1892 3245 2110 3314 tribus
2178 3245 2451 3314 circiter
2495 3267 2838 3314 annorum
2906 3243 3150 3315 lustris

623 3331 832 3401 lorica
872 3333 1089 3401 ferrea
1135 3334 1419 3414 vestitur
1450 3333 1533 3402 ad
1564 3354 1865 3412 carnem,
1908 3334 2184 3403 duobus
2223 3346 2451 3404 autem
2487 3333 2723 3402 ferreis
2760 3333 3041 3404 circulis
3078 3333 3149 3401 in

620 3441 904 3509 corpore
941 3421 1266 3509 cingitur,
1322 3422 1593 3491 duobus
1643 3422 1802 3491 item
1856 3443 1975 3511 per
2026 3422 2462 3492 brachiorum
2500 3443 2727 3491 armos
2760 3433 3088 3492 arctatur.

708 3516 745 3589 ἓ
796 3513 952 3581 10.
1008 3509 1131 3578 Sed
1183 3509 1348 3595 quia
1410 3508 1492 3579 de
1541 3510 1658 3579 illo
1711 3511 1780 3579 in
1843 3510 1998 3579 aliis
2057 3511 2307 3580 nostris
2354 3510 2711 3601 opusculis
2749 3511 2894 3600 jam
2946 3510 3153 3600 plura

621 3595 1061 3686 digessimus,
1101 3620 1287 3667 nunc
1318 3597 1499 3685 quod
1552 3598 1658 3667 vix
1690 3610 1845 3668 ante
1891 3620 2005 3668 sex
2062 3599 2208 3669 dies
2251 3599 2335 3669 ad
2382 3622 2504 3669 nos
2553 3599 2830 3669 veniens
2886 3598 3145 3681 retulit,

619 3685 1070 3773 proferamus.
1135 3687 1237 3755 Ait
1287 3687 1554 3773 itaque:
1609 3708 1644 3753 «
1698 3687 1991 3777 Contigit
2040 3709 2146 3757 me
2207 3710 2431 3770 nosse,
2496 3688 2678 3776 quod
2734 3687 3147 3777 scripseris,

517 3801 520 3806 >
624 3795 864 3843 novem⁴
913 3796 1021 3843 me
1071 3796 1209 3844 uno
1241 3774 1351 3844 die
1401 3775 1719 3865 psalteria
1759 3774 2155 3846 decantasse
2209 3800 2368 3846 cum
2417 3775 2889 3878 corporalibus
2938 3776 3154 3846 disci-

622 3862 851 3950 plinis.
897 3863 1089 3946 Quod
1140 3876 1320 3934 certe
1365 3886 1525 3933 cum
1559 3863 1814 3945 audivi,
1862 3864 2295 3935 tremefactus
2325 3888 2589 3956 expavl,
2626 3878 2691 3934 et
2728 3865 3157 3935 conscientia

622 3950 1046 4022 remordente
1091 3953 1482 4042 congemui.
1520 3957 1673 4032 Vae,
1720 3951 2031 4040 inquam,
2076 3954 2278 4023 mihi:
2322 3976 2477 4025 ecce
2526 3955 2655 4023 hoc
2703 3953 2786 4022 de
2844 3975 2977 4034 me,
3030 3975 3155 4022 ne-

621 4039 872 4109 sciente
904 4062 1033 4122 me,
1079 4042 1410 4130 scriptum
1461 4053 1584 4116 est.
1624 4054 1689 4110 et
1723 4053 1941 4110 tamen
1994 4053 2226 4112 utrum
2268 4067 2305 4112 a
2364 4066 2481 4128 me,
2510 4041 2840 4130 hocfieri
2892 4042 3157 4132 potuis-

623 4142 742 4207 set,
797 4129 1060 4218 ignoro.
1100 4135 1239 4220 Ego
1298 4151 1541 4200 rursus
1578 4129 1918 4218 experiar,
1971 4144 2036 4200 et
2096 4155 2181 4201 an
2243 4132 2369 4202 hoc
2419 4131 2705 4223 implere
2754 4131 3096 4221 potuerim
3135 4186 3153 4213 ,

622 4217 1091 4288 indubitanter
1135 4241 1528 4307 agnoscam.
1569 4222 1823 4302 Quarta
1859 4219 2070 4309 igitur
2116 4221 2281 4291 feria
2340 4242 2448 4290 me
2507 4220 2807 4291 vestibus
2855 4221 3036 4301 exui,
3089 4233 3161 4292 et

619 4309 884 4376 armata
918 4307 1142 4397 scopis
1169 4321 1458 4395 utraque
1507 4329 1742 4388 manu,
1797 4319 2004 4378 totam
2042 4323 2306 4379 noctem
2342 4309 2660 4380 ducendo
2720 4309 3151 4401 pervigilem,

623 4394 936 4485 psallere,
989 4419 1067 4467 ac
1117 4419 1224 4468 me
1271 4398 1627 4468 verberare
1665 4418 1800 4466 non
1852 4397 2102 4480 destiti,
2156 4398 2374 4471 donec
2422 4399 2534 4470 die
2580 4400 2791 4470 altero
2838 4398 3159 4472 decursis
