3347 4999
713 306 798 369 76
1267 321 1348 368 nn
1395 320 1447 367 s.
1502 316 1894 366 momento
1942 317 2142 367 ausc.
2185 319 2260 365 ar
2307 314 2504 367 nitar.
2704 356 2714 368 .
2910 296 3119 364 OCT.
3181 300 3225 363 2

621 406 953 497 sepa-rari,
1008 405 1265 473 timens.
1301 424 1384 472 ne
1437 424 1684 472 rursus
1725 403 2150 493 arriperetur
2188 402 2276 471 ab
2313 402 2530 481 hoste,
2571 423 2610 470 a
2651 422 2798 488 quo
2842 420 2914 470 se
2948 421 3222 469 cerne·
3297 412 3298 423 ¹

625 497 745 566 bat
791 496 1169 563 liberatam.

713 587 749 671 ξ
800 590 954 656 24.
1031 581 1198 651 Inde
1246 592 1523 649 ventum
1580 592 1683 649 est
1752 579 1817 648 in
1885 584 2348 649 Turonensem
2411 579 2681 648 urbem.
2755 577 2825 647 Id
2880 576 3215 649 audiens

623 673 914 744 civitatis
977 671 1221 760 Episco
1270 690 1404 749 us,
1472 669 1597 754 qui*
1663 681 1806 737 tum
1879 669 2150 746 aderat,
2213 668 2669 748 RuotbertuS,
2724 689 2883 736 eum
2941 666 3238 757 choris,

676 761 1067 831 salientium
1118 770 1183 828 et
1256 756 1673 857 ampadibus
1724 756 1845 827 ivit
1888 758 2157 827 obviam
2191 811 2208 835 ,
2268 770 2771 848 acceptumque
2816 776 2982 825 oum
3040 756 3208 825 suis

652 863 974 929 aratrum,
1038 870 1159 937 per
1217 846 1510 916 mediam
1560 845 1759 914 duxit
1811 846 2084 916 urbem.
2145 845 2247 915 Ibi
2295 860 2440 915 tum
2490 845 2829 933 quaedam
2886 843 3202 924 mulier,

624 939 809 1026 quod
844 939 1187 1007 diceretur
1223 934 1561 1005 occidisse
1596 935 1920 1004 maritum
1953 957 2183 1013 suum,
2224 934 2400 1004 collo
2432 957 2512 1005 ac
2546 934 2872 1004 manibus
2904 934 3202 1005 catenis

627 1029 876 1108 vincta,
930 1028 1023 1096 ita
1061 1024 1495 1095 exclamavit:
1551 1023 1863 1093 Subvene
1907 1024 2108 1100 mihi,
2156 1024 2347 1093 beate
2397 1023 2803 1113 Leodegari:
2856 1022 3202 1109 quando-

624 1116 903 1206 quidem
946 1116 1279 1184 innocens
1315 1134 1537 1202 pereo,
1581 1133 1621 1180 a
1652 1110 1844 1182 falsis
1878 1114 2395 1182 accusatoribus
2435 1113 2735 1203 alligata.
2777 1112 2902 1181 His
2934 1111 3196 1193 dictis,

626 1228 782 1275 mox
832 1217 1034 1293 rupta
1082 1215 1343 1281 catena,
1383 1223 1418 1269 a
1451 1200 1629 1271 collo
1659 1215 1726 1269 et
1760 1202 2085 1271 manibus
2118 1201 2399 1271 decidit.
2452 1207 2668 1284 Quam
2723 1200 2843 1269 illa
2871 1201 3201 1289 conjecit

625 1295 696 1363 in
738 1293 1088 1372 feretrum,
1126 1303 1613 1378 compertaque
1638 1303 1742 1360 est
1773 1291 2033 1377 absque
2083 1312 2256 1359 noxa
2304 1289 2576 1361 dedisse
2628 1311 2914 1380 poenas.

716 1386 753 1483 ᾧ
803 1388 957 1454 25.
1014 1384 1185 1449 Cum.
1230 1380 1328 1448 sic
1378 1392 1601 1448 autem
1639 1380 1819 1448 idem
1856 1378 2158 1449 Pontifex
2204 1401 2480 1449 sacrum
2516 1400 2768 1469 corpus
2817 1401 2986 1449 cum
3038 1400 3199 1448 ma-

629 1493 786 1561 gnis
817 1469 1147 1539 laudibus
1174 1490 1292 1556 per
1325 1489 1521 1537 suam
1560 1468 1953 1558 parochiam
1991 1467 2407 1547 deduxisset,
2444 1480 2510 1537 et
2543 1468 2718 1536 intra
2749 1467 3198 1537 pictaviense

630 1559 852 1630 solum
931 1558 1445 1648 pervenissent,
1501 1557 1863 1646 paululum
1929 1557 2000 1624 in
2065 1558 2212 1626 vico
2280 1556 2636 1647 Egerande
2696 1556 2998 1645 quievit:
3063 1557 3198 1626 ubi

628 1647 924 1717 claudus
946 1647 1231 1734 quidam
1262 1666 1654 1725 occurrens,
1705 1659 2062 1735 postquam
2099 1646 2182 1714 ad
2222 1668 2494 1716 sacrum
2535 1665 2789 1735 corpus
2824 1645 2890 1713 in
2933 1667 3196 1735 preces

629 1758 701 1805 se
752 1736 1135 1837 prostravit,
1191 1734 1416 1803 statim
1472 1734 1790 1805 revaluit:
1844 1735 2012 1805 etin
2055 1734 2263 1825 pedes
2310 1748 2602 1814 erectus,
2642 1733 3024 1804 incolumis
3060 1735 3196 1804 ab·

629 1839 891 1895 scessit.

716 1916 753 2000 §
788 1919 949 1985 2⁶.
985 1912 1284 1982 Audiens
1318 1912 1385 1981 id
1417 1911 1756 1999 quaedam
1800 1911 2072 1993 mulier,
2105 1912 2308 2002 cujus
2332 1932 2580 1979 manus
2610 1910 2966 2000 propriam
3001 1910 3194 1979 ami·

629 2016 859 2073 serant
906 2001 1227 2082 formam,
1275 2001 1512 2090 digitis
1560 2001 1729 2070 adeo
1779 2001 2107 2081 incurvis,
2162 2014 2239 2070 ut
2290 1999 2555 2069 mediae
2606 1999 2875 2089 palmae
2924 1999 3194 2090 infige-

631 2104 890 2171 rentur,
960 2102 1024 2159 et
1073 2110 1344 2179 ungues
1391 2091 1569 2159 intra
1616 2110 1891 2160 carnem
1943 2089 2304 2159 haererent
2367 2088 2794 2168 absconditi,
2854 2088 3192 2158 invocato

630 2179 748 2248 Dei
798 2179 1076 2247 nomine
1121 2193 1187 2247 et
1233 2179 1453 2248 sancti
1506 2178 1851 2269 martyriS,
1887 2191 2123 2248 sanata
2164 2189 2302 2249 est:
2355 2189 2426 2247 et
2453 2177 2709 2267 gratias
2756 2199 2976 2267 agens
3013 2182 3186 2256 Deo,

629 2267 915 2338 domum
970 2267 1260 2356 repetiit.

718 2359 754 2443 ξ
805 2361 948 2428 22.
1001 2355 1182 2425 Illud
1225 2374 1378 2425 vero
1426 2377 1858 2443 nequaquam
1912 2353 2688 2445 silentiopremendum
2734 2365 2835 2423 est
2876 2354 3195 2424 miracu·

631 2444 805 2524 lum,
840 2444 1020 2531 quod
1071 2466 1228 2513 eum
1281 2445 1383 2514 vir
1410 2446 1520 2514 Dei
1560 2444 1945 2515 Ansoaldus
1985 2445 2364 2535 Episcopus
2401 2445 2856 2524 Pictavorum‚
2896 2466 3188 2514 sacrum

632 2533 991 2603 didicisset
1037 2533 1403 2603 adventare
1449 2557 1725 2624 corpus,
1778 2534 2216 2622 velocemque
2264 2534 2563 2603 misisset
2619 2534 2956 2604 nuncium
2987 2587 3003 2614 ,
3062 2533 3190 2620 qui

628 2644 710 2692 ex
744 2622 905 2691 villa
952 2623 1197 2712 ipsius,
1251 2645 1459 2709 quarn
1501 2628 1959 2693 Interamnam
2013 2634 2278 2705 vocant,
2307 2622 2583 2693 abunde
2616 2625 2852 2692 vinum
2905 2643 3191 2711 prom&

631 2723 756 2790 ret,
800 2711 987 2782 unde
1038 2733 1374 2801 pauperes
1428 2723 1503 2802 et·
1540 2711 1885 2798 reliquum
1945 2712 2241 2800 vulgus,
2294 2711 2477 2798 quod
2543 2722 2855 2780 sanctum
2921 2733 3192 2801 corpus

630 2802 1197 2902 prosequebatur,
1240 2800 1424 2869 refici
1479 2813 1727 2890 posset,
1763 2800 1972 2887 idque
1998 2802 2093 2870 ita
2130 2801 2386 2871 factum
2436 2812 2649 2870 esset:
2696 2821 2829 2869 non
2867 2798 2995 2869 diu
3031 2814 3191 2889 post

628 2890 1009 2959 indicatum
1060 2902 1184 2970 est,
1241 2889 1476 2958 omnia
1527 2911 1711 2970 vasa,
1763 2889 2051 2976 quaein
2102 2888 2298 2969 cella,
2344 2889 2534 2959 unde
2562 2889 2804 2958 vinum
2854 2888 3188 2976 deprom-

630 2991 824 3079 ptum
876 2977 1028 3058 fuit,
1084 2999 1255 3066 pene
1303 3000 1520 3047 vacua
1573 2992 2066 3059 remanserant,
2119 2978 2291 3048 adeo
2341 2977 2751 3060 redundare,
2806 2990 2885 3046 ut
2935 2978 3185 3046 vinum

631 3089 702 3135 ln
754 3067 1223 3156 pavimentum
1277 3079 1629 3146 manaret,
1683 3079 1749 3136 et
1796 3066 2014 3136 nihilo
2063 3067 2298 3136 minus
2346 3089 2506 3136 vasa
2550 3077 2903 3136 manerent
2942 3065 3176 3153 plena.

723 3162 760 3235 ἓ
813 3158 963 3226 28.
1012 3159 1167 3224 Post
1200 3155 1366 3226 haec
1399 3177 1563 3225 cum
1603 3155 1688 3224 ad
1728 3156 2100 3246 Vigennam
2155 3156 2443 3227 fluvium
2496 3155 2862 3242 vicumque
2912 3158 3180 3224 Sanno-

632 3263 914 3312 nensem
969 3243 1336 3324 venissent,
1390 3256 1633 3313 ventus
1664 3245 2054 3314 contrarius
2103 3244 2326 3314 undas
2371 3244 2762 3314 commovit.
2805 3248 3177 3313 Metuentes

633 3333 865 3417 itaque
901 3343 1172 3411 nautae,
1214 3332 1540 3402 nolebant
1585 3332 1943 3402 admittere
1990 3346 2068 3402 ut
2116 3333 2183 3401 in
2241 3335 2467 3404 navim
2519 3334 2875 3412 intrarent,
2920 3353 3010 3401 ne
3058 3351 3177 3400 na-

630 3421 945 3510 vigantes
990 3419 1291 3500 flumen,
1346 3422 1415 3489 in
1464 3420 1832 3491 discrimen
1888 3421 2418 3509 conjicerentur.
2478 3427 2554 3492 At
2603 3422 2705 3492 vir
2754 3421 2867 3490 Dei
2912 3420 3176 3490 Audul-

631 3509 819 3600 phus
864 3507 1100 3588 abbas,
1139 3509 1343 3597 cujus
1387 3532 1594 3579 curae
1642 3531 1916 3580 sacrum
1952 3533 2205 3601 corpus
2231 3513 2677 3582 commissum
2728 3523 2895 3590 erat,
2955 3510 3175 3579 sancti

631 3597 956 3686 martyris
1005 3597 1268 3667 meritis
1316 3597 1563 3673 fidens,
1613 3620 1729 3669 eos
1762 3599 2120 3691 compulit,
2185 3600 2462 3670 dicens:
2518 3600 2751 3669 Mittite
2801 3600 2868 3667 in
2912 3600 3168 3678 navim,

631 3699 698 3756 et
746 3685 1030 3755 transite
1063 3686 1328 3764 securi·‚
1384 3697 1600 3776 potest
1652 3707 1951 3776 namque
2000 3693 2177 3758 Deus
2211 3711 2330 3780 per
2360 3689 2577 3760 saneti
2609 3689 2718 3757 sui
2771 3686 3009 3756 merita
3050 3686 3174 3757 has

633 3774 875 3844 sedare
921 3774 1170 3844 undas.
1227 3779 1392 3844 Cum
1455 3797 1621 3867 ergo
1664 3797 1940 3848 sacrum
1990 3800 2244 3868 corpus
2303 3790 2481 3847 esset
2538 3776 2693 3846 navi
2741 3775 3168 3864 impositum,

632 3876 698 3933 et
748 3875 994 3932 nautae
1014 3862 1155 3951 jam
1197 3864 1518 3955 navigare
1556 3866 1966 3955 coepissent,
2003 3866 2362 3937 confestim
2410 3866 2640 3935 undae
2688 3864 3167 3945 subsederunt,

634 3963 700 4021 et
746 3952 1036 4022 fluvium
1090 3973 1413 4042 prospere
1470 3955 2030 4025 transmiserunt.
2097 3955 2244 4025 lllis
2298 3977 2456 4024 vero
2505 3966 2704 4024 nocte
2761 3954 2833 4023 in
2887 3952 3172 4022 ecclesia

631 4039 1150 4128 quiescentibus
1180 4093 1196 4118 ,
1246 4041 1587 4129 quaedam
1639 4043 1999 4134 peregrina
2055 4044 2302 4113 mulier
2357 4065 2516 4114 cum
2566 4064 2768 4114 caeco
2833 4040 3173 4110 infantulo

635 4128 934 4207 advenit,
967 4139 1103 4198 tota
1150 4129 1269 4199 illa
1302 4142 1496 4201 nocte
1528 4131 1596 4200 in
1633 4133 1940 4202 oratione
1982 4132 2398 4222 pervigilans
2423 4154 2442 4213 ;
2467 4143 2534 4202 et
2556 4153 2712 4202 ecce
2764 4151 2963 4200 mane
2994 4128 3172 4201 videt

633 4217 978 4288 infantulo
1028 4216 1369 4287 redditum
1421 4219 1654 4289 lumen
1705 4221 1890 4307 quod
1924 4221 2268 4290 amiserat.

727 4311 763 4395 ξ
793 4310 956 4378 28.
994 4304 1165 4375 Inde
1194 4320 1377 4376 recto
1408 4308 1647 4377 itinere
1682 4323 2014 4379 venerunt
2038 4310 2123 4379 ad
2153 4310 2529 4400 Gelnagum
2560 4308 2818 4389 villam,
2848 4306 2930 4376 ad
2964 4328 3169 4394 quam

632 4396 739 4464 vir
787 4397 899 4466 Dei
949 4394 1335 4464 Ansoaldus
1382 4397 1649 4466 obviam
1694 4419 2106 4489 progressus
2134 4411 2236 4469 est
2281 4421 2440 4469 cum
2477 4401 2678 4468 turba
2727 4396 3162 4478 clericorum,
