3347 4999
200 349 370 415 OCT.
431 349 512 414 43
1106 369 1184 414 nn
1234 369 1289 415 s.
1344 365 1639 415 anuaano
1691 365 1853 415 nme
2534 352 2660 417 363

197 452 460 542 rapinis
507 451 739 520 omnia
786 450 1268 539 replebantur:
1323 451 1582 537 ubique
1640 450 1906 533 luctuS‚
1959 452 2223 521 clamor
2269 465 2334 522 et
2383 453 2738 525 desolatio.

193 540 670 610 Incenduntur
716 539 1068 621 ecclesiae,
1125 541 1539 610 monasteria
1579 539 2046 619 devastantur,
2083 540 2473 612 sacerdotes
2519 566 2558 611 a
2599 544 2747 615 suis

194 629 477 699 sedibus
503 628 744 718 fugati,
786 629 852 697 in
892 627 1059 699 locis
1094 628 1381 701 desertis
1415 650 1856 698 communem
1912 630 2256 699 miseriam
2311 629 2747 719 deplorantes

194 717 708 787 delitescebant.
764 722 948 787 Inter
993 740 1168 805 quos
1204 718 1305 787 vir
1354 716 1766 788 venerabilis
1817 716 2221 787 Britwaldus
2255 720 2746 790 wintoniensis

194 807 586 896 episcopuS,
642 806 1050 876 coenobium
1088 808 1563 877 Glastoniense
1606 828 1921 876 moerens
1970 830 2049 876 ac
2102 807 2314 876 tristis
2352 807 2732 896 ingressus,

191 895 619 965 orationibus
665 895 951 965 vacabat
996 908 1061 964 et
1099 896 1406 985 psalmis.
1441 895 1570 978 Qui
1600 917 1762 964 cum
1795 894 2173 982 aliquando
2209 917 2331 986 pro
2368 898 2557 986 regni
2592 896 2735 983 ple-

196 984 437 1071 bisque
477 982 880 1055 liberatione
921 1006 1155 1075 preces
1205 985 1687 1074 lacrymasque
1719 984 2187 1085 profunderet,
2225 986 2426 1072 quasi
2463 987 2530 1054 in
2571 984 2739 1055 haec

194 1074 394 1142 verba
439 1094 920 1163 prorumpens,
978 1074 1108 1143 ait:
1163 1096 1200 1140 «
1252 1079 1328 1142 Et
1376 1088 1485 1154 tu,
1546 1078 1850 1155 Domine,
1915 1077 2321 1161 usquequo?
2372 1079 2739 1161 Usquequo

193 1162 439 1232 avertis
484 1161 728 1231 faciem
766 1166 1000 1232 tuam?
1059 1162 1486 1232 oblivisceris
1537 1162 1814 1246 inopiae
1857 1176 2128 1232 nostrae
2166 1175 2231 1232 et
2274 1162 2741 1234 tribulationis

197 1254 513 1320 nostrae?
561 1256 845 1320 Sanctos
910 1265 1061 1321 tuos
1112 1250 1555 1333 occiderunt,
1622 1251 1867 1320 altaria
1933 1263 2048 1320 tua
2107 1251 2624 1332 destruxerunt,
2677 1263 2743 1322 et

192 1360 322 1408 non
374 1353 478 1409 est
525 1340 645 1427 qui
697 1340 1018 1421 redimat,
1092 1361 1311 1426 neque
1359 1340 1479 1428 qui
1528 1339 1796 1408 salvum
1862 1338 2087 1410 faciat.
2145 1340 2333 1420 Scio,
2408 1342 2733 1420 Domine,

191 1429 353 1509 scio,
407 1428 575 1515 quia
621 1429 857 1498 omnia
902 1450 1080 1515 quae
1126 1427 1345 1498 fecisti
1412 1428 1634 1508 nobis,
1680 1428 1749 1497 in
1796 1449 1951 1499 vero
1983 1428 2254 1516 judicio
2301 1428 2545 1499 fecisti.
2610 1430 2738 1499 Sed

192 1517 508 1604 nunquid
565 1517 632 1585 in
684 1532 1037 1586 aeternum
1091 1518 1400 1608 projiciet
1448 1522 1647 1597 Deus,
1690 1530 1755 1587 et
1796 1538 1932 1586 non
1966 1530 2264 1608 apponet
2314 1531 2389 1588 ut
2435 1519 2739 1608 compla-

190 1605 388 1675 citior
417 1606 507 1675 sit
545 1605 821 1676 adbuc?
866 1606 1120 1687 Eritne,
1176 1606 1460 1676 Domine
1508 1610 1686 1675 Deus
1736 1627 1954 1687 meus,
2008 1607 2225 1676 eritne
2274 1606 2436 1676 finis
2484 1608 2730 1677 horum

191 1694 666 1765 mirabilium?
714 1707 835 1765 aut
881 1696 949 1763 in
1001 1710 1354 1764 aeternum
1426 1708 1585 1764 tuus
1649 1695 1719 1763 in
1783 1716 1906 1764 nos
1969 1716 2207 1765 mucro
2256 1695 2617 1778 desaeviet,
2672 1708 2737 1765 et

188 1784 531 1871 percuties
581 1805 802 1870 usque
847 1783 934 1853 ad
985 1783 1572 1853 internecionem?
1612 1806 1648 1850 »
1701 1789 1886 1854 Inter
1925 1805 2159 1874 preces
2211 1784 2483 1853 tandem
2535 1799 2600 1853 et
2640 1784 2737 1853 la-

186 1892 460 1959 crymas
509 1871 867 1961 fatigatum
921 1894 1125 1962 sopor
1172 1873 1404 1942 suavis
1451 1871 1739 1962 excepit,
1795 1872 2113 1959 videtque
2168 1894 2289 1962 per
2353 1873 2729 1954 somnium,

187 1958 467 2030 beatum
497 1965 768 2030 Petrum
808 1962 876 2029 in
912 1962 1350 2031 eminentiori
1369 1960 1516 2030 loco
1550 1960 2029 2043 constitutum,
2067 1975 2133 2031 et
2165 1974 2323 2031 ante
2348 1985 2506 2031 eum
2595 1984 2740 2030 rae-

185 2048 351 2118 clari
395 2048 631 2119 vultus
664 2050 732 2118 in
769 2048 989 2119 forma
1021 2050 1312 2131 decenti,
1352 2049 1703 2140 regalibus
1752 2050 2050 2141 insignis
2097 2051 2428 2121 amictum
2474 2055 2522 2118 E
2578 2073 2735 2119 uar-

184 2136 376 2208 dum.
455 2143 670 2221 Quem
744 2159 903 2208 cum
973 2139 1269 2240 propriis
1330 2139 1655 2208 manibus
1718 2138 2078 2228 Apostolus
2139 2152 2606 2209 consecrasset
2673 2153 2738 2210 et

185 2228 497 2297 unxisset
531 2228 600 2296 in
635 2248 890 2317 regem,
938 2245 1194 2297 monita
1228 2226 1474 2296 salutis
1521 2226 1797 2314 adjecit:
1854 2228 2358 2318 praecipueque
2405 2228 2736 2297 caelibem

184 2316 386 2384 vitam
446 2316 968 2395 commendans,
1025 2330 1189 2404 quot
1236 2329 1412 2387 esset
1449 2317 1655 2385 annis
1689 2330 2103 2405 regnaturus
2135 2317 2428 2405 aperuit.
2482 2317 2732 2387 Obstu-

186 2403 498 2491 pefactus
548 2405 820 2495 praesul
876 2406 1042 2474 tanti
1093 2404 1411 2474 miraculi
1449 2405 1767 2485 novitate,
1805 2405 1969 2494 petit
2001 2405 2135 2475 sibi
2174 2427 2212 2473 a
2248 2408 2494 2474 Sancto
2522 2406 2734 2494 hujus

184 2492 471 2563 visionis
536 2495 941 2594 mysterium
993 2493 1301 2564 revelari.
1359 2498 1448 2563 De
1494 2509 1676 2565 statu
1750 2493 2037 2584 insuper
2107 2494 2334 2584 regni,
2387 2510 2452 2564 et
2499 2494 2583 2564 de
2625 2497 2731 2565 in-

184 2584 434 2653 stantis
485 2582 772 2672 periculi
821 2584 961 2652 fine
1008 2583 1468 2673 Apostolicum
1520 2583 1743 2675 exegit
1788 2582 2174 2653 oraculum.
2225 2589 2413 2653 Tunc
2465 2583 2734 2672 placido

183 2672 374 2741 vultu
400 2671 704 2742 intuitus
729 2673 1106 2741 intuentem
1143 2695 1238 2752 se,
1281 2672 1397 2740 ait:
1442 2695 1480 2738 «
1511 2673 1807 2753 Domini,
1853 2696 1893 2742 o
1928 2671 2226 2763 praesul,
2273 2684 2376 2742 est
2410 2694 2730 2761 regnum,

184 2772 247 2828 et
295 2762 448 2850 ipse
496 2760 971 2832 dominabitur
1019 2761 1086 2829 in
1137 2760 1302 2830 filiis
1365 2760 1756 2830 hominum.
1808 2766 1963 2850 Ipse
2012 2760 2334 2832 transfert
2391 2781 2598 2850 regna
2667 2773 2733 2830 et

183 2862 398 2919 mutat
455 2849 768 2940 imperia,
812 2862 878 2918 et
927 2862 1204 2949 propter
1251 2862 1526 2940 peccata
1576 2849 1813 2940 populi
1865 2872 2150 2940 regnare
2201 2849 2360 2918 facit
2410 2849 2732 2938 hypocri-

187 2949 339 3005 tam.
387 2943 750 3007 Peccatum
805 2951 1106 3027 peccavit
1156 2937 1457 3039 populus
1505 2952 1669 3008 tuus
1719 2939 2028 3020 Domino,
2081 2950 2146 3007 et
2186 2937 2467 3007 tradidit
2497 2960 2614 3008 eos
2654 2938 2728 3007 in

184 3045 436 3096 manus
484 3027 821 3127 gentium,
872 3041 939 3096 et
984 3026 1320 3097 dominati
1379 3041 1542 3097 sunt
1592 3048 1832 3097 eorum
1881 3027 2002 3114 qui
2062 3025 2355 3097 oderunt
2402 3047 2542 3096 eos.
2599 3026 2730 3095 Sed

183 3133 316 3183 non
364 3115 813 3185 obliviscetur
860 3117 1167 3187 misereri
1215 3121 1417 3197 Deua,
1475 3137 1596 3186 nec
1644 3115 2023 3185 continebit
2072 3116 2140 3183 in
2194 3116 2297 3184 ira
2345 3137 2472 3186 sua
2523 3115 2729 3184 mise-

185 3201 516 3273 ricordias
563 3226 749 3274 suas,
806 3204 945 3274 Erit
989 3205 1201 3285 enim,
1258 3227 1415 3274 cum
1466 3204 1832 3274 dormieris
1862 3227 2021 3273 cum
2064 3204 2375 3293 patribus
2425 3203 2584 3284 tuiS,
2630 3204 2729 3272 vi·-

185 3290 417 3362 sitabit
464 3293 798 3362 Dominus
833 3293 1169 3384 populum
1206 3314 1439 3374 suum,
1471 3307 1538 3362 et
1583 3292 1786 3362 faciet
1812 3295 2146 3363 Dominus
2181 3293 2727 3382 redemptionem

183 3378 405 3533 plebis
453 3403 642 3451 suae.
697 3381 914 3472 Elegit
976 3383 1161 3452 enim
1225 3382 1357 3452 sibi
1422 3382 1647 3451 virum
1709 3381 2094 3450 secundum
2152 3403 2270 3451 cor
2317 3404 2550 3460 suum,
2604 3382 2728 3468 qui

210 3469 384 3539 aciat
414 3491 657 3540 omnes
688 3470 1073 3542 voluntates
1105 3493 1292 3552 suas,
1330 3470 1476 3557 qui,
1516 3492 1621 3540 me
1650 3469 2059 3559 opitulante,
2105 3492 2177 3540 re
2282 3492 2395 3541 um
2434 3470 2727 3558 adeptus

185 3558 583 3647 Anglorum‚
623 3559 876 3629 Danico
915 3559 1129 3629 furori
1169 3560 1377 3628 'finem
1417 3559 1746 3649 imponet.
1801 3559 1943 3628 Erit
1970 3559 2156 3628 enim
2251 3572 2532 3648 cceptus
2568 3564 2720 3639 Deo,

184 3663 419 3732 gratus
469 3647 892 3728 hominibus,
950 3648 1275 3718 terribilis
1306 3648 1644 3727 hostibus,
1683 3646 2005 3719 amabilis
2043 3647 2336 3729 civibuS,
2381 3647 2573 3717 utilis
2603 3651 2726 3716 Ec-

183 3731 452 3830 clesiae,
491 3735 1050 3824 laudabilemque
1082 3737 1289 3806 ,vitam
1327 3747 1563 3807 sancto
1613 3736 1749 3806 fine
1780 3736 2168 3806 concludet.
2208 3759 2244 3803 »
2279 3741 2466 3819 Quae
2491 3736 2729 3806 omnia

183 3841 251 3888 in
301 3823 499 3895 beato
546 3824 866 3896 Eduardo
911 3825 1275 3912 completa,
1333 3825 1425 3894 rei
1474 3825 1698 3895 exitus
1743 3825 2241 3915 comprobavit.
2284 3829 2451 3894 Cum
2492 3837 2725 3893 autem

182 3910 561 4004 Episcopus
607 3914 693 3983 de
756 3915 1144 4003 posteritate
1205 3913 1507 3984 Eduardi
1565 3928 1963 4001 quaereret,
2043 3912 2396 4003 respondit
2443 3926 2726 3984 sanctus

180 3998 451 4097 Petrus:
508 4028 542 4070 «
595 4009 908 4094 Regnum
959 4002 1359 4102 Anglorum,
1418 4024 1709 4093 regnum
1768 4003 1878 4072 Dei
1925 4014 2049 4072 est.
2097 4008 2253 4074 Post
2300 4001 2512 4072 istum
2566 4022 2724 4092 pro-

180 4087 436 4159 videbit
483 4113 710 4181 regem
762 4091 845 4160 ad
904 4090 1232 4180 placitum
1285 4113 1519 4161 suum.
1563 4113 1598 4158 »

224 4178 304 4273 ,ἓ
349 4185 435 4251 4.
489 4181 722 4251 Stabat
761 4180 989 4249 adhuc
1039 4180 1328 4267 spiritus
1380 4179 1754 4269 procellae,
1807 4191 1872 4249 et
1917 4177 2191 4248 exaltati
2255 4191 2420 4249 sunt
2472 4179 2727 4248 fluctus

177 4283 349 4347 ejus,
404 4270 837 4356 externisque
880 4266 1082 4337 malis
1129 4269 1414 4338 accessit
1442 4268 1666 4337 civilis
1706 4267 2075 4342 discordia.
2114 4267 2284 4337 adeo
2316 4280 2394 4337 ut
2422 4268 2581 4355 quis
2611 4266 2729 4336 cui

178 4356 429 4426 mentis
478 4380 642 4428 suae
692 4372 949 4428 secreta
1008 4357 1502 4439 committeret,
1560 4358 1966 4426 nesciretur.
2017 4356 2224 4425 Plena
2286 4372 2432 4426 erat
2489 4355 2724 4445 prodi-

180 4440 444 4515 toribus
516 4448 778 4524 insula;
835 4467 1179 4532 nusquam
1249 4458 1392 4515 tuta
1458 4445 1658 4526 fides,
1717 4467 2062 4532 nusquam
2132 4445 2281 4515 sine
2329 4444 2725 4535 suspicione
