3347 4999
169 331 345 398 OCT.
398 332 481 396 24
2508 333 2635 398 697

766 535 1005 635 VITA
1074 536 1150 636 S.
1221 533 1614 636 SENOCH
1685 535 2123 636 ABBATlS

426 774 772 823 Anci-ona
826 772 1115 823 sancio
1171 771 1548 823 stu-:somn
1603 775 2036 824 runonnuffl
2093 775 2458 824 nrlscoro

824 897 962 965 Lib.
1016 901 1110 966 De
1155 897 1315 965 vitis
1362 901 1667 978 Patrum,
1727 900 1885 988 Cap.
1941 908 2042 967 15.

725 1108 914 1165 Obiit
954 1120 1131 1165 anno
1173 1111 1293 1166 5¹76
1332 1140 1407 1150 -
1448 1110 1512 1165 N
1515 1109 1745 1166 atione
1773 1110 2082 1167 'I'aifalus
2107 1108 2158 1168 *.

240 1305 283 1390 ξ
334 1309 413 1376 1.
464 1300 747 1372 vanitas
818 1301 1223 1384 vanitatum,
1279 1301 1448 1372 dicit
1510 1303 1996 1385 Ecclesiastes,
2049 1314 2114 1372 et
2182 1304 2416 1374 omnia
2451 1303 2720 1376 vanitas

150 1396 401 1478 (Eccle.
433 1390 511 1480 1).
559 1395 805 1460 Verum
838 1405 939 1461 est
979 1412 1167 1481 ergo,
1208 1391 1389 1479 quod
1422 1393 1683 1474 omnia,
1721 1414 1900 1480 quae
1939 1393 2385 1482 geruntur'in
2423 1393 2710 1475 mund0‚

152 1494 323 1551 sunt
374 1481 664 1549 vanitas.
704 1479 893 1550 Unde
934 1479 1033 1562 fit,
1076 1494 1151 1550 ut
1199 1481 1421 1551 sancti
1472 1482 1614 1562 Dei,
1668 1503 1846 1569 quos
1895 1481 2134 1551 nullus
2168 1481 2542 1552 libidinum
2601 1504 2716 1552 ae-

150 1583 307 1641 stus
354 1569 659 1649 exussit,
726 1567 967 1639 nullus
1026 1570 1628 1659 concupiscentiae
1688 1571 2053 1661 exagitavit
2111 1571 2484 1653 stimulus,
2539 1593 2717 1658 quos

148 1658 429 1729 nullum
469 1657 785 1728 luxuriae
831 1679 1125 1728 coenum
1182 1678 1304 1727 nec
1352 1658 1424 1728 in
1478 1659 1650 1750 ipsa,
1706 1672 1783 1728 ut
1845 1660 1937 1729 ita
1988 1658 2242 1740 dicam,
2297 1660 2716 1749 cogitatione

147 1747 459 1829 tentavit,
513 1757 670 1817 astu
704 1747 1057 1816 tentatoris
1104 1746 1287 1826 elati,
1330 1747 1457 1817 visi
1505 1747 1644 1817 sint
1677 1748 1808 1817 sibi
1850 1768 2001 1819 esse
2037 1748 2447 1835 justissimi,
2503 1759 2570 1819 et
2619 1748 2708 1819 ab

146 1837 282 1907 hoc
305 1836 679 1926 jactantiae
712 1836 1170 1906 cothurnosae
1212 1836 1478 1926 perflati
1513 1836 1910 1926 superciliO,
1951 1837 2232 1927 saepius
2287 1837 2709 1908 corruerint.

148 1930 575 2012 Factumque
612 1936 713 1994 est
747 1925 862 2004 ita,
920 1939 995 1994 ut
1037 1945 1212 2011 quos
1265 1946 1402 1994 non
1453 1924 1665 1995 valuit
1717 1927 2056 2016 majorum
2125 1925 2503 1996 criminum
2565 1928 2713 2016 gla-

146 2013 313 2084 dius
360 2013 730 2093 trucidare‚
775 2013 941 2083 levis
974 2013 1289 2083 vanitatis
1321 2013 1559 2084 sumus
1593 2013 1905 2085 addictos
1939 2014 2140 2084 facile
2190 2014 2705 2105 pessumdaret:

147 2104 334 2173 sicut
364 2116 430 2172 et
486 2103 633 2192 ipse
675 2102 828 2182 ille,
884 2101 969 2171 de
1007 2124 1145 2189 quo
1211 2123 1397 2171 nunc
1470 2103 1671 2172 nobis
1731 2125 1957 2173 sermo
2033 2102 2315 2174 futurus
2363 2116 2491 2185 est,
2545 2126 2706 2174 curn

150 2190 396 2261 multis
431 2191 799 2261 virtutibus
850 2191 1218 2272 floruisset,
1274 2211 1446 2281 pene
1488 2192 1553 2259 in
1586 2190 1706 2261 illo
1741 2193 2176 2282 arrogantiae
2227 2193 2555 2264 barathro
2590 2196 2712 2264 ob-

149 2292 356 2349 rutus
402 2281 867 2360 occubuisset,
899 2280 958 2348 si
996 2300 1156 2350 eum
1210 2301 1344 2349 non
1378 2279 1757 2350 exhortatio
1779 2280 2070 2351 fratrum
2107 2280 2421 2352 fidelium
2454 2295 2710 2353 attenta

152 2380 660 2457 recuperasset.

242 2458 281 2544 ἓ
332 2461 423 2528 2.
479 2457 701 2548 Igitur
748 2457 989 2527 beatus
1031 2456 1291 2528 Senoch
1343 2457 1595 2528 Pictavi
1628 2456 1699 2492 *²*
1749 2458 1932 2548 pagi,
1970 2479 2175 2547 quem
2229 2458 2704 2551 'theiphaliam

155 2558 457 2628 vocant,
511 2545 856 2616 oriundus
902 2546 1077 2628 suit,
1137 2557 1204 2616 et
1248 2568 1620 2617 conversus
1667 2546 1751 2617 ad
1806 2550 2172 2618 Dominum
2207 2603 2223 2630 ,
2276 2550 2713 2637 clericusque

145 2634 377 2706 factus
407 2689 427 2715 ,
488 2635 980 2705 monasterium
1031 2635 1166 2705 sibi
1216 2635 1536 2705 instituit.
1591 2636 1869 2720 Reperit
1914 2638 2099 2706 enim
2153 2638 2334 2708 intra
2387 2638 2711 2708 territorii

142 2724 471 2795 Turonici
506 2724 612 2760 *⁴²*
645 2726 1019 2800 terminum
1060 2725 1352 2814 parietes
1385 2725 1731 2812 antiquos,
1767 2747 1942 2812 quos
1969 2725 2352 2797 eruderans
2384 2748 2425 2795 a
2456 2726 2706 2808 ruiniS‚

141 2813 611 2884 habitationes
657 2813 906 2904 dignas
955 2814 1233 2904 aptavit,
1272 2814 1659 2904 reperitque
1710 2815 1806 2883 ibi
1854 2815 2259 2895 oratorium,
2308 2815 2377 2884 in
2426 2837 2564 2901 quo
2615 2814 2710 2884 fe-

140 2903 430 2973 rebatur
476 2901 813 2973 celebrem
853 2916 1164 2974 nostrum
1198 2924 1433 2973 orasse
1473 2903 1843 2975 Martinum
1878 2927 1895 2969 z
1947 2902 2132 2991 quod
2185 2902 2502 2993 diligenti
2543 2926 2712 2974 cura

139 2991 655 3081 compositum,
706 3005 932 3063 erecto
979 2991 1203 3072 altari,
1259 2991 1623 3079 loculoque
1672 2991 1741 3059 in
1798 3011 1877 3059 eo
1926 2992 2012 3060 ad
2065 2991 2496 3082 recipiendas
2546 2996 2713 3061 San-

136 3093 415 3151 ctorum
449 3080 776 3168 reliquias
814 3095 1240 3172 praeparato,
1275 3081 1362 3150 ad
1394 3078 1946 3150 benedicendum
1983 3079 2228 3150 invitat
2259 3081 2505 3170 Episco
2559 3103 2704 3151 um.

136 3169 353 3241 Affuit
401 3182 564 3239 tunc
613 3170 1056 3258 Euphronius
1105 3171 1346 3240 beatus
1394 3170 1800 3259 Episcopus,
1846 3168 1990 3255 qui,
2038 3182 2435 3240 consecrato
2474 3192 2516 3238 a
2551 3171 2704 3252 tari,

133 3279 304 3330 eum
357 3257 768 3328 Diaconatus
830 3258 1086 3328 honore
1144 3257 1447 3327 donavit.
1503 3256 1872 3327 celebratis
1923 3257 2134 3347 igitur
2191 3259 2416 3330 Missis
2454 3313 2469 3340 ,
2533 3280 2694 3329 cum

133 3344 501 3437 capsulam
548 3346 995 3434 reliquiarum
1047 3347 1117 3415 in
1167 3346 1395 3415 loculo
1435 3357 1769 3434 cuperent
1816 3344 2177 3428 collocare,
2229 3347 2447 3418 extitit
2495 3369 2712 3437 capsa

136 3433 496 3528 prolixior,
543 3455 667 3505 nec
702 3435 913 3526 recipi
942 3436 1013 3504 in
1058 3434 1361 3504 loculum
1376 3447 1682 3592 cpoterat.
1717 3439 1906 3504 Tunc
1943 3447 2326 3524 prostratus
2360 3438 2707 3506 Diaconus

134 3544 307 3596 cum
362 3522 528 3612 ipso
596 3522 956 3593 Sacerdote
1025 3544 1285 3613 pronus
1333 3545 1372 3591 a
1469 3524 1845 3593 orationem
1884 3578 1900 3604 ,
1972 3525 2319 3615 lacrymas
2431 3526 2712 3596 recibus

134 3615 399 3685 mixtas
426 3610 693 3693 effudit,
747 3612 1182 3699 obtinuitque
1226 3615 1455 3701 petita.
1496 3613 1742 3682 Mirum
1794 3611 2031 3683 dictu!
2086 3613 2178 3683 ita
2219 3614 2370 3684 locu
2406 3637 2490 3684 us
2538 3613 2713 3682 divi-

134 3705 337 3774 nitus
386 3700 878 3791 amplificatus
924 3698 1349 3791 capsulaque
1404 3701 1776 3772 constricta
1824 3714 1948 3783 est,
2002 3714 2080 3772 ut
2127 3702 2195 3771 in
2246 3724 2404 3774 eum
2458 3702 2714 3793 spatio-

127 3791 421 3864 sissime
457 3811 592 3859 non
643 3789 796 3859 sine
828 3789 1287 3860 admiratione
1325 3791 1767 3880 reciperetur.

227 3884 267 3968 ξ
316 3883 410 3950 8.
465 3883 539 3948 ln
595 3877 724 3955 hoc
783 3878 931 3949 loco
977 3878 1295 3949 collectis
1333 3879 1556 3949 tribus
1621 3879 2028 3959 monachis,
2085 3879 2373 3949 Domino
2428 3877 2713 3948 assidue

136 3969 509 4049 serviebat,
546 3968 706 4037 etin
744 3968 989 4058 primis
1022 3979 1206 4037 arcto
1259 3968 1432 4038 vitae
1475 3968 1743 4037 tramite
1776 3968 2160 4049 incedebat,
2198 3969 2485 4058 exiguos
2517 3969 2710 4038 cibos

137 4068 207 4126 et
259 4069 503 4127 tenues
538 4057 850 4146 potiones
899 4078 1208 4127 sumens.
1256 4056 1509 4126 Diebus
1547 4068 1776 4126 autem
1815 4056 2402 4148 Quadragesimae
2436 4070 2714 4127 sanctae

134 4145 535 4216 addebatur
588 4157 1038 4235 augmentum
1101 4145 1581 4227 abstinentiae,
1635 4144 1950 4215 ciborum
1992 4145 2484 4216 diminutione.
2539 4151 2706 4217 Nam

190 4302 218 4329 ¹·
249 4301 422 4350 Taifali
454 4304 661 4354 populus
687 4304 791 4345 erat
821 4313 848 4345 e
870 4303 1135 4345 Gothorum
1153 4303 1317 4354 stirpe.
1337 4301 1464 4343 Vitio
1481 4303 1686 4344 nefanda
1706 4312 1815 4344 eum
1833 4302 2159 4353 inquinabant.
2178 4305 2342 4355 xpaum
2362 4304 2578 4347 meminit
2600 4308 2704 4346 Atu-

134 4356 335 4397 mianus
354 4355 673 4396 Marcellinus.

193 4409 254 4435 ¹³*
289 4405 483 4454 Gallice,
504 4411 667 4451 Poleou-

191 4461 280 4489 ”2
311 4462 533 4502 Turonum
553 4464 672 4503 urbs
689 4463 967 4514 principuus
989 4464 1091 4503 erat
1110 4472 1230 4513 quoe
1248 4469 1376 4505 nun:
1396 4462 1567 4514 gantae
1586 4463 1785 4505 vocatur
1807 4466 1965 4513 Touo-e.
