3347 4999
731 371 855 436 3:34
1414 388 1492 433 ns
1540 387 1595 434 s.
1650 385 1923 433 munao
1972 386 2145 433 nvisc
2223 386 2405 434 enon.
2876 370 3063 436 OCT.
3136 373 3237 435 ¹0

641 474 1001 553 viantium,
1064 471 1308 541 erectis
1372 470 1728 562 stipitibus
1790 492 2025 541 aereos
2090 492 2342 541 caucos
2387 472 2421 504 ⁸
2470 473 2803 562 suspendi
2861 474 3227 563 juberet:

638 584 861 650 neque
927 561 1053 630 hos
1110 560 1528 648 quisquam,
1587 561 1723 630 nisi
1780 559 1865 628 ad
1932 581 2139 630 usum
2214 561 2727 642 necessarium,
2783 566 3017 632 contin
3133 586 3223 633 re

639 674 800 744 prae
848 649 1331 740 magnitudine
1397 648 1497 719 vel
1565 649 1833 719 timoris
1882 647 2032 736 ejus
2078 648 2394 731 auderet,
2457 650 2558 719 vel
2630 652 2890 723 amoris
2953 652 3214 722 velet.

637 747 927 811 Tantum
965 760 1123 809 vero
1153 738 1596 809 excellentiae
1629 738 1698 806 in
1736 758 1946 828 regno
1980 736 2248 816 habuit,
2283 749 2360 808 ut
2392 761 2525 809 non
2577 740 2803 810 solum
2844 742 2909 809 in
2950 763 3227 833 pugna

637 842 793 903 ante
842 828 1042 898 illum
1093 827 1340 897 vexilla
1388 837 1844 918 gestarentur,
1902 826 2019 896 sed
2072 838 2138 896 et
2173 839 2476 917 tempore
2528 829 2715 917 pacis
2762 830 3223 917 equitantem

636 919 814 989 inter
881 917 1212 996 civitates,
1266 917 1408 986 sive
1458 916 1680 997 villae,
1735 927 1852 985 aut
1919 916 2306 1004 provincias
2367 939 2531 987 suas
2591 939 2752 988 cum
2819 920 3213 997 ministris,

636 1028 908 1108 semper
939 1004 1341 1076 antecedere
1380 1003 1666 1095 signifer
1710 1005 2216 1075 consuevisset:
2273 1026 2537 1075 necnon
2572 1020 2636 1075 et
2668 1007 3028 1077 incedente
3076 1008 3219 1077 illo

632 1095 926 1166 ubilibet
977 1117 1097 1184 per
1146 1092 1426 1184 plateas,
1480 1093 1651 1162 illud
1719 1114 1939 1183 genus
1999 1093 2251 1173 vexilli,
2305 1094 2487 1180 quod
2555 1097 2853 1166 Romani
2907 1098 3207 1179 Tufam,

633 1183 828 1274 Angli
881 1205 1039 1253 vero
1085 1181 1439 1274 appellant
1484 1180 1737 1262 Thuul',
1791 1192 1949 1251 ante
1994 1204 2151 1251 eum
2202 1181 2365 1251 ferri
2413 1182 2696 1253 solebat.

724 1277 760 1362 5
810 1277 980 1345 ²1).
1034 1276 1181 1355 Quo
1229 1284 1534 1363 tempore
1584 1268 2055 1360 praesulatum
2098 1270 2281 1341 sedis
2328 1272 2750 1361 Apostolicae
2798 1275 3193 1353 Honorius,

636 1360 966 1433 Bonifacii
1014 1382 1391 1442 successor,
1429 1360 1763 1430 habebat:
1817 1360 1937 1446 qui
1986 1358 2107 1429 ubi
2162 1371 2436 1449 gentem
2487 1361 3201 1433 Nord-Humbrorum

632 1473 790 1523 cum
843 1472 971 1520 suo
1017 1456 1197 1541 Rege
1242 1449 1327 1519 ad
1379 1448 1583 1519 fidem
1635 1447 2273 1535 confessionemque
2323 1449 2595 1530 Christi,
2635 1450 2927 1521 Paulino
2975 1474 3205 1521 evan-

633 1540 989 1632 gelizante,
1043 1559 1442 1609 conversam
1492 1559 1642 1607 esse
1690 1535 1954 1618 didicit,
2002 1537 2189 1606 misit
2234 1537 2457 1608 eidem
2510 1538 2798 1609 Paulino
2850 1540 3187 1630 pallium,

634 1630 824 1699 misit
854 1641 918 1697 et
947 1628 1120 1719 ,Regi
1150 1627 1419 1697 Eduino
1449 1627 1709 1696 litteras
1740 1625 2255 1708 exhortatorias,
2289 1639 2570 1718 paterna
2612 1628 2810 1698 illum
2848 1629 3201 1699 charitate

633 1716 1041 1797 accendens,
1077 1717 1251 1785 utin
1290 1716 1426 1786 fide
1457 1714 1780 1795 veritatis,
1817 1735 2026 1801 quam
2071 1736 2233 1785 acce
2280 1730 2446 1797 erat,
2498 1718 2859 1806 persistere
2906 1740 3201 1806 semper

633 1829 711 1878 ac
764 1806 1089 1897 proficere
1137 1817 1429 1875 curaret.
1486 1810 1793 1887 Quarum
1859 1802 2170 1873 videlicet
2234 1739 2611 1875 litterarum
2669 1807 2795 1876 iste
2840 1820 2941 1877 est
2983 1806 3189 1876 ordo.

722 1919 758 1963 «
797 1896 1082 1965 Domino
1121 1893 1719 1972 excellentissimo,
1755 1903 1959 1979 atquo
2003 1893 2657 1981 praecellentissimo
2708 1895 2851 1965 filio
2885 1895 3189 1975 Eduino,

629 1984 798 2075 chi
850 1983 1251 2074 Anglorum,
1309 1980 1654 2052 Honorius
1707 1981 2109 2071 EpiscopuS,
2165 2004 2403 2054 servus
2464 2005 2814 2053 servorum
2866 1985 3010 2064 Dei,
3081 2006 3196 2054 sa-

634 2074 871 2144 lutem.
943 2078 1041 2142 Ita
1084 2071 1613 2141 Christianitatis
1678 2083 1940 2139 vestrae
2004 2072 2362 2161 integritas
2416 2072 2598 2140 circa
2647 2073 3026 2143 conditoris
3078 2073 3189 2142 sui

631 2163 922 2241 cultum,
977 2160 1141 2230 fidei
1188 2174 1289 2231 est
1335 2159 1577 2230 ardore
1601 2181 1961 2241 succensa,
2016 2173 2091 2230 ut
2140 2161 2339 2250 longe
2392 2159 2661 2246 lateque
2711 2162 3175 2251 resplendeat,

632 2266 698 2320 et
747 2252 817 2319 in
866 2250 1057 2319 omni
1108 2248 1370 2319 mundo
1415 2248 1861 2330 annunciata,
1897 2249 2097 2318 vestri
2140 2250 2369 2338 operis
2419 2249 2891 2339 multipliciter
2931 2251 3182 2322 reserat

635 2338 966 2408 fructum.
1020 2338 1128 2408 Sic
1175 2338 1359 2409 enim
1412 2361 1527 2408 vos
1575 2343 1796 2427 Reges
1857 2358 2008 2407 esse
2074 2337 2512 2427 cognoscitiS,
2575 2338 2742 2408 dum
2810 2345 3067 2429 Regem
3121 2356 3182 2410 et

633 2432 1014 2497 Creatorem
1066 2441 1362 2498 vestrum
1414 2426 1789 2497 orthodoxa
1842 2425 2348 2514 praedicatione
2405 2424 2651 2509 edocti,
2712 2432 2921 2498 Deum
2974 2451 3183 2498 vene·

631 2516 849 2587 rando
895 2517 1142 2592 colitis.
1193 2518 1414 2605 eique,
1466 2515 1650 2604 quod
1685 2516 1992 2585 humana
2026 2513 2200 2586 valet
2232 2515 2559 2598 conditio,
2616 2519 2867 2587 mentis
2914 2533 3184 2589 vestrae

633 2607 973 2677 sinceram
1040 2606 1464 2694 devotionem
1529 2603 1899 2674 exsolvitis.
1954 2604 2130 2688 Quid
2198 2609 2329 2675 Deo
2381 2618 2611 2675 nostro
2674 2606 2862 2676 aliud
2931 2608 3185 2678 offerre

634 2695 1041 2770 valebimus
1096 2696 1231 2765 nisi
1279 2708 1355 2764 ut
1401 2696 1468 2763 in
1521 2695 1725 2764 bonis
1771 2694 2042 2763 actibus
2109 2695 2571 2783 persistentes,
2626 2694 3002 2785 ipsumque
3050 2703 3183 2767 Au-

628 2798 884 2855 ctorem
935 2784 1226 2854 humani
1273 2784 1545 2874 generis
1576 2780 2003 2863 confitenteS‚
2040 2804 2199 2852 eum
2233 2783 2475 2865 colere,
2522 2784 2724 2872 eique
2756 2797 2908 2854 vota
2942 2800 3180 2855 nostra

628 2873 914 2944 reddere
971 2873 1419 2943 festinemus?
1466 2877 1544 2941 Et
1604 2870 1799 2951 ideo,
1866 2871 2437 2944 excellentissime
2492 2871 2640 2954 fili,
2716 2887 2999 2963 paterna
3070 2898 3189 2944 vos

630 2963 984 3043 charitate,
1050 2984 1183 3048 qua
1251 2961 1591 3039 convenit,
1661 2957 2127 3041 exhortamur,
2186 2971 2259 3029 ut
2308 2961 2458 3043 hoc,
2525 2961 2709 3049 quod
2771 2984 2886 3033 vos
2934 2962 3179 3034 divina

630 3049 1105 3121 misericordia
1154 3050 1237 3120 ad
1291 3072 1486 3119 suam
1532 3049 1823 3149 gratiam
1866 3070 2106 3118 vocare
2138 3047 2417 3139 dignata
2460 3064 2582 3129 est,
2629 3051 2918 3121 sollicita
2956 3053 3188 3122 inten-

632 3141 836 3220 tione,
912 3151 978 3208 et
1024 3138 1329 3208 assiduis
1387 3137 1815 3207 orationibus
1878 3158 2148 3207 servare
2209 3137 2610 3208 omnimodo
2666 3139 3043 3211 festinetis:
3098 3156 3180 3213 ut

628 3230 751 3316 qui
797 3251 914 3297 vos
963 3228 1032 3295 in
1085 3228 1426 3318 praesenti
1474 3226 1709 3296 seculo‘
1757 3248 1836 3295 ex
1884 3227 2076 3295 omni
2122 3248 2351 3296 errore
2397 3227 2775 3309 absolutos,
2836 3229 2919 3298 ad
2966 3233 3185 3318 agni·

630 3318 883 3388 tionem
920 3317 1028 3385 sui
1063 3316 1364 3385 nominis
1396 3328 1497 3384 est
1529 3314 1853 3405 dignatus
1892 3315 2287 3400 perducere,
2320 3328 2384 3384 et
2417 3316 2730 3387 coelestis
2766 3319 3019 3406 patriae
3055 3340 3185 3389 vo·

627 3400 738 3476 bis
772 3418 1129 3495 praeparet
1178 3404 1631 3473 mansionem.
1687 3402 2179 3474 Praedicatoris
2211 3405 2423 3494 igitur
2466 3406 2692 3486 vestri,
2732 3405 2996 3475 domini
3032 3409 3177 3477 mei

629 3492 1054 3583 Apostolicae
1101 3493 1469 3561 memoriae
1517 3493 1824 3593 Gregorii
1875 3492 2165 3563 lectione
2195 3493 2585 3582 frequenter
2630 3496 2967 3585 occupati,
3011 3517 3181 3584 prae

629 3583 852 3653 oculis
899 3581 1213 3650 affectum
1255 3581 1608 3651 doctrinae
1656 3580 1900 3670 ipsius,
1955 3604 2157 3670 quem
2214 3604 2337 3672 pro
2387 3583 2624 3653 vestris
2673 3583 3041 3653 animabus
3094 3584 3177 3653 li-

628 3673 868 3742 benter
915 3669 1238 3750 exercuit,
1296 3671 1641 3740 habetote:
1693 3684 2033 3755 quatenus
2078 3671 2232 3758 ejus
2280 3665 2531 3756 oratioff,
2583 3685 2649 3741 et
2696 3693 2984 3761 regnum
3060 3695 3177 3742 ve-

628 3776 872 3840 strum,
923 3759 1398 3851 populumque
1438 3769 1708 3849 augeat,
1739 3771 1804 3826 et
1839 3780 1954 3827 vos
1996 3760 2448 3848 omnipotenti
2501 3765 2633 3830 Deo
2674 3760 3178 3851 irreprehensi-

634 3850 810 3919 biles
862 3871 930 3918 re
987 3861 1341 3920 raesentet.
1382 3853 1473 3918 Ea
1511 3869 1692 3927 vero,
1729 3868 1907 3933 quae
1953 3870 1989 3917 a
2036 3848 2234 3917 nobis
2271 3870 2393 3938 pro
2426 3850 2666 3919 vestris
2705 3849 3184 3921 sacerdotibus

626 3939 918 4010 ordinan
974 3961 1013 4008 a
1047 3939 1398 4027 sperastis,
1443 3939 1607 4007 haec
1649 3957 1772 4027 pro
1809 3936 1963 4006 fidei
2000 3952 2260 4007 vestrae
2308 3938 2719 4018 sinceritate,
2755 3959 2933 4025 quae
2973 3940 3182 4011 nobis

629 4026 1039 4097 multimoda
1088 4027 1415 4096 relatione
1465 4050 1585 4118 per
1633 4026 2099 4116 praesentium
2157 4028 2516 4116 portitores
2578 4026 3024 4097 laudabiliter
3071 4028 3181 4097 in—

631 4116 903 4187 sinuata
960 4129 1082 4197 est,
1144 4117 1443 4206 gratuito
1509 4115 1741 4184 animo
1812 4115 2183 4184 attribuere
2246 4115 2382 4184 illis
2445 4117 2596 4184 sine
2642 4115 2792 4186 ulla
2841 4116 3181 4189 dilatione

630 4205 1099 4295 providimus,
1149 4217 1214 4274 et
1262 4204 1399 4275 duo
1466 4203 1670 4294 pallia
1717 4205 2030 4292 utrisque
2092 4204 2673 4293 Metropolitanis,
2731 4204 2793 4273 id
2846 4217 2982 4284 est,
3046 4211 3182 4276 Ho-

628 4295 822 4364 norio
868 4306 933 4363 et
981 4292 1291 4374 Paulino,
1345 4294 1764 4373 direximus3
1819 4305 1916 4372 ut,
1971 4291 2137 4361 dum
2172 4295 2330 4380 quis
2369 4314 2609 4362 eorum
2646 4292 2730 4362 de
2758 4294 2888 4362 hoc
2937 4296 3178 4367 seculo

629 4383 714 4452 ad
777 4388 1137 4452 Auctorem
1204 4406 1409 4452 suum
1475 4382 1681 4451 fuerit
1736 4382 2157 4462 accersitus,
2221 4382 2290 4449 in
2364 4381 2518 4451 loco
2584 4382 2805 4472 ipsius
2877 4382 3179 4456 alterum

679 4509 706 4537 ³·
735 4510 824 4552 Illa
843 4520 947 4558 vox,
963 4514 1016 4551 ut
1037 4509 1171 4551 notat
1192 4508 1392 4558 cangius
1412 4509 1461 4549 in
1480 4509 1725 4556 Glossario,
1740 4511 1956 4560 pateram
1975 4518 2060 4550 scu
2081 4517 2165 4550 vas
2185 4508 2245 4550 ad
2264 4517 2438 4559 aquam
2455 4508 2766 4550 hauriendam
2784 4509 3037 4558 signtncat.
