3347 4999
166 297 345 364 OCT.
405 295 532 359 ⁴4-
920 314 1001 359 nn
1046 314 1099 361 s,
1152 312 1521 361 nuacnanno
1570 315 1820 361 ussaw.
1877 315 1974 362 ΕΡ.
2495 300 2623 363 405

166 396 794 490 praedestinatum,
816 396 1019 466 etiam
1045 419 1229 467 nunc
1259 400 1561 468 nascenti
1586 422 1750 469 suae
1769 399 2107 468 Ecclesiae
2134 399 2216 469 ad
2243 400 2714 490 generandum

167 508 451 577 semper
486 506 730 555 novam
783 485 914 554 sibi
963 486 1291 569 sobolem,
1346 488 1766 576 caeterisque
1813 488 1962 558 suis
1990 489 2443 558 caeremoniis
2475 502 2732 579 aptum,

163 576 650 646 demonstrare
697 574 1019 664 dignetur
1052 575 1304 645 locum.

255 668 294 753 ξ
342 668 489 737 18.
546 669 751 733 Porro
784 664 964 732 idem
1000 663 1139 732 dux
1171 662 1407 753 populi
1446 666 1582 746 Dei,
1622 664 1881 735 solebat
1911 686 2069 736 cum
2108 670 2336 753 Moyse
2364 664 2464 732 vel
2496 669 2716 734 Aaron

166 776 293 843 pro
329 751 692 833 omnibus,
745 752 999 839 quibus
1028 752 1479 842 affligebatur,
1528 753 2135 834 sollicitudinibuS,
2190 775 2230 822 a
2279 752 2718 822 tabernaculo

168 843 455 912 divinae
508 841 911 911 clementiae
949 862 1280 943 responsa
1313 842 1656 929 requirere
1687 866 1704 923 ;
1757 864 1880 912 nec
1913 843 2040 912 hoc
2074 842 2323 922 solum,
2359 840 2477 911 sed
2511 842 2719 910 etiam

166 953 330 1002 cum
364 929 589 1000 Jacob
640 943 791 1030 post
839 929 1016 1011 Liae‚
1069 931 1139 999 1d
1179 942 1305 1011 est,
1339 932 1597 1001 activae
1641 932 1818 1001 vitae
1865 931 2190 1012 taedium,
2234 929 2320 999 ad
2372 929 2712 1011 Racheli5‚

168 1019 238 1088 id
278 1032 383 1090 est
434 1019 740 1088 theoriae
788 1018 1143 1106 amplexus
1195 1041 1586 1089 recurrere:
1656 1019 2059 1108 hujusmodi
2109 1018 2357 1091 studiis
2393 1019 2561 1087 dum
2595 1018 2718 1087 ali·

169 1107 463 1265 guando
515 1106 914 1197 vigilantius
960 1107 1323 1188 insisteret,
1361 1121 1565 1195 atque
1595 1130 1747 1178 vere
1779 1108 2161 1177 membrum
2201 1107 2414 1188 illius,
2459 1106 2544 1177 de
2581 1129 2719 1194 quo

218 1198 476 1279 icitur,
537 1201 786 1277 Custos,
840 1197 1004 1286 quid
1051 1198 1131 1265 de
1175 1207 1359 1266 nocte
1403 1198 1665 1354 §Isaiae
1712 1198 1894 1285 xxo?
1935 1197 2205 1287 vigilias
2254 1196 2472 1266 noctis
2510 1217 2721 1285 super

168 1308 455 1375 gregem
509 1285 642 1353 sibi
690 1284 1138 1354 commissum
1206 1297 1399 1355 custo
1454 1287 1629 1366 iret,
1685 1286 1924 1355 dicens
1971 1286 2042 1354 in
2081 1285 2286 1354 corde
2349 1305 2475 1355 suo
2509 1338 2525 1365 ,
2578 1306 2718 1354 non

170 1375 431 1454 verbiS,
490 1374 607 1443 sed
657 1372 948 1453 actibuS,
995 1378 1213 1463 Super
1239 1374 1622 1443 custodiam
1677 1397 1900 1443 meam
1950 1395 2103 1445 sum
2153 1387 2345 1443 stans
2392 1373 2550 1443 totis
2598 1394 2720 1441 no-

172 1463 457 1533 ctibus:
513 1461 681 1530 dum
709 1517 725 1543 ,
782 1462 1108 1548 inquam,
1165 1462 1263 1531 sic
1311 1475 1516 1532 staret
1562 1462 1783 1533 oculis
1830 1485 1909 1532 ac
1958 1462 2281 1532 manibus
2329 1462 2397 1530 in
2448 1460 2719 1532 coelum

168 1552 388 1623 nimis
439 1551 800 1631 intentus,
868 1551 1096 1621 subito
1159 1552 1635 1643 corporalibus
1678 1551 1896 1622 oculis
1944 1552 2281 1640 conspicit
2335 1550 2534 1637 quasi
2584 1562 2720 1619 tres

171 1640 509 1709 candelas
562 1638 877 1710 ardentes
924 1639 1010 1708 ab
1057 1639 1293 1708 eadem
1352 1639 1637 1710 basilica
1669 1694 1690 1720 ‚
1747 1661 1884 1726 qua
1952 1646 2322 1729 Martyrum
2385 1638 2718 1726 reliquiae

167 1729 657 1808 servabantur,
699 1749 820 1817 per
850 1730 1075 1797 aerem
1107 1728 1404 1814 quadam
1441 1728 1673 1798 divina
1717 1729 1964 1798 virtute
1992 1728 2279 1808 deferri;
2317 1748 2493 1813 quae
2529 1740 2718 1796 trans

168 1817 435 1887 flumen
494 1816 562 1884 in
616 1816 763 1885 loco
810 1816 1204 1906 sepulturae
1245 1823 1618 1907 Martyrum
1667 1817 2031 1899 demissae,
2074 1830 2225 1907 post
2269 1817 2476 1885 horae
2508 1816 2728 1885 unius

170 1907 485 1995 spatium
520 1926 746 1993 super
793 1919 1089 1974 montem
1123 1960 1138 1987 ,
1182 1906 1369 1975 unde
1409 1919 1780 1987 venerant,
1837 1907 2020 1975 visae
2075 1917 2237 1976 sunt
2284 1904 2550 1974 reverti.
2603 1908 2722 1972 In-

170 1994 435 2064 tellexit
470 2015 593 2082 per
622 1993 951 2083 Spiritum
1000 1998 1324 2064 Sanctum
1368 1995 1469 2063 vir
1501 1995 1637 2075 Dei,
1694 1995 2021 2064 vis—ionem
2066 1995 2286 2085 ipsam
2323 2006 2722 2062 sanctarum

169 2081 390 2153 fuisse
443 2083 903 2173 praesentiam
953 2083 1371 2165 animarum,
1426 2083 1650 2153 locum
1689 2105 1854 2152 suae
1889 2083 2230 2173 passionis
2263 2081 2715 2151 visitantium.

172 2172 369 2254 Quod
422 2191 587 2239 cum
638 2170 968 2240 fratribus
1014 2184 1079 2240 et
1130 2171 1445 2260 plebibus
1501 2171 1866 2252 retulisset,
1923 2172 2142 2240 visum
2194 2183 2296 2240 est
2341 2170 2666 2240 omnibus
2701 2223 2718 2250 ,

170 2273 250 2328 ut
299 2260 827 2339 monasterium,
864 2260 1045 2346 quod
1098 2261 1167 2329 in
1221 2272 1448 2329 monte
1485 2261 1901 2330 constituere
1933 2261 2042 2330 dis
2093 2260 2362 2341 onebat,
2407 2259 2591 2327 circa
2621 2279 2724 2327 se-

173 2348 533 2437 pulturam
586 2354 982 2437 Martyrum,
1036 2350 1156 2418 ubi
1195 2349 1428 2417 lumen
1462 2348 1747 2419 coelitus
1778 2349 2021 2419 descen
2084 2350 2214 2419 isse
2246 2360 2716 2437 conspexerat,

176 2438 625 2527 potissimum
677 2436 1084 2507 fabricaret:
1138 2436 1321 2525 quod
1371 2449 1435 2507 et
1485 2437 1785 2528 primum
1836 2438 1921 2507 de
1968 2437 2198 2529 lignea
2253 2438 2536 2507 materia
2585 2436 2722 2505 ini-

180 2526 458 2606 tiatum,
516 2526 865 2615 posthaec
904 2527 1307 2595 accuratiori
1346 2526 1406 2596 la
1462 2527 1653 2596 idum
1705 2532 2050 2597 structura
2101 2549 2221 2617 per
2253 2541 2569 2596 sanctum
2607 2525 2724 2593 Dei

177 2614 578 2703 pontificem
633 2614 719 2683 ad
768 2635 1073 2704 unguem
1121 2625 1220 2685 est
1268 2636 1386 2703 per
1438 2628 1702 2686 uotum.
1765 2615 1885 2685 Ubi
1933 2629 1999 2685 et
2044 2617 2271 2686 denuo
2318 2620 2721 2685 Sanctorum

177 2724 475 2793 corpora
522 2700 756 2783 relata,
810 2715 875 2772 et
922 2703 989 2770 in
1040 2724 1325 2793 operoso
1358 2704 1786 2804 sarcophago
1819 2704 2112 2793 gloriose
2146 2716 2308 2773 sunt
2344 2701 2716 2771 recondita.

180 2795 256 2859 In
314 2812 459 2879 quo
507 2790 653 2860 loco
714 2803 849 2860 tam
901 2791 1174 2861 illorum
1214 2847 1229 2873 ‚
1281 2815 1489 2879 quam
1540 2793 1719 2862 beati
1783 2793 2161 2862 Burchardi
2198 2791 2508 2869 meritis,
2566 2789 2724 2858 novi

177 2901 395 2949 novae
444 2877 628 2948 sedis
678 2880 1047 2971 Episcopi,
1101 2902 1458 2969 nunquam
1524 2882 1859 2951 beneficia
1920 2881 2283 2950 Salvatoris
2346 2877 2561 2947 nostri
2609 2877 2726 2945 de·

180 2982 344 3038 sunt
391 2969 507 3048 iis,
552 2968 972 3056 quicumque
1018 2969 1299 3039 credulo
1344 2970 1549 3039 corde
1595 2992 1675 3039 ea
1724 2970 2116 3060 perquirere
2172 2990 2306 3037 non
2357 2966 2719 3035 desistunt.

180 3057 492 3144 Denique
520 3058 777 3127 Veritas
809 3078 985 3143 quae
1031 3057 1477 3128 dilectoribus
1515 3059 1660 3128 suis
1693 3057 2148 3148 polliceretur,
2192 3062 2356 3126 Ecce
2392 3056 2730 3154 vobiscum

179 3167 329 3214 sum
377 3147 682 3216 omnibus
729 3147 956 3216 diebus
987 3169 1196 3237 usque
1243 3148 1333 3216 ad
1379 3149 2007 3216 consummationem
2043 3147 2275 3225 seculi,
2330 3142 2512 3231 quod
2554 3141 2728 3211 alibi

184 3242 321 3303 tam
364 3233 566 3304 factis
596 3256 802 3321 quarn
839 3233 1065 3305 verbis
1101 3234 1430 3325 implevit,
1481 3234 1591 3305 hic
1637 3235 1817 3304 idem
1859 3234 1945 3303 ad
1998 3236 2273 3303 tumbas
2309 3233 2409 3302 vel
2458 3229 2724 3301 confes·

183 3321 413 3393 siones
444 3328 819 3412 Martyrum
870 3335 1004 3392 tam
1057 3323 1501 3412 corporaliter
1538 3345 1747 3409 quam
1789 3322 2240 3412 spiritualiter
2276 3321 2548 3412 operari
2583 3341 2721 3388 non

187 3408 465 3482 desinit.
521 3412 712 3481 Caeci
760 3412 1013 3493 vident,
1069 3412 1265 3481 surdi
1318 3411 1614 3482 audiunt
1646 3467 1662 3493 ,
1723 3410 1952 3482 claudi
1993 3411 2403 3492 ambulant,
2472 3408 2736 3499 leprosi

186 3501 642 3596 mundantur,
679 3513 806 3569 etc.
851 3506 1043 3580 Nam,
1096 3513 1176 3570 ut
1206 3501 1466 3588 ubique
1498 3500 1773 3590 scriptis
1816 3506 2089 3572 Patrum
2123 3499 2515 3579 edocemur,
2554 3496 2727 3567 dum

187 3588 531 3658 increduli
579 3589 864 3659 scientia
897 3589 1198 3658 veritatis
1243 3601 1308 3658 et
1354 3589 1516 3658 fidei
1564 3589 2075 3669 illuminantur,
2126 3588 2292 3676 quid
2328 3588 2462 3657 nisi
2501 3586 2727 3656 caecis

186 3673 378 3747 visus
416 3676 787 3767 panditur?
831 3682 1005 3746 Dum
1041 3677 1259 3746 divini
1306 3678 1495 3747 verbi
1540 3677 1808 3747 occulta
1852 3677 2315 3748 nescientibus
2353 3697 2474 3765 per
2518 3695 2726 3762 expo-

189 3762 473 3834 sitorum
510 3765 692 3835 dicta
721 3777 1135 3847 reserantur,
1167 3765 1329 3854 quid
1369 3766 1500 3835 nisi
1528 3766 1760 3837 surdis
1788 3765 2066 3836 auditus
2099 3765 2453 3854 aperitur?
2484 3761 2727 3833 Claudi

189 3853 572 3949 ambulant,
624 3854 792 3924 dum
834 3855 1173 3925 bonorum
1215 3875 1527 3944 operum,
1579 3855 1865 3941 viaeque
1912 3853 2345 3924 rectitudinis
2388 3864 2719 3942 expertes,

181 3953 378 4025 Juxta
427 3954 891 4034 praeceptum,
929 3943 1208 4013 semitas
1233 3943 1542 4029 justitiae
1570 3956 1924 4030 rectosque
1957 3963 2235 4034 gressus
2265 3941 2396 4010 sub
2433 3939 2727 4031 pedibus

191 4028 337 4100 suis
385 4030 605 4102 facere
652 4052 788 4101 non
838 4030 1179 4101 dubitant.
1217 4032 1458 4101 Mortui
1491 4044 1886 4120 resurgunt,
1938 4031 2205 4119 quoties
2238 4030 2469 4100 obruti
2497 4027 2727 4118 culpis

190 4119 621 4202 mortalibus,
650 4120 736 4189 ad
776 4119 982 4190 vitam
1021 4133 1365 4189 aeternam
1401 4119 1893 4209 capessendam
1924 4120 2132 4189 afflati
2159 4118 2416 4208 Spiritu
2448 4123 2718 4198 SanctO,

192 4223 313 4290 per
355 4209 836 4295 poenitentiam
887 4209 1380 4298 expergefiunt.
1433 4213 1572 4279 Hos
1618 4221 1684 4278 et
1731 4207 2133 4309 hujusmodi
2173 4206 2390 4277 divini
2438 4205 2726 4277 seminis

191 4289 495 4378 fructus,
558 4298 623 4365 in
676 4297 902 4367 novali
950 4297 1538 4387 wirceburgensis
1585 4297 1926 4367 Ecclesme
1973 4308 2483 4368 succrescentes
2511 4350 2527 4377 ,
2563 4307 2722 4364 *tam

191 4377 373 4450 beati
417 4385 841 4468 Burchardi‚
904 4386 1255 4477 pervigilis
1317 4386 1649 4456 nimirum
1712 4385 1988 4469 coloni,
2058 4384 2520 4457 sollicitudine
2585 4403 2723 4451 non
