3347 4999
729 324 857 388 7⁴0
1256 342 1335 387 na
1383 341 1475 388 ss.
1528 338 1941 389 cuarsmrno
1988 340 2064 387 m·
2114 338 2307 388 nAmA
2358 342 2550 389 nar.
2883 323 3065 390 OCT.
3115 327 3190 390 25

645 425 875 528 ipsum
928 424 1154 496 Sancti
1193 425 1397 513 positi
1437 424 1733 507 fuerant,
1784 448 1863 495 ex
1902 447 1982 495 eo
2019 439 2322 516 tempore
2371 425 2517 496 illic
2567 426 2702 497 sibi
2747 426 3185 498 domicilium

642 526 1113 585 constituerat.

729 611 767 685 5
815 609 954 676 14.
1008 609 1084 672 At
1132 603 1591 672 Numerianus
1654 607 2035 692 Imperator
2081 604 2295 694 jussit
2344 603 2856 692 chrysanthum
2915 604 2985 673 in
3040 627 3189 674 car-

643 714 796 762 cere
846 691 1387 783 profundissimo
1435 690 1792 771 custodiri,
1834 703 1912 760 ut
1939 691 2151 762 simul
2199 715 2359 762 cum
2414 697 2613 763 Daria
2664 694 2874 764 variis
2929 695 3194 764 crucia-

644 782 830 851 tibus
888 781 1295 851 afficeretur.
1359 782 1721 870 conjectus
1786 781 1996 870 igitur
2055 793 2160 851 est
2226 782 2296 850 in
2347 803 2691 853 carcerem
2743 781 3190 861 Tullianum,

642 869 1269 1027 profundissimum
1307 891 1387 939 ac
1431 870 1881 951 teterrimum,
1922 883 2127 957 atque
2175 868 2652 941 foedissimum
2696 871 2768 951 ⁴⁸,
2828 871 3096 952 nudus,
3138 886 3198 941 et

669 959 880 1029 erreis
932 960 1201 1029 vinctus
1247 957 1727 1049 compedibus;
1784 961 1983 1027 Darla
2026 981 2185 1029 vero
2223 959 2291 1028 in
2349 958 2647 1048 lupanar
2692 959 3005 1030 detrusa.
3046 961 3192 1043 Qui-

643 1048 778 1119 bus
809 1048 995 1118 vario
1032 1060 1525 1117 tormentorum
1578 1068 1827 1137 genere
1859 1047 2144 1129 affectis,
2185 1049 2372 1118 varia
2409 1049 2743 1118 Dominus
2791 1049 3024 1139 gratia
3061 1070 3103 1118 o
3151 1050 3199 1117 i·

644 1137 903 1207 tulatus
951 1152 1076 1208 est.
1129 1136 1561 1226 Chrysantho
1609 1137 1794 1205 enim
1832 1136 2067 1206 odoris
2098 1137 2499 1207 suavitatem
2535 1150 2602 1207 et
2653 1137 2889 1208 lumen
2942 1150 3097 1207 attu
3126 1139 3193 1216 it:

644 1229 885 1295 Darlae
932 1248 1089 1297 vero
1138 1224 1267 1306 leo,
1311 1226 1431 1312 qui
1471 1247 1509 1294 e
1542 1224 1765 1295 stadio
1799 1224 2092 1314 fugerat,
2137 1225 2394 1296 auxilio
2442 1224 2593 1296 fuit.
2640 1231 2935 1297 Domum
2986 1227 3195 1302 enim.

646 1315 766 1384 ubi
819 1313 935 1383 illa
985 1327 1130 1384 erat
1162 1326 1227 1383 et
1262 1314 1547 1404 supplex
1600 1314 2032 1404 precabatur,
2074 1315 2142 1383 in
2200 1336 2454 1395 ressuS,
2503 1335 2651 1385 sese
2699 1315 2768 1385 in
2806 1315 3046 1385 medio
3097 1336 3204 1384 ex-

651 1403 888 1473 tendit.
934 1403 1125 1487 Quod
1177 1404 1358 1472 cives
1405 1425 1563 1472 cum
1618 1403 2038 1493 ignorarent,
2096 1338 2603 1473 sagacissimum
2655 1403 3042 1491 quemdam
3092 1406 3204 1492 ju·

645 1515 882 1561 venem
922 1515 1000 1562 ac
1049 1492 1672 1584 flagitiosissimum
1742 1493 2101 1561 miserunt.
2149 1492 2274 1562 Sed
2333 1514 2492 1561 cum
2560 1504 2738 1562 esset
2807 1492 3200 1583 ingressus,

651 1581 895 1650 insiliit
928 1582 994 1650 in
1038 1603 1196 1650 eum
1237 1580 1364 1662 leo,
1426 1581 1947 1671 prostravitque,
2005 1593 2071 1650 et
2120 1580 2414 1670 pedibus
2458 1580 2910 1662 conculcans,
2954 1582 3204 1652 Christi

649 1670 983 1760 virginem
1034 1670 1318 1739 intentis
1358 1670 1578 1740 oculis
1628 1670 2060 1760 respiciebat,
2103 1684 2181 1740 ut
2216 1670 2381 1757 quid
2434 1670 2580 1739 fieri
2622 1670 2854 1751 vellet,
2913 1672 3016 1739 im
3149 1693 3208 1740 a·

650 1772 769 1827 ret.
823 1764 921 1839 At,
976 1780 1047 1827 re
1077 1759 1396 1849 cognita:
1452 1758 1767 1828 «Ad‘uro
1817 1770 1901 1840 te,
1940 1759 2169 1845 inquit
2226 1772 2461 1830 sancta
2496 1762 2720 1841 Darla,
2775 1781 2903 1849 per
2953 1761 3033 1829 Fi
3073 1761 3202 1828 ium

646 1848 785 1928 Dei,
840 1859 914 1916 ut
948 1848 1306 1936 permittas
1339 1846 1435 1916 illi
1483 1870 1570 1916 au
1628 1849 1724 1917 ire
1765 1869 2152 1918 sermonem
2207 1868 2513 1918 meum.»
2563 1853 2693 1918 Leo
2730 1860 3007 1931 autem,
3066 1850 3207 1940 ipso

643 1936 900 2015 relicto,
954 1936 1132 2006 fores
1179 1936 1606 2014 observabat,
1655 1958 1739 2004 ne
1769 1937 2119 2026 quispiam
2155 1936 2338 2006 alius
2381 1935 2712 2007 introiret.

726 2028 763 2113 ξ
811 2031 954 2097 15.
1009 2030 1196 2094 Tunc
1250 2028 1451 2096 Daria
1490 2024 1573 2094 ad
1601 2025 1972 2114 juvenem:
2020 2048 2056 2091 «
2092 2030 2294 2107 Ecce,
2351 2026 2600 2112 inquit,
2655 2025 2879 2095 leonis
2931 2025 3201 2100 feritas.

638 2114 884 2183 Christi
942 2115 1218 2182 nomine
1251 2114 1510 2194 audito,
1553 2119 1760 2182 Deum
1799 2113 1986 2194 colit;
2024 2127 2098 2183 tu
2145 2130 2372 2184 autem
2419 2114 2628 2184 homo
2684 2114 2957 2185 ratione
3014 2137 3206 2206 prae-

636 2203 850 2282 ditus»,
893 2216 986 2272 tot
1018 2203 1087 2271 in
1124 2203 1407 2292 flagitiis
1440 2202 1958 2289 sceleribusque
1992 2204 2310 2283 versaris,
2364 2202 2627 2273 infelix.
2664 2208 2986 2287 Quorum
3021 2207 3202 2276 enim

643 2290 903 2381 pudere
931 2305 992 2360 te
1012 2292 1389 2381 oportebat,
1432 2291 1497 2358 in
1533 2291 1616 2359 iis
1648 2302 1712 2359 te
1735 2291 2013 2379 jactitas
2045 2304 2109 2361 et
2139 2291 2532 2381 gloriaris.»
2558 2298 2635 2362 At
2663 2292 2779 2361 ille
2809 2307 3201 2381 prostratus

640 2380 723 2448 ad
780 2379 987 2471 pedes
1034 2381 1209 2470 erS,
1246 2379 1549 2448 clamare
1577 2381 1840 2468 coepit:
1883 2402 1920 2446 «
1955 2380 2158 2463 Jube,
2217 2381 2562 2469 inquienS,
2609 2402 2717 2450 me
2766 2381 3194 2452 incolumem

639 2468 897 2559 egredi,
936 2482 1001 2539 et
1045 2491 1171 2561 ego
1224 2467 1552 2540 omnibus
1607 2468 2022 2558 praedicabo
2070 2470 2439 2550 Christum,
2502 2491 2707 2557 quem
2777 2482 2852 2539 tu
2906 2469 3194 2548 adoras,

636 2580 789 2628 esse
839 2581 1072 2628 verum
1130 2564 1366 2639 Deum,
1425 2579 1548 2627 nec
1579 2557 1766 2628 aliud
1823 2581 1974 2628 esse
2015 2564 2227 2629 Deum
2282 2571 2548 2648 praeter
2594 2558 2857 2648 ipsum.
2902 2583 2944 2627 »
2977 2559 3202 2631 Jussit

638 2648 852 2738 igitur
902 2650 1100 2717 Darla
1150 2648 1352 2728 leoni,
1420 2660 1498 2716 ut
1542 2668 1701 2716 eum
1755 2648 1939 2718 exire
1998 2648 2273 2717 sineret.
2351 2652 2658 2735 Cumque
2709 2646 2814 2716 leo
2876 2648 2975 2717 ab
3040 2649 3202 2721 ostio

641 2737 1060 2817 recessisset,
1113 2758 1433 2827 egressus
1478 2749 1604 2817 est;
1658 2749 1724 2805 et
1777 2759 1897 2827 per
1940 2749 2144 2806 totam
2205 2736 2447 2805 urbem
2507 2736 2895 2806 cursitabat
2950 2760 3202 2829 magna

640 2847 801 2896 voce
833 2849 847 2893 :
878 2825 1361 2916 «Cognoscite,
1393 2826 1742 2911 inquienS‚
1786 2846 2030 2894 omnes
2057 2825 2371 2905 Romani,
2423 2828 2689 2894 Darlam
2733 2846 2891 2896 esse
2924 2826 3195 2897 deam.»

639 2917 805 2984 Cum
856 2927 1084 2983 autem
1146 2913 1443 2983 audaces
1498 2935 1536 2982 e
1584 2913 1805 2983 stadio
1863 2914 2178 2983 homines
2234 2913 2725 2995 accessissent,
2791 2927 2874 2983 ut
2931 2914 3194 2985 leonem

636 3003 1080 3091 corriperent,
1108 3003 1341 3072 divina
1378 3002 1622 3071 virtute
1657 3002 1761 3071 leo
1810 3001 2126 3092 singulos
2165 3001 2363 3072 humi
2394 3001 2664 3089 dejecit,
2700 3001 3195 3093 detinebatque

641 3113 759 3160 eos
807 3091 890 3160 ad
931 3091 1136 3182 pedes
1186 3106 1462 3161 sanctae
1512 3094 1772 3171 Darlae,
1831 3090 2003 3160 nihil
2044 3090 2144 3161 eis
2194 3089 2358 3159 mali
2416 3089 2698 3159 faciens.
2746 3090 2931 3160 Dixit
2971 3109 3193 3162 autem

641 3178 783 3249 illis
834 3194 1069 3249 sancta
1118 3182 1355 3249 Darla:
1410 3203 1445 3247 «
1476 3181 1546 3250 Si
1609 3181 1675 3248 in
1732 3179 2072 3249 Christum
2114 3178 2577 3261 credideritis,
2648 3180 2970 3269 poteritis
3023 3183 3197 3251 inco·

639 3268 862 3338 lumes
895 3269 1129 3338 abire:
1185 3269 1290 3338 sin
1338 3269 1593 3349 minus,
1636 3268 1743 3337 dei
1787 3268 1989 3338 vestri
2026 3268 2318 3338 liberent
2363 3288 2556 3338 νος.»
2605 3266 2819 3338 Atilii
2854 3271 3012 3339 una
3057 3291 3197 3340 om-

638 3377 760 3425 nes
810 3377 970 3428 voce
1021 3357 1434 3438 clamarunt,
1491 3357 1834 3427 dicentes:
1893 3379 1930 3424 «
1974 3357 2103 3440 Qui
2167 3378 2303 3426 non
2365 3358 2583 3427 credit
2638 3357 2994 3428 Christum
3053 3379 3187 3429 esse

636 3450 848 3515 Deum
909 3446 1136 3514 vivum
1199 3459 1265 3516 et
1304 3468 1566 3527 verum,
1621 3445 1787 3516 hinc
1837 3468 1922 3515 ne
1978 3445 2287 3516 discedat
2332 3447 2552 3516 vivus„
2593 3469 2631 3513 »
2682 3451 2968 3515 Etcum
3033 3447 3186 3517 haec

637 3533 996 3616 dixissent,
1038 3534 1506 3606 discesserunt
1537 3534 1958 3605 clamantes:
2013 3558 2050 3602 «
2082 3534 2369 3615 Credite,
2408 3534 2648 3624 populi
2684 3539 3188 3611 Romanorum.

639 3644 773 3692 non
824 3646 973 3694 esse
1004 3622 1221 3693 alium
1287 3628 1536 3706 Deum,
1597 3624 1733 3693 nisi
1802 3624 2173 3703 Christum,
2274 3645 2430 3693 uem
2485 3626 2682 3692 Daria
2736 3624 3120 3714 praedicat.
3161 3651 3188 3689 ι

635 3717 805 3784 Tum
845 3713 1194 3784 Celerinus
1231 3718 1505 3783 Praetor
1544 3713 1758 3801 jussit
1817 3713 2048 3804 ignem
2099 3712 2183 3781 ad
2226 3646 2415 3781 (iores
2475 3711 2751 3795 domuS,
2807 3712 2937 3782 ubi
3001 3716 3198 3784 Darla

635 3824 793 3872 cum
838 3803 1031 3873 leone
1070 3814 1237 3884 erat,
1283 3802 1590 3872 accendi.
1631 3807 1798 3892 Igne
1837 3815 2066 3871 autem
2121 3800 2286 3884 viso,
2342 3801 2575 3871 timuit
2625 3801 2748 3882 leo,
2810 3803 3191 3895 rugituque

633 3891 859 3981 coepit
897 3893 1095 3981 signa
1135 3889 1393 3961 doloris
1441 3890 1628 3960 dare.
1672 3895 1749 3961 At
1814 3894 2054 3962 Darla:
2108 3913 2146 3956 «
2179 3895 2271 3961 Ne
2320 3891 2587 3971 timeaS‚
2651 3890 2921 3977 inquit,
2968 3913 3194 3976 neque

632 3979 817 4048 enim
854 3979 1308 4063 combureris,
1366 4001 1584 4068 neque
1623 3980 1919 4070 capieris
1955 4001 2292 4067 unquam,
2345 3994 2467 4050 aut
2512 3978 2881 4061 occideriS,
2926 3978 3040 4050 sed
3069 4000 3202 4048 na-

639 4067 842 4137 turali
896 4082 1110 4139 morte
1157 4069 1495 4139 interibis.
1551 4073 1732 4137 Metu
1780 4067 1994 4159 igitur
2041 4068 2351 4158 deposito
2382 4122 2397 4144 ,
2459 4067 2808 4159 egredere,
2848 4082 2919 4138 et
2968 4069 3082 4138 abi
3127 4070 3202 4138 in

636 4177 839 4246 pace:
893 4157 1220 4247 quoniam
1274 4158 1356 4239 is,
1395 4179 1597 4244 quem
1652 4157 1725 4226 in
1770 4180 1876 4228 me
1926 4156 2300 4237 honorasti,
2340 4156 2658 4226 liberabit
2709 4170 2794 4227 te.
2840 4180 2877 4225 »
2924 4161 3211 4229 Cervioe

633 4295 878 4351 “wana
909 4311 1145 4342 carcerem
1173 4302 1242 4341 tta
1275 4301 1500 4362 describit
1532 4301 1584 4340 tn
1612 4299 1876 4361 Cauliana?
1895 4302 2150 4363 Sallustius
2169 4301 2224 4362 ².⁸
2243 4301 2327 4340 Est
2345 4300 2481 4339 locus
2501 4300 2552 4360 ξι
2570 4308 2778 4346 carcere.
2796 4309 2894 4349 quo
2917 4301 3219 4361 Tuniujum

629 4352 2520 4458 :3533305232227ffssssxffia‘2‘5ss‘..⁸3:3531353‘55.1{{:33.¹32205.2¹23
2537 4354 2962 4446 issssffsssssssffssrss
2975 4362 3222 4449 3³32?ss

628 4459 764 4499 foeda
783 4462 921 4510 atque
940 4460 1169 4501 terribilia
1187 4463 1294 4509 ejus
1312 4462 1469 4501 factes.
1495 4489 1514 4509 .
1534 4463 1762 4509 Desuper,
1779 4471 1901 4500 anuo
1923 4463 2039 4505 1539,
2058 4464 2218 4501 erecta
2236 4460 2327 4501 ruit
2347 4462 2547 4501 ecclesia
2565 4461 2613 4499 in
2631 4459 2864 4500 honorem
2892 4460 2942 4500 8.
2969 4462 3214 4512 «locem-
