3347 4999
684 350 811 414 748
1255 366 1335 412 na
1382 366 1474 413 ss,
1520 365 1788 414 zanomo
1835 365 1910 413 m·
1958 366 2227 414 zenomA
2275 366 2466 414 nitar.
2831 349 3013 415 OCT.
3065 352 3147 416 30

595 474 727 522 non
783 452 962 522 hanc
1017 474 1230 521 unam
1279 473 1455 538 quae
1519 452 1718 521 nobis
1767 449 1865 519 vel
1916 452 2004 520 ab
2057 453 2207 540 ipsa
2265 465 2511 521 natura
2559 451 2849 521 debetur
2910 475 3149 523 neces-

593 542 797 610 sario.
839 565 873 608 »
924 546 1103 611 Haec
1150 563 1312 628 ergo
1346 562 1502 608 curn
1555 540 1911 617 dixissent,
1968 546 2294 629 Martyres
2334 541 2561 610 statim
2602 541 2757 610 lecti
2789 542 3150 631 excipiunt

590 630 817 709 ferrei,
863 644 930 699 et
962 630 1108 720 igni
1158 630 1513 699 sublectis
1559 628 1985 699 accenditur.
2025 628 2267 699 Aderat
2315 642 2545 700 autem
2596 631 2833 720 Lysias
2863 653 3147 718 quoque

597 720 994 789 acclamans
1029 743 1039 782 :
1097 740 1131 784 «
1165 717 1402 788 Veniat
1449 717 1780 795 Christus,
1820 730 1884 787 et
1916 739 2113 806 opem
2165 717 2336 787 ferat
2375 718 2461 788 iis
2493 719 2613 804 qui
2652 740 2772 807 pro
2815 719 2970 809 ipso
3025 743 3147 810 pa-

595 809 884 878 tiuntur.
923 831 958 874 »
1008 807 1343 877 zenobius
1389 820 1615 876 autem
1680 807 1742 875 ei
1802 807 2079 877 honeste
2126 806 2340 876 dixit:
2398 830 2433 874 «
2478 812 2574 876 En
2631 807 2875 889 adest,
2931 830 3148 878 suum

595 920 817 966 rorem
872 896 1204 986 praebens
1254 894 1452 964 nobis
1502 894 1944 976 medicinam,
1996 896 2263 965 etiamsi
2316 907 2394 966 tu
2442 897 2569 965 hoc
2607 919 2740 966 non
2780 898 3013 986 possis
3052 898 3151 966 vi-

592 986 775 1066 dere,
829 1008 985 1054 cum
1025 986 1122 1054 sis
1150 984 1622 1055 circumdatus
1665 989 1845 1053 tanta
1880 984 2176 1070 caligine
2222 985 2615 1075 impietatis,
2651 1009 2687 1053 »

676 1078 714 1176 ξ
757 1078 834 1145 ’3.
888 1080 1249 1164 Tyrannus
1296 1095 1458 1163 ergo
1504 1094 1662 1142 cum
1715 1072 1972 1143 videret
2019 1095 2132 1144 eos
2185 1089 2318 1143 tam
2372 1097 2481 1144 ma
2537 1096 2622 1143 no
2669 1087 2734 1144 et
2783 1087 2923 1144 tam
2988 1074 3145 1144 forti

592 1185 825 1234 antmo
877 1163 1241 1252 praeditos,
1299 1163 1365 1230 in
1423 1162 1803 1251 praesentia
1851 1161 2130 1249 quidem
2181 1183 2448 1232 cessare
2523 1164 2656 1233 acit
2701 1185 2949 1233 eorum
2985 1186 3145 1234 cru-

591 1253 900 1332 ciatum,
958 1251 1165 1321 simul
1215 1250 1492 1339 quidem
1555 1263 1620 1319 et
1666 1250 1750 1320 ad
1818 1273 2097 1320 sensum
2158 1250 2416 1321 doloris
2463 1274 2622 1322 eum
2692 1275 3139 1340 nequaquam

590 1341 903 1411 sufficere
949 1340 1373 1420 existimans,
1411 1352 1475 1408 et
1507 1361 1628 1428 spe
1673 1339 1969 1427 quadam
2008 1338 2139 1408 sibi
2174 1339 2537 1409 blandiens
2586 1341 2748 1423 fore,
2789 1354 2866 1411 ut
2900 1343 2953 1409 ii
2994 1365 3142 1431 per-

592 1429 1036 1510 suadeantur,
1082 1441 1147 1499 et
1175 1442 1681 1508 convertantur,
1731 1450 1853 1497 nec
1900 1442 2230 1529 perpetuo
2273 1430 2366 1498 ita
2406 1429 2540 1500 sibi
2591 1430 2763 1499 nihil
2818 1443 3130 1520 parcant.

597 1524 764 1589 Cum
801 1519 1030 1620 itaque
1061 1540 1097 1587 e
1131 1517 1323 1588 lectis
1368 1516 1603 1587 ferreis
1635 1538 1753 1586 eos
1789 1516 2056 1588 fecisset
2101 1539 2383 1607 surgere
2415 1545 2428 1582 :
2483 1541 2518 1585 «
2549 1519 2804 1599 Vestri,
2854 1520 3132 1606 inquit,

593 1606 797 1676 modo
847 1607 1292 1688 miseremini,
1338 1628 1557 1694 neque
1589 1607 1679 1675 sit
1714 1606 1898 1676 alte»
1931 1605 2125 1676 alteri
2178 1607 2466 1675 invicem
2517 1607 2889 1698 adspectus
2935 1608 3139 1678 mise-

593 1696 855 1776 rabilis,
908 1696 1115 1766 frater
1144 1708 1300 1765 ante
1329 1694 1568 1765 oculos
1597 1696 1853 1766 sororis
1885 1693 2202 1765 atrociter
2236 1694 2654 1766 interfectus.
2689 1720 2725 1763 »
2759 1697 2869 1766 Illi
2899 1709 3132 1766 autem

594 1784 907 1854 moribus
949 1798 1015 1854 et
1061 1785 1315 1855 animis
1363 1784 1584 1874 magis
1631 1782 1899 1865 fratres,
1935 1805 2142 1870 quam
2184 1785 2632 1873 corporibus:
2672 1786 2905 1865 «Tibi,
2945 1786 3135 1855 dixe-

592 1887 779 1953 runt,
818 1896 857 1944 o
887 1874 1132 1956 Judex,
1174 1873 1395 1964 potius
1427 1872 1882 1952 consulimus,
1940 1884 2015 1941 ut
2047 1886 2203 1941 tuae
2243 1873 2516 1943 animae
2547 1872 2850 1962 aliquam
2886 1896 3128 1943 curam

592 1984 830 2053 geras:
881 1975 946 2033 et
995 1964 1235 2032 timeas
1281 1960 1559 2120 quidem
1613 1960 2026 2051 gehennam,
2077 1962 2282 2051 cujus
2337 1962 2561 2031 minae
2611 1963 2732 2032 tibi
2783 1964 3131 2032 intentan-

594 2064 728 2132 tur,
780 2063 846 2120 et
892 2052 1234 2142 supplicia
1284 2051 1301 2120 i
1339 2050 1402 2120 la
1450 2049 1916 2119 immortalia:
1968 2049 2283 2121 discedas
2331 2064 2557 2120 autem
2595 2051 2682 2121 ab
2724 2051 2852 2121 hoc
2898 2074 3130 2121 errore

596 2139 977 2220 manifesto,
1015 2153 1079 2210 et
1108 2140 1191 2210 ad
1233 2144 1443 2209 Deum
1495 2161 1731 2208 verum
1767 2137 2077 2218 accedas,
2111 2151 2176 2207 et
2221 2138 2307 2207 ad
2347 2140 2687 2230 pietatem.
2734 2145 2867 2212 Nos
2899 2155 3125 2210 autem

594 2229 715 2298 tibi
763 2229 1024 2299 erimus
1071 2227 1254 2318 apud
1311 2233 1516 2297 Deum
1569 2229 2074 2306 intercessores,
2130 2249 2631 2317 sponsoresque
2661 2242 2726 2298 et
2767 2229 3125 2299 fide‘usso-

594 2337 744 2393 res,
796 2316 979 2403 quod
1032 2329 1381 2406 acceptam
1434 2328 1619 2385 tuam
1684 2315 1963 2385 habebit
2018 2317 2575 2398 conversionem,
2619 2330 2684 2387 et
2743 2332 2801 2387 te
2864 2340 2903 2407 p
2936 2317 3127 2387 acide

592 2406 903 2495 excipiet,
956 2418 1022 2474 et
1067 2405 1469 2496 dignabitur
1500 2404 1701 2474 bonis
1740 2403 2229 2475 ineffabilibus.
2272 2428 2307 2472 »
2360 2411 2638 2496 Propter
2684 2429 2863 2494 quae
2896 2407 3128 2497 Lysias

596 2494 784 2564 rabie
815 2493 1112 2596 quadam
1154 2510 1219 2565 et
1251 2493 1479 2564 furore
1510 2493 1731 2565 factus
1778 2494 2023 2567 acrior.
2050 2494 2248 2583 jubet
2296 2494 2468 2565 illud
2515 2518 2637 2585 par
2678 2518 2828 2567 vere
2869 2496 3123 2566 bonum

592 2584 781 2671 injici
832 2606 901 2652 tn
954 2584 1229 2654 lebetes.
1302 2584 1577 2653 Lebetes
1632 2595 1862 2653 autem
1927 2584 2173 2653 subtus
2235 2585 2579 2654 habebant
2642 2584 2870 2674 ignem
2935 2584 3127 2654 valde

593 2694 985 2743 accensum.
1034 2672 1143 2743 Illi
1192 2693 1348 2741 vero
1399 2685 1653 2742 stantes
1703 2684 1859 2741 ante
1906 2671 2179 2754 lebeteS,
2220 2695 2379 2742 cum
2424 2673 2661 2743 oculos
2710 2673 2918 2744 simul
2970 2696 3124 2743 cum

593 2762 829 2832 anima
875 2763 947 2831 in
995 2762 1261 2832 coelum
1317 2760 1779 2841 sustulissent,
1832 2760 2203 2830 dicebant:
2260 2787 2285 2825 ‹
2328 2763 2609 2831 Domine
2646 2763 2805 2834 Jesu
2843 2762 3123 2841 Christe,

593 2856 770 2922 Deus
820 2852 1033 2941 paciS,
1086 2850 1362 2939 suscipe
1409 2849 1477 2919 in
1532 2872 1696 2939 pace
1744 2850 2015 2919 animas
2071 2863 2358 2920 nostraS.
2399 2874 2435 2916 »
2487 2851 2723 2920 Finitis
2774 2850 3117 2941 precibuS,

592 2961 708 3009 eos
755 2940 982 3010 statim
1033 2952 1446 3028 exceperunt
1494 2938 1791 3008 lebetes:
1844 2952 1910 3008 et
1938 2959 2114 3026 quae
2152 2951 2295 3008 erat
2328 2939 2394 3006 in
2446 2939 2548 3008 eis
2592 2939 2870 3028 quidem
2921 2962 3123 3027 aqua,

596 3027 694 3097 vel
737 3028 890 3118 ipso
936 3029 1097 3120 igne
1144 3027 1440 3098 fervebat
1481 3027 1976 3096 vehementius.
2042 3032 2168 3096 Par
2213 3040 2440 3097 autem
2493 3033 2863 3118 Martyrum
2895 3082 2915 3108 ,
2971 3051 3128 3099 cum

593 3116 906 3187 divinum
963 3116 1335 3204 quemdam
1400 3138 1621 3186 rorem
1681 3116 1768 3186 ab
1815 3116 1952 3185 alto
2000 3116 2375 3199 sensisset,
2428 3137 2686 3188 canens
2732 3117 2993 3187 sensim
3036 3128 3133 3185 est

592 3226 935 3295 egressus
976 3206 1328 3276 Canticum
1381 3217 1609 3274 autern
1646 3217 1835 3274 erat:
1887 3207 2191 3275 Servasti
2222 3228 2362 3279 nos.
2399 3207 2695 3285 Domine,
2747 3207 2829 3275 ab
2884 3207 2972 3275 iis
3022 3207 3141 3296 qm*

593 3316 710 3363 nos
757 3318 801 3363 a
883 3297 1075 3384 iqunt
1102 3319 1125 3364 .·
1175 3304 1238 3364 et
1270 3317 1376 3364 eos
1422 3296 1546 3385 qui
1570 3316 1690 3363 nos
1719 3294 1869 3364 odio
1910 3294 2172 3374 habent,
2218 3295 2505 3384 affectati
2526 3295 2784 3385 pudore
2811 3294 2951 3384 (Ps.
2993 3294 3130 3382 43).

682 3388 720 3463 ἓ
834 3434 849 3448 .
904 3387 1256 3452 Caeterum
1323 3383 1559 3467 Lysias
1625 3402 1785 3451 cum
1837 3403 2074 3451 eorum
2148 3382 2545 3452 mutationis
2607 3405 2880 3452 omnem
2942 3405 3135 3473 spem

594 3470 977 3562 abjecisset,
1017 3470 1333 3541 ultimam
1368 3470 1495 3540 fert
1530 3471 1596 3540 in
1625 3492 1742 3540 eos
1776 3470 2211 3552 sententiam,
2250 3484 2327 3541 ut
2356 3470 2586 3561 gladio
2619 3472 2824 3540 vitam
2862 3470 3131 3541 finiant.

594 3566 759 3628 Cum
809 3559 1039 3647 itaque
1086 3573 1273 3629 extra
1315 3582 1551 3630 muros
1598 3559 1895 3629 civitatis
1944 3565 2358 3650 Aegaeorum
2410 3558 2705 3630 fuissent
2752 3560 3011 3639 Sancti,
3068 3570 3140 3629 ut

588 3649 893 3739 jusserat
940 3648 1200 3738 LysiaS,
1254 3661 1319 3718 et
1367 3670 1439 3718 se
1487 3669 1735 3717 rursus
1783 3647 2134 3719 dedissent
2186 3648 2551 3737 precibus:
2608 3671 2644 3715 «
2681 3652 2727 3718 Α
2779 3648 2966 3718 imus
3018 3648 3139 3718 tibi

644 3738 876 3820 ratiaS,
930 3738 1191 3808 Christe
1242 3742 1454 3819 DeuS,
1519 3736 1886 3819 dicebant,
1938 3736 2119 3824 quod
2176 3737 2502 3827 dignatus
2550 3736 2647 3807 sis
2695 3759 2731 3806 e
2811 3759 2965 3806 cere
2998 3792 3013 3817 ‚
3066 3748 3143 3806 ut

593 3763 854 3898 {onum
906 3839 1250 3896 certamen
1302 3825 1836 3906 decertaremus,
1889 3847 2171 3896 cursum
2209 3846 2881 3906 consummaremuS,
2931 3825 3139 3895 fidem

599 3938 1054 3986 servaremus.
1109 3914 1256 3985 Tibi
1312 3936 1475 4004 ergo
1530 3913 1823 4016 placeat,
1866 3937 1906 3985 o
1954 3913 2287 3994 Domine,
2355 3926 2430 3982 ut
2482 3913 2705 3983 simus
2770 3915 3145 4004 participes

598 4004 887 4095 praemii
941 4026 1282 4095 supernae
1327 4004 1743 4084 vocationis3
1794 4017 1859 4072 et
1921 4025 2045 4072 nos
2112 4002 2287 4072 refer
2348 4003 2411 4069 in
2479 4024 2843 4072 numerum
2897 4023 3139 4073 eorum

599 4095 720 4181 qui
772 4094 1184 4184 placuerunt
1233 4105 1468 4163 sancto
1517 4106 1633 4162 tuo
1671 4104 1737 4160 et
1774 4089 2186 4161 admirando
2226 4091 2516 4171 nomini,
2559 4091 2884 4179 quoniam
2920 4114 2998 4161 es
3032 4092 3145 4161 be-

594 4182 908 4254 nedictus
947 4184 1016 4251 in
1055 4181 1313 4252 secula.
1347 4204 1383 4248 »
1425 4182 1662 4251 Statim
1715 4194 1945 4250 autem
1982 4202 2217 4270 preces
2248 4180 2531 4250 effectus
2563 4193 2664 4250 est
2692 4194 3139 4260 consecutus:

593 4285 658 4341 et
706 4292 831 4340 vox
887 4271 1225 4358 quaedam
1280 4272 1609 4341 resonans
1658 4292 1697 4338 e
1743 4268 1973 4350 coelo,
2024 4267 2124 4339 eis
2175 4268 2477 4359 pollicita
2537 4281 2640 4338 est
2685 4289 3028 4339 coronas..
3083 4281 3151 4338 et

595 4358 680 4427 ad
732 4359 849 4428 illa
901 4361 1226 4430 evocabat
1269 4358 1570 4429 Athletas
1617 4380 1794 4446 quae
1841 4356 1944 4427 illi
1990 4358 2317 4445 consequi
2358 4356 2686 4447 optabant
2717 4378 2838 4448 per
2886 4372 3155 4448 marty-

595 4448 809 4519 rium.
865 4452 1028 4517 Cum
1081 4460 1308 4519 autem
1346 4447 1733 4519 audiissent
1783 4468 2008 4517 vocem
2055 4446 2101 4515 ii
2135 4446 2256 4533 qui
2305 4445 2612 4526 aderant,
2657 4446 2854 4516 humi
2885 4446 3151 4516 cadunt
