3347 4999
213 362 383 429 OCT.
443 361 523 425 47
1099 378 1178 423 na
1228 377 1283 424 s.
1338 321 1633 423 {11:21³thss
1682 372 1878 423 vinna
2531 359 2659 423 499

213 486 352 552 qua
387 462 581 553 prius
614 461 887 531 lumbos
924 461 1310 543 strinxerat,
1349 482 1659 548 quaeque
1694 482 1945 550 corpus
1993 460 2142 549 ejus
2190 458 2311 529 diu
2344 472 2742 540 corroserat,

201 554 347 643 jam
399 565 541 621 erat
587 562 1021 638 consumpta.
1097 555 1330 637 ltaque
1390 571 1630 618 novam
1683 549 1903 630 hanc,
1959 562 2308 634 tamquam
2359 569 2398 616 a
2461 548 2746 617 Domino

209 641 523 719 missam,
581 639 889 708 hilariter
936 638 1220 726 accepit.
1265 644 1512 707 Verum
1569 636 1853 707 domina
1899 642 2090 707 Anna
2145 657 2378 706 seeum
2448 657 2741 725 perpen-

212 729 406 809 dens,
462 729 531 796 in
585 728 725 809 illa,
779 726 1129 796 diuturnis
1168 725 1651 796 afflictionibus
1689 727 1833 815 jam
1889 739 2048 805 tune
2090 746 2262 815 pene
2310 723 2620 792 confecta
2672 737 2736 793 et

207 818 478 887 viribus
509 817 852 896 destituta,
908 815 976 884 id
1023 815 1204 902 quod
1239 827 1592 905 supererat
1639 816 1914 893 virium,
1949 812 2289 904 ejusmodi
2333 833 2540 881 zonae
2586 834 2748 881 cru·-

210 908 397 975 ciatu
452 906 721 994 penitus
768 916 1162 974 enervatum
1213 904 1339 972 iri:
1394 903 1665 972 fratrem
1720 902 2146 972 Herbordum
2202 900 2350 988 ejus
2398 899 2744 969 consessa-

207 996 391 1064 rium
430 994 711 1084 rogavit,
765 998 841 1061 ut
886 993 946 1062 ei
985 993 1072 1062 ob
1121 992 1647 1063 immoderatum
1685 992 2003 1082 rigorem,
2047 989 2505 1061 conscientiae
2549 1011 2747 1059 scru-

210 1083 460 1175 pulum
512 1096 574 1152 et
616 1081 1015 1171 religionem
1058 1082 1396 1170 injiceret,
1450 1094 1652 1167 atque
1692 1080 1820 1150 hoc
1873 1078 2321 1150 cruciamenti
2371 1099 2589 1177 genus
2642 1099 2740 1147 se·

208 1171 568 1241 verissime
616 1169 1067 1250 interdiceret,
1111 1169 1683 1260 compelleretque
1720 1191 1895 1248 eam,
1935 1172 2180 1257 rejecto
2210 1166 2436 1236 cilicio
2483 1179 2546 1234 et
2572 1168 2744 1236 zona

207 1259 356 1339 illa,
412 1259 827 1350 corpusculo
868 1282 992 1329 suo
1044 1257 1421 1328 molliorem
1458 1257 1764 1326 tunicam
1810 1257 2157 1327 adbibere.
2214 1255 2340 1325 Ubi
2378 1276 2531 1324 vero
2580 1277 2743 1323 oon-

208 1348 539 1418 fessarius
572 1348 638 1416 in
673 1370 823 1416 earn
873 1369 1013 1416 rem
1044 1347 1384 1429 incubuit,
1436 1344 1882 1433 consiliisque
1920 1367 2068 1415 eam
2096 1345 2371 1414 flectere
2420 1343 2741 1421 instituit,

210 1437 332 1507 illa
369 1437 581 1506 tristis
621 1436 835 1505 dixit:
876 1459 910 1503 «
942 1441 1118 1505 Deus
1158 1437 1466 1528 ignoscat
1514 1434 1696 1504 filiae
1748 1456 1959 1514 meae,
2011 1433 2190 1521 quod
2245 1454 2472 1502 meum
2532 1431 2748 1501 voluit

209 1538 549 1597 secretum
609 1525 923 1614 prodere:
959 1548 993 1590 »
1048 1546 1168 1593 nec
1224 1539 1447 1593 tamen
1500 1523 1845 1592 cilicinam
1910 1522 2228 1611 deposuit
2285 1533 2560 1600 vestem,
2626 1521 2743 1589 sed

204 1636 431 1700 usque
481 1614 548 1681 in
600 1635 1000 1703 supremum
1052 1614 1226 1682 vitae
1273 1613 1454 1682 diem
1498 1634 1567 1680 se
1615 1611 1737 1680 illa
1765 1612 2135 1700 castigans,
2181 1611 2245 1677 in
2294 1611 2373 1678 ea
2420 1608 2742 1679 defuncta

209 1717 314 1774 est
346 1701 401 1769 ’ἃ
448 1706 528 1771 Ut
572 1703 755 1771 enim
808 1702 1049 1771 salutis
1098 1701 1435 1772 fructibus
1476 1699 1801 1790 opulenta
1861 1700 2060 1780 foret,
2164 1698 2384 1768 lebam
2436 1698 2744 1786 corporis

212 1792 324 1862 sui
373 1790 693 1860 continue
742 1790 1154 1871 conterebat,
1189 1802 1253 1860 et
1282 1812 1316 1859 a
1375 1811 1524 1859 rum
1560 1810 1761 1859 suum
1798 1787 2009 1858 coluit
2056 1722 2440 1877 dffigenter,
2479 1785 2743 1857 nullius

210 1902 436 1968 neque
481 1878 823 1968 precibuS,
881 1900 1101 1966 neque
1132 1880 1323 1948 consi
1359 1879 1439 1947 iis
1488 1877 1954 1964 acquiescens,
1997 1899 2151 1945 cum
2196 1899 2275 1944 ex
2329 1875 2416 1943 iis
2469 1896 2539 1945 se
2586 1896 2743 1943 sen-

213 1971 368 2038 tiret
408 1969 545 2058 pati
580 1967 1093 2057 impedimenta.
1148 1968 1605 2050 Quamobrem
1656 1965 1845 2035 filius
1877 1966 2051 2053 ejus,
2093 1969 2236 2034 Dux
2275 1963 2610 2034 Henricu's
2641 1963 2728 2044 ei,

212 2071 290 2127 ut
324 2078 449 2146 par
494 2069 660 2135 erat,
722 2055 1115 2137 condolenS,
1162 2056 1436 2145 saepius
1483 2054 1961 2141 queribundus
2012 2053 2326 2123 dicebat:
2393 2074 2429 2118 «
2460 2057 2739 2121 Matrem

216 2167 443 2214 meam
496 2143 706 2213 nullis
743 2165 1019 2232 possum
1064 2145 1385 2234 precibus
1431 2166 1511 2213 eo
1548 2142 1910 2224 adducere,
1982 2156 2057 2212 ut
2104 2142 2261 2211 velit
2307 2140 2567 2227 aliquid
2638 2162 2744 2210 re-

215 2234 481 2301 mittere
529 2231 613 2300 de
660 2233 967 2331 corporis
1016 2235 1123 2303 sui
1155 2232 1640 2302 afflictionibus
1666 2246 1730 2301 et
1777 2230 2284 2301 cruciamentis.
2328 2229 2455 2301 Sed
2487 2240 2745 2318 poterat

214 2321 338 2390 illa
384 2342 463 2389 ex
510 2333 842 2389 sententia
874 2320 1099 2390 dicere
1137 2344 1291 2391 cum
1334 2320 1684 2411 Apostolo:
1740 2320 1984 2389 Omnia
2048 2341 2327 2408 possum
2381 2319 2447 2387 in
2498 2340 2576 2387 eo
2624 2318 2744 2405 qui

213 2430 326 2477 me
373 2406 742 2491 conforta13
793 2409 969 2477 vires
1002 2411 1211 2492 enim,
1248 2432 1422 2498 quas
1457 2410 1747 2496 negabat
1782 2407 2141 2478 muliebris
2174 2407 2564 2487 infirmitas,
2606 2408 2740 2475 vir-

214 2510 326 2567 tus
375 2497 602 2566 divina
640 2496 1031 2567 mirandum
1066 2498 1133 2567 in
1178 2498 1458 2568 modum
1498 2496 1596 2566 illi
1648 2496 2151 2588 suppeditabat.

300 2589 336 2673 ἕ
388 2592 546 2657 ²².
602 2591 840 2656 Lectus
878 2587 939 2655 ei
987 2587 1103 2668 ita,
1156 2600 1233 2657 ut
1286 2587 1566 2657 decebat
1619 2587 1997 2677 principem
2035 2586 2363 2655 feminam
2408 2597 2472 2653 et
2510 2585 2746 2654 ducis-

211 2697 385 2754 sam,
445 2674 1017 2765 praeparabatur:
1071 2675 1186 2747 sed
1238 2675 1356 2744 illa
1405 2676 1473 2743 in
1523 2697 1601 2745 eo
1652 2697 1787 2745 non
1850 2674 2168 2755 cubabat,
2226 2675 2292 2742 in
2361 2672 2613 2742 tabulis
2663 2671 2744 2740 li-

206 2764 429 2854 gneis,
470 2777 590 2834 aut
640 2764 1025 2854 pavimento
1074 2764 1258 2833 corio
1303 2764 1611 2845 instrato,
1676 2786 1919 2834 somno
1958 2785 2107 2833 eam
2167 2774 2316 2851 post
2378 2762 2744 2830 diuturnas

206 2852 632 2941 vespertinas
681 2874 917 2943 preces
962 2865 1027 2923 et
1061 2853 1329 2944 vigilias
1375 2872 1461 2942 op
1518 2854 1827 2934 rimente,
1874 2873 2022 2923 sese
2055 2871 2436 2941 reponens·
2474 2849 2542 2918 Si
2584 2870 2739 2917 vero

208 2941 420 3010 debili
454 2953 518 3010 et
565 2941 839 3011 infirmo
889 2942 1322 3029 nimiumque
1369 2941 1453 3010 de
1484 2943 1735 3031 atigato
1768 2940 2036 3030 corpori
2072 2937 2418 3008 interdum
2459 2937 2737 3026 pluscu-

206 3029 354 3099 lum
395 3029 752 3121 indulgere
787 3029 1002 3111 vellet,
1038 3031 1104 3099 in
1155 3030 1611 3101 straminibus
1649 3051 1876 3120 panno
1916 3049 2147 3097 crasso
2186 3025 2462 3116 opertis,
2519 3041 2637 3094 aut
2669 3026 2739 3093 in

205 3140 406 3187 sacco
450 3118 534 3187 ad
586 3132 857 3209 ternpus
905 3119 1181 3206 aliquod
1238 3118 1534 3189 cubavit.
1604 3123 1680 3188 In
1749 3117 2036 3187 culcitra
2101 3137 2254 3183 vero
2322 3134 2678 3200 nunquam
2714 3166 2735 3193 ,

203 3206 714 3295 quantumlibet
761 3221 1056 3298 aegrota,
1088 3208 1390 3277 dormire
1439 3207 1671 3276 voluit.
1717 3207 1866 3275 Fuit
1923 3202 2295 3291 aliquando
2360 3201 2742 3292 aegrotanti

206 3295 554 3366 substrata
605 3294 930 3365 culcitra:
1000 3296 1117 3365 sed
1180 3295 1385 3365 simul
1428 3308 1628 3382 atque
1678 3294 1914 3375 sensit,
1942 3301 2098 3363 veam
2142 3292 2356 3383 jussit
2413 3291 2740 3361 amoveri.

202 3389 411 3454 Porro
443 3405 653 3471 supra
689 3383 1026 3455 humanas
1061 3385 1235 3453 vires
1268 3384 1485 3453 sacris
1509 3381 1762 3472 vigiliis
1802 3382 2182 3451 insistebat.
2218 3380 2311 3451 Ad
2365 3392 2743 3450 nocturnas

202 3473 392 3542 enim
436 3493 666 3561 preces
699 3493 900 3562 saepe
933 3485 1089 3541 ante
1128 3472 1408 3562 signum
1465 3471 1812 3560 surgebat,
1872 3493 1995 3541 nec
2049 3482 2271 3559 postea
2325 3469 2591 3539 redibat
2654 3468 2741 3538 ad

205 3560 487 3640 lectum,
531 3573 605 3628 ut
636 3560 857 3629 somni
893 3561 1222 3630 beneficio
1270 3581 1341 3630 se
1389 3571 1756 3629 recrearet:
1806 3560 1924 3629 sed
2022 3559 2261 3649 ervigil
2310 3558 2375 3626 in
2413 3559 2746 3628 orationi-

202 3652 339 3721 bus
376 3650 805 3739 permanenS,
864 3649 1319 3718 meditabatur
1371 3660 1564 3717 nocte
1623 3670 1782 3718 cum
1833 3671 1949 3718 cor
1999 3670 2035 3718 e
2084 3670 2233 3728 suc,
2287 3659 2351 3716 et
2413 3646 2741 3735 scopebat

202 3761 341 3808 non
394 3736 616 3807 solum
656 3736 826 3806 susis·
885 3736 1206 3826 lacrymis
1264 3736 1584 3824 spiritum
1644 3759 1875 3817 suum,
1935 3737 2053 3807 sed
2102 3737 2306 3806 etiam
2359 3755 2736 3824 scoparum

201 3826 604 3896 verberibus
637 3846 887 3925 eorpus
922 3847 1152 3905 suum,
1191 3825 1523 3894 acerrime
1559 3824 1731 3895 illud
1768 3826 2147 3916 flagellans.
2189 3823 2328 3894 Sub
2374 3820 2512 3891 illis
2543 3823 2735 3891 enim

204 3915 563 3985 nocturnis
596 3916 938 4005 precibus,
981 3934 1155 4001 quas
1191 3914 1554 3985 Matutinas
1595 3928 1858 3994 vocant,
1905 3916 1972 3982 in
2039 3915 2263 3982 locum
2333 3910 2561 3992 illum,
2618 3910 2742 3997 qui

207 4004 591 4093 Capitulum
642 4002 917 4081 dicitur,
958 4002 1371 4093 ingrediens,
1418 4024 1639 4090 usque
1679 4002 1848 4072 adeo
1909 4024 1979 4070 se
2028 3999 2352 4085 caedebat
2387 3999 2626 4087 virgiS,
2666 4012 2743 4069 ut

208 4105 436 4181 guttae
467 4092 829 4183 sanguinis
883 4091 965 4161 de
1020 4092 1170 4182 ejus
1228 4113 1511 4181 corpore
1559 4092 1628 4159 in
1681 4091 1946 4161 corium
2000 4100 2380 4169 manantes,
2449 4088 2535 4156 ab
2585 4086 2742 4157 aliis

210 4192 439 4268 postea
488 4180 901 4252 viderentur.
958 4185 1087 4250 Nec
1134 4193 1449 4250 contenta
1501 4178 1746 4270 plagis,
1785 4201 1956 4266 quas
2015 4178 2160 4246 suis
2211 4178 2359 4267 ipsa
2413 4177 2741 4247 manibus

262 4374 288 4400 ¹·
318 4374 384 4414 Ne
412 4375 458 4416 S.
494 4377 759 4428 Hedwigem
792 4377 1017 4419 defecisse
1036 4382 1254 4427 putemus
1275 4376 1332 4416 ab
1348 4385 1402 4416 ea.
1420 4374 1692 4418 humilitate
1710 4377 1757 4416 et
1773 4372 2088 4426 simplicitate,
2107 4382 2228 4423 quse
2248 4373 2463 4424 superins
2483 4370 2760 4419 extollitur..

205 4427 464 4468 ‘verisimile
494 4430 757 4471 habendum
792 4433 865 4471 est
894 4433 1041 4481 ipsam
1075 4442 1100 4471 a
1138 4440 1223 4471 suo
1257 4431 1559 4477 confessario,
1587 4429 1842 4476 Herbordo,
1864 4430 2049 4470 demum
2067 4429 2372 4469 consecutam
2391 4427 2553 4473 fuisse,
2573 4428 2624 4466 ut
2645 4428 2752 4467 tam

212 4481 432 4522 horribili
464 4482 618 4526 cilicio
648 4494 818 4535 corpus
851 4495 989 4527 suum
1019 4486 1167 4528 libere
1198 4488 1400 4528 vexaret.
