3347 4999
154 347 331 415 OCT.
383 350 470 414 25
784 367 864 414 nx
912 367 1004 415 ss.
1058 365 1470 416 cnnrsxurno
1516 367 1593 414 ιτ
1639 365 1834 415 mnia
1880 369 2070 415 nar.
2493 352 2624 419 709

156 471 490 542 papyrus,
543 451 818 521 effectae
865 463 1031 522 sunt
1071 450 1335 522 molles.
1380 451 1843 536 Quamobrem
1892 474 2055 523 cum
2090 453 2452 525 sinceritas
2485 455 2556 524 in
2606 476 2702 539 re,

153 552 221 610 et
274 541 558 627 justitia,
613 555 678 609 et
719 540 967 610 veritas
1015 552 1366 630 appareat,
1432 541 1599 628 quid
1678 540 2024 629 reliquum
2093 554 2217 624 est,
2272 545 2409 614 nisi
2459 557 2536 613 ut
2584 566 2711 615 nos

154 650 398 700 omnes
452 629 538 698 ad
592 629 803 720 hujus
852 629 980 699 viri
1026 650 1254 720 genua
1325 629 1668 717 prostrati,
1721 630 1991 700 veniam
2037 644 2350 721 petamus
2415 654 2654 703 eorum
2688 689 2703 716 ,

152 739 332 805 quae
381 719 617 807 inique
664 720 731 787 in
772 717 969 788 illum
1024 717 1474 806 patravimuS,
1517 740 2040 808 precemurque,
2092 732 2172 791 ut
2205 741 2330 791 nos
2379 720 2544 790 huic
2579 727 2709 792 Deo

154 806 498 888 conciliet,
541 807 662 894 qui
711 827 851 888 eos,
898 828 938 875 a
986 807 1246 894 quibus
1278 806 1553 888 colitur,
1595 808 1662 876 in
1707 809 1898 878 omni
1949 808 2130 879 bello
2171 810 2461 880 victores
2494 808 2709 880 facit?

155 895 421 965 Etenim
456 894 1048 983 quemadmodum
1103 917 1230 967 nos
1273 896 1462 976 vicit,
1517 897 1616 966 sic
1652 918 1897 967 omnes
1946 898 2296 990 principes
2345 911 2613 969 nostros
2645 913 2711 969 et

156 989 614 1074 Imperatores
655 985 1032 1085 superabit.
1069 1008 1104 1051 »

242 1076 279 1159 ἓ
328 1080 474 1145 12.
529 1073 652 1143 His
699 1072 927 1156 dictis,
983 1072 1313 1142 Claudius
1364 1095 1523 1144 cum
1575 1074 1911 1144 omnibus
1965 1074 2313 1146 militibus
2369 1076 2453 1146 ad
2490 1076 2710 1146 sancti

155 1160 571 1251 Chrysanthi
623 1183 854 1252 genua
887 1162 1222 1251 procidit:
1276 1184 1313 1229 «
1345 1167 1533 1245 Vere,
1590 1163 1939 1250 inquienS,
1972 1165 2447 1255 cognovimus,
2495 1170 2708 1234 Deum

153 1262 351 1319 tuum
396 1271 547 1320 esse
575 1272 812 1320 verum
852 1256 1088 1321 Deum.
1145 1252 1605 1334 Quamobrem
1658 1273 1942 1322 oramus
1983 1266 2080 1336 te,
2136 1267 2212 1323 ut
2259 1275 2384 1324 nos
2431 1254 2502 1323 in
2552 1253 2707 1342 ejus

153 1339 550 1429 cognitione
582 1339 1156 1427 instituaS‚eique
1203 1341 1447 1426 quovis
1497 1340 1702 1410 modo
1749 1340 2149 1413 concilies.»
2179 1343 2423 1412 —«Si
2470 1342 2554 1412 ad
2595 1343 2705 1411 Dei

156 1428 650 1517 cognitionem,
695 1428 922 1515 inquit
969 1428 1470 1519 ChrysanthuS,
1532 1429 1740 1499 vultis
1791 1431 2180 1520 pervenire,
2233 1452 2409 1521 opus
2455 1444 2580 1515 est,
2632 1445 2710 1501 ut

156 1531 362 1597 recte,
403 1539 538 1588 non
578 1516 896 1608 pedibus,
951 1517 1067 1587 sed
1120 1518 1378 1599 anim0,
1434 1518 1999 1609 progrediamini.
2057 1520 2165 1589 Sic
2197 1521 2384 1590 enim
2433 1520 2708 1591 unicui·

150 1627 286 1693 que
321 1619 631 1676 nostrum
673 1607 1110 1697 propinquus
1156 1621 1257 1677 est
1294 1612 1492 1689 Deus,
1531 1620 1607 1677 ut
1637 1629 1798 1677 eum
1834 1607 2062 1690 corde,
2100 1607 2237 1678 fide
2289 1631 2374 1678 ue
2421 1609 2710 1696 conqui-
2765 1695 2768 1696 7

152 1696 399 1763 rimuS.
430 1718 466 1762 »
501 1699 809 1783 Cumque
865 1695 1102 1765 multis
1133 1696 1356 1765 verbis
1388 1717 1505 1766 eos
1559 1695 1994 1777 instituisset,
2047 1696 2233 1766 credi
2291 1697 2342 1767 it
2379 1697 2707 1768 Claudius

153 1783 501 1867 tribunus,
553 1797 621 1853 et
654 1784 912 1854 Hilaria
963 1805 1135 1854 uxor
1175 1785 1420 1874 ipsiuS,
1476 1797 1537 1853 et
1588 1784 1730 1855 duo
1769 1785 1894 1854 filii
1932 1792 2143 1857 Jason
2192 1801 2258 1857 et
2305 1792 2608 1869 MauruS,
2640 1800 2708 1857 et

151 1893 395 1941 omnes
435 1873 640 1943 amici
702 1896 863 1943 cum
906 1885 1045 1942 tota
1095 1872 1381 1942 familia.
1438 1873 1889 1943 Crediderunt
1935 1889 2001 1945 et
2047 1875 2300 1945 milites
2351 1897 2509 1944 cum
2561 1896 2706 1946 om-

154 1960 367 2030 nibus
400 1960 798 2032 domesticis
839 1963 1010 2032 suis:
1072 1975 1137 2032 et
1190 1984 1331 2032 uno
1370 1983 1612 2032 omnes
1661 1963 1895 2032 animo
1941 1963 2178 2033 eodem
2231 1963 2343 2033 die
2376 1963 2703 2065 baptizati

156 2063 342 2130 sunt,
394 2063 459 2120 et
508 2050 575 2119 in
606 2050 919 2120 doctrina
956 2051 1362 2140 Chrysanthi
1423 2051 1943 2140 permanebant,
1981 2052 2132 2142 ejus
2163 2050 2249 2122 de
2294 2051 2431 2121 fide
2463 2074 2531 2121 in
2583 2058 2707 2122 Do·

154 2139 433 2207 minum
487 2152 801 2209 nostrum
851 2145 1085 2209 Jesum
1119 2139 1462 2209 Christum
1508 2160 1863 2210 sermones
1894 2140 2184 2210 libenter
2222 2141 2604 2212 audientes:
2640 2155 2707 2211 et

150 2227 348 2296 omni
384 2249 545 2297 cum
589 2229 833 2297 timore
862 2241 928 2297 et
950 2228 1326 2297 reverentia
1357 2227 1735 2318 cupiebant
1767 2251 1889 2319 pro
1924 2229 2168 2299 Christi
2222 2231 2502 2300 nomine
2582 2231 2699 2301 ati.

151 2319 322 2385 Cum
378 2315 593 2405 igitur
625 2336 867 2386 omnes
915 2317 983 2385 in
1037 2317 1406 2386 Dominum
1440 2316 1919 2398 credidissent,
1966 2340 2074 2388 res
2108 2321 2414 2409 pervenit
2460 2343 2495 2389 a
2582 2343 2703 2390 au·

150 2423 266 2473 res
298 2404 698 2473 Numeriani
749 2405 1215 2495 ImperatoriS,
1255 2405 1375 2491 qui
1408 2405 1614 2493 jussit
1662 2406 2022 2476 Claudiurn
2060 2407 2444 2489 tribunum,
2475 2408 2705 2501 lapide

147 2489 335 2561 collo
382 2492 534 2581 ejus
567 2491 871 2584 alligate,
926 2494 995 2563 in
1050 2493 1355 2564 medium
1413 2517 1602 2564 mare
1652 2494 1923 2587 projici,
1977 2509 2042 2567 et
2087 2496 2173 2566 de
2203 2498 2530 2569 omnibus
2577 2497 2700 2581 mi-

146 2579 398 2649 litibus
424 2580 664 2650 haberi
696 2584 1196 2668 quaestionem,
1234 2596 1312 2652 ut
1344 2584 1462 2670 qui
1500 2585 1845 2674 abnegare
1890 2585 2233 2656 Christum
2270 2600 2693 2668 recusarent,

141 2670 377 2759 capite
434 2669 918 2760 plecterentur.
973 2676 1325 2742 Caeterum
1370 2685 1626 2743 tantam
1683 2680 1858 2744 Deus
1911 2675 2200 2765 gratiam
2257 2674 2704 2745 credentibus

143 2758 442 2848 largitus
480 2772 606 2840 est,
660 2774 738 2830 ut
783 2761 990 2832 ambo
1039 2760 1305 2831 Claudii
1344 2761 1498 2844 filii,
1545 2762 1696 2832 sine
1734 2762 1877 2833 ulla
1908 2764 2307 2850 quaestione
2355 2764 2697 2833 Christum

142 2848 661 2930 confiterentur,
694 2862 762 2918 et
794 2870 918 2939 pro
951 2850 1228 2921 nomine
1259 2850 1414 2937 ejus
1448 2850 1905 2922 libentissime
1936 2865 2219 2921 mortem
2273 2875 2360 2940 ap
2414 2865 2695 2922 eterent.

141 2941 448 3020 Quorum
485 2938 882 3028 exemplum
934 2939 1181 3010 imitati
1218 2939 1490 3028 reliqui,
1525 2962 1667 3010 uno
1701 2961 1942 3009 omnes
1975 2941 2210 3010 animo
2256 2943 2338 3010 ea
2388 2963 2494 3010 em
2528 2940 2698 3012 hora

143 3026 458 3113 martyrii
493 3026 785 3116 gloriam
820 3026 1050 3119 adepti
1101 3040 1287 3099 sunt.

228 3115 266 3201 ἓ
315 3119 461 3186 18.
515 3120 674 3186 Erat
712 3129 942 3187 autem
997 3117 1064 3186 in
1101 3139 1181 3187 eo
1216 3117 1389 3196 loco,
1442 3115 1564 3185 ubi
1600 3114 1939 3187 interfecti
1988 3130 2173 3200 sunt,
2214 3130 2408 3187 vetus
2450 3138 2700 3187 monu-

145 3213 452 3271 mentum
488 3226 502 3271 :
544 3203 613 3271 in
664 3226 804 3292 quo
851 3205 1170 3275 homines
1218 3204 1638 3285 Christiani,
1699 3228 1857 3275 cum
1912 3204 2086 3276 illud
2148 3219 2648 3296 expurgassem
2677 3261 2693 3287 ‚

138 3304 338 3359 nocte
384 3293 622 3361 omnia
654 3307 1053 3363 sanctorum
1105 3299 1481 3383 Martyrum
1534 3315 1824 3382 corpora
1869 3308 2271 3384 posuerunt,
2315 3294 2498 3365 haud
2555 3316 2697 3385 pro·

141 3377 257 3447 cul
308 3379 395 3447 ab
434 3379 630 3460 urbe,
678 3381 876 3468 juxta
937 3382 1160 3463 viam,
1214 3403 1391 3468 quae
1441 3382 1660 3451 Mauri
1722 3397 2190 3485 nuncupatur.
2246 3388 2414 3454 Cum
2466 3397 2696 3455 autem

138 3465 571 3552 frequentius
618 3489 778 3538 eum
831 3469 899 3537 in
945 3469 1173 3539 locum
1234 3469 1714 3561 ingrederetur
1770 3471 2028 3542 Hilaria
2082 3472 2348 3543 Claudii
2408 3495 2602 3555 uxor,
2656 3495 2696 3543 a

136 3553 561 3643 quibusdam
624 3558 1126 3647 comprehensa
1191 3572 1315 3628 est.
1363 3564 1549 3643 Quae
1596 3581 1755 3629 cum
1807 3561 2366 3632 abstraheretur:
2414 3584 2451 3628 «
2481 3562 2698 3632 Sinite

140 3666 273 3725 me,
312 3643 559 3731 inquit,
608 3646 1069 3734 precationem
1125 3669 1347 3717 meam
1406 3647 1782 3730 absolvere,
1845 3663 1913 3719 et
1953 3651 2219 3720 veniam
2256 3670 2699 3738 quocumque

139 3733 516 3802 volueritis,
551 3756 587 3800 »
621 3737 787 3805 Cum
827 3735 1041 3826 igitur
1072 3735 1368 3826 genibus
1401 3737 1620 3817 flexis,
1655 3739 2117 3827 expansisque
2150 3739 2500 3820 manibus,
2532 3762 2697 3810 ocu-

140 3820 244 3893 los
280 3825 350 3890 in
384 3821 650 3892 coelum
703 3823 1141 3895 sustulisset:
1196 3847 1233 3891 «
1265 3825 1571 3904 Domine,
1614 3825 1876 3913 inquit,
1916 3833 2085 3899 Jesu
2135 3827 2421 3909 Christe,
2485 3848 2691 3914 quem

135 3931 214 3979 ex
267 3923 404 3981 toto
458 3910 665 3981 corde
711 3912 1064 3994 confiteor,
1139 3935 1325 3984 nunc
1389 3934 1497 3983 me
1545 3914 1713 3983 filiis
1756 3916 1929 3985 meis
1980 3916 2327 4007 adjunge,
2427 3936 2554 3985 uos
2614 3938 2694 3986 ex

140 4013 372 4069 ventre
413 4022 565 4070 meo
611 3999 695 4070 ad
736 4015 923 4071 tuam
960 4001 1395 4092 ·religionem
1445 4003 1814 4074 advocasti.
1851 4027 1887 4071 »
1937 4009 2117 4075 Haec
2166 4027 2326 4076 cum
2432 4005 2687 4086 ixisset,

136 4088 379 4157 tacitae
424 4089 798 4178 precationi
829 4112 902 4160 se
945 4090 1156 4173 dedit,
1194 4104 1399 4179 atque
1448 4091 1626 4161 inter
1669 4092 2118 4183 precandum,
2173 4094 2497 4185 spiritum
2540 4093 2693 4164 red-

135 4175 333 4246 didit.
387 4178 517 4261 Qui
551 4191 778 4249 autem
808 4178 999 4248 illam
1029 4180 1720 4271 comprehenderant,
1779 4183 2209 4273 repentinam
2262 4182 2485 4284 ipsius
2518 4204 2693 4253 mor·

136 4276 269 4332 tem
310 4268 797 4346 commiserati,
850 4268 1125 4339 duabus
1173 4291 1333 4338 cum
1386 4269 1538 4427 ipsa
1586 4270 1861 4341 ancillis
1901 4273 2053 4361 ejus
2093 4269 2374 4353 relictis,
2431 4270 2684 4342 disces·

135 4367 398 4423 serunt.
436 4355 603 4425 Illae
651 4379 806 4427 vero
844 4356 1212 4448 diligenter
1246 4380 1406 4447 sepe
1440 4358 1714 4439 ierunt;
1764 4371 1831 4429 et
1863 4381 2074 4450 super
2121 4360 2343 4449 ipsam
2393 4382 2683 4449 parvum

136 4459 667 4516 monumentum
709 4445 1188 4516 aedificarunt.
1223 4452 1380 4516 Erat
1412 4447 1597 4517 enim
1642 4447 1836 4519 locus
1863 4449 2127 4539 ipsius:
2164 4462 2230 4520 et
2261 4449 2424 4537 quia
2474 4471 2689 4541 prope
