3347 4999
242 347 413 413 OCT.
471 348 552 411 ⁴6
1017 365 1094 409 na
1143 365 1195 410 s.
1253 362 1447 409 GALLO
1497 364 1637 409 Aac.
1690 336 1767 409 'Er
1817 363 1999 410 conr.
2561 347 2690 412 463

239 451 759 519 conturbaverat
809 470 1007 523 eam;
1059 461 1124 517 et
1170 447 1491 538 imposita
1544 469 1755 517 manu
1804 470 2014 537 super
2059 461 2268 536 caput
2315 449 2504 537 ejus,
2551 449 2770 519 dixit:

238 564 271 605 «
324 544 596 626 Impero
646 538 812 618 tibi,
869 539 935 605 in
992 536 1268 606 nomine
1320 536 1587 606 Domini
1654 537 1868 605 nostri
1914 542 2079 607 Jesu
2136 537 2432 616 Christi,
2491 539 2777 625 spiritus

239 627 642 706 immunde,
701 642 774 695 ut
820 647 1016 695 exeas
1063 640 1128 695 et
1177 625 1454 695 recedas
1501 625 1587 694 ab
1651 625 1780 693 hoc
1834 624 2165 713 plasmate
2215 625 2353 695 Dei.
2403 649 2437 692 »
2490 632 2565 695 Et
2612 649 2771 696 cum

237 717 402 786 haec
452 715 754 795 dixisset,
799 715 1114 804 aperiens
1148 713 1267 783 illa
1313 713 1594 793 ocuIOS,
1654 714 1945 804 respexit
1995 715 2063 783 in
2114 736 2272 783 eum
2312 768 2325 793 ,
2379 727 2443 783 et
2492 715 2778 804 spiritus

238 804 587 893 malignus
616 804 721 873 bis
755 803 976 873 verbis
1003 826 1160 872 eum
1197 802 1535 872 allocutus
1573 815 1711 871 est:
1758 807 1914 871 «Tu
1951 824 2034 871 ne
2067 823 2164 883 eS,
2208 802 2325 883 ait,
2364 803 2623 884 Gallus,
2656 805 2776 890 qui

235 894 318 962 de
353 893 892 963 habitationibus
935 913 1040 960 me
1077 891 1398 980 expulisti
1443 890 1841 979 prioribus?
1890 896 2026 981 Ego
2066 890 2266 980 plane
2297 890 2384 960 ob
2434 892 2770 961 ultionem

235 982 553 1073 injuriae,
598 1003 805 1068 quam
856 985 1001 1050 Dux
1051 980 1174 1049 iste
1225 980 1349 1049 tibi
1381 993 1444 1049 et
1479 980 1685 1049 sociis
1720 980 1855 1050 tuis
1893 980 2238 1070 irrogavit,
2285 979 2501 1050 filiam
2554 981 2777 1070 ipsius

241 1070 486 1151 invasi,
520 1085 583 1141 et
611 1070 709 1140 sic
737 1070 932 1157 ejicis
957 1072 1102 1138 me?
1137 1068 1205 1138 Si
1241 1068 1399 1137 hinc
1431 1069 1678 1149 exiero,
1709 1090 1845 1156 quo
1880 1068 2154 1138 vadam?
2174 1092 2208 1136 »
2234 1108 2323 1119 -
2358 1068 2615 1150 «Illuc,
2650 1069 2768 1150 ait,

236 1173 312 1229 ut
360 1159 484 1228 tibi
541 1172 819 1249 paratur
868 1158 935 1225 in
978 1159 1227 1247 abysso
1274 1157 1697 1246 supplicium
1749 1158 2245 1246 sempiternum
2289 1180 2329 1226 a
2380 1159 2688 1228 Domino.
2740 1183 2767 1223 ι

238 1253 313 1317 Et
362 1247 591 1317 statim
634 1246 1047 1327 videntibuS,
1087 1246 1204 1333 qui
1239 1244 1546 1325 aderant,
1581 1246 1785 1315 exivit
1816 1246 1900 1315 de
1931 1268 2046 1316 ore
2098 1246 2366 1335 puellae
2398 1248 2597 1333 quasi
2630 1246 2776 1316 avis

234 1336 633 1427 nigerrima,
679 1348 743 1404 et
785 1336 1062 1405 horrore
1097 1334 1440 1405 terribilis.
1496 1338 1677 1404 Hora
1726 1334 1988 1414 eadem,
2045 1356 2215 1404 sana
2255 1336 2571 1418 surrexit,
2626 1349 2691 1406 et
2737 1358 2778 1405 a

236 1425 392 1494 Viro
445 1424 556 1493 Dei
606 1424 918 1512 gaudens
957 1423 1285 1512 gaudenti
1326 1423 1590 1492 reddita
1637 1435 1739 1493 est
1774 1424 1998 1492 matri.

323 1515 533 1600 ¹518.
600 1513 722 1582 His
788 1514 878 1581 ita
947 1513 1265 1601 patratis,
1327 1517 1470 1581 Dux
1510 1512 1722 1599 jussit
1769 1513 1829 1580 ei
1863 1512 2092 1581 offerri
2140 1512 2367 1592 dona,
2423 1533 2599 1599 quae
2638 1516 2776 1582 Rex

236 1601 507 1692 puellae
571 1602 1039 1671 transmiserat
1097 1614 1161 1670 et
1219 1602 1504 1690 insuper
1553 1611 1628 1669 ut
1689 1600 1955 1689 apicem
2033 1601 2470 1690 pontificatus
2518 1601 2776 1691 gradus

235 1691 639 1781 dignaretur
663 1710 1037 1770 assumere,
1076 1689 1460 1778 postulavit.
1495 1688 1583 1757 Ad
1622 1689 1805 1775 quod
1843 1690 1955 1757 Vir
1987 1690 2227 1760 beatus
2262 1690 2352 1758 ita
2390 1689 2767 1779 respondit:

235 1804 270 1845 «
311 1780 579 1850 Vivente
626 1778 905 1848 domino
967 1791 1030 1847 et
1095 1791 1280 1865 patre
1329 1799 1479 1846 meo
1529 1777 1989 1858 ColumbanO,
2046 1778 2485 1848 interdictum
2538 1777 2774 1847 altaris

231 1867 535 1937 officium
585 1889 717 1936 non
771 1865 1159 1956 usurpabO,
1224 1866 1352 1933 nisi
1404 1866 1489 1935 ab
1534 1865 1650 1935 illo
1696 1866 2095 1956 permissus.
2143 1873 2363 1950 Quare
2416 1866 2623 1956 hujus
2677 1889 2776 1935 re-

235 1956 520 2057 giminis
572 1954 882 2045 pondus,
948 1953 1127 2042 quod
1179 1954 1404 2034 offers,
1461 1954 1695 2024 subire
1744 1977 1879 2024 non
1935 1978 2241 2045 possum.
2296 1956 2486 2038 Quod
2539 1955 2597 2025 si
2649 1955 2774 2024 boc

235 2044 706 2114 indubitanter
752 2044 898 2112 fieri
948 2044 1172 2133 cupis,
1209 2044 1471 2114 sustine
1514 2043 1811 2121 interim,
1859 2043 2075 2113 donec
2111 2046 2376 2114 mittam
2412 2043 2772 2134 epistolam

231 2132 316 2202 ad
367 2132 685 2202 Abbatem
749 2153 978 2201 meum
1016 2186 1031 2211 ,
1096 2131 1179 2200 ad
1239 2130 1728 2201 insinuandam
1782 2132 1882 2200 illi
1934 2132 2351 2203 voluntatem
2403 2145 2637 2203 tuam:
2710 2144 2775 2202 et

231 2222 288 2290 si
321 2221 470 2310 ejus
512 2220 923 2311 permissum
966 2242 1368 2311 cognovero,
1419 2237 1578 2289 tunc
1619 2220 1900 2291 demum
1941 2221 2248 2291 oblatum
2298 2244 2505 2292 curae
2589 2235 2772 2292 asto-

231 2307 399 2380 ralis
438 2331 616 2378 onus
666 2309 1067 2397 suscipiam.
1109 2333 1144 2375 »
1175 2313 1250 2378 Et
1285 2312 1429 2378 Dux
1467 2309 1550 2378 ad
1607 2308 1845 2379 illum:
1901 2332 1936 2376 «
1972 2314 2172 2392 Bene,
2211 2311 2455 2398 inquit,
2511 2244 2766 2379 dixisti:

235 2397 352 2467 fiat
400 2397 786 2467 secundum
824 2397 1108 2466 verbum
1162 2410 1355 2466 tuum
1391 2420 1406 2477 ;
1449 2420 1483 2463 »
1532 2411 1595 2466 et
1643 2397 1910 2468 dimisit
1955 2421 2116 2467 eum
2165 2421 2324 2468 cum
2376 2422 2565 2489 pace.
2619 2397 2767 2479 Ille,

231 2486 552 2575 sumptiS,
605 2509 779 2574 quae
825 2485 1075 2557 donata
1119 2485 1412 2566 fuerant,
1459 2486 1864 2577 remigando
1897 2485 2182 2578 pelagus
2224 2512 2306 2559 su
2359 2489 2593 2558 eravit.
2629 2492 2774 2559 Dux

229 2589 458 2645 autem
514 2576 891 2646 sanctitatis
931 2576 1082 2664 ejus
1123 2587 1259 2644 tam
1300 2575 1658 2646 manifesto
1705 2591 2165 2666 compunctus
2217 2577 2282 2646 in
2342 2578 2510 2656 icio,
2558 2578 2772 2666 jussit

226 2665 605 2735 Arbonensi
657 2663 1028 2753 praefecta,
1090 2676 1168 2734 ut
1203 2686 1361 2734 cum
1430 2665 1619 2734 omni
1692 2665 1910 2753 plebis
1959 2665 2182 2736 officio
2234 2666 2356 2735 iret
2405 2666 2488 2735 ad
2541 2665 2769 2735 locum

227 2753 469 2833 Cellae,
500 2765 565 2823 et
611 2773 1090 2840 quaecumque
1141 2752 1512 2822 necessitas
1550 2755 1975 2844 poposcisset
2008 2753 2345 2834 aedificia,
2390 2755 2588 2843 juxta
2637 2753 2775 2822 Viri

227 2842 342 2911 Dei
395 2842 503 2912 dis
556 2842 943 2923 ositionem,
997 2854 1445 2912 construeret.
1517 2842 1939 2912 Venerabilis
1987 2864 2149 2932 ergo
2198 2854 2387 2932 pater
2440 2854 2586 2929 post
2657 2862 2770 2909 ce-

227 2930 463 3001 leuma
572 2930 1017 3011 celebratum,
1057 2952 1219 3001 cum
1267 2929 1656 3000 Arbonense
1697 2943 1998 3000 castrum
2049 2931 2353 3011 intraret,
2407 2929 2563 2999 fecit
2609 2949 2771 2997 con-

226 3018 458 3088 venire
509 3041 749 3088 omnes
798 3040 1134 3109 pauperes
1181 3031 1245 3089 et
1306 3041 1595 3109 egenoS,
1648 3032 1714 3090 et
1760 3019 1938 3088 dona
1984 3040 2159 3105 quae
2208 3017 2575 3098 detulerat,
2630 3016 2769 3086 illis

225 3107 602 3177 distribuit.
657 3113 839 3177 Haec
888 3107 1125 3177 videns
1150 3107 1433 3194 quidam
1484 3107 1875 3198 discipulus
1921 3107 2069 3193 ejus
2099 3107 2375 3177 nomine
2423 3105 2768 3197 Magnoal-

224 3196 381 3275 dus,
436 3196 608 3265 dixit
654 3196 739 3265 ad
791 3219 947 3266 eum
993 3219 1006 3263 :
1064 3219 1099 3262 «
1127 3201 1344 3276 Pater,
1381 3195 1600 3267 habeo
1636 3218 1753 3265 vas
1784 3208 2183 3284 argenteum
2222 3197 2617 3285 pretiosum,
2656 3214 2768 3264 ce—

224 3282 473 3355 laturis
516 3285 809 3374 insigne.
849 3286 918 3354 Si
954 3284 1075 3365 vis,
1117 3284 1475 3354 reservabo
1512 3283 1711 3365 illud,
1751 3297 1826 3353 ut
1853 3283 2030 3352 sacri
2072 3306 2226 3353 vasa
2265 3284 2652 3364 ministerii,
2679 3305 2764 3353 ex

222 3394 301 3443 eo
348 3372 708 3442 faciamuS.
745 3396 779 3439 »
822 3371 943 3441 Ille
973 3372 1360 3461 respondit:
1407 3396 1443 3438 «
1469 3372 1617 3455 Fili,
1676 3394 1938 3442 memor
1972 3372 2346 3443 sententiae
2379 3373 2557 3444 beati
2588 3371 2767 3442 Petri

219 3461 547 3551 Apostoli,
587 3483 796 3548 quam
851 3460 1224 3551 paralytico
1274 3462 1574 3550 speranti
1612 3461 1977 3551 pecuniam
2031 3462 2334 3551 protulit,
2365 3467 2460 3532 Ar
2510 3472 2759 3542 ancum,

221 3551 570 3638 inquiens,
626 3560 689 3618 et
736 3573 981 3619 aarum
1032 3573 1161 3619 non
1209 3560 1303 3619 est
1364 3550 1578 3630 mihi,
1637 3571 1721 3618 ne
1770 3551 2157 3621 contrarius
2213 3573 2452 3640 exemp
2486 3573 2525 3620 o
2574 3550 2765 3619 inve-

221 3639 439 3710 niaris
488 3637 746 3708 salubri
802 3661 937 3719 vas,
994 3638 1177 3725 quod
1233 3637 1614 3728 possidenS,
1670 3638 2097 3728 pauperibus
2129 3640 2437 3708 conferre
2484 3651 2748 3709 curat0.

218 3734 387 3799 Nam
444 3739 840 3817 praeceptor
891 3748 1084 3795 meus
1131 3726 1573 3796 beatissimus
1624 3728 2092 3798 Columbanus
2147 3728 2216 3796 in
2288 3729 2466 3798 vasis
2531 3727 2765 3796 aeneis

219 3818 508 3886 Domino
557 3816 726 3886 solet
774 3814 1191 3886 sacrificium
1234 3815 1475 3884 offerre
1524 3815 1815 3885 salutis:
1871 3816 2031 3904 quia
2086 3815 2302 3886 fertur
2348 3829 2411 3885 et
2461 3815 2765 3884 Salvator

219 3919 449 3975 noster
487 3905 699 3974 clavis
755 3903 972 3973 aereis
1021 3903 1220 3974 Cruci
1276 3903 1687 3974 confixus.»
1738 3905 1860 3976 His
1909 3904 2236 3975 omnibus
2275 3903 2602 3995 expletis,
2663 3924 2765 3972 re-

219 4016 459 4065 versus
506 3993 720 4064 estad
765 3991 1051 4062 dilectae
1090 3992 1488 4063 solitudinis
1535 3993 1795 4062 aulam.

313 4090 350 4164 ἓ
401 4088 548 4152 ss).
605 4081 859 4152 Deinde
908 4081 1095 4151 misit
1142 4080 1501 4170 epistolam
1553 4081 1638 4150 ad
1668 4083 2016 4151 Joannem
2067 4080 2461 4162 diaconum,
2510 4101 2761 4170 rogans

221 4191 379 4239 eum
430 4171 514 4240 ad
550 4193 622 4241 se
670 4171 926 4255 venire,
968 4169 1097 4253 Qui
1163 4191 1323 4239 cum
1374 4167 1609 4239 dilecti
1660 4170 1971 4260 magistri
2022 4169 2280 4240 litteras
2342 4171 2753 4260 accepisset,

222 4258 379 4328 tulit
425 4259 607 4346 quod
652 4282 770 4350 pro
819 4257 1290 4330 benedictione
1342 4258 1583 4327 offerre
1635 4272 1915 4347 poterat,
1960 4271 2026 4329 et
2078 4258 2261 4328 venit
2309 4258 2395 4328 ad
2444 4280 2643 4338 eum;
2697 4270 2763 4326 et

275 4475 302 4503 ¹⁸
330 4476 524 4518 Celeuma
541 4478 665 4519 dicet
675 4483 783 4522 ntur
802 4479 968 4522 cantus
989 4478 1066 4523 vel
1085 4475 1339 4522 concentus
1357 4472 1699 4526 remigantium.
