3347 4999
717 305 846 370 646
1376 323 1455 369 nr.
1499 319 1555 367 s.
1610 321 1890 370 Assumo
1923 323 2022 368 m».
2066 321 2397 369 aizasmi..
2844 303 3030 370 OCT.
3091 306 3192 370 22

629 405 810 493 quod
846 405 1185 487 dolemus,
1216 405 1399 492 quod
1436 406 1760 476 timemus
1787 428 1866 475 ac
1889 405 2369 476 formidamus.
2399 428 2436 472 »
2467 404 2590 475 Ille
2614 417 2842 476 autem
2871 407 3190 497 propius

630 493 988 593 accedens,
1037 516 1242 582 quam
1288 496 1506 584 potuit
1540 495 1839 565 maxima
1872 506 1936 564 et
1965 494 2350 564 clarissima
2386 515 2588 563 voce:
2643 517 2680 561 «
2709 495 2868 576 Viri,
2903 496 3183 583 inquit,

628 585 750 670 qui
800 605 984 653 nunc
1024 583 1435 665 credidistiS,
1473 584 1528 655 si
1581 606 1711 653 non
1767 583 2208 673 perseveretis
2245 582 2313 650 in
2352 583 2692 655 veteribus
2724 585 2975 654 vestris
2997 607 3189 675 ope-

629 671 847 753 ribus,
900 684 965 741 et
1013 673 1315 762 paternis
1366 672 1873 753 traditionibus,
1928 672 2041 741 sed
2096 670 2426 742 recedatis
2472 671 2558 741 ab
2595 673 2784 741 omni
2832 672 3021 754 vitio,
3070 675 3189 743 in-

627 782 861 848 quam,
896 760 1076 841 odio,
1120 761 1587 841 immunditia,
1641 774 1708 830 et
1739 761 1894 831 aliis
1932 782 2108 849 quae
2154 761 2346 850 prius
2393 760 2670 840 fecistiS‚
2712 782 2870 830 cum
2918 764 3187 835 essetis

626 849 697 919 in
752 849 1137 949 ignorantia
1173 904 1188 930 ,
1243 851 1389 941 ipse
1435 852 1565 921 erit
1613 850 1805 920 vobis
1854 851 2236 940 propitius,
2289 851 2359 919 in
2409 870 2611 936 quem
2661 870 2844 920 nunc
2892 851 3187 921 sincere

627 937 1061 1008 credidistis:
1115 940 1236 1027 qui
1282 941 1488 1009 etiam
1537 960 1653 1010 eos
1703 961 1951 1009 vocans
2010 939 2130 1026 qui
2196 952 2359 1008 sunt
2403 939 2747 1028 aggravati
2813 941 3177 1028 peccatis:

636 1029 879 1107 Venite,
934 1027 1180 1115 inquit,
1221 1030 1311 1098 ad
1348 1052 1449 1098 me
1495 1051 1718 1098 omnes
1763 1030 1885 1120 qui
1930 1029 2273 1108 laboratis,
2328 1037 2389 1097 et
2427 1029 2690 1097 onerati
2714 1029 2868 1097 estis
2889 1052 2916 1107 ,·
2954 1039 3017 1097 et
3052 1051 3184 1120 eqo

624 1117 925 1205 reficiam
961 1141 1073 1187 vos
1105 1117 1371 1207 (Mami.
1410 1118 1511 1207 11).
1549 1117 1899 1187 Habemus
1931 1116 2242 1208 exempla
2280 1116 2815 1186 innumerabilia
2851 1116 3005 1204 ejus
3051 1117 3183 1187 be-

630 1203 1008 1294 nignitatis.
1048 1206 1502 1289 Quamobrem
1555 1207 1622 1274 in
1661 1207 1891 1296 ipsum
1941 1206 2314 1286 credenteS‚
2370 1227 2484 1275 vos
2531 1226 2768 1274 omnes
2799 1205 2860 1273 ei
2896 1218 3178 1278 vestras

628 1291 936 1364 dedicate
973 1297 1265 1374 animas,
1302 1309 1367 1365 et
1401 1317 1519 1384 spe
1553 1317 1687 1364 non
1724 1294 2248 1364 frustrabimini.
2283 1317 2472 1360 »—«
2511 1292 2633 1363 Sed
2667 1315 2928 1384 graveS‚
2970 1294 3177 1365 dice·

627 1380 816 1462 bant,
875 1381 1111 1474 plagas
1159 1406 1316 1453 acce
1372 1385 1578 1464 imus,
1634 1397 1805 1454 totos
1841 1405 1964 1454 nos
2000 1385 2184 1474 ipsos
2217 1395 2414 1451 antea
2447 1382 2769 1452 dedentes
2800 1383 3181 1454 obscoenis

627 1471 935 1559 corporis
983 1471 1310 1562 voluptati
1365 1496 1449 1543 us
1481 1527 1501 1552 ,
1569 1485 1634 1542 et
1698 1473 1995 1541 maxima
2042 1493 2120 1542 ex
2174 1483 2362 1561 parte
2426 1470 2794 1541 servientes
2849 1475 3178 1571 corporis

628 1557 1012 1643 desideriis,
1049 1575 1115 1631 et
1142 1562 1371 1632 adhuc
1412 1560 1662 1631 malam
1716 1561 2049 1630 habemus
2088 1559 2680 1641 consuetudinem,
2721 1560 3176 1649 tyrannidem

627 1647 699 1717 in
750 1648 950 1718 nobis
995 1663 1512 1721 exercentem.»
1552 1650 1677 1720 Ille
1714 1663 1984 1720 autem:
2038 1672 2075 1715 «
2103 1648 2468 1728 Accurrite,
2513 1648 2761 1734 inquit,
2805 1650 3180 1738 quampri-

628 1758 818 1805 mum
870 1736 957 1806 ad
1009 1739 1377 1820 medicum,
1429 1750 1495 1808 et
1529 1739 1907 1829 jejunium,
1963 1737 2249 1818 laboreS,
2297 1758 2552 1828 preceS‚
2591 1736 2956 1826 lacrymas,
3005 1759 3177 1827 pec-

626 1838 932 1895 catorum
984 1827 1507 1908 confessionem,
1550 1840 1616 1896 et
1648 1826 1925 1896 illarum
1964 1827 2269 1916 ipsarum
2304 1846 2479 1912 quae
2517 1847 2633 1895 vos
2664 1837 2924 1906 vexant,
2970 1828 3175 1917 cogi-

630 1914 1004 1996 tationum,
1058 1928 1123 1985 et
1177 1916 1263 1986 ad
1321 1915 1577 1986 malum
1631 1914 2020 1984 faciendum
2088 1914 2497 2004 impellunt:
2548 1913 2732 2000 quod
2781 1915 2984 1983 etiam
3044 1938 3176 2004 per

627 2001 939 2073 divinum
983 2007 1147 2074 Osee
1177 2005 1379 2095 longo
1420 2017 1577 2074 ante
1609 2017 1912 2093 tempore
1942 2009 2138 2083 DeuS,
2185 2016 2416 2091 utpote
2444 2024 2577 2071 non
2616 2002 2703 2071 ab
2731 2002 2832 2072 eis
2869 2002 3168 2086 factum,

626 2091 990 2180 exprobrat
1034 2094 1356 2162 Judaeis:
1414 2099 1569 2173 Cur,
1608 2092 1869 2174 dicens,
1920 2093 2204 2161 siluistis
2252 2094 2684 2182 impietatem,
2739 2102 2803 2160 et
2839 2093 2985 2182 ejus
3016 2095 3170 2180 sru-

628 2188 806 2248 ctum
852 2182 1367 2251 vindemiastis*
1394 2183 1427 2250 5³
1472 2187 1653 2251 Haec
1694 2179 2065 2251 utilissima
2099 2180 2595 2250 medicamenta
2636 2180 2768 2268 ipsi
2805 2180 2994 2250 vobis
3035 2182 3166 2249 im·

630 2269 900 2356 ponite:
938 2282 1002 2338 et
1051 2293 1174 2340 nec
1208 2270 1569 2341 vulnerum
1610 2270 1890 2357 quidem
1927 2269 2117 2340 vobis
2152 2268 2529 2338 remanebit
2570 2267 2956 2359 vestigium.
2993 2281 3002 2292 ²

715 2359 751 2442 ἕ
782 2360 864 2428 8.
904 2365 1068 2428 Cum
1118 2381 1232 2429 eos
1267 2360 1364 2429 sic
1398 2372 1680 2430 sanctus
1710 2357 2175 2445 alloqueretur
2205 2357 2552 2435 Abel-cius,
2608 2362 2789 2426 nona
2827 2356 2998 2427 hora
3027 2357 3173 2428 diei

628 2443 826 2516 finita
870 2447 934 2516 ei
980 2469 1251 2536 quoque
1288 2447 1480 2518 affert
1528 2446 1736 2516 finem
1774 2446 2095 2533 dicendi;
2146 2460 2212 2517 et
2245 2448 2309 2516 in
2347 2447 2455 2517 his
2503 2445 2702 2516 solvit
2741 2467 3163 2530 sermonem,

628 2537 973 2607 consuetis
1000 2538 1318 2627 precibus
1342 2559 1497 2605 eum
1531 2536 1960 2607 trahentibus
1985 2537 2070 2606 ad
2106 2536 2319 2607 alium
2349 2557 2732 2606 sermonem
2759 2535 3167 2605 habendum

626 2645 785 2694 cum
821 2647 922 2707 e0,
962 2648 1163 2713 quem
1188 2625 1639 2695 desiderabat.
1672 2624 1793 2694 Ille
1818 2647 1979 2716 ergo
2005 2627 2332 2705 surrexit;
2366 2637 2618 2694 etcum
2648 2645 2879 2693 sacras
2912 2646 3170 2694 manus

628 2712 1073 2803 imposuisset
1108 2715 1189 2784 iis
1236 2715 1356 2801 qui
1404 2712 1582 2783 male
1628 2736 1702 2783 se
1752 2713 2116 2793 habebant,
2171 2728 2235 2783 et
2279 2735 2514 2783 eorum
2549 2713 2832 2784 extinxit
2860 2711 3162 2794 doloreS,

626 2814 692 2870 et
750 2802 834 2871 ad
903 2803 1267 2892 perfectam
1329 2802 1599 2873 reduxit
1645 2803 2028 2873 sanitatem.
2098 2802 2352 2872 Deinde
2404 2824 2559 2871 cum
2612 2801 2783 2872 bene
2846 2816 3168 2891 precatus

625 2906 804 2960 esset
850 2892 1175 2961 omnibus
1208 2946 1223 2971 ,
1275 2905 1341 2962 et
1395 2892 1902 2972 benedixisset,
1965 2891 2129 2979 quin
2185 2891 2388 2960 etiam
2452 2890 2689 2961 osculo
2750 2891 2817 2959 in
2876 2892 3166 2960 Domino

627 2978 1091 3068 impertiisset‚
1142 2993 1206 3050 et
1253 2981 1461 3050 veluti
1508 2980 1854 3068 quoddam
1906 2979 2343 3071 signaculum
2392 2979 2490 3049 eis
2538 2980 3031 3069 imposuisset,
3087 2992 3169 3048 ut

625 3088 803 3223 quae
856 3068 1037 3139 dicta
1085 3083 1291 3150 sunt,
1351 3083 1527 3140 recte
1573 3069 1660 3138 ab
1707 3069 1808 3140 eis
1854 3069 2405 3149 custodirentur,
2459 3068 2741 3137 domum
2808 3067 2949 3137 ibat
2999 3089 3163 3137 cum

658 3155 995 3227 ratribus:
1052 3157 1419 3228 multitudo
1466 3170 1696 3227 autem
1746 3180 1903 3228 eum
1958 3157 2406 3245 sequebatur,
2458 3170 2524 3226 et
2575 3156 2894 3246 rogabat,
2952 3169 3028 3225 ut
3075 3155 3163 3225 ab

627 3243 747 3312 illo
795 3244 1274 3334 baptizaretur.
1325 3245 1449 3315 Ille
1495 3260 1725 3316 autem
1766 3247 2015 3337 accipit
2051 3247 2355 3333 quidem,
2412 3258 2484 3316 ut
2535 3267 2656 3335 par
2702 3257 2870 3326 erat,
2927 3266 3162 3334 prom-

630 3344 824 3421 ptum
873 3355 1109 3403 eorum
1168 3335 1383 3404 animi
1446 3335 1754 3404 studium
1792 3389 1807 3415 ‚
1878 3337 2020 3425 ipse
2066 3356 2341 3423 quoque
2388 3333 2456 3402 in
2506 3356 2585 3403 eo
2647 3333 2912 3403 habens
2960 3333 3161 3422 longe

629 3421 958 3510 majorem
990 3476 1006 3504 ,
1059 3445 1265 3510 quam
1317 3423 1367 3491 ii
1416 3423 1801 3504 habebant,
1860 3424 2072 3493 animi
2121 3423 2592 3493 alacritatem:
2646 3419 2761 3490 sed
2826 3421 3152 3509 quoniam

629 3531 764 3589 non
807 3523 951 3580 erat
983 3526 1250 3601 tempus
1296 3513 1732 3593 convenienS,
1771 3513 2189 3602 baptismum
2241 3510 2467 3581 differt
2512 3510 2582 3578 in
2632 3508 2814 3579 diem
2866 3530 3153 3597 sequen-

630 3613 789 3669 tem.
842 3606 1056 3687 Atque
1103 3598 1303 3669 multi
1336 3599 1614 3687 quidem
1648 3624 1727 3670 ex
1762 3602 1846 3672 iis
1898 3615 2170 3691 propter
2218 3621 2548 3690 magnum
2601 3598 2928 3689 baptismi
2977 3597 3158 3669 desi-

627 3687 924 3769 derium,
961 3710 1122 3758 cum
1155 3710 1239 3758 ne
1277 3687 1560 3759 domum
1592 3689 1874 3776 quidem
1915 3690 2136 3760 redire
2168 3688 2680 3768 sustinuissent,
2728 3687 3163 3758 dormierunt

624 3776 769 3847 illic
804 3799 928 3866 pro
980 3799 1016 3847 e
1062 3777 1580 3847 domunculam.
1617 3783 1782 3847 Cum
1818 3791 2046 3849 autem
2079 3789 2254 3848 esset
2302 3776 2607 3861 medium
2660 3777 2901 3856 noctis,
2939 3776 3165 3867 gratia

626 3865 896 3956 resplen
952 3888 1075 3935 ens
1107 3866 1455 3946 AberciuS‚
1507 3888 1666 3936 cum
1719 3872 1927 3937 Deum
2031 3880 2296 3937 recatus
2343 3866 2606 3947 fuisset,
2648 3886 2685 3934 e
2731 3863 2937 3935 domo
2970 3887 3164 3955 egre·

626 3954 856 4036 ditur;
908 3969 972 4024 et
1017 3978 1177 4025 cum
1226 3955 1845 4026 circumsistentem
1897 3955 1958 4023 vi
2016 3956 2175 4027 isset
2222 3954 2516 4036 turbam,
2568 3967 2633 4024 et
2670 3955 3156 4035 sustinentem,

628 4041 918 4113 sublatis
951 4043 1019 4112 in
1055 4043 1278 4116 coelos
1307 4042 1530 4114 oculis
1563 4066 1578 4110 ε
1631 4065 1668 4109 «
1701 4049 1838 4135 Ago
1869 4043 1992 4113 tibi
2024 4042 2304 4134 gratias,
2344 4042 2626 4113 Domine
2657 4048 2860 4123 Deus,
2902 4043 3155 4129 inquit,

626 4130 810 4216 quod
869 4133 1192 4203 misertus
1244 4132 1340 4203 sis
1403 4132 1582 4213 mei,
1635 4134 1755 4218 qui
1817 4155 1968 4203 sum
2085 4145 2268 4202 astor
2334 4145 2608 4202 tuarum
2676 4132 2903 4201 ovium
2956 4131 3163 4201 ratio-

629 4217 740 4287 nis
787 4222 1225 4311 cbmpotum;
1276 4221 1492 4309 etqui
1533 4221 1599 4290 in
1654 4242 1779 4291 nos
1836 4220 2040 4311 vigila
2093 4233 2161 4291 at
2216 4221 2487 4311 lupum,
2548 4219 2802 4290 frustra
2855 4219 3163 4289 hiantem

679 4380 704 4406 ⁸
732 4380 804 4418 Its
829 4380 973 4427 juxt·
988 4380 1425 4431 interpretationem
1444 4384 1573 4423 Lxx.
1592 4384 1647 4422 In
1666 4382 1869 4432 vulgat·
1886 4392 2024 4432 porro
2041 4382 2239 4432 legitur:
2262 4383 2438 4422 Armis
2455 4383 2728 4433 impietatem,
2756 4378 3030 4432 &quitatem
3059 4393 3170 4422 net·

622 4432 794 4477 nictu,
811 4432 1054 4474 consedistis
1062 4436 1242 4485 fraqem
1262 4435 1476 4476 »nendaeit
1494 4435 1510 4489 (
1520 4437 1591 4477 01.
1614 4439 1678 4484 x).
