3347 4999
120 336 322 404 OCT.
376 339 417 404 5
908 356 988 403 ns
1020 355 1111 403 ss.
1152 356 1412 404 rumpo
1461 357 1535 403 m
1582 357 1782 405 scens
1823 357 1937 406 uu.
2478 339 2505 403 t
2521 341 2607 406 87

123 439 351 509 modo
402 451 678 528 possent
736 437 1036 519 defendi,
1093 461 1313 526 neque
1359 439 1669 510 debitum
1751 462 2040 530 pensum
2091 462 2132 509 a
2183 441 2697 530 possessoribus

123 528 346 617 exssi.
404 529 525 596 His
574 528 987 598 venerabilis
1035 533 1230 598 Pater
1291 529 1585 608 auditis,
1639 550 1915 599 omnem
1967 550 2352 600 convocans
2410 550 2698 631 congre-

121 618 530 706 gationem,
586 639 762 704 quae
810 618 879 686 in
953 617 1099 686 suis
1167 618 1723 706 possessionibus
1769 630 1919 687 acta
1952 670 1967 697 ,
2044 618 2313 704 sibique
2365 634 2693 690 nunciata

124 719 398 787 essent,
456 728 575 794 per
606 707 918 775 ordinem
966 705 1225 794 pandit.
1265 711 1547 777 Demum
1586 726 1741 776 vero
1788 728 1868 776 ex
1916 705 2233 776 consulto
2266 706 2696 779 cassinensis

122 796 721 886 congregationis,
787 794 1140 865 Placidum
1213 795 1731 865 sanctissimum
1767 848 1782 874 ,
1836 794 2266 883 discipulum
2319 816 2553 874 suum,
2607 796 2694 866 ad

125 896 416 954 tantum
471 885 772 954 laborem
854 882 1335 953 sustinendum
1403 884 1844 973 aptissimum
1904 883 2271 972 JudicanS,
2328 883 2417 952 ob
2469 883 2535 951 id
2588 885 2691 953 vel

122 973 477 1053 maxime,
532 973 697 1060 quia
744 972 983 1042 nullus
1034 972 1309 1042 easdem
1379 972 1846 1060 possessiones
1894 973 2072 1042 sicut
2130 972 2291 1061 ipse'
2323 971 2695 1050 defendere

120 1075 201 1131 et
255 1061 604 1132 custodire
660 1060 933 1142 valeret,
1001 1076 1279 1140 evocat,
1332 1060 1672 1148 illumque
1720 1061 1804 1131 ad
1880 1061 2238 1131 tuitionem
2288 1061 2694 1131 earumdem

121 1151 441 1226 certium
478 1151 747 1232 direxit,
800 1150 1126 1238 deditque
1175 1149 1682 1219 commilitones
1732 1150 1902 1219 tanti
1952 1150 2218 1220 itineris
2265 1150 2693 1220 Gordianum

119 1253 205 1310 et
259 1245 620 1323 Donatum,
677 1239 1009 1309 mandans
1048 1252 1121 1309 ut
1155 1239 1248 1308 ita
1311 1238 1504 1309 beato
1558 1238 1859 1319 Placido,
1912 1238 2117 1308 unico
2166 1239 2302 1309 sibi
2350 1261 2430 1308 ac
2475 1240 2694 1310 caris·

123 1328 349 1407 simo,
402 1329 582 1398 sicut
627 1342 694 1398 et
738 1329 871 1398 sibi
920 1342 1204 1398 eatenus
1253 1327 1320 1396 in
1354 1327 1685 1398 omnibus
1731 1328 2297 1414 obsequerentur,
2343 1328 2692 1398 osculans-

123 1438 280 1504 que
330 1419 601 1489 beatum
657 1416 1009 1487 Placidum
1059 1428 1125 1486 et
1185 1416 1622 1498 benedicens,
1675 1416 1943 1487 dimisit
1988 1438 2029 1484 a
2078 1438 2172 1498 se,
2221 1438 2405 1486 anno
2461 1417 2694 1486 Domi-

125 1506 344 1576 nicae
389 1508 885 1576 incarnationis
915 1506 1472 1607 quingentesimo
1513 1505 2080 1595 trigesiinosexto.
2133 1507 2354 1606 Igitur
2409 1505 2693 1575 benedi-

126 1595 439 1665 ctionem
472 1607 537 1665 et
583 1595 898 1666 osculum
935 1595 1325 1683 suscipiens
1360 1594 1528 1662 tanti
1575 1595 1809 1682 patris,
1853 1594 2320 1664 tertiodecimo
2353 1594 2693 1665 Kalendas

127 1683 334 1752 Junii
391 1682 834 1755 beatissimus
880 1682 1204 1753 Placidus
1250 1705 1409 1752 cum
1463 1682 1740 1756 duobus
1803 1681 2086 1754 famulis
2147 1684 2296 1754 suis
2345 1683 2690 1754 Gordiano

130 1786 206 1842 et
260 1776 515 1842 Donato
552 1827 569 1854 ,
622 1773 929 1843 ascensis
1005 1772 1225 1860 equis,
1284 1771 1507 1861 primo
1555 1770 1868 1842 diluculo
1922 1772 2050 1841 iter
2094 1772 2526 1862 aggrediens,
2570 1772 2692 1840 ad-

135 1874 665 1949 vesperascente
703 1861 849 1950 Jam
886 1860 1020 1941 die,
1074 1866 1468 1950 Capuanam
1522 1861 1828 1950 pervenit
1866 1860 1950 1930 ad
2003 1862 2273 1941 urbem,
2323 1861 2440 1931 ubi
2496 1861 2689 1931 beni-

140 1971 283 2038 gne
336 1972 497 2020 cum
547 1950 695 2019 suis
762 1972 801 2018 a
848 1949 1044 2021 beato
1092 1954 1430 2021 Germano
1475 1949 1511 1984 '⁴‘
1556 1949 1861 2035 ejusdem
1937 1949 2232 2019 civitatis
2299 1950 2634 2039 Episcopo
2664 2003 2679 2030 ,

142 2051 514 2127 susceptus
559 2051 682 2108 est.
737 2038 1176 2108 Primicerius
1226 2057 1381 2107 vero
1428 2037 1741 2123 ejusdem
1791 2042 2153 2128 Capuanae
2188 2038 2536 2108 ecclesiae.
2572 2060 2692 2109 no-

141 2125 336 2194 mine
382 2127 632 2209 Zofl’aS,
694 2126 1015 2197 laborans
1056 2127 1251 2197 valde
1309 2127 1604 2216 pessima
1672 2127 2076 2197 infirmitate
2132 2128 2421 2215 capitis,
2474 2149 2688 2214 quam

142 2214 401 2284 medici
447 2238 690 2305 graeco
741 2216 1070 2286 vocabulo
1126 2215 1523 2306 cephaleam
1593 2229 1875 2295 vocant,
1928 2216 2048 2286 ubi
2098 2217 2477 2304 comperit,
2548 2215 2692 2285 illic

144 2303 395 2373 adesse
442 2305 823 2386 Placidum,
878 2305 1254 2375 beatissimi
1324 2305 1537 2394 patris
1594 2305 1936 2374 Benedicti
1987 2304 2437 2394 discipulum,
2489 2305 2695 2393 cujus

130 2392 285 2482 jam
339 2415 459 2480 per
509 2406 721 2463 totum
772 2394 1004 2463 orbem
1079 2399 1465 2464 Romanum
1537 2393 2031 2463 miraculorum
2097 2395 2280 2462 fama
2330 2393 2689 2473 radiabat,

142 2482 447 2571 procidit
485 2482 567 2552 ad
621 2484 771 2573 ejus
829 2481 1067 2573 pedes,
1114 2483 1398 2553 dicens:
1453 2505 1488 2551 ι(
1520 2482 1776 2570 Adjuro
1827 2496 1910 2563 te,
1964 2482 2259 2564 Placide,
2339 2505 2541 2553 serve-
2578 2482 2694 2553 Dei

140 2572 430 2651 summi,
488 2594 607 2661 per
656 2571 1118 2643 venerandum
1161 2593 1406 2642 nomen
1454 2572 1933 2661 pretiosissimi
1979 2572 2289 2664 magistri
2341 2573 2436 2641 tui
2482 2578 2700 2641 Bene-

142 2659 336 2743 dicti,
391 2673 467 2730 ut
515 2660 822 2751 digneris
869 2682 1081 2753 super
1125 2673 1334 2751 caput
1370 2682 1600 2731 meum
1647 2682 1898 2731 manus
1948 2674 2100 2732 tuas
2146 2673 2421 2731 sanctas
2473 2661 2564 2727 im
2619 2683 2694 2730 o-

142 2770 332 2829 nere,
363 2771 442 2818 ac
496 2770 728 2838 preces
763 2749 1198 2839 Redemptori
1248 2763 1313 2819 et
1347 2749 2014 2820 Salvatoriomnium
2068 2749 2379 2830 sundere;
2416 2771 2542 2818 con
2577 2748 2692 2819 1do

136 2837 328 2909 enim
378 2852 443 2908 et
488 2838 1044 2908 constantissime
1089 2838 1318 2919 cred0,
1369 2838 1557 2926 quia,
1598 2839 1655 2908 si
1718 2839 1847 2909 hoc
1898 2839 2163 2918 feceris,
2206 2838 2536 2907 continuo
2584 2859 2689 2905 re-

135 2925 396 3014 cipiam
436 2920 892 2997 sanitatems»
945 2931 1236 2998 Sanctus
1281 2941 1510 2997 autem
1568 2929 1833 2999 Domini
1898 2927 2260 3005 PlaciduS,
2309 2927 2397 2995 ab
2442 2925 2683 2995 eodem

138 3014 537 3105 primicerio
588 3016 751 3086 talia
797 3016 963 3086 dum
1017 3017 1221 3085 verba
1268 3016 1599 3097 audisset,
1656 3037 1903 3106 pavore
1951 3015 2394 3104 perterritus,
2460 3014 2691 3083 omni-

136 3100 370 3173 mo‘dis
397 3105 866 3175 contradicere
901 3106 1148 3194 coepit,
1184 3105 1463 3175 dicens:
1497 3127 1535 3171 «
1571 3104 1909 3183 Recedite,
1945 3104 2113 3191 quia
2159 3103 2326 3172 haec
2368 3124 2520 3172 mea
2556 3124 2690 3172 non

141 3205 343 3271 sunt,
412 3192 528 3263 sed
584 3194 975 3273 beatissimi,
1024 3194 1240 3283 patris
1288 3193 1683 3274 Benedicti,
1738 3205 1804 3263 et
1850 3192 2128 3262 illorum
2187 3192 2307 3279 qui
2358 3191 2691 3267 Salvatori

138 3282 457 3351 omnium
515 3280 943 3371 placuerunt.
999 3287 1135 3373 Ego
1182 3283 1366 3352 enim
1422 3295 1739 3371 peccator
1787 3303 1983 3362 sum,
2035 3292 2101 3350 et
2155 3280 2691 3370 perfectissimo-

142 3391 301 3439 rum
354 3369 656 3441 virorum
707 3371 1059 3461 suffragiis
1093 3371 1438 3472 indigens,
1479 3393 1514 3437 »
1567 3374 1861 3440 Sanctus
1910 3391 2065 3439 vero
2105 3374 2488 3440 Germanus
2532 3360 2693 3460 Epi-

140 3478 423 3548 scopuS,
476 3479 615 3527 una
654 3481 813 3529 cum
855 3459 1126 3531 clericis
1167 3482 1345 3537 suis,
1402 3460 1579 3529 servi
1617 3459 1881 3528 Domini
1912 3458 2171 3529 Placidi
2219 3481 2336 3528 ore
2368 3459 2537 3529 haec
2563 3480 2692 3528 au-

143 3546 367 3627 diens,
419 3560 484 3617 et
533 3552 664 3617 Deo
709 3560 775 3618 et
823 3549 1221 3618 hominibus
1271 3548 1469 3617 illum
1541 3548 1984 3619 carissimum
2039 3570 2118 3617 ac
2154 3547 2690 3617 dilectissimum

138 3657 291 3706 esse
336 3657 814 3725 praenoscenS,
860 3637 1231 3727 primicerii
1288 3636 1607 3726 precibus
1654 3636 1952 3718 vinctuS,
2006 3659 2128 3726 pro
2175 3636 2486 3724 ejusdem
2541 3635 2692 3705 lan-

144 3724 338 3811 guidi
391 3724 862 3795 incolumitate
912 3725 1107 3795 illum
1162 3747 1403 3815 rogare
1457 3725 1958 3796 instantissime
2006 3727 2251 3816 coepit.
2309 3725 2422 3794 Vir
2459 3738 2691 3795 autem

148 3813 444 3894 Domini,
497 3814 1075 3903 supplicationem
1112 3815 1283 3884 tanti
1335 3814 1550 3903 patris
1599 3814 1888 3885 minime
1935 3813 2508 3885 contemnendam
2559 3812 2690 3882 du·

146 3920 331 3982 cens,
391 3903 601 3972 erexit
642 3924 736 3983 se,
803 3925 1236 3993 surgensque
1286 3925 1568 3973 manum
1607 3903 1819 3993 capiti
1858 3904 2012 3992 ejus
2052 3902 2408 4003 imposuit,
2473 3916 2537 3971 et
2602 3900 2690 3971 ad

146 3990 410 4061 coelum
447 3989 686 4060 oculos
731 3991 1030 4073 elevans,
1094 3991 1306 4060 dixit:
1362 3996 1505 4061 «In
1558 3993 1837 4061 nomine
1909 3993 2180 4061 Domini
2255 3992 2469 4060 nostri
2529 3990 2694 4061 Jesu

148 4080 415 4160 Christi,
468 4079 673 4169 cujus
725 4082 969 4149 virtute
1021 4079 1191 4149 nihil
1244 4080 1496 4161 laesUS,
1543 4104 1694 4152 sum
1748 4093 2024 4171 ereptus
2070 4080 2156 4148 de
2185 4081 2408 4167 aquis,
2463 4101 2503 4149 a
2540 4078 2694 4166 qui·

148 4167 276 4238 bus
323 4168 655 4248 trahebat,
709 4169 988 4259 adjutus
1032 4169 1294 4240 meritis
1332 4182 1397 4239 et
1443 4170 1874 4240 orationibus
1926 4170 2235 4269 magistri
2304 4168 2519 4240 nostri
2570 4172 2690 4237 Be-

154 4257 423 4338 nedicti,
484 4258 541 4329 si
594 4257 799 4327 fidem
855 4258 1066 4327 habes
1109 4270 1334 4327 tantae
1373 4258 1826 4339 credulitatis,
1902 4270 2213 4327 restituat
2263 4271 2322 4327 te
2375 4263 2547 4326 Deus
2620 4257 2689 4325 in

154 4344 507 4434 pristinam
545 4347 981 4418 sanitatem.»
1017 4351 1323 4435 Cumque
1356 4369 1620 4427 omnes,
1670 4347 1789 4434 qui
1826 4345 2112 4416 aderant
2147 4345 2687 4437 respondissent,

202 4469 225 4491 ⁰
252 4471 427 4520 nequo
446 4481 532 4511 m
552 4473 651 4521 huj.
