3347 4999
654 323 781 386 620
1402 340 1478 385 ωε
1526 339 1581 385 s.
1629 339 1969 386 nimiumve
2020 339 2257 384 Annus
2792 320 2967 386 OCT.
3020 322 3093 387 2¹

565 438 794 493 mente
842 424 1289 514 perlustrans,
1357 424 1721 505 moerebat,
1776 424 1954 511 quod
2031 435 2291 492 tacente
2340 423 2423 491 de
2470 445 2542 493 se
2577 422 2847 513 lingua,
2896 424 3110 492 mira-

565 512 723 582 cula
762 513 1226 598 loquerentur.

653 604 689 688 ξ
741 602 900 673 29¹).
957 605 1048 670 Ea
1096 612 1492 688 tempestate
1524 600 1557 633 ³*
1605 612 2017 673 terraemotu
2081 605 2290 670 totius
2343 599 2554 680 orbis,
2609 600 2730 687 qui
2783 614 2933 689 post
2980 600 3101 669 Ju-

567 690 736 759 liani
790 705 1072 760 mortem
1108 690 1380 769 accidit,
1420 690 1633 757 maria
1672 712 1945 778 egressa
1984 700 2147 758 sunt
2196 690 2525 758 terminos
2573 711 2759 757 suos:
2804 701 2869 757 et
2904 689 3106 776 quasi

567 801 846 849 rursum
902 784 1075 848 Deus
1129 778 1466 848 diluvium
1524 779 1922 859 minaretur,
1971 778 2068 847 vel
2125 779 2187 846 in
2241 779 2604 865 antiquum
2657 777 2870 847 chaos
2922 778 3103 847 redi—

566 868 1004 948 rentomnia,
1065 890 1268 935 naves
1330 867 1414 935 ad
1470 880 1836 967 praerupta
1887 866 2149 936 delatae
2200 867 2539 936 montium
2593 866 3092 956 pependerunt.

568 957 757 1039 Quod
809 980 966 1025 cum
1021 956 1323 1025 viderent
1366 955 1865 1044 Epidauritani,
1921 955 2283 1024 frementes
2332 956 2608 1035 fluctus,
2648 968 2711 1024 et
2747 955 3099 1025 undarum

569 1045 804 1119 moles,
850 1056 913 1114 et
976 1059 1237 1114 montes
1288 1044 1638 1133 gurgitum
1694 1044 2010 1113 litoribus
2061 1043 2320 1125 inferri,
2364 1057 2671 1113 verentes
2731 1044 2913 1130 quod
2950 1046 3095 1133 jam

568 1135 874 1204 evenisse
914 1134 1307 1212 cernebant,
1363 1156 1446 1201 ne
1486 1132 1817 1222 oppidum
1864 1132 2176 1202 funditus
2226 1134 2754 1212 subverteretur,
2805 1132 3096 1221 ingressi

569 1238 729 1292 sunt
778 1222 860 1291 ad
915 1244 1171 1302 senem,
1226 1234 1290 1290 et
1335 1222 1532 1308 quasi
1583 1220 1665 1289 ad
1723 1221 2054 1311 proelium
2119 1222 2649 1311 proficiscenteS,
2723 1237 3096 1310 posuerunt

569 1335 724 1381 eum
782 1312 848 1380 in
899 1310 1117 1382 litore.
1185 1311 1311 1392 Qui
1373 1332 1530 1378 cum
1585 1311 1712 1379 tria
1762 1311 1994 1379 Crucis
2042 1311 2238 1397 signa
2295 1311 2624 1399 pinxisset
2691 1310 2756 1378 in
2811 1309 3086 1390 sabulo,

571 1422 956 1486 manusque
1004 1413 1238 1469 contra
1283 1398 1605 1478 tenderet,
1659 1398 2063 1469 incredibile
2097 1400 2284 1468 dictu
2334 1414 2455 1481 est,
2513 1400 2579 1467 in
2632 1413 2957 1485 quantam
2995 1398 3095 1467 al-

572 1489 931 1557 titudinem
997 1490 1458 1643 intumescenf
1512 1510 1697 1555 mare
1746 1500 1899 1555 ante
1940 1509 2094 1556 eum
2151 1488 2426 1566 steterit,
2484 1510 2562 1557 ac
2594 1487 2717 1556 diu
2768 1487 3087 1567 fremenS,

569 1591 632 1646 et
667 1579 862 1664 quasi
905 1577 988 1647 ad
1026 1578 1289 1647 obicem
1328 1577 1392 1643 in
1454 1576 1722 1665 ignans‚
1757 1576 2083 1661 paulatim
2128 1576 2195 1643 in
2251 1577 2695 1666 semetipsum
2749 1576 3095 1665 relapsum

567 1680 691 1737 est.
760 1671 898 1735 Hoc
945 1666 1360 1755 EpidaurUS‚
1413 1678 1477 1733 et
1523 1666 1749 1733 omnis
1809 1664 1922 1733 illa
1976 1666 2161 1754 regio
2200 1686 2418 1752 usque
2468 1664 2669 1734 hodie
2720 1665 3090 1754 praedicat,

570 1768 955 1841 matresque
1003 1755 1246 1824 docent
1295 1755 1545 1823 liberos
1593 1775 1776 1833 suoS‚
1830 1753 1912 1822 ad
1970 1754 2366 1822 memoriam
2410 1753 2474 1821 in
2520 1766 2824 1843 posteros
2876 1769 3097 1823 trans-

569 1844 995 1912 mittendam.
1067 1850 1228 1913 Vere
1264 1842 1460 1922 illud,
1530 1843 1710 1927 quod
1776 1843 1857 1910 ad
1918 1842 2267 1931 Apostolos
2329 1842 2590 1911 dictum
2639 1856 2780 1911 est:
2833 1845 2913 1911 Si
2956 1865 3092 1911 cre-

569 1933 896 2012 dictericis,
940 1934 1170 2001 dicetis
1219 1933 1374 2000 huic
1420 1933 1668 2000 monti:
1728 1933 1963 2000 Transi
2008 1933 2075 1998 in
2108 1953 2318 2011 mare,
2362 1942 2423 1999 et
2458 1933 2571 2020 fiet
2607 1931 2867 2020 (Mami.
2912 1932 3095 2019 xvii):

567 2023 770 2090 etiam
813 2029 1005 2109 juxta
1058 2021 1350 2090 litteram
1402 2019 1670 2109 impleri
1713 2032 1947 2107 potest,
2006 2020 2061 2088 si
2108 2033 2328 2088 tamen
2366 2021 2523 2106 quis
2573 2020 2885 2089 habuerit
2928 2027 3101 2108 Apo-

570 2111 899 2179 stolorum
951 2109 1184 2189 fidem‚
1223 2122 1286 2177 et
1317 2108 1543 2189 talem,
1581 2108 1852 2194 qualem
1891 2107 2029 2176 illis
2064 2107 2445 2178 habendam
2502 2110 2832 2177 Dominus
2879 2109 3090 2198 impe-

571 2199 764 2267 ravit.
820 2197 995 2279 Quid
1045 2198 1228 2265 enini
1291 2198 1590 2276 interest,
1638 2210 1868 2266 utrum
1939 2218 2134 2265 mons
2194 2196 2562 2265 descendat
2613 2198 2677 2265 in
2734 2220 2955 2278 mare,
3011 2219 3096 2266 an

570 2286 892 2354 immensi
935 2286 1276 2354 undarum
1333 2300 1597 2354 montes
1630 2298 1904 2375 repente
1953 2284 2402 2374 obriguerint,
2438 2297 2501 2354 et
2531 2298 2687 2353 ante
2736 2286 2922 2353 senis
2959 2299 3096 2354 tan·

571 2386 709 2442 tum
796 2374 999 2464 pedes
1062 2375 1285 2453 saxei,
1339 2396 1418 2442 ex
1479 2373 1614 2443 alia
1678 2388 1864 2463 parte
1930 2372 2223 2443 molliter
2292 2374 2660 2442 fluxerint?
2730 2375 3103 2443 Mirabatur

567 2462 795 2534 omnis
843 2464 1103 2543 civitaS,
1158 2478 1221 2532 et
1271 2462 1677 2552 magnitudo
1725 2463 1905 2563 signi
1956 2461 2224 2532 Salonis
2267 2483 2539 2550 quoque
2637 2464 3092 2534 ercrebuerat.

568 2552 759 2634 Quod
800 2551 1187 2642 intelligens
1238 2573 1462 2632 senex,
1520 2553 1584 2619 in
1633 2553 1816 2621 brevl
1852 2552 2078 2621 lembo
2125 2552 2300 2621 clam
2342 2566 2532 2622 nocte
2612 2553 2779 2642 ugit,
2821 2554 3095 2622 inventa

618 2655 721 2710 ost
759 2641 1050 2710 biduum
1105 2640 1414 2709 oneraria
1456 2642 1632 2717 navi,
1721 2641 1967 2709 errexit
2007 2645 2329 2729 Cyprum.
2386 2647 2690 2727 Cumque
2740 2642 2915 2710 inter
2957 2647 3091 2710 Ma·

596 2751 745 2797 eam
799 2742 862 2797 et
917 2731 1268 2817 Cytheram
1324 2729 1602 2818 piratae,
1704 2728 1979 2797 erelicta
2039 2729 2258 2798 classe
2317 2729 2384 2797 in
2455 2729 2682 2806 litore,
2735 2752 2914 2816 quae
2966 2751 3095 2799 uon

570 2834 892 2898 antenna,
952 2818 1064 2888 sed
1099 2829 1297 2886 conto
1325 2819 1606 2908 regitur,
1641 2817 1913 2887 duobus
1948 2817 2130 2886 haud
2189 2818 2411 2906 parvis
2463 2819 3006 2908 myoparonibus
3033 2819 3099 2852 *⁴*

568 2908 1050 2989 occurrissent,
1122 2921 1184 2975 et
1233 2906 1459 2975 denuo
1511 2906 1670 2976 hinc
1739 2905 1897 2975 inde
1964 2907 2216 2976 fluctus
2282 2920 2744 2988 occurrerent,
2801 2909 3093 2997 remiges

568 3017 830 3076 omnes,
885 2997 1003 3084 qui
1056 2996 1122 3064 in
1180 2996 1330 3064 navi
1381 3009 1595 3076 erant,
1653 2996 2033 3084 trepidare,
2090 2996 2270 3074 llere,
2336 2995 2746 3076 discurrere,
2814 3018 3098 3085 praepa-

570 3107 720 3153 rare
760 3100 1017 3165 contos,
1072 3096 1134 3153 et
1166 3084 1363 3170 quasi
1402 3104 1533 3153 non
1587 3083 1927 3154 sufficeret
1975 3106 2162 3154 unus
2215 3085 2535 3165 nunciuS,
2582 3085 2891 3154 certatim
2953 3084 3097 3154 seni

571 3174 828 3262 piratas
877 3174 1115 3244 adesse
1162 3172 1503 3242 dicebant.
1573 3178 1757 3257 Quos
1805 3172 1919 3241 illc
1980 3171 2218 3262 procul
2284 3173 2558 3243 intuens
2590 3229 2604 3254 ,
2660 3173 2986 3252 subrisit,
3038 3185 3100 3242 et

571 3283 942 3330 conversus
991 3263 1075 3331 ad
1134 3262 1302 3331 disci
1361 3262 1552 3342 ul05,
1622 3262 1832 3330 dixit:
1887 3285 1921 3327 «
1967 3261 2289 3342 Modicae,
2346 3261 2591 3349 inquit.
2645 3261 2829 3342 fidei,
2887 3282 3099 3349 quare

570 3350 966 3437 trepidatis?
1015 3351 1283 3437 Nunqui
1389 3352 1619 3439 plures
1660 3363 1820 3419 sunt
1860 3352 1954 3432 hi,
2012 3372 2219 3438 quam
2272 3350 2646 3420 Pharaonis
2703 3353 3096 3421 exercitus?

572 3451 795 3505 tamen
849 3459 1109 3517 omnes,
1171 3444 1296 3508 Deo
1336 3438 1622 3519 volente,
1681 3440 2019 3508 submersi
2070 3452 2255 3508 sunt.
2297 3462 2331 3505 »
2382 3440 2813 3525 Loquebatur
2862 3440 2996 3518 hie,
3032 3449 3094 3507 et

573 3525 1032 3595 nihilominus
1082 3529 1569 3614 spumantibus
1627 3528 1886 3608 rostris,
1955 3527 2237 3599 hostiles
2287 3541 2553 3597 turmae
2617 3529 3091 3608 imminebant,

563 3614 757 3703 jactu
799 3628 1062 3684 tantum
1129 3615 1377 3702 lapidis
1431 3615 1677 3684 medio.
1734 3618 1923 3685 Stetit
1969 3638 2130 3705 ergo
2182 3617 2247 3684 in
2303 3639 2501 3717 prora
2544 3617 2770 3696 navis,
2825 3630 2889 3685 et
2942 3638 3096 3706 por-

571 3708 752 3774 recta
800 3717 1034 3773 contra
1072 3704 1413 3773 venientes
1448 3727 1693 3775 manu:
1727 3726 1761 3770 «
1806 3710 2198 3792 Hucusque,
2254 3717 2369 3782 ait,
2411 3706 2671 3773 venisse
2704 3704 3027 3774 sufficiat.
3063 3726 3099 3770 »

573 3797 624 3863 Ο
676 3793 846 3862 mira
891 3814 1115 3862 rerum
1167 3793 1380 3861 fidesl
1435 3794 1657 3862 statim
1715 3793 2037 3863 resiluere
2074 3793 2450 3873 naviculae,
2488 3805 2552 3863 et
2584 3793 3107 3883 impellentibus

567 3896 805 3952 contra
842 3883 1071 3962 remis,
1111 3881 1193 3949 ad
1234 3882 1521 3972 puppim
1568 3882 1868 3972 impetus
1902 3884 2094 3953 redit.
2156 3882 2575 3952 Mirabantur
2627 3885 2906 3972 piratae,
2951 3893 3104 3972 post

573 3981 838 4061 tergum
892 3993 963 4040 se
1011 3970 1231 4039 redire
1282 3970 1589 4040 nolentes
1653 3984 1921 4057 totoque
1984 3972 2295 4061 eorporis
2362 3971 2568 4052 nixu,
2622 3984 2697 4041 ut
2760 3970 2846 4039 ad
2912 3972 3105 4039 navi-

569 4061 758 4150 gium
828 4060 1279 4150 pervenirent,
1336 4059 1743 4136 laborantes,
1800 4059 2101 4130 velocius
2161 4059 2419 4142 mult0,
2471 4079 2678 4147 quam
2733 4070 3103 4140 venerant,

571 4148 653 4216 ad
711 4147 872 4217 litus
922 4148 1339 4219 serebantur.

660 4239 698 4324 ξ
743 4241 916 4310 81).
974 4238 1440 4306 Praetermitto
1473 4248 1762 4318 caetera,
1802 4257 1885 4305 ne
1921 4236 2152 4306 videar
2199 4237 2268 4305 in
2308 4236 2699 4306 narratione
2745 4236 3109 4329 signorum

630 4396 655 4417 ⁸¹
686 4400 818 4436 Anno
843 4394 1027 4436 scincet
1047 4399 1139 4437 365.

621 4450 675 4477 *⁸
708 4451 1000 4501 ,Hyoparoneae
1018 4460 1160 4490 naves
1182 4454 1314 4490 erant
1332 4448 1576 4501 piraticae,
1593 4453 1641 4491 et
1659 4452 1834 4492 vimine
1857 4452 2021 4497 factae.
2039 4454 2274 4502 eoi-iisque
2300 4453 2464 4492 tectae.
