3347 4999
673 324 801 389 236
1306 342 1385 388 mi
1433 342 1523 388 ss.
1580 340 1804 388 sancto
1851 342 1925 387 Er
1973 340 2213 388 nocuo
2267 342 2381 388 uu.
2856 322 3027 390 OCT.
3084 327 3122 389 7

583 426 1032 496 mittebantur
1053 425 1330 513 quidem
1362 425 1444 494 ad
1474 448 1632 496 eum
1664 426 1917 505 Sancti,
1946 426 2149 494 vincti
2182 427 2370 515 gravi
2393 429 2654 495 catena.
2683 426 2774 496 Ad
2808 448 2962 496 eum
3001 450 3127 495 au-

585 527 717 584 tem
755 516 1006 605 scripta
1057 528 1200 584 erat
1246 516 1449 584 etiam
1482 514 1772 614 epistola
1798 514 1885 584 ab
1921 519 2358 604 Imperatore,
2398 537 2573 602 quae
2623 515 2720 585 sic
2779 515 3116 585 habebat:

585 626 621 669 «
660 609 945 674 Deorum
1001 605 1296 673 maxima
1348 603 1798 692 providentia,
1855 625 2094 673 omnes
2137 604 2412 690 quidem
2454 604 2788 685 homines,
2830 605 3125 672 maxime

584 705 810 761 autem
852 692 980 760 mei
1018 692 1289 780 imperii
1322 692 1648 761 satellites
1686 705 1750 760 et
1784 693 2168 782 stipatoreS,
2228 693 2296 760 in
2331 691 2487 761 illos
2527 714 2674 762 esse
2712 695 2882 780 pioS,
2926 707 2990 761 et
3039 693 3123 762 iis

583 803 848 859 rursus,
905 802 1080 867 quos
1122 781 1223 849 illi
1274 782 1523 870 dignos
1561 794 1979 850 censuerunt
2017 782 2330 871 imperio,
2385 781 2530 850 vult
2585 781 2886 861 obedire,
2938 794 3001 850 et
3050 782 3120 850 in

582 890 694 938 eos
728 888 875 938 esse
910 882 1102 958 grato
1136 870 1392 938 animo.
1436 874 1799 958 Propterea
1848 873 2027 938 bunc
2078 871 2388 960 Sergium
2440 882 2503 938 et
2553 871 2896 940 Bacchum
2933 924 2948 950 ‚
3000 871 3121 956 qui

582 959 649 1026 in
702 959 866 1027 deos
913 959 1192 1044 quidem
1245 971 1720 1048 apparuerunt
1767 959 1988 1048 impii,
2054 973 2117 1027 et
2167 980 2236 1027 se
2276 958 2816 1028 Christianorum
2868 957 3123 1045 adjun-

579 1048 760 1117 xisse
791 1046 1133 1136 religioni,
1179 1047 1467 1116 convicti
1506 1059 1670 1116 sunt
1701 1059 1926 1116 autem
1970 1047 2284 1115 criminis
2319 1047 2567 1137 ingrati
2621 1048 2686 1115 in
2735 1069 2843 1116 me
2875 1048 3114 1127 animi,

580 1138 813 1225 etjam
859 1149 1090 1206 nostro
1145 1135 1501 1226 tribunali,
1538 1150 1604 1204 et
1641 1150 1871 1204 nostra
1922 1136 2421 1204 examinatione
2459 1136 2750 1226 judicati
2804 1149 2968 1206 sunt
3016 1137 3118 1204 in-

581 1224 799 1314 digni,
854 1226 985 1294 sub
1026 1226 1370 1294 tutissima
1408 1224 1724 1293 custodia
1772 1237 1835 1293 et
1885 1225 2178 1293 vinculis
2226 1224 2308 1294 ad
2363 1235 2548 1294 tuam
2603 1225 3116 1295 transmisimus

582 1314 1066 1384 constantiam.
1122 1315 1188 1383 Si
1246 1336 1407 1403 ergo
1457 1314 1874 1402 poenitentia
1920 1313 2133 1392 ducti,
2183 1313 2317 1382 diis
2377 1314 2932 1394 sacrificaverint,
2987 1313 3121 1383 sol-

584 1415 831 1473 vantur
882 1403 968 1471 ab
1007 1403 1107 1472 eis
1158 1402 1500 1491 impositis
1546 1401 1886 1482 vinculis,
1939 1414 2004 1470 et
2050 1402 2245 1492 digni
2297 1417 2707 1471 censeantur
2755 1403 3009 1471 honore
3056 1416 3120 1472 et

582 1491 1076 1562 benevolentia.
1118 1491 1646 1561 Revocabuntur
1684 1492 1869 1559 enim
1928 1512 2169 1560 rursus
2209 1512 2246 1559 a
2299 1504 2524 1560 nostra
2574 1493 2896 1580 potentia,
2951 1492 3120 1560 reci-

582 1581 905 1680 pientque
948 1581 1210 1669 priores
1249 1580 1567 1659 honoreS,
1630 1593 1748 1648 aut
1786 1579 1987 1649 etiam
2043 1579 2358 1668 majoreS,
2415 1594 2753 1667 eruntque
2798 1581 3122 1669 deinceps

582 1691 652 1736 ln
715 1668 859 1737 loco
909 1682 973 1738 et
1027 1668 1269 1738 ordine
1310 1669 1409 1737 eis
1465 1668 1921 1760 convenienti.
1983 1667 2096 1737 Sin
2142 1681 2368 1738 autem
2431 1668 2875 1739 immobiliter
2908 1669 3119 1759 priori

582 1757 905 1827 haereant
947 1758 1343 1838 sententiae,
1406 1757 1632 1845 legum
1685 1758 1968 1846 subjecti
2033 1757 2170 1826 sint
2229 1758 2631 1840 austeritati,
2687 1758 2974 1848 ipsaque
3021 1780 3122 1828 es-

582 1847 795 1916 sentia
834 1859 898 1915 et
934 1847 1068 1915 vita
1116 1867 1277 1914 ense
1326 1846 1681 1934 priventur
1726 1868 1882 1914 cum
1920 1846 2098 1914 aliis.
2139 1845 2318 1914 Vale.
2363 1869 2399 1912 »

665 1938 701 2022 ξ
748 1939 823 2006 2.
879 1939 1041 2003 Cum
1081 1934 1206 2004 has
1245 1934 1499 2004 litteras
1531 1947 1595 2003 et
1626 1948 1898 2004 sanctos
1934 1935 2114 2003 viros
2154 1935 2580 2024 accepissent
2629 1934 2902 2015 milites,
2941 1936 3120 2004 viam

579 2037 741 2091 sunt
773 2023 1087 2113 ingressi.
1145 2023 1434 2105 Quidam
1480 2037 1707 2092 autem
1758 2045 1838 2092 ex
1893 2022 2196 2102 famulis,
2241 2038 2304 2093 et
2349 2023 2562 2092 simili
2608 2024 2750 2093 zelo
2800 2026 2868 2092 in
2915 2024 3123 2113 pieta-

578 2123 737 2190 tem,
791 2124 855 2180 et
911 2112 979 2178 in
1024 2110 1341 2181 dominos
1397 2112 1557 2181 victi
1615 2112 2107 2192 benevolentia,
2167 2135 2281 2181 eos
2337 2135 2610 2199 quoque
2657 2124 2828 2196 ⁴sunt
2876 2114 3116 2193 secuti,

577 2201 775 2287 quasi
829 2221 962 2268 non
1014 2221 1297 2289 corpora
1350 2200 1572 2269 solum
1627 2200 1758 2289 legi
1794 2254 1808 2275 .
1860 2201 1977 2269 sed
2040 2201 2244 2269 etiam
2310 2201 2581 2270 animas
2641 2201 2938 2271 volentes
2988 2206 3121 2271 Deo

578 2290 855 2359 servire.
911 2289 1040 2370 Qui
1087 2289 1289 2358 etiam
1340 2289 1711 2358 audierunt
1752 2294 2033 2359 Sanctos
2074 2291 2249 2358 inter
2288 2311 2364 2358 se
2388 2288 2876 2376 colloquenteS,
2912 2302 2977 2358 et
3014 2290 3123 2359 di-

576 2389 831 2452 centes,
885 2377 1066 2463 quod
1118 2393 1313 2447 nocte
1345 2432 1359 2458 ,
1412 2399 1551 2464 qua
1596 2379 1852 2477 egressi
1902 2391 2065 2447 sunt
2109 2400 2145 2446 e
2201 2378 2471 2446 civitate
2528 2384 2995 2447 Romanorum
3029 2379 3114 2459 ⁴,

578 2465 807 2534 divina
857 2467 1193 2553 quaedam
1238 2469 1582 2557 apparens
1613 2468 1782 2536 visio
1809 2467 2018 2553 jussit
2064 2488 2180 2537 eos
2228 2466 2597 2548 confidere,
2647 2481 2712 2537 et
2755 2468 2931 2536 bono
2972 2488 3122 2537 esse

576 2554 810 2625 animo
849 2555 931 2623 ad
969 2569 1338 2635 certamen,
1390 2569 1454 2625 et
1492 2555 1809 2625 alacriter
1856 2556 2123 2645 ingredi
2175 2556 2433 2624 bonum
2472 2558 2596 2625 iter
2628 2568 2902 2645 propter
2932 2557 3124 2626 Chri·

576 2654 784 2712 stum.
824 2644 1282 2726 Quamobrem
1335 2645 1461 2714 etsi
1510 2659 1738 2714 essent
1776 2644 2150 2739 ferreajlla
2186 2645 2393 2714 vincti
2433 2658 2698 2727 catena,
2751 2646 2919 2715 citra
2974 2667 3123 2715 mo-

577 2732 838 2801 lestiam
870 2746 933 2802 et
966 2756 1124 2801 cum
1162 2734 1508 2822 voluptate
1549 2732 1933 2823 psallebant
1964 2757 1978 2801 :
2031 2738 2112 2801 1η
2142 2736 2256 2802 via
2289 2736 2816 2803 testimoniorum
2851 2745 3122 2805 tuorum

576 2823 891 2890 delectati
932 2845 1186 2903 sumus,
1241 2824 1538 2901 Domine,
1596 2832 1940 2913 tamquam
1990 2825 2059 2889 in
2108 2824 2409 2892 omnibus
2448 2824 2725 2892 divitiis.
2767 2829 2844 2893 In
2865 2827 3124 2915 justifi-

576 2912 946 2980 cationibus
995 2914 1128 2980 tuis
1182 2912 1496 2979 meditati
1537 2933 1817 2990 summ,
1876 2922 1937 2980 et
1990 2913 2156 3002 leyis
2222 2924 2379 2981 tuae
2423 2936 2552 2981 non
2606 2936 2835 2982 sumus
2901 2914 3116 2982 obliti.

574 3003 652 3067 1η
699 3001 1040 3069 mandatis
1088 3002 1222 3068 tuis
1267 3000 1767 3080 meditabimur,
1808 3011 1869 3068 et
1901 3003 2335 3090 eoeqzeiremus
2380 3004 2528 3070 vias
2567 3012 2740 3070 tuas.
2791 3004 3115 3081 Vivemus,

574 3099 634 3157 et
677 3090 1120 3157 custodiemus
1150 3111 1480 3157 sermones
1520 3099 1667 3158 tuos
1712 3090 1851 3178 (Ps.
1900 3090 2075 3178 4⁴8).
2117 3095 2280 3157 Cum
2331 3112 2494 3179 ergo
2531 3103 2745 3159 totum
2784 3090 2961 3159 illud
2995 3091 3123 3157 iter

574 3177 745 3245 citra
779 3176 1079 3246 laborem
1116 3177 1591 3255 confecissent,
1631 3177 2067 3248 diversantur
2094 3180 2161 3247 in
2198 3178 2497 3264 quadam
2539 3180 2808 3247 civitate
2840 3179 3119 3248 nomine

575 3264 963 3345 BarbaleSO,
998 3286 1208 3365 prope
1244 3267 1584 3355 regionem
1623 3267 2155 3336 Limitaneorum
2186 3267 2276 3332 ⁴⁹⁶.
2314 3272 2461 3349 Quo
2487 3268 2555 3335 in
2593 3265 2742 3336 loco
2775 3290 2931 3337 cum
2969 3271 3115 3334 Dux

574 3366 961 3422 versaretur
994 3354 1386 3436 Antiochus,
1413 3368 1567 3423 ante
1587 3377 1748 3425 eum
1777 3368 1941 3426 sunt
1970 3356 2307 3445 producti,
2336 3355 2488 3424 laeti
2523 3356 2802 3442 quidem
2829 3370 2892 3424 et
2921 3352 3115 3422 vultu

576 3440 814 3522 alacri,
861 3441 1077 3510 animi
1126 3456 1351 3512 autem
1394 3444 1816 3514 nobilitatem
1870 3443 2272 3514 liberalibus
2304 3444 2739 3513 ostendentes
2777 3442 3108 3513 moribus.

573 3534 824 3599 Eorum
876 3532 1129 3627 itaque,
1192 3532 1314 3617 qui
1371 3533 1559 3621 ipsos
1605 3531 2228 3611 circumsistebant,
2284 3533 2468 3602 oculi
2515 3545 2710 3601 erant
2757 3553 2994 3602 omnes
3037 3531 3114 3599 in

572 3639 687 3687 eos
737 3619 1076 3708 conjecti;
1133 3640 1255 3688 nec
1304 3619 1502 3691 facile
1551 3621 1993 3702 desistebant,
2051 3620 2164 3690 sed
2217 3621 2419 3690 firmo
2466 3635 2530 3691 et
2569 3622 2829 3691 intento
2873 3622 3119 3692 obtutu

572 3727 687 3777 eos
720 3707 1243 3803 adspiciebant;
1295 3722 1624 3795 erantque
1659 3711 1794 3800 ipsi
1836 3710 2094 3779 theatro
2135 3710 2529 3798 jucundum
2581 3710 2928 3796 quoddam
2965 3731 3119 3799 spe-

570 3796 945 3866 ctaculum.

658 3888 692 3972 §
741 3889 820 3957 S.
876 3891 1040 3955 Cum
1095 3907 1211 3955 eos
1260 3906 1423 3975 ergo
1468 3885 1750 3957 vidisset
1800 3891 1945 3956 Dux
1981 3886 2330 3973 quomodo
2369 3908 2439 3955 se
2483 3887 2847 3968 haberent,
2886 3902 2950 3957 et
2993 3888 3119 3957 de-

571 3973 730 4042 inde
795 3975 998 4042 etiam
1070 3974 1343 4065 legisset
1392 3974 1652 4044 litteras
1700 3977 2142 4064 Imperatoris
2171 4030 2186 4057 ,
2243 3977 2492 4045 tacitus
2540 3976 2726 4067 apud
2772 3999 2846 4045 se
2894 3976 3119 4045 admi-

567 4062 894 4143 rabatur,
956 4075 1021 4131 et
1079 4086 1158 4133 eo
1224 4085 1467 4133 rursus
1525 4063 2157 4153 contemplabatur,
2222 4086 2554 4153 magnum
2608 4065 2783 4153 ‚quid
2846 4088 2996 4136 esse
3049 4076 3123 4133 et

571 4172 821 4220 novum
873 4151 1298 4233 existimans,
1342 4152 1524 4239 quod
1576 4153 1661 4222 ad
1717 4165 1970 4222 tantam
2042 4155 2540 4244 processissent
2587 4155 2803 4223 animi
2842 4153 3121 4253 magni-

570 4239 915 4322 tudinem,¹
946 4255 1022 4310 ut
1069 4255 1135 4317 et
1181 4242 1550 4333 supplicia,
1604 4256 1669 4312 et
1735 4242 1997 4322 minaS,
2043 4254 2108 4311 et
2149 4241 2469 4333 gloriam,
2510 4256 2575 4313 et
2612 4243 2870 4333 ipsum,
2906 4256 3121 4311 ettam

620 4403 646 4429 ¹·
674 4403 821 4444 Roma
842 4414 900 4443 an
921 4402 985 4455 ,sit
1003 4407 1086 4445 out
1105 4406 1536 4455 Constantinopolis
1555 4406 1815 4455 ignoratur.

618 4457 672 4484 ⁶*
701 4457 843 4506 Idest,
863 4467 1025 4498 eorum
1046 4460 1128 4508 qul
1147 4460 1343 4499 Romani
1360 4460 1547 4508 imperti
1570 4457 1804 4500 limitibus
1823 4459 1959 4499 erant
1978 4458 2271 4498 contermini.
