<?xml version="1.0" encoding="UTF-8"?>
<!DOCTYPE html PUBLIC "-//W3C//DTD XHTML 1.0 Transitional//EN"
    "http://www.w3.org/TR/xhtml1/DTD/xhtml1-transitional.dtd">
<html xmlns="http://www.w3.org/1999/xhtml" xml:lang="en" lang="en">
 <head>
  <title>
</title>
<meta http-equiv="Content-Type" content="text/html;charset=utf-8" />
  <meta name='ocr-system' content='tesseract 3.04.00' />
  <meta name='ocr-capabilities' content='ocr_page ocr_carea ocr_par ocr_line ocrx_word'/>
</head>
<body>
  <div class='ocr_page' id='page_1' title='image "./historiaeseuvit03lippgoog_0561.png"; bbox 0 0 3347 4999; ppageno 0'>
   <div class='ocr_carea' id='block_1_1' title="bbox 222 333 2658 399">
    <p class='ocr_par' dir='ltr' id='par_1_1' title="bbox 222 333 2658 399">
     <span class='ocr_line' id='line_1_1' title="bbox 222 333 2658 399; baseline -0.001 0"><span class='ocrx_word' id='word_1_1' title='bbox 222 334 401 399; x_wconf 83' lang='lat' dir='ltr'>OCT.</span> <span class='ocrx_word' id='word_1_2' title='bbox 456 333 536 397; x_wconf 65' lang='lat'>46</span> <span class='ocrx_word' id='word_1_3' title='bbox 995 341 1072 396; x_wconf 74' lang='lat' dir='ltr'>na</span> <span class='ocrx_word' id='word_1_4' title='bbox 1121 351 1177 397; x_wconf 91' lang='lat' dir='ltr'>s.</span> <span class='ocrx_word' id='word_1_5' title='bbox 1230 349 1426 397; x_wconf 62' lang='lat' dir='ltr'>catto</span> <span class='ocrx_word' id='word_1_6' title='bbox 1475 348 1617 396; x_wconf 67' lang='lat' dir='ltr'>ann.</span> <span class='ocrx_word' id='word_1_7' title='bbox 1671 351 1747 396; x_wconf 78' lang='lat' dir='ltr'>m·</span> <span class='ocrx_word' id='word_1_8' title='bbox 1794 348 1975 397; x_wconf 68' lang='lat' dir='ltr'>conr.</span> <span class='ocrx_word' id='word_1_9' title='bbox 2588 333 2658 396; x_wconf 73' lang='lat'>7⁴</span> 
     </span>
    </p>
   </div>
   <div class='ocr_carea' id='block_1_2' title="bbox 217 433 2799 4507">
    <p class='ocr_par' dir='ltr' id='par_1_2' title="bbox 217 433 2799 2294">
     <span class='ocr_line' id='line_1_2' title="bbox 226 433 2764 525; baseline -0.001 -20"><span class='ocrx_word' id='word_1_10' title='bbox 226 435 377 514; x_wconf 88' lang='lat' dir='ltr'>reti,</span> <span class='ocrx_word' id='word_1_11' title='bbox 432 448 710 524; x_wconf 89' lang='lat' dir='ltr'>captum</span> <span class='ocrx_word' id='word_1_12' title='bbox 770 456 927 503; x_wconf 89' lang='lat' dir='ltr'>eum</span> <span class='ocrx_word' id='word_1_13' title='bbox 993 448 1340 504; x_wconf 85' lang='lat' dir='ltr'>traxerunt</span> <span class='ocrx_word' id='word_1_14' title='bbox 1386 434 1467 502; x_wconf 89' lang='lat' dir='ltr'>ad</span> <span class='ocrx_word' id='word_1_15' title='bbox 1536 434 1721 503; x_wconf 91' lang='lat' dir='ltr'>litus.</span> <span class='ocrx_word' id='word_1_16' title='bbox 1778 433 2084 504; x_wconf 80' lang='lat' dir='ltr'><strong>Habebat</strong></span> <span class='ocrx_word' id='word_1_17' title='bbox 2130 446 2356 504; x_wconf 90' lang='lat' dir='ltr'>autem</span> <span class='ocrx_word' id='word_1_18' title='bbox 2423 434 2492 503; x_wconf 90' lang='lat' dir='ltr'>in</span> <span class='ocrx_word' id='word_1_19' title='bbox 2544 433 2764 525; x_wconf 92' lang='lat' dir='ltr'>longi-</span> 
     </span>
     <span class='ocr_line' id='line_1_3' title="bbox 226 521 2762 614; baseline -0.001 -20"><span class='ocrx_word' id='word_1_20' title='bbox 226 523 465 594; x_wconf 82' lang='lat' dir='ltr'>tudine</span> <span class='ocrx_word' id='word_1_21' title='bbox 517 522 782 614; x_wconf 89' lang='lat' dir='ltr'>palmos</span> <span class='ocrx_word' id='word_1_22' title='bbox 828 522 1217 605; x_wconf 82' lang='lat' dir='ltr'>duodecim,</span> <span class='ocrx_word' id='word_1_23' title='bbox 1256 524 1323 591; x_wconf 93' lang='lat' dir='ltr'>in</span> <span class='ocrx_word' id='word_1_24' title='bbox 1360 522 1722 591; x_wconf 90' lang='lat' dir='ltr'>latitudine</span> <span class='ocrx_word' id='word_1_25' title='bbox 1755 536 2070 610; x_wconf 89' lang='lat' dir='ltr'>quatuor.</span> <span class='ocrx_word' id='word_1_26' title='bbox 2124 528 2270 606; x_wconf 86' lang='lat' dir='ltr'>Quo</span> <span class='ocrx_word' id='word_1_27' title='bbox 2300 521 2498 602; x_wconf 86' lang='lat' dir='ltr'>fact0‚</span> <span class='ocrx_word' id='word_1_28' title='bbox 2542 521 2762 593; x_wconf 87' lang='lat' dir='ltr'>lutrae</span> 
     </span>
     <span class='ocr_line' id='line_1_4' title="bbox 227 610 2761 703; baseline 0 -22"><span class='ocrx_word' id='word_1_29' title='bbox 227 634 299 681; x_wconf 91' lang='lat' dir='ltr'>se</span> <span class='ocrx_word' id='word_1_30' title='bbox 349 610 711 703; x_wconf 85' lang='lat' dir='ltr'>profundis</span> <span class='ocrx_word' id='word_1_31' title='bbox 759 612 1222 702; x_wconf 88' lang='lat' dir='ltr'>immergunt:</span> <span class='ocrx_word' id='word_1_32' title='bbox 1277 610 1598 700; x_wconf 91' lang='lat' dir='ltr'>imposito</span> <span class='ocrx_word' id='word_1_33' title='bbox 1647 632 1922 682; x_wconf 90' lang='lat' dir='ltr'>rursum</span> <span class='ocrx_word' id='word_1_34' title='bbox 1976 610 2123 691; x_wconf 90' lang='lat' dir='ltr'>reti,</span> <span class='ocrx_word' id='word_1_35' title='bbox 2176 633 2333 679; x_wconf 92' lang='lat' dir='ltr'>cum</span> <span class='ocrx_word' id='word_1_36' title='bbox 2434 612 2761 681; x_wconf 83' lang='lat' dir='ltr'>iscatores</span> 
     </span>
     <span class='ocr_line' id='line_1_5' title="bbox 227 699 2764 791; baseline -0.001 -20"><span class='ocrx_word' id='word_1_37' title='bbox 227 701 446 771; x_wconf 88' lang='lat' dir='ltr'>sancti</span> <span class='ocrx_word' id='word_1_38' title='bbox 500 700 792 791; x_wconf 85' lang='lat' dir='ltr'>piscium</span> <span class='ocrx_word' id='word_1_39' title='bbox 844 699 1138 771; x_wconf 86' lang='lat' dir='ltr'>latebras</span> <span class='ocrx_word' id='word_1_40' title='bbox 1188 699 1527 790; x_wconf 90' lang='lat' dir='ltr'>pulsando</span> <span class='ocrx_word' id='word_1_41' title='bbox 1574 700 2054 786; x_wconf 79' lang='lat' dir='ltr'>inquietarent,</span> <span class='ocrx_word' id='word_1_42' title='bbox 2112 699 2350 769; x_wconf 90' lang='lat' dir='ltr'>iterato</span> <span class='ocrx_word' id='word_1_43' title='bbox 2412 711 2604 768; x_wconf 89' lang='lat' dir='ltr'>utrae</span> <span class='ocrx_word' id='word_1_44' title='bbox 2639 722 2764 789; x_wconf 90' lang='lat' dir='ltr'>ap-</span> 
     </span>
     <span class='ocr_line' id='line_1_6' title="bbox 227 787 2756 879; baseline 0 -22"><span class='ocrx_word' id='word_1_45' title='bbox 227 803 652 879; x_wconf 89' lang='lat' dir='ltr'>paruerunt,</span> <span class='ocrx_word' id='word_1_46' title='bbox 708 788 1002 877; x_wconf 82' lang='lat' dir='ltr'>piscium</span> <span class='ocrx_word' id='word_1_47' title='bbox 1069 802 1323 857; x_wconf 91' lang='lat' dir='ltr'>tantam</span> <span class='ocrx_word' id='word_1_48' title='bbox 1380 787 1889 858; x_wconf 81' lang='lat' dir='ltr'>multitudinem</span> <span class='ocrx_word' id='word_1_49' title='bbox 1944 787 2398 878; x_wconf 80' lang='lat' dir='ltr'>propellentes</span> <span class='ocrx_word' id='word_1_50' title='bbox 2448 788 2514 857; x_wconf 90' lang='lat' dir='ltr'>in</span> <span class='ocrx_word' id='word_1_51' title='bbox 2569 801 2756 869; x_wconf 89' lang='lat' dir='ltr'>rete,</span> 
     </span>
     <span class='ocr_line' id='line_1_7' title="bbox 223 876 2760 968; baseline -0.001 -21"><span class='ocrx_word' id='word_1_52' title='bbox 223 891 303 948; x_wconf 89' lang='lat' dir='ltr'>ut</span> <span class='ocrx_word' id='word_1_53' title='bbox 352 876 414 945; x_wconf 93' lang='lat' dir='ltr'>id</span> <span class='ocrx_word' id='word_1_54' title='bbox 469 899 592 947; x_wconf 88' lang='lat' dir='ltr'>sua</span> <span class='ocrx_word' id='word_1_55' title='bbox 641 876 1031 968; x_wconf 82' lang='lat' dir='ltr'>pluralitate</span> <span class='ocrx_word' id='word_1_56' title='bbox 1071 899 1217 968; x_wconf 87' lang='lat' dir='ltr'>-per</span> <span class='ocrx_word' id='word_1_57' title='bbox 1262 876 1409 946; x_wconf 93' lang='lat' dir='ltr'>loca</span> <span class='ocrx_word' id='word_1_58' title='bbox 1479 877 2012 966; x_wconf 85' lang='lat' dir='ltr'>disrumperent.</span> <span class='ocrx_word' id='word_1_59' title='bbox 2079 876 2334 946; x_wconf 76' lang='lat' dir='ltr'>Praeda</span> <span class='ocrx_word' id='word_1_60' title='bbox 2397 876 2625 963; x_wconf 87' lang='lat' dir='ltr'>itaque</span> <span class='ocrx_word' id='word_1_61' title='bbox 2673 876 2760 945; x_wconf 91' lang='lat' dir='ltr'>ad</span> 
     </span>
     <span class='ocr_line' id='line_1_8' title="bbox 225 963 2763 1055; baseline -0.001 -20"><span class='ocrx_word' id='word_1_62' title='bbox 225 965 391 1035; x_wconf 91' lang='lat' dir='ltr'>litus</span> <span class='ocrx_word' id='word_1_63' title='bbox 438 965 789 1055; x_wconf 74' lang='lat' dir='ltr'>perducta,</span> <span class='ocrx_word' id='word_1_64' title='bbox 844 966 957 1033; x_wconf 84' lang='lat' dir='ltr'>Vir</span> <span class='ocrx_word' id='word_1_65' title='bbox 1003 963 1410 1035; x_wconf 85' lang='lat' dir='ltr'>discretione</span> <span class='ocrx_word' id='word_1_66' title='bbox 1460 965 1930 1055; x_wconf 69' lang='lat' dir='ltr'>plenissimus</span> <span class='ocrx_word' id='word_1_67' title='bbox 1985 965 2317 1052; x_wconf 89' lang='lat' dir='ltr'>quosdam</span> <span class='ocrx_word' id='word_1_68' title='bbox 2358 966 2602 1053; x_wconf 87' lang='lat' dir='ltr'>pisces,</span> <span class='ocrx_word' id='word_1_69' title='bbox 2643 964 2763 1033; x_wconf 90' lang='lat' dir='ltr'>ad-</span> 
     </span>
     <span class='ocr_line' id='line_1_9' title="bbox 217 1053 2757 1144; baseline 0 -21"><span class='ocrx_word' id='word_1_70' title='bbox 217 1054 624 1144; x_wconf 80' lang='lat' dir='ltr'>juvantibus</span> <span class='ocrx_word' id='word_1_71' title='bbox 670 1054 791 1141; x_wconf 92' lang='lat' dir='ltr'>qui</span> <span class='ocrx_word' id='word_1_72' title='bbox 839 1054 1166 1135; x_wconf 84' lang='lat' dir='ltr'>aderant,</span> <span class='ocrx_word' id='word_1_73' title='bbox 1222 1075 1465 1123; x_wconf 90' lang='lat' dir='ltr'>rursus</span> <span class='ocrx_word' id='word_1_74' title='bbox 1515 1055 1583 1122; x_wconf 92' lang='lat' dir='ltr'>in</span> <span class='ocrx_word' id='word_1_75' title='bbox 1647 1075 1896 1140; x_wconf 89' lang='lat' dir='ltr'>aquam</span> <span class='ocrx_word' id='word_1_76' title='bbox 1951 1054 2265 1144; x_wconf 90' lang='lat' dir='ltr'>projecit,</span> <span class='ocrx_word' id='word_1_77' title='bbox 2316 1066 2382 1122; x_wconf 92' lang='lat' dir='ltr'>et</span> <span class='ocrx_word' id='word_1_78' title='bbox 2430 1053 2757 1123; x_wconf 89' lang='lat' dir='ltr'>fratribus</span> 
     </span>
     <span class='ocr_line' id='line_1_10' title="bbox 225 1140 2760 1232; baseline -0 -21"><span class='ocrx_word' id='word_1_79' title='bbox 225 1142 441 1212; x_wconf 82' lang='lat' dir='ltr'>dixit:</span> <span class='ocrx_word' id='word_1_80' title='bbox 495 1165 532 1209; x_wconf 88' lang='lat'>«</span> <span class='ocrx_word' id='word_1_81' title='bbox 564 1143 778 1211; x_wconf 86' lang='lat' dir='ltr'>Hodie</span> <span class='ocrx_word' id='word_1_82' title='bbox 828 1157 1101 1232; x_wconf 91' lang='lat' dir='ltr'>propter</span> <span class='ocrx_word' id='word_1_83' title='bbox 1147 1142 1514 1212; x_wconf 90' lang='lat' dir='ltr'>adventum</span> <span class='ocrx_word' id='word_1_84' title='bbox 1567 1156 1917 1223; x_wconf 88' lang='lat' dir='ltr'>vestrum,</span> <span class='ocrx_word' id='word_1_85' title='bbox 1975 1142 2357 1212; x_wconf 89' lang='lat' dir='ltr'>mirabilem</span> <span class='ocrx_word' id='word_1_86' title='bbox 2410 1163 2575 1211; x_wconf 91' lang='lat' dir='ltr'>suae</span> <span class='ocrx_word' id='word_1_87' title='bbox 2624 1140 2760 1210; x_wconf 91' lang='lat' dir='ltr'>lar-</span> 
     </span>
     <span class='ocr_line' id='line_1_11' title="bbox 227 1229 2760 1322; baseline 0 -23"><span class='ocrx_word' id='word_1_88' title='bbox 227 1231 459 1322; x_wconf 89' lang='lat' dir='ltr'>gitatis</span> <span class='ocrx_word' id='word_1_89' title='bbox 513 1230 919 1300; x_wconf 89' lang='lat' dir='ltr'>evidentiam</span> <span class='ocrx_word' id='word_1_90' title='bbox 997 1230 1327 1301; x_wconf 89' lang='lat' dir='ltr'>Dominus</span> <span class='ocrx_word' id='word_1_91' title='bbox 1393 1229 1827 1300; x_wconf 90' lang='lat' dir='ltr'>manifestare</span> <span class='ocrx_word' id='word_1_92' title='bbox 1899 1230 2223 1320; x_wconf 87' lang='lat' dir='ltr'>dignatus</span> <span class='ocrx_word' id='word_1_93' title='bbox 2287 1244 2494 1299; x_wconf 90' lang='lat' dir='ltr'>est.»</span> <span class='ocrx_word' id='word_1_94' title='bbox 2568 1229 2673 1298; x_wconf 91' lang='lat' dir='ltr'>Illi</span> <span class='ocrx_word' id='word_1_95' title='bbox 2725 1251 2760 1299; x_wconf 93' lang='lat' dir='ltr'>e</span> 
     </span>
     <span class='ocr_line' id='line_1_12' title="bbox 225 1318 2758 1410; baseline 0 -21"><span class='ocrx_word' id='word_1_96' title='bbox 225 1332 465 1389; x_wconf 88' lang='lat' dir='ltr'>contra</span> <span class='ocrx_word' id='word_1_97' title='bbox 515 1318 775 1389; x_wconf 89' lang='lat' dir='ltr'>meritis</span> <span class='ocrx_word' id='word_1_98' title='bbox 821 1320 992 1408; x_wconf 86' lang='lat' dir='ltr'>ejus,</span> <span class='ocrx_word' id='word_1_99' title='bbox 1046 1319 1228 1406; x_wconf 92' lang='lat' dir='ltr'>quod</span> <span class='ocrx_word' id='word_1_100' title='bbox 1280 1319 1533 1389; x_wconf 90' lang='lat' dir='ltr'>factum</span> <span class='ocrx_word' id='word_1_101' title='bbox 1586 1319 1807 1389; x_wconf 89' lang='lat' dir='ltr'>fuerat</span> <span class='ocrx_word' id='word_1_102' title='bbox 1853 1320 2295 1410; x_wconf 84' lang='lat' dir='ltr'>imputantes,</span> <span class='ocrx_word' id='word_1_103' title='bbox 2334 1340 2413 1388; x_wconf 91' lang='lat' dir='ltr'>eo</span> <span class='ocrx_word' id='word_1_104' title='bbox 2443 1319 2758 1389; x_wconf 85' lang='lat' dir='ltr'>alacriter</span> 
     </span>
     <span class='ocr_line' id='line_1_13' title="bbox 228 1406 2759 1507; baseline 0 -30"><span class='ocrx_word' id='word_1_105' title='bbox 228 1420 641 1498; x_wconf 91' lang='lat' dir='ltr'>praeeunte,</span> <span class='ocrx_word' id='word_1_106' title='bbox 696 1407 976 1476; x_wconf 90' lang='lat' dir='ltr'>domum</span> <span class='ocrx_word' id='word_1_107' title='bbox 1029 1407 1402 1478; x_wconf 84' lang='lat' dir='ltr'>redierunt.</span> <span class='ocrx_word' id='word_1_108' title='bbox 1470 1412 1546 1477; x_wconf 89' lang='lat' dir='ltr'>Et</span> <span class='ocrx_word' id='word_1_109' title='bbox 1592 1429 1746 1477; x_wconf 88' lang='lat' dir='ltr'>ecce</span> <span class='ocrx_word' id='word_1_110' title='bbox 1785 1408 1980 1507; x_wconf 85' lang='lat' dir='ltr'>juxta</span> <span class='ocrx_word' id='word_1_111' title='bbox 2047 1408 2397 1477; x_wconf 88' lang='lat' dir='ltr'>introitum</span> <span class='ocrx_word' id='word_1_112' title='bbox 2467 1406 2759 1481; x_wconf 86' lang='lat' dir='ltr'>Cellulae</span> 
     </span>
     <span class='ocr_line' id='line_1_14' title="bbox 227 1495 2760 1587; baseline -0 -22"><span class='ocrx_word' id='word_1_113' title='bbox 227 1496 331 1565; x_wconf 86' lang='lat' dir='ltr'>vir</span> <span class='ocrx_word' id='word_1_114' title='bbox 378 1518 563 1566; x_wconf 90' lang='lat' dir='ltr'>unus</span> <span class='ocrx_word' id='word_1_115' title='bbox 610 1495 954 1586; x_wconf 91' lang='lat' dir='ltr'>apparuit,</span> <span class='ocrx_word' id='word_1_116' title='bbox 1009 1495 1231 1566; x_wconf 89' lang='lat' dir='ltr'>ferens</span> <span class='ocrx_word' id='word_1_117' title='bbox 1279 1496 1453 1566; x_wconf 90' lang='lat' dir='ltr'>duos</span> <span class='ocrx_word' id='word_1_118' title='bbox 1503 1509 1693 1565; x_wconf 92' lang='lat' dir='ltr'>utres</span> <span class='ocrx_word' id='word_1_119' title='bbox 1738 1518 1894 1565; x_wconf 78' lang='lat' dir='ltr'>vino</span> <span class='ocrx_word' id='word_1_120' title='bbox 1943 1495 2181 1587; x_wconf 90' lang='lat' dir='ltr'>plenos</span> <span class='ocrx_word' id='word_1_121' title='bbox 2207 1528 2231 1576; x_wconf 38' lang='lat'>‚¹</span> <span class='ocrx_word' id='word_1_122' title='bbox 2273 1507 2338 1564; x_wconf 92' lang='lat' dir='ltr'>et</span> <span class='ocrx_word' id='word_1_123' title='bbox 2387 1506 2612 1565; x_wconf 90' lang='lat' dir='ltr'>ternos</span> <span class='ocrx_word' id='word_1_124' title='bbox 2660 1495 2760 1565; x_wconf 87' lang='lat' dir='ltr'>fa—</span> 
     </span>
     <span class='ocr_line' id='line_1_15' title="bbox 229 1584 2761 1675; baseline -0 -21"><span class='ocrx_word' id='word_1_125' title='bbox 229 1586 422 1655; x_wconf 87' lang='lat' dir='ltr'>rinae</span> <span class='ocrx_word' id='word_1_126' title='bbox 473 1584 759 1664; x_wconf 80' lang='lat' dir='ltr'>modiOS,</span> <span class='ocrx_word' id='word_1_127' title='bbox 813 1584 899 1653; x_wconf 93' lang='lat' dir='ltr'>ob</span> <span class='ocrx_word' id='word_1_128' title='bbox 948 1606 1111 1655; x_wconf 90' lang='lat' dir='ltr'>suae</span> <span class='ocrx_word' id='word_1_129' title='bbox 1158 1584 1536 1655; x_wconf 90' lang='lat' dir='ltr'>devotionis</span> <span class='ocrx_word' id='word_1_130' title='bbox 1586 1584 1948 1654; x_wconf 88' lang='lat' dir='ltr'>indicium.</span> <span class='ocrx_word' id='word_1_131' title='bbox 2005 1585 2266 1667; x_wconf 89' lang='lat' dir='ltr'>Quibus</span> <span class='ocrx_word' id='word_1_132' title='bbox 2305 1606 2461 1653; x_wconf 83' lang='lat' dir='ltr'>curn</span> <span class='ocrx_word' id='word_1_133' title='bbox 2506 1585 2761 1675; x_wconf 90' lang='lat' dir='ltr'>gratia-</span> 
     </span>
     <span class='ocr_line' id='line_1_16' title="bbox 227 1672 2763 1763; baseline -0 -20"><span class='ocrx_word' id='word_1_134' title='bbox 227 1695 380 1743; x_wconf 90' lang='lat' dir='ltr'>rum</span> <span class='ocrx_word' id='word_1_135' title='bbox 417 1674 681 1743; x_wconf 89' lang='lat' dir='ltr'>actione</span> <span class='ocrx_word' id='word_1_136' title='bbox 714 1674 1072 1763; x_wconf 88' lang='lat' dir='ltr'>susceptis,</span> <span class='ocrx_word' id='word_1_137' title='bbox 1112 1674 1343 1743; x_wconf 90' lang='lat' dir='ltr'>cibum</span> <span class='ocrx_word' id='word_1_138' title='bbox 1381 1686 1825 1763; x_wconf 90' lang='lat' dir='ltr'>sumpserunt</span> <span class='ocrx_word' id='word_1_139' title='bbox 1859 1696 1875 1753; x_wconf 91' lang='lat'>;</span> <span class='ocrx_word' id='word_1_140' title='bbox 1928 1685 1993 1742; x_wconf 90' lang='lat' dir='ltr'>et</span> <span class='ocrx_word' id='word_1_141' title='bbox 2042 1686 2193 1763; x_wconf 90' lang='lat' dir='ltr'>post</span> <span class='ocrx_word' id='word_1_142' title='bbox 2239 1673 2547 1762; x_wconf 90' lang='lat' dir='ltr'>corporis</span> <span class='ocrx_word' id='word_1_143' title='bbox 2596 1672 2763 1742; x_wconf 89' lang='lat' dir='ltr'>refe-</span> 
     </span>
     <span class='ocr_line' id='line_1_17' title="bbox 226 1760 2763 1852; baseline 0 -22"><span class='ocrx_word' id='word_1_144' title='bbox 226 1763 522 1831; x_wconf 84' lang='lat' dir='ltr'>ctionem</span> <span class='ocrx_word' id='word_1_145' title='bbox 574 1761 904 1851; x_wconf 87' lang='lat' dir='ltr'>spiritalis</span> <span class='ocrx_word' id='word_1_146' title='bbox 951 1761 1275 1849; x_wconf 89' lang='lat' dir='ltr'>colloquii</span> <span class='ocrx_word' id='word_1_147' title='bbox 1324 1761 1622 1852; x_wconf 89' lang='lat' dir='ltr'>dapibus</span> <span class='ocrx_word' id='word_1_148' title='bbox 1655 1761 1924 1831; x_wconf 88' lang='lat' dir='ltr'>animas</span> <span class='ocrx_word' id='word_1_149' title='bbox 1959 1783 2121 1832; x_wconf 91' lang='lat' dir='ltr'>suas</span> <span class='ocrx_word' id='word_1_150' title='bbox 2153 1782 2431 1851; x_wconf 86' lang='lat' dir='ltr'>pascere</span> <span class='ocrx_word' id='word_1_151' title='bbox 2479 1760 2763 1831; x_wconf 89' lang='lat' dir='ltr'>studue-</span> 
     </span>
     <span class='ocr_line' id='line_1_18' title="bbox 232 1849 2758 1936; baseline -0 -17"><span class='ocrx_word' id='word_1_152' title='bbox 232 1863 417 1920; x_wconf 89' lang='lat' dir='ltr'>runt.</span> <span class='ocrx_word' id='word_1_153' title='bbox 473 1851 773 1919; x_wconf 87' lang='lat' dir='ltr'>Detinuit</span> <span class='ocrx_word' id='word_1_154' title='bbox 810 1861 1038 1919; x_wconf 88' lang='lat' dir='ltr'>autem</span> <span class='ocrx_word' id='word_1_155' title='bbox 1079 1872 1194 1919; x_wconf 92' lang='lat' dir='ltr'>eos</span> <span class='ocrx_word' id='word_1_156' title='bbox 1240 1850 1480 1920; x_wconf 88' lang='lat' dir='ltr'>beatus</span> <span class='ocrx_word' id='word_1_157' title='bbox 1528 1849 1765 1920; x_wconf 91' lang='lat' dir='ltr'>Gallus</span> <span class='ocrx_word' id='word_1_158' title='bbox 1805 1849 2177 1936; x_wconf 87' lang='lat' dir='ltr'>aliquantis</span> <span class='ocrx_word' id='word_1_159' title='bbox 2220 1871 2452 1920; x_wconf 91' lang='lat' dir='ltr'>secum</span> <span class='ocrx_word' id='word_1_160' title='bbox 2491 1849 2758 1931; x_wconf 80' lang='lat' dir='ltr'>diebuS‚</span> 
     </span>
     <span class='ocr_line' id='line_1_19' title="bbox 227 1937 2766 2025; baseline 0 -18"><span class='ocrx_word' id='word_1_161' title='bbox 227 1952 292 2008; x_wconf 88' lang='lat' dir='ltr'>et</span> <span class='ocrx_word' id='word_1_162' title='bbox 340 1938 694 2007; x_wconf 87' lang='lat' dir='ltr'>charitatis</span> <span class='ocrx_word' id='word_1_163' title='bbox 761 1939 1014 2007; x_wconf 90' lang='lat' dir='ltr'>intuitu</span> <span class='ocrx_word' id='word_1_164' title='bbox 1079 1940 1270 2008; x_wconf 90' lang='lat' dir='ltr'>omni</span> <span class='ocrx_word' id='word_1_165' title='bbox 1341 1938 1790 2008; x_wconf 89' lang='lat' dir='ltr'>humanitatis</span> <span class='ocrx_word' id='word_1_166' title='bbox 1837 1937 2000 2008; x_wconf 80' lang='lat' dir='ltr'>fovit</span> <span class='ocrx_word' id='word_1_167' title='bbox 2054 1938 2405 2025; x_wconf 81' lang='lat' dir='ltr'>obsequiO.</span> <span class='ocrx_word' id='word_1_168' title='bbox 2459 1938 2766 2007; x_wconf 87' lang='lat' dir='ltr'>Narravit</span> 
     </span>
     <span class='ocr_line' id='line_1_20' title="bbox 225 2026 2799 2115; baseline 0 -19"><span class='ocrx_word' id='word_1_169' title='bbox 225 2048 501 2115; x_wconf 88' lang='lat' dir='ltr'>quoque</span> <span class='ocrx_word' id='word_1_170' title='bbox 534 2026 617 2094; x_wconf 92' lang='lat' dir='ltr'>de</span> <span class='ocrx_word' id='word_1_171' title='bbox 655 2027 1010 2095; x_wconf 88' lang='lat' dir='ltr'>communi</span> <span class='ocrx_word' id='word_1_172' title='bbox 1044 2032 1258 2107; x_wconf 87' lang='lat' dir='ltr'>Patre,</span> <span class='ocrx_word' id='word_1_173' title='bbox 1299 2027 1494 2097; x_wconf 89' lang='lat' dir='ltr'>beato</span> <span class='ocrx_word' id='word_1_174' title='bbox 1535 2027 1849 2096; x_wconf 87' lang='lat' dir='ltr'>videlicet</span> <span class='ocrx_word' id='word_1_175' title='bbox 1880 2026 2326 2108; x_wconf 84' lang='lat' dir='ltr'>ColumbanO,</span> <span class='ocrx_word' id='word_1_176' title='bbox 2362 2026 2541 2113; x_wconf 90' lang='lat' dir='ltr'>quod</span> <span class='ocrx_word' id='word_1_177' title='bbox 2582 2039 2799 2111; x_wconf 76' lang='lat' dir='ltr'>certa,</span> 
     </span>
     <span class='ocr_line' id='line_1_21' title="bbox 229 2114 2763 2206; baseline 0 -22"><span class='ocrx_word' id='word_1_178' title='bbox 229 2115 560 2184; x_wconf 86' lang='lat' dir='ltr'>relatione</span> <span class='ocrx_word' id='word_1_179' title='bbox 613 2114 968 2184; x_wconf 89' lang='lat' dir='ltr'>didicerat.</span> <span class='ocrx_word' id='word_1_180' title='bbox 1023 2116 1275 2185; x_wconf 89' lang='lat' dir='ltr'>Deinde</span> <span class='ocrx_word' id='word_1_181' title='bbox 1322 2116 1558 2185; x_wconf 90' lang='lat' dir='ltr'>osculo</span> <span class='ocrx_word' id='word_1_182' title='bbox 1609 2116 1797 2206; x_wconf 90' lang='lat' dir='ltr'>pacis</span> <span class='ocrx_word' id='word_1_183' title='bbox 1846 2114 2109 2197; x_wconf 77' lang='lat' dir='ltr'>oblatu,</span> <span class='ocrx_word' id='word_1_184' title='bbox 2163 2116 2427 2186; x_wconf 89' lang='lat' dir='ltr'>dimisit</span> <span class='ocrx_word' id='word_1_185' title='bbox 2479 2136 2642 2195; x_wconf 68' lang='grc' dir='ltr'>θος,</span> <span class='ocrx_word' id='word_1_186' title='bbox 2697 2129 2763 2185; x_wconf 90' lang='lat' dir='ltr'>et</span> 
     </span>
     <span class='ocr_line' id='line_1_22' title="bbox 232 2202 2405 2294; baseline -0 -22"><span class='ocrx_word' id='word_1_187' title='bbox 232 2203 336 2272; x_wconf 90' lang='lat' dir='ltr'>illi</span> <span class='ocrx_word' id='word_1_188' title='bbox 387 2202 858 2273; x_wconf 88' lang='lat' dir='ltr'>benedictione</span> <span class='ocrx_word' id='word_1_189' title='bbox 908 2205 1074 2273; x_wconf 89' lang='lat' dir='ltr'>tanti</span> <span class='ocrx_word' id='word_1_190' title='bbox 1111 2205 1320 2294; x_wconf 89' lang='lat' dir='ltr'>patris</span> <span class='ocrx_word' id='word_1_191' title='bbox 1366 2205 1636 2285; x_wconf 89' lang='lat' dir='ltr'>armati,</span> <span class='ocrx_word' id='word_1_192' title='bbox 1682 2204 1764 2272; x_wconf 92' lang='lat' dir='ltr'>ad</span> <span class='ocrx_word' id='word_1_193' title='bbox 1818 2226 1945 2274; x_wconf 90' lang='lat' dir='ltr'>sua</span> <span class='ocrx_word' id='word_1_194' title='bbox 1990 2216 2405 2274; x_wconf 86' lang='lat' dir='ltr'>remearunt.</span> 
     </span>
    </p>

    <p class='ocr_par' dir='ltr' id='par_1_3' title="bbox 219 2292 2779 4507">
     <span class='ocr_line' id='line_1_23' title="bbox 317 2292 2765 2383; baseline 0 -22"><span class='ocrx_word' id='word_1_195' title='bbox 317 2294 352 2379; x_wconf 66' lang='grc' dir='ltr'><strong>ξ</strong></span> <span class='ocrx_word' id='word_1_196' title='bbox 403 2295 550 2363; x_wconf 70' lang='lat'>28.</span> <span class='ocrx_word' id='word_1_197' title='bbox 604 2297 734 2362; x_wconf 90' lang='lat' dir='ltr'>Nec</span> <span class='ocrx_word' id='word_1_198' title='bbox 781 2292 998 2362; x_wconf 89' lang='lat' dir='ltr'>multo</span> <span class='ocrx_word' id='word_1_199' title='bbox 1049 2304 1219 2383; x_wconf 91' lang='lat' dir='ltr'>post,</span> <span class='ocrx_word' id='word_1_200' title='bbox 1274 2316 1433 2363; x_wconf 90' lang='lat' dir='ltr'>cum</span> <span class='ocrx_word' id='word_1_201' title='bbox 1466 2293 1610 2382; x_wconf 73' lang='lat' dir='ltr'>jam</span> <span class='ocrx_word' id='word_1_202' title='bbox 1661 2293 1995 2362; x_wconf 91' lang='lat' dir='ltr'>bonorum</span> <span class='ocrx_word' id='word_1_203' title='bbox 2049 2293 2362 2363; x_wconf 89' lang='lat' dir='ltr'>omnium</span> <span class='ocrx_word' id='word_1_204' title='bbox 2412 2298 2654 2362; x_wconf 79' lang='lat' dir='ltr'>Auctor</span> <span class='ocrx_word' id='word_1_205' title='bbox 2699 2302 2765 2362; x_wconf 91' lang='lat' dir='ltr'>et</span> 
     </span>
     <span class='ocr_line' id='line_1_24' title="bbox 229 2380 2762 2471; baseline 0 -22"><span class='ocrx_word' id='word_1_206' title='bbox 229 2385 643 2470; x_wconf 87' lang='lat' dir='ltr'>Propagator</span> <span class='ocrx_word' id='word_1_207' title='bbox 698 2380 1023 2450; x_wconf 79' lang='lat' dir='ltr'>Athletam</span> <span class='ocrx_word' id='word_1_208' title='bbox 1075 2404 1325 2463; x_wconf 85' lang='lat' dir='ltr'>suurn,</span> <span class='ocrx_word' id='word_1_209' title='bbox 1378 2380 1462 2449; x_wconf 92' lang='lat' dir='ltr'>de</span> <span class='ocrx_word' id='word_1_210' title='bbox 1511 2382 1756 2450; x_wconf 90' lang='lat' dir='ltr'>mundi</span> <span class='ocrx_word' id='word_1_211' title='bbox 1815 2402 2032 2471; x_wconf 89' lang='lat' dir='ltr'>agone</span> <span class='ocrx_word' id='word_1_212' title='bbox 2099 2381 2447 2452; x_wconf 90' lang='lat' dir='ltr'>sublatum</span> <span class='ocrx_word' id='word_1_213' title='bbox 2491 2433 2506 2459; x_wconf 85' lang='lat'>,</span> <span class='ocrx_word' id='word_1_214' title='bbox 2568 2402 2762 2470; x_wconf 91' lang='lat' dir='ltr'>prae-</span> 
     </span>
     <span class='ocr_line' id='line_1_25' title="bbox 231 2467 2758 2562; baseline 0 -25"><span class='ocrx_word' id='word_1_215' title='bbox 231 2468 527 2539; x_wconf 89' lang='lat' dir='ltr'>mio-rum</span> <span class='ocrx_word' id='word_1_216' title='bbox 579 2467 832 2539; x_wconf 83' lang='lat' dir='ltr'>laureis</span> <span class='ocrx_word' id='word_1_217' title='bbox 865 2468 1061 2541; x_wconf 86' lang='lat' dir='ltr'>vellet</span> <span class='ocrx_word' id='word_1_218' title='bbox 1088 2471 1505 2560; x_wconf 90' lang='lat' dir='ltr'>perennibus</span> <span class='ocrx_word' id='word_1_219' title='bbox 1530 2469 1889 2551; x_wconf 91' lang='lat' dir='ltr'>adornare,</span> <span class='ocrx_word' id='word_1_220' title='bbox 1930 2468 2347 2540; x_wconf 90' lang='lat' dir='ltr'>Willimarus</span> <span class='ocrx_word' id='word_1_221' title='bbox 2382 2471 2758 2562; x_wconf 74' lang='lat' dir='ltr'>presbyter,</span> 
     </span>
     <span class='ocr_line' id='line_1_26' title="bbox 236 2558 2764 2649; baseline 0 -24"><span class='ocrx_word' id='word_1_222' title='bbox 236 2558 516 2627; x_wconf 86' lang='lat' dir='ltr'>veniens</span> <span class='ocrx_word' id='word_1_223' title='bbox 549 2558 631 2626; x_wconf 89' lang='lat' dir='ltr'>ad</span> <span class='ocrx_word' id='word_1_224' title='bbox 670 2558 916 2628; x_wconf 85' lang='lat' dir='ltr'>Cellam</span> <span class='ocrx_word' id='word_1_225' title='bbox 957 2558 1094 2628; x_wconf 91' lang='lat' dir='ltr'>Viri</span> <span class='ocrx_word' id='word_1_226' title='bbox 1128 2561 1370 2641; x_wconf 91' lang='lat' dir='ltr'>sancti,</span> <span class='ocrx_word' id='word_1_227' title='bbox 1415 2559 1677 2649; x_wconf 88' lang='lat' dir='ltr'>rogavit</span> <span class='ocrx_word' id='word_1_228' title='bbox 1714 2580 1897 2641; x_wconf 86' lang='lat' dir='ltr'>eum,</span> <span class='ocrx_word' id='word_1_229' title='bbox 1952 2571 2028 2629; x_wconf 93' lang='lat' dir='ltr'>ut</span> <span class='ocrx_word' id='word_1_230' title='bbox 2062 2581 2292 2629; x_wconf 89' lang='lat' dir='ltr'>secum</span> <span class='ocrx_word' id='word_1_231' title='bbox 2327 2558 2764 2649; x_wconf 83' lang='lat' dir='ltr'>egrederetur</span> 
     </span>
     <span class='ocr_line' id='line_1_27' title="bbox 232 2646 2765 2736; baseline -0 -21"><span class='ocrx_word' id='word_1_232' title='bbox 232 2646 318 2716; x_wconf 93' lang='lat' dir='ltr'>ad</span> <span class='ocrx_word' id='word_1_233' title='bbox 364 2659 691 2716; x_wconf 89' lang='lat' dir='ltr'>castrum.</span> <span class='ocrx_word' id='word_1_234' title='bbox 736 2652 814 2717; x_wconf 91' lang='lat' dir='ltr'>Et</span> <span class='ocrx_word' id='word_1_235' title='bbox 859 2659 934 2717; x_wconf 91' lang='lat' dir='ltr'>ut</span> <span class='ocrx_word' id='word_1_236' title='bbox 990 2647 1323 2718; x_wconf 86' lang='lat' dir='ltr'>obtineret</span> <span class='ocrx_word' id='word_1_237' title='bbox 1366 2647 1548 2735; x_wconf 89' lang='lat' dir='ltr'>quod</span> <span class='ocrx_word' id='word_1_238' title='bbox 1601 2647 1835 2728; x_wconf 88' lang='lat' dir='ltr'>voluit,</span> <span class='ocrx_word' id='word_1_239' title='bbox 1890 2648 2291 2736; x_wconf 88' lang='lat' dir='ltr'>hujusmodi</span> <span class='ocrx_word' id='word_1_240' title='bbox 2342 2669 2501 2717; x_wconf 87' lang='lat' dir='ltr'>voce</span> <span class='ocrx_word' id='word_1_241' title='bbox 2550 2646 2765 2717; x_wconf 86' lang='lat' dir='ltr'>flebili</span> 
     </span>
     <span class='ocr_line' id='line_1_28' title="bbox 231 2735 2758 2826; baseline 0 -23"><span class='ocrx_word' id='word_1_242' title='bbox 231 2736 734 2822; x_wconf 87' lang='lat' dir='ltr'>querimoniam</span> <span class='ocrx_word' id='word_1_243' title='bbox 778 2735 1167 2806; x_wconf 89' lang='lat' dir='ltr'>submissus</span> <span class='ocrx_word' id='word_1_244' title='bbox 1213 2736 1586 2825; x_wconf 85' lang='lat' dir='ltr'>explicuit:</span> <span class='ocrx_word' id='word_1_245' title='bbox 1640 2759 1677 2803; x_wconf 83' lang='lat'>«</span> <span class='ocrx_word' id='word_1_246' title='bbox 1714 2741 1869 2817; x_wconf 87' lang='lat' dir='ltr'>Cur,</span> <span class='ocrx_word' id='word_1_247' title='bbox 1907 2736 2249 2823; x_wconf 82' lang='lat' dir='ltr'>inquienS,</span> <span class='ocrx_word' id='word_1_248' title='bbox 2289 2757 2329 2805; x_wconf 94' lang='lat' dir='ltr'>o</span> <span class='ocrx_word' id='word_1_249' title='bbox 2361 2748 2572 2826; x_wconf 90' lang='lat' dir='ltr'>pater,</span> <span class='ocrx_word' id='word_1_250' title='bbox 2626 2757 2758 2815; x_wconf 89' lang='lat' dir='ltr'>me,</span> 
     </span>
     <span class='ocr_line' id='line_1_29' title="bbox 232 2822 2761 2914; baseline -0.001 -22"><span class='ocrx_word' id='word_1_251' title='bbox 232 2825 349 2911; x_wconf 89' lang='lat' dir='ltr'>qui</span> <span class='ocrx_word' id='word_1_252' title='bbox 405 2837 678 2893; x_wconf 89' lang='lat' dir='ltr'>tuorum</span> <span class='ocrx_word' id='word_1_253' title='bbox 723 2825 999 2893; x_wconf 91' lang='lat' dir='ltr'>monitis</span> <span class='ocrx_word' id='word_1_254' title='bbox 1048 2823 1387 2894; x_wconf 89' lang='lat' dir='ltr'>dictorum</span> <span class='ocrx_word' id='word_1_255' title='bbox 1454 2826 1760 2905; x_wconf 89' lang='lat' dir='ltr'>innitor,</span> <span class='ocrx_word' id='word_1_256' title='bbox 1827 2825 2025 2912; x_wconf 87' lang='lat' dir='ltr'>quasi</span> <span class='ocrx_word' id='word_1_257' title='bbox 2074 2824 2467 2914; x_wconf 91' lang='lat' dir='ltr'>despectum</span> <span class='ocrx_word' id='word_1_258' title='bbox 2518 2822 2761 2892; x_wconf 88' lang='lat' dir='ltr'>dereli-</span> 
     </span>
     <span class='ocr_line' id='line_1_30' title="bbox 226 2911 2757 2998; baseline -0.002 -16"><span class='ocrx_word' id='word_1_259' title='bbox 226 2913 464 2998; x_wconf 87' lang='lat' dir='ltr'>quisti,</span> <span class='ocrx_word' id='word_1_260' title='bbox 500 2925 565 2981; x_wconf 90' lang='lat' dir='ltr'>et</span> <span class='ocrx_word' id='word_1_261' title='bbox 596 2912 947 2983; x_wconf 87' lang='lat' dir='ltr'>doctrinae</span> <span class='ocrx_word' id='word_1_262' title='bbox 997 2927 1149 2983; x_wconf 89' lang='lat' dir='ltr'>tuae</span> <span class='ocrx_word' id='word_1_263' title='bbox 1180 2912 1600 2983; x_wconf 86' lang='lat' dir='ltr'>salutaribus</span> <span class='ocrx_word' id='word_1_264' title='bbox 1633 2913 1963 2983; x_wconf 86' lang='lat' dir='ltr'>institutis</span> <span class='ocrx_word' id='word_1_265' title='bbox 2011 2911 2389 2982; x_wconf 89' lang='lat' dir='ltr'>auditorem</span> <span class='ocrx_word' id='word_1_266' title='bbox 2424 2911 2757 2979; x_wconf 86' lang='lat' dir='ltr'>fraudasti</span> 
     </span>
     <span class='ocr_line' id='line_1_31' title="bbox 229 2999 2763 3092; baseline -0.001 -22"><span class='ocrx_word' id='word_1_267' title='bbox 229 3000 633 3070; x_wconf 89' lang='lat' dir='ltr'>benevolum</span> <span class='ocrx_word' id='word_1_268' title='bbox 662 3005 693 3069; x_wconf 69' lang='grc' dir='ltr'><strong>Τ</strong></span> <span class='ocrx_word' id='word_1_269' title='bbox 740 3002 859 3070; x_wconf 88' lang='lat' dir='ltr'>Cui</span> <span class='ocrx_word' id='word_1_270' title='bbox 900 3001 1076 3071; x_wconf 91' lang='lat' dir='ltr'>hanc</span> <span class='ocrx_word' id='word_1_271' title='bbox 1124 3002 1572 3092; x_wconf 87' lang='lat' dir='ltr'>objectionem</span> <span class='ocrx_word' id='word_1_272' title='bbox 1623 3001 2015 3070; x_wconf 89' lang='lat' dir='ltr'>adscribere</span> <span class='ocrx_word' id='word_1_273' title='bbox 2075 3022 2379 3089; x_wconf 91' lang='lat' dir='ltr'>possum,</span> <span class='ocrx_word' id='word_1_274' title='bbox 2419 2999 2553 3068; x_wconf 90' lang='lat' dir='ltr'>nisi</span> <span class='ocrx_word' id='word_1_275' title='bbox 2604 3020 2763 3089; x_wconf 88' lang='lat' dir='ltr'>pec-</span> 
     </span>
     <span class='ocr_line' id='line_1_32' title="bbox 228 3085 2764 3177; baseline -0 -19"><span class='ocrx_word' id='word_1_276' title='bbox 228 3102 539 3158; x_wconf 88' lang='lat' dir='ltr'>catorum</span> <span class='ocrx_word' id='word_1_277' title='bbox 580 3093 884 3160; x_wconf 85' lang='lat' dir='ltr'>meorum</span> <span class='ocrx_word' id='word_1_278' title='bbox 935 3090 1364 3162; x_wconf 77' lang='lat' dir='ltr'>foetoribus?</span> <span class='ocrx_word' id='word_1_279' title='bbox 1410 3090 1550 3161; x_wconf 88' lang='lat' dir='ltr'>Nisi</span> <span class='ocrx_word' id='word_1_280' title='bbox 1598 3091 1780 3159; x_wconf 90' lang='lat' dir='ltr'>enim</span> <span class='ocrx_word' id='word_1_281' title='bbox 1832 3090 1968 3158; x_wconf 88' lang='lat' dir='ltr'>vita</span> <span class='ocrx_word' id='word_1_282' title='bbox 2018 3110 2166 3156; x_wconf 90' lang='lat' dir='ltr'>mea</span> <span class='ocrx_word' id='word_1_283' title='bbox 2216 3101 2330 3158; x_wconf 93' lang='lat' dir='ltr'>tuo</span> <span class='ocrx_word' id='word_1_284' title='bbox 2369 3085 2764 3177; x_wconf 89' lang='lat' dir='ltr'>displiceret</span> 
     </span>
     <span class='ocr_line' id='line_1_33' title="bbox 219 3175 2761 3267; baseline -0.001 -21"><span class='ocrx_word' id='word_1_285' title='bbox 219 3177 511 3266; x_wconf 90' lang='lat' dir='ltr'>judicio,</span> <span class='ocrx_word' id='word_1_286' title='bbox 551 3178 833 3247; x_wconf 88' lang='lat' dir='ltr'>amabili</span> <span class='ocrx_word' id='word_1_287' title='bbox 870 3201 977 3248; x_wconf 90' lang='lat' dir='ltr'>me</span> <span class='ocrx_word' id='word_1_288' title='bbox 1009 3179 1505 3249; x_wconf 85' lang='lat' dir='ltr'>aedificationis</span> <span class='ocrx_word' id='word_1_289' title='bbox 1553 3192 1710 3247; x_wconf 89' lang='lat' dir='ltr'>tuae</span> <span class='ocrx_word' id='word_1_290' title='bbox 1759 3197 1891 3246; x_wconf 91' lang='lat' dir='ltr'>non</span> <span class='ocrx_word' id='word_1_291' title='bbox 1931 3177 2232 3267; x_wconf 90' lang='lat' dir='ltr'>privares</span> <span class='ocrx_word' id='word_1_292' title='bbox 2265 3175 2529 3246; x_wconf 87' lang='lat' dir='ltr'>solatio.</span> <span class='ocrx_word' id='word_1_293' title='bbox 2567 3181 2761 3245; x_wconf 89' lang='lat' dir='ltr'>Nunc</span> 
     </span>
     <span class='ocr_line' id='line_1_34' title="bbox 229 3264 2764 3357; baseline -0.001 -22"><span class='ocrx_word' id='word_1_294' title='bbox 229 3286 393 3355; x_wconf 89' lang='lat' dir='ltr'>ergo</span> <span class='ocrx_word' id='word_1_295' title='bbox 429 3265 566 3334; x_wconf 90' lang='lat' dir='ltr'>noli</span> <span class='ocrx_word' id='word_1_296' title='bbox 599 3287 725 3335; x_wconf 91' lang='lat' dir='ltr'>nos</span> <span class='ocrx_word' id='word_1_297' title='bbox 756 3288 879 3356; x_wconf 91' lang='lat' dir='ltr'>pro</span> <span class='ocrx_word' id='word_1_298' title='bbox 908 3269 1199 3357; x_wconf 87' lang='lat' dir='ltr'>peccatis</span> <span class='ocrx_word' id='word_1_299' title='bbox 1236 3268 1483 3338; x_wconf 89' lang='lat' dir='ltr'>nostris</span> <span class='ocrx_word' id='word_1_300' title='bbox 1515 3267 1850 3357; x_wconf 88' lang='lat' dir='ltr'>abjicere:</span> <span class='ocrx_word' id='word_1_301' title='bbox 1905 3264 2022 3335; x_wconf 91' lang='lat' dir='ltr'>sed</span> <span class='ocrx_word' id='word_1_302' title='bbox 2056 3265 2324 3335; x_wconf 90' lang='lat' dir='ltr'>Domini</span> <span class='ocrx_word' id='word_1_303' title='bbox 2407 3276 2764 3334; x_wconf 86' lang='lat' dir='ltr'>rovocatus</span> 
     </span>
     <span class='ocr_line' id='line_1_35' title="bbox 231 3353 2761 3443; baseline 0 -20"><span class='ocrx_word' id='word_1_304' title='bbox 231 3353 618 3433; x_wconf 81' lang='lat' dir='ltr'>mandatiS‚</span> <span class='ocrx_word' id='word_1_305' title='bbox 677 3354 856 3424; x_wconf 89' lang='lat' dir='ltr'>viam</span> <span class='ocrx_word' id='word_1_306' title='bbox 922 3357 1223 3426; x_wconf 83' lang='lat' dir='ltr'>veritatis</span> <span class='ocrx_word' id='word_1_307' title='bbox 1271 3354 1822 3425; x_wconf 89' lang='lat' dir='ltr'>desiderantibus</span> <span class='ocrx_word' id='word_1_308' title='bbox 1870 3354 2109 3443; x_wconf 90' lang='lat' dir='ltr'>aperi,</span> <span class='ocrx_word' id='word_1_309' title='bbox 2163 3367 2226 3423; x_wconf 92' lang='lat' dir='ltr'>et</span> <span class='ocrx_word' id='word_1_310' title='bbox 2275 3374 2348 3424; x_wconf 92' lang='lat' dir='ltr'>so</span> <span class='ocrx_word' id='word_1_311' title='bbox 2384 3355 2512 3423; x_wconf 89' lang='lat' dir='ltr'>itae</span> <span class='ocrx_word' id='word_1_312' title='bbox 2563 3353 2761 3424; x_wconf 90' lang='lat' dir='ltr'>nobis</span> 
     </span>
     <span class='ocr_line' id='line_1_36' title="bbox 232 3441 2762 3534; baseline 0 -22"><span class='ocrx_word' id='word_1_313' title='bbox 232 3441 679 3532; x_wconf 83' lang='lat' dir='ltr'>benignitatis</span> <span class='ocrx_word' id='word_1_314' title='bbox 729 3464 985 3513; x_wconf 88' lang='lat' dir='ltr'>munus</span> <span class='ocrx_word' id='word_1_315' title='bbox 1052 3443 1396 3533; x_wconf 89' lang='lat' dir='ltr'>impende.</span> <span class='ocrx_word' id='word_1_316' title='bbox 1459 3467 1495 3510; x_wconf 85' lang='lat'>»</span> <span class='ocrx_word' id='word_1_317' title='bbox 1567 3449 1785 3512; x_wconf 89' lang='lat' dir='ltr'>Motus</span> <span class='ocrx_word' id='word_1_318' title='bbox 1845 3443 1865 3511; x_wconf 89' lang='lat' dir='ltr'>i</span> <span class='ocrx_word' id='word_1_319' title='bbox 1922 3443 2058 3512; x_wconf 89' lang='lat' dir='ltr'>itur</span> <span class='ocrx_word' id='word_1_320' title='bbox 2120 3442 2246 3512; x_wconf 91' lang='lat' dir='ltr'>hoc</span> <span class='ocrx_word' id='word_1_321' title='bbox 2304 3441 2762 3534; x_wconf 89' lang='lat' dir='ltr'>supplicantis</span> 
     </span>
     <span class='ocr_line' id='line_1_37' title="bbox 231 3530 2765 3618; baseline -0 -18"><span class='ocrx_word' id='word_1_322' title='bbox 231 3530 536 3618; x_wconf 91' lang='lat' dir='ltr'>alloquio</span> <span class='ocrx_word' id='word_1_323' title='bbox 570 3530 838 3618; x_wconf 88' lang='lat' dir='ltr'>pietatis</span> <span class='ocrx_word' id='word_1_324' title='bbox 887 3544 1173 3613; x_wconf 88' lang='lat' dir='ltr'>amator,</span> <span class='ocrx_word' id='word_1_325' title='bbox 1226 3530 1580 3601; x_wconf 88' lang='lat' dir='ltr'>descendit</span> <span class='ocrx_word' id='word_1_326' title='bbox 1625 3552 1787 3601; x_wconf 91' lang='lat' dir='ltr'>cum</span> <span class='ocrx_word' id='word_1_327' title='bbox 1838 3530 1995 3611; x_wconf 90' lang='lat' dir='ltr'>ilo,</span> <span class='ocrx_word' id='word_1_328' title='bbox 2042 3544 2105 3600; x_wconf 88' lang='lat' dir='ltr'>et</span> <span class='ocrx_word' id='word_1_329' title='bbox 2152 3544 2483 3601; x_wconf 84' lang='lat' dir='ltr'>venerunt</span> <span class='ocrx_word' id='word_1_330' title='bbox 2532 3533 2603 3600; x_wconf 90' lang='lat' dir='ltr'>in</span> <span class='ocrx_word' id='word_1_331' title='bbox 2651 3552 2765 3600; x_wconf 91' lang='lat' dir='ltr'>ca-</span> 
     </span>
     <span class='ocr_line' id='line_1_38' title="bbox 232 3619 2768 3702; baseline -0.001 -13"><span class='ocrx_word' id='word_1_332' title='bbox 232 3633 480 3689; x_wconf 88' lang='lat' dir='ltr'>strum.</span> <span class='ocrx_word' id='word_1_333' title='bbox 533 3620 776 3688; x_wconf 71' lang='lat' dir='ltr'>Vocata</span> <span class='ocrx_word' id='word_1_334' title='bbox 835 3631 1061 3690; x_wconf 90' lang='lat' dir='ltr'>autem</span> <span class='ocrx_word' id='word_1_335' title='bbox 1117 3619 1556 3689; x_wconf 87' lang='lat' dir='ltr'>multitudine</span> <span class='ocrx_word' id='word_1_336' title='bbox 1605 3621 1673 3689; x_wconf 90' lang='lat' dir='ltr'>in</span> <span class='ocrx_word' id='word_1_337' title='bbox 1732 3619 1843 3688; x_wconf 90' lang='lat' dir='ltr'>die</span> <span class='ocrx_word' id='word_1_338' title='bbox 1892 3620 2237 3702; x_wconf 89' lang='lat' dir='ltr'>solemni,</span> <span class='ocrx_word' id='word_1_339' title='bbox 2307 3620 2422 3689; x_wconf 82' lang='lat' dir='ltr'>Vir</span> <span class='ocrx_word' id='word_1_340' title='bbox 2487 3632 2768 3690; x_wconf 89' lang='lat' dir='ltr'>sanctus</span> 
     </span>
     <span class='ocr_line' id='line_1_39' title="bbox 232 3706 2768 3798; baseline -0.001 -21"><span class='ocrx_word' id='word_1_341' title='bbox 232 3707 763 3798; x_wconf 84' lang='lat' dir='ltr'>praedicationis</span> <span class='ocrx_word' id='word_1_342' title='bbox 811 3706 1173 3777; x_wconf 90' lang='lat' dir='ltr'>dulcedine</span> <span class='ocrx_word' id='word_1_343' title='bbox 1220 3708 1612 3778; x_wconf 89' lang='lat' dir='ltr'>auditorum</span> <span class='ocrx_word' id='word_1_344' title='bbox 1662 3708 1872 3777; x_wconf 91' lang='lat' dir='ltr'>corda</span> <span class='ocrx_word' id='word_1_345' title='bbox 1919 3708 2195 3791; x_wconf 84' lang='lat' dir='ltr'>refecit,</span> <span class='ocrx_word' id='word_1_346' title='bbox 2247 3719 2312 3778; x_wconf 92' lang='lat' dir='ltr'>et</span> <span class='ocrx_word' id='word_1_347' title='bbox 2359 3710 2548 3779; x_wconf 70' lang='lat' dir='ltr'>tanta</span> <span class='ocrx_word' id='word_1_348' title='bbox 2593 3727 2768 3795; x_wconf 90' lang='lat' dir='ltr'>quae</span> 
     </span>
     <span class='ocr_line' id='line_1_40' title="bbox 233 3796 2769 3887; baseline -0.002 -21"><span class='ocrx_word' id='word_1_349' title='bbox 233 3797 518 3877; x_wconf 83' lang='lat' dir='ltr'>dixerat,</span> <span class='ocrx_word' id='word_1_350' title='bbox 572 3796 947 3884; x_wconf 89' lang='lat' dir='ltr'>sapientiae</span> <span class='ocrx_word' id='word_1_351' title='bbox 996 3796 1146 3866; x_wconf 83' lang='lat' dir='ltr'>luce</span> <span class='ocrx_word' id='word_1_352' title='bbox 1193 3797 1480 3877; x_wconf 88' lang='lat' dir='ltr'>vestivit,</span> <span class='ocrx_word' id='word_1_353' title='bbox 1534 3808 1608 3867; x_wconf 91' lang='lat' dir='ltr'>ut</span> <span class='ocrx_word' id='word_1_354' title='bbox 1657 3798 1935 3867; x_wconf 72' lang='lat' dir='ltr'>summa</span> <span class='ocrx_word' id='word_1_355' title='bbox 1965 3797 2278 3866; x_wconf 89' lang='lat' dir='ltr'>omnium</span> <span class='ocrx_word' id='word_1_356' title='bbox 2316 3797 2769 3887; x_wconf 85' lang='lat' dir='ltr'>gratulatione</span> 
     </span>
     <span class='ocr_line' id='line_1_41' title="bbox 233 3884 2770 3974; baseline -0.001 -20"><span class='ocrx_word' id='word_1_357' title='bbox 233 3885 511 3956; x_wconf 91' lang='lat' dir='ltr'>auditus</span> <span class='ocrx_word' id='word_1_358' title='bbox 543 3938 558 3964; x_wconf 92' lang='lat'>,</span> <span class='ocrx_word' id='word_1_359' title='bbox 611 3897 675 3954; x_wconf 90' lang='lat' dir='ltr'>et</span> <span class='ocrx_word' id='word_1_360' title='bbox 725 3884 927 3974; x_wconf 88' lang='lat' dir='ltr'>plena</span> <span class='ocrx_word' id='word_1_361' title='bbox 982 3898 1383 3954; x_wconf 89' lang='lat' dir='ltr'>cunctorum</span> <span class='ocrx_word' id='word_1_362' title='bbox 1453 3886 1888 3955; x_wconf 84' lang='lat' dir='ltr'>veneratione</span> <span class='ocrx_word' id='word_1_363' title='bbox 1948 3886 2035 3955; x_wconf 89' lang='lat' dir='ltr'>sit</span> <span class='ocrx_word' id='word_1_364' title='bbox 2099 3886 2499 3954; x_wconf 90' lang='lat' dir='ltr'>honoratus.</span> <span class='ocrx_word' id='word_1_365' title='bbox 2552 3886 2770 3953; x_wconf 89' lang='lat' dir='ltr'>Biduo</span> 
     </span>
     <span class='ocr_line' id='line_1_42' title="bbox 233 3972 2771 4063; baseline -0.001 -22"><span class='ocrx_word' id='word_1_366' title='bbox 233 3973 463 4061; x_wconf 85' lang='lat' dir='ltr'>itaque</span> <span class='ocrx_word' id='word_1_367' title='bbox 510 3973 764 4042; x_wconf 89' lang='lat' dir='ltr'>ibidem</span> <span class='ocrx_word' id='word_1_368' title='bbox 815 3972 1043 4058; x_wconf 86' lang='lat' dir='ltr'>ducto,</span> <span class='ocrx_word' id='word_1_369' title='bbox 1098 3974 1294 4043; x_wconf 88' lang='lat' dir='ltr'>tertia</span> <span class='ocrx_word' id='word_1_370' title='bbox 1341 3973 1451 4044; x_wconf 89' lang='lat' dir='ltr'>die</span> <span class='ocrx_word' id='word_1_371' title='bbox 1499 3973 1684 4044; x_wconf 88' lang='lat' dir='ltr'>febre</span> <span class='ocrx_word' id='word_1_372' title='bbox 1733 3988 2112 4063; x_wconf 80' lang='lat' dir='ltr'>correptus,</span> <span class='ocrx_word' id='word_1_373' title='bbox 2169 3987 2431 4043; x_wconf 89' lang='lat' dir='ltr'>tantum</span> <span class='ocrx_word' id='word_1_374' title='bbox 2468 3973 2540 4042; x_wconf 91' lang='lat' dir='ltr'>in</span> <span class='ocrx_word' id='word_1_375' title='bbox 2581 3972 2771 4043; x_wconf 89' lang='lat' dir='ltr'>brevi</span> 
     </span>
     <span class='ocr_line' id='line_1_43' title="bbox 233 4059 2779 4153; baseline -0.001 -23"><span class='ocrx_word' id='word_1_376' title='bbox 233 4063 383 4151; x_wconf 88' lang='lat' dir='ltr'>ejus</span> <span class='ocrx_word' id='word_1_377' title='bbox 433 4061 750 4131; x_wconf 79' lang='lat' dir='ltr'>violentia</span> <span class='ocrx_word' id='word_1_378' title='bbox 799 4061 1166 4153; x_wconf 90' lang='lat' dir='ltr'>depressus</span> <span class='ocrx_word' id='word_1_379' title='bbox 1214 4074 1360 4143; x_wconf 91' lang='lat' dir='ltr'>est,</span> <span class='ocrx_word' id='word_1_380' title='bbox 1419 4076 1494 4132; x_wconf 92' lang='lat' dir='ltr'>ut</span> <span class='ocrx_word' id='word_1_381' title='bbox 1551 4084 1673 4133; x_wconf 88' lang='lat' dir='ltr'>nec</span> <span class='ocrx_word' id='word_1_382' title='bbox 1716 4062 1799 4131; x_wconf 92' lang='lat' dir='ltr'>ad</span> <span class='ocrx_word' id='word_1_383' title='bbox 1853 4062 2102 4132; x_wconf 88' lang='lat' dir='ltr'>Cellam</span> <span class='ocrx_word' id='word_1_384' title='bbox 2158 4060 2402 4143; x_wconf 88' lang='lat' dir='ltr'>redire,</span> <span class='ocrx_word' id='word_1_385' title='bbox 2455 4084 2578 4131; x_wconf 90' lang='lat' dir='ltr'>nec</span> <span class='ocrx_word' id='word_1_386' title='bbox 2630 4059 2779 4130; x_wconf 91' lang='lat' dir='ltr'>cibi</span> 
     </span>
     <span class='ocr_line' id='line_1_44' title="bbox 237 4150 2777 4251; baseline -0.001 -32"><span class='ocrx_word' id='word_1_387' title='bbox 237 4150 780 4221; x_wconf 90' lang='lat' dir='ltr'>sustentaculum</span> <span class='ocrx_word' id='word_1_388' title='bbox 854 4151 1181 4251; x_wconf 87' lang='lat' dir='ltr'>potuisset</span> <span class='ocrx_word' id='word_1_389' title='bbox 1240 4150 1610 4241; x_wconf 90' lang='lat' dir='ltr'>percipere.</span> <span class='ocrx_word' id='word_1_390' title='bbox 1665 4155 1970 4238; x_wconf 87' lang='lat' dir='ltr'>Cumque</span> <span class='ocrx_word' id='word_1_391' title='bbox 2022 4151 2151 4219; x_wconf 89' lang='lat' dir='ltr'>hac</span> <span class='ocrx_word' id='word_1_392' title='bbox 2201 4150 2600 4220; x_wconf 85' lang='lat' dir='ltr'>infirmitate</span> <span class='ocrx_word' id='word_1_393' title='bbox 2655 4171 2777 4239; x_wconf 89' lang='lat' dir='ltr'>per</span> 
     </span>
     <span class='ocr_line' id='line_1_45' title="bbox 233 4237 2769 4325; baseline 0 -20"><span class='ocrx_word' id='word_1_394' title='bbox 233 4237 382 4306; x_wconf 90' lang='lat' dir='ltr'>dies</span> <span class='ocrx_word' id='word_1_395' title='bbox 429 4239 945 4325; x_wconf 75' lang='lat' dir='ltr'>quatuordecim</span> <span class='ocrx_word' id='word_1_396' title='bbox 998 4238 1395 4321; x_wconf 90' lang='lat' dir='ltr'>laborasset,</span> <span class='ocrx_word' id='word_1_397' title='bbox 1450 4239 1560 4308; x_wconf 92' lang='lat' dir='ltr'>die</span> <span class='ocrx_word' id='word_1_398' title='bbox 1609 4239 2064 4309; x_wconf 85' lang='lat' dir='ltr'>sextodecimo</span> <span class='ocrx_word' id='word_1_399' title='bbox 2116 4240 2372 4308; x_wconf 83' lang='lat' dir='ltr'>mensis</span> <span class='ocrx_word' id='word_1_400' title='bbox 2412 4239 2722 4310; x_wconf 89' lang='lat' dir='ltr'>Octobris</span> <span class='ocrx_word' id='word_1_401' title='bbox 2753 4289 2769 4318; x_wconf 96' lang='lat'>,</span> 
     </span>
     <span class='ocr_line' id='line_1_46' title="bbox 238 4325 2774 4418; baseline 0 -25"><span class='ocrx_word' id='word_1_402' title='bbox 238 4325 308 4394; x_wconf 87' lang='lat' dir='ltr'>id</span> <span class='ocrx_word' id='word_1_403' title='bbox 346 4340 469 4407; x_wconf 90' lang='lat' dir='ltr'>est,</span> <span class='ocrx_word' id='word_1_404' title='bbox 512 4333 590 4396; x_wconf 68' lang='lat'>47</span> <span class='ocrx_word' id='word_1_405' title='bbox 634 4328 962 4400; x_wconf 90' lang='lat' dir='ltr'>Calendas</span> <span class='ocrx_word' id='word_1_406' title='bbox 1010 4328 1406 4399; x_wconf 86' lang='lat' dir='ltr'>Novembris</span> <span class='ocrx_word' id='word_1_407' title='bbox 1436 4382 1451 4410; x_wconf 93' lang='lat'>,</span> <span class='ocrx_word' id='word_1_408' title='bbox 1504 4327 1789 4418; x_wconf 84' lang='lat' dir='ltr'>expletis</span> <span class='ocrx_word' id='word_1_409' title='bbox 1840 4350 2017 4397; x_wconf 90' lang='lat' dir='ltr'>nona</span> <span class='ocrx_word' id='word_1_410' title='bbox 2070 4327 2522 4416; x_wconf 68' lang='lat' dir='ltr'>‘intaquinque</span> <span class='ocrx_word' id='word_1_411' title='bbox 2572 4327 2774 4397; x_wconf 88' lang='lat' dir='ltr'>annis</span> 
     </span>
     <span class='ocr_line' id='line_1_47' title="bbox 237 4414 2770 4507; baseline -0.001 -22"><span class='ocrx_word' id='word_1_412' title='bbox 237 4435 404 4485; x_wconf 90' lang='lat' dir='ltr'>suae</span> <span class='ocrx_word' id='word_1_413' title='bbox 450 4417 707 4499; x_wconf 91' lang='lat' dir='ltr'>aetatis,</span> <span class='ocrx_word' id='word_1_414' title='bbox 765 4418 832 4487; x_wconf 91' lang='lat' dir='ltr'>in</span> <span class='ocrx_word' id='word_1_415' title='bbox 884 4429 1230 4489; x_wconf 88' lang='lat' dir='ltr'>senectute</span> <span class='ocrx_word' id='word_1_416' title='bbox 1282 4418 1484 4498; x_wconf 91' lang='lat' dir='ltr'>bona,</span> <span class='ocrx_word' id='word_1_417' title='bbox 1538 4417 1749 4506; x_wconf 86' lang='lat' dir='ltr'>hujus</span> <span class='ocrx_word' id='word_1_418' title='bbox 1798 4416 1971 4486; x_wconf 90' lang='lat' dir='ltr'>vitae</span> <span class='ocrx_word' id='word_1_419' title='bbox 2048 4417 2349 4488; x_wconf 90' lang='lat' dir='ltr'>iberatus</span> <span class='ocrx_word' id='word_1_420' title='bbox 2396 4414 2770 4507; x_wconf 87' lang='lat' dir='ltr'>ergastulo,</span> 
     </span>
    </p>
   </div>
  </div>
 </body>
</html>
