3347 4999
222 377 396 444 OCT.
450 377 521 440 21
914 395 993 441 οε
1041 395 1134 441 ss.
1191 306 1456 442 [insum.
1481 396 1556 441 Er
1604 393 1906 443 soclaaus
1955 398 2067 444 uu.
2546 382 2674 447 637

221 479 470 549 Christi
519 478 1118 559 occumbentibus,
1166 477 1310 547 sola
1345 479 1412 547 in
1449 479 1661 548 unius
1692 480 1883 548 navis
1917 480 2107 550 alveo
2141 483 2270 551 sub
2295 482 2526 550 eadem
2569 498 2763 555 nocte

218 567 517 648 delituit,
553 580 618 636 et
648 566 714 635 in
744 567 1123 636 crastinum
1162 567 1342 636 ultro
1374 590 1444 635 se
1483 568 1706 649 morti,
1738 590 1942 655 quam
1986 568 2275 660 fugerat,
2317 570 2493 640 virili
2529 575 2763 643 animo

223 656 538 736 offerens,
597 654 1051 746 triumphales
1098 669 1405 724 catervas
1452 679 1611 725 cum
1667 657 1813 747 pari
1864 658 2079 747 gloria
2153 660 2463 749 martyrii
2521 661 2764 730 subse-

222 758 381 814 cuta
429 758 553 814 est.
610 744 736 813 Sed
789 765 991 813 nemo
1033 744 1098 812 in
1155 743 1282 812 hoc
1330 744 1857 826 scandalizetur,
1910 747 2109 833 quasi
2164 747 2353 817 beata
2402 747 2519 817 illa
2573 751 2764 840 virgo

219 855 512 904 coronae
560 855 725 903 suae
780 855 985 924 parva
1038 833 1167 901 hac
1217 832 1586 902 formidine
1634 834 1893 922 aliquid
1934 836 2095 904 dero
2147 838 2399 906 averit:
2440 859 2596 905 cum
2638 860 2763 908 nec

221 928 463 993 Petrus
506 944 790 1013 neganS,
847 944 971 991 nec
1012 921 1307 990 Thomas
1343 922 1816 1004 dubitans,·ab
1861 928 2109 1013 Aposto
2143 938 2297 994 atus
2338 926 2595 995 honore
2626 927 2765 1013 eje-

217 1025 371 1081 ctus
422 1012 530 1082 sit.
606 1012 840 1080 Divino
889 1010 1072 1079 enim
1128 1026 1304 1079 nutu
1373 1010 1455 1079 ad
1513 1034 1847 1101 magnum
1898 1013 2240 1083 Ecclesiae
2289 1013 2591 1084 fructum
2646 1021 2766 1084 Pe-

222 1114 371 1169 trus
420 1100 504 1169 de
554 1122 648 1178 se,
703 1101 902 1187 quasi
942 1099 1026 1167 de
1074 1098 1354 1167 homine
1398 1121 1866 1189 praesumens,
1907 1117 1972 1171 et
2021 1103 2348 1173 macristm
2396 1105 2767 1173 commori-

221 1202 453 1257 turum
516 1211 587 1257 se
636 1209 951 1258 asserens
985 1242 999 1268 ,
1054 1187 1345 1256 ancillae
1394 1188 1714 1263 ostiariae
1762 1211 1991 1260 vocem
2046 1157 2304 1261 utiliter
2352 1192 2761 1282 pertimuit:

217 1277 339 1365 qui
391 1290 618 1346 tamen
673 1291 904 1368 postea
953 1298 1176 1363 usque
1216 1277 1298 1344 ad
1337 1298 1612 1346 crucem
1653 1280 2081 1367 perveniens,
2119 1302 2244 1350 nec
2280 1287 2533 1351 Romae
2568 1281 2767 1351 urbis

220 1366 610 1458 principem
659 1366 950 1455 expavit.
1009 1366 1313 1434 Forsitan
1364 1378 1428 1435 et
1462 1366 1652 1435 beata
1691 1366 1804 1435 illa
1851 1368 1952 1437 vir
2000 1390 2039 1438 o
2079 1367 2163 1437 de
2202 1383 2553 1439 anteactae
2585 1370 2760 1440 vitae

226 1455 524 1545 puritate
578 1466 642 1523 et
698 1453 860 1524 fidei
924 1454 1307 1523 constantia
1359 1477 1843 1544 praesumem,
1889 1479 1924 1526 a
2032 1456 2451 1528 tolerandam
2508 1459 2765 1548 passio-

225 1565 381 1612 nem
426 1541 685 1629 aliquid
734 1543 799 1612 in
856 1565 925 1611 se
976 1542 1273 1612 fiduciae
1320 1543 1606 1614 habuit:
1660 1543 1953 1632 ideoque
2002 1544 2439 1617 humilianda
2476 1560 2642 1627 erat,
2692 1560 2766 1616 ut

223 1654 357 1701 non
417 1632 482 1699 in
538 1654 642 1713 se,
710 1631 826 1701 sed
883 1631 947 1699 in
1005 1636 1135 1701 Deo
1181 1630 1462 1720 gloriari
1530 1633 1865 1715 disceret,
1936 1647 2001 1703 et
2055 1635 2155 1704 sic
2218 1635 2623 1716 humiliata,
2678 1634 2783 1705 ad·

224 1719 587 1791 coelestem
660 1720 1042 1789 thalamum
1104 1719 1473 1810 gloriosius
1542 1723 1884 1792 transiret.
1955 1722 2063 1793 Sic
2123 1737 2189 1793 et
2250 1724 2473 1793 fidelis
2556 1723 2765 1793 David

222 1831 383 1878 cum
439 1808 727 1879 Domino
775 1808 1074 1890 diceret,
1125 1811 1410 1890 Juravi,
1467 1820 1531 1879 et
1592 1813 1810 1879 stat-uz·
1869 1813 2200 1883 custodire
2248 1814 2519 1903 judicia
2559 1816 2767 1904 justi-

222 1900 360 1967 tiae
422 1907 619 1967 tuae.-
680 1919 837 1967 mox
899 1897 1099 1984 quasi
1159 1898 1225 1966 in
1297 1919 1368 1968 se
1434 1898 1821 1980 revolutus,
1887 1901 2225 1991 subjecit,
2284 1902 2558 1971 dicens:
2624 1908 2766 1972 Hu-

221 1988 533 2056 mz'lz'atus
578 2009 726 2056 sum
773 2009 1252 2078 usquequaque
1292 1992 1425 2070 (Ps.
1469 1986 1648 2089 118).
1703 1993 1795 2057 Ne
1842 2002 2069 2059 autem
2121 1990 2399 2059 infirma
2458 1994 2767 2062 membra

225 2074 310 2143 de
359 2073 581 2143 salute
630 2074 1097 2163 desperarent,
1153 2076 1205 2144 si
1257 2076 1538 2162 quando
1593 2098 1659 2145 m
1710 2077 2051 2167 passionis
2105 2078 2401 2149 articulo
2452 2101 2572 2170 pro
2630 2080 2764 2149 hu-

230 2184 435 2231 mana
487 2163 885 2233 infirmitate
955 2162 1321 2254 paululum
1375 2164 1869 2248 hebescerent,
1927 2167 2072 2257 ipse
2142 2167 2479 2238 mediator
2539 2156 2673 2237 De?
2702 2180 2769 2237 et

225 2251 618 2333 hominum,
677 2274 1036 2341 personam
1106 2252 1609 2323 infirmantium
1662 2277 2051 2336 assumenS,
2105 2256 2318 2326 dixit:
2377 2259 2604 2326 Tristis
2667 2268 2765 2327 est

226 2342 460 2409 anima
489 2364 637 2410 mea
665 2365 876 2433 usque
908 2343 999 2410 ad
1045 2352 1320 2411 mortem
1351 2343 1618 2432 (Mutela.
1679 2344 1879 2433 xxvi).
1934 2349 2157 2426 Pater,
2206 2349 2269 2416 si
2323 2348 2479 2436 fieri
2517 2356 2756 2437 potest,

222 2438 527 2498 transeat
566 2454 608 2499 a
654 2452 758 2499 me
798 2432 990 2499 calz‘oe
1052 2431 1432 2520 1·sce(J0an.
1471 2431 1562 2520 x).
1609 2436 1777 2503 Ecce
1824 2435 1943 2521 qui
2007 2447 2402 2525 potestatem
2459 2436 2761 2524 ponendi

226 2519 533 2587 animam
588 2541 783 2588 suam
836 2533 900 2588 et
939 2520 1261 2589 sumendi
1291 2543 1438 2590 eam
1481 2520 1747 2603 habuit,
1792 2524 2081 2592 transire
2114 2547 2149 2592 a
2188 2546 2258 2595 se
2288 2523 2570 2594 calicem
2610 2548 2765 2614 pas-

224 2606 444 2676 sionis
497 2607 753 2697 petivit,
804 2630 926 2676 nec
976 2607 1162 2678 filius
1212 2631 1246 2677 a
1312 2624 1500 2699 patre
1544 2633 1676 2680 non
1718 2611 2026 2681 exaudiri
2071 2613 2444 2700 aliquando
2497 2614 2759 2701 potuit:

224 2697 342 2766 sed
386 2708 597 2786 caput
651 2719 772 2787 pro
814 2697 1332 2766 infirmantibus
1403 2700 1732 2769 membris
1801 2700 2232 2787 loquebatur,
2284 2723 2578 2788 quorum
2631 2701 2765 2770 sibi

220 2797 388 2853 tunc
440 2807 799 2872 personam
853 2786 1253 2875 assumpsit.
1310 2787 1613 2859 Forsitan
1649 2789 1851 2858 etiam
1905 2812 2248 2881 supernus
2297 2789 2412 2858 ille
2463 2789 2786 2878 agricola.

220 2872 755 2944 fructificantem
803 2875 1178 2963 palmitem,
1220 2889 1295 2945 ut
1346 2875 1646 2947 fructum
1704 2877 1862 2968 plus
1910 2877 2134 2959 ferret,
2187 2877 2416 2947 adhuc
2470 2900 2765 2967 purgare

223 2961 482 3031 voluit:
538 2964 1124 3050 quemadmodum
1177 2987 1335 3034 cum
1390 2965 1699 3055 sigillum
1751 2965 2057 3052 aliquod,
2112 2967 2486 3056 sculptoris
2535 2967 2764 3036 studio

219 3050 674 3122 subtilissime
721 3074 1149 3141 expressum,
1204 3054 1433 3123 omnis
1471 3056 1616 3143 jam
1672 3054 1973 3145 pop'ulus
2024 3055 2203 3123 videt
2248 3068 2313 3124 et
2359 3054 2617 3136 laudat,
2656 3078 2763 3125 ar-

219 3138 382 3207 tifex
433 3154 654 3209 tamen
706 3140 934 3210 adhuc
985 3141 1459 3231 imperfectum
1516 3143 1696 3211 videt
1764 3154 1828 3210 et
1878 3142 2105 3211 limat:
2174 3155 2246 3211 ut
2302 3144 2481 3230 quod
2542 3144 2764 3213 oculis

214 3227 512 3298 aliorum
557 3230 701 3316 jam
758 3230 1038 3320 placuit,
1080 3230 1283 3298 etiam
1323 3231 1470 3298 suis
1518 3231 1588 3299 in
1638 3230 1869 3319 aliquo
1917 3230 2285 3322 displicere
2337 3255 2467 3301 non
2520 3233 2755 3322 possit.

218 3316 345 3384 Sed
399 3317 558 3402 quis
606 3320 925 3407 cognovit
972 3340 1251 3386 sensum
1291 3319 1930 3406 Domini‘ssdeoque
1965 3342 2473 3411 supervacuum
2510 3335 2611 3390 est
2643 3343 2759 3390 oc-

215 3403 408 3474 culta
460 3406 573 3473 Dei
611 3405 881 3495 judicia
930 3406 1317 3487 discutere,
1370 3429 1547 3493 quae
1597 3407 1784 3478 salva
1832 3407 1990 3490 fide,
2056 3410 2203 3480 sine
2254 3410 2560 3499 periculo
2602 3410 2761 3481 licet

217 3493 524 3562 nescire:
589 3516 748 3562 cum
804 3493 1063 3582 liquido
1113 3494 1240 3563 hoc
1289 3507 1590 3575 constet,
1646 3518 2052 3587 semperque
2099 3499 2522 3578 constiterit,
2577 3500 2757 3586 quod

218 3581 474 3651 athleta
525 3582 665 3661 Dei,
722 3582 808 3651 ad
862 3583 1354 3672 probationem,
1399 3606 1532 3653 non
1576 3585 1661 3654 ad
1709 3586 2298 3676 reprobationem,
2336 3587 2550 3656 dilata
2600 3589 2707 3656 sit.

311 3672 347 3758 ξ
399 3675 566 3742 2⁰.
630 3675 857 3760 Longa
925 3672 940 3738 i
998 3670 1134 3740 itur
1182 3686 1568 3761 temporum
1622 3675 1795 3744 serie
1843 3675 2137 3756 evoluta,
2206 3688 2493 3755 sancta,
2549 3699 2757 3764 quam

225 3759 731 3852 praediximu&
800 3765 922 3829 Cor
978 3759 1136 3841 ula,
1189 3760 1499 3832 inclusae
1561 3763 1885 3844 cuidam,
1967 3764 2535 3855 incomparabilis
2595 3779 2759 3835 tunc

219 3848 396 3917 vitae
434 3862 499 3917 et
533 3848 852 3937 specialis
897 3849 1142 3928 meriti,
1194 3850 1696 3934 Helendrudae‚
1764 3875 1884 3942 per
1925 3854 2147 3924 visum
2184 3853 2531 3943 apparuit,
2570 3877 2759 3923 eam-

219 3957 354 4023 que
399 3939 597 4024 quasi
637 3937 1199 4007 contubernalem
1239 3962 1460 4020 suam,
1514 3963 1598 4008 an
1639 3963 1711 4009 se
1750 3956 2174 4032 agnosceret,
2219 3942 2593 4029 requisivit.
2634 3942 2761 4012 Illa

220 4037 446 4094 autem
489 4027 806 4113 quamvis
838 4033 1097 4108 sancta,
1150 4040 1216 4096 et
1258 4041 1481 4098 mente
1524 4034 1652 4098 Deo
1680 4029 1825 4118 jam
1933 4031 2214 4113 mxima,
2248 4044 2475 4101 tamen
2529 4031 2760 4101 adhuc

217 4115 709 4204 corruptibilis
751 4128 816 4184 et
846 4115 1045 4202 quasi
1077 4117 1428 4206 corruptio
1479 4117 1880 4208 incorrupte
1912 4141 2021 4188 am
2076 4142 2206 4190 non
2250 4120 2611 4202 sufferens,
2651 4120 2759 4189 di-

222 4201 416 4270 vinae
464 4204 836 4274 venustatis
876 4206 1324 4293 etgravitatis
1361 4228 1721 4296 personam
1758 4208 2132 4278 exhorruit.
2164 4214 2322 4279 Erat
2349 4210 2531 4278 enim
2568 4209 2758 4300 virgo

220 4290 330 4358 Dei
384 4291 560 4361 ultra
609 4315 811 4362 omne
858 4293 1228 4363 artificium
1281 4295 1583 4366 hominis
1634 4297 1873 4365 vestita
1922 4297 2236 4378 mirifice,
2289 4320 2754 4386 coronamque

217 4376 383 4447 liliis
444 4380 754 4467 rosisque
822 4382 1324 4453 alternantibus
1373 4383 1800 4453 intertextam
1861 4399 2137 4474 gestans
2200 4387 2268 4455 in
2328 4388 2574 4478 capite.
2629 4394 2754 4457 Fa-

216 4467 406 4537 mula
445 4490 606 4559 ergo
660 4471 769 4540 Dei
803 4495 881 4542 ex
914 4494 1161 4561 pavore
1199 4473 1571 4562 respiranS,
1607 4473 1966 4564 indignam
2009 4497 2081 4547 se
2124 4489 2345 4547 tantae
2379 4477 2756 4567 majestatis
