3347 4999
798 332 927 396 450
1477 343 1561 393 ΒΕ
1610 348 1666 394 s.
1720 346 1916 395 cauo
1964 348 2107 394 Aen.
2159 349 2234 395 ET
2282 347 2466 396 conr.
2927 333 3085 399 OCT.
3136 337 3199 401 »16

707 434 930 526 posita
965 431 1428 522 susceperitiS,
1464 431 1834 501 clementer
1864 454 2018 502 vero
2054 432 2417 503 titubantia
2441 434 2888 516 correxeritis,
2917 436 2972 504 si
3004 440 3198 506 Domi-

709 546 841 593 nus
891 521 1276 612 permiserit
1322 519 1537 608 hujus
1567 521 1798 620 operis
1834 533 2100 612 agreste
2142 521 2602 611 pulmentum,
2642 524 3059 613 postmodum
3096 526 3197 595 ali-

706 612 961 700 quibus
998 623 1372 680 metrorum
1422 609 1882 681 condimentis
1931 608 2320 679 infundam.
2357 611 2655 699 Dignum
2705 612 2954 703 quippe
2996 625 3104 693 est,
3139 626 3197 683 ut

709 701 960 772 nostris
1007 699 1332 769 laudibus
1392 720 1510 788 per
1555 699 1793 768 orbem
1841 698 2245 779 celebretur,
2291 720 2493 785 quem
2559 699 2645 768 de
2691 701 2998 770 extremis
3039 703 3198 772 orbis

707 791 966 861 finibus
998 787 1083 857 ad
1137 800 1437 858 nostram
1488 786 1778 856 salutem
1841 787 2170 857 Dominus
2217 787 2608 858 destinavit.
2662 793 2837 858 Bene
2903 789 3194 859 valentem

704 894 769 949 et
803 878 1016 949 nostri
1051 897 1419 945 memorem
1468 875 1939 966 paternitatem
1984 888 2274 947 vestram
2311 876 2380 946 in
2426 887 2780 948 aeternum
2832 893 3051 949 sancta
3081 878 3199 947 Tri-

708 970 888 1038 nitas
927 985 1327 1036 conservare
1374 964 1721 1054 dignetur,
1773 968 2007 1034 Amen.

1024 1090 1072 1153 Ο
1115 1099 1302 1164 pater,
1352 1105 1388 1148 o
1445 1090 1629 1167 patris
1671 1088 1890 1168 proleS,
1923 1105 1959 1149 o
1996 1089 2247 1167 spiritus
2273 1090 2451 1163 alme,

1104 1170 1238 1231 Une
1279 1176 1340 1230 et
1369 1171 1527 1231 trine
1572 1168 1752 1240 DeuS,
1781 1185 1890 1230 nos
1919 1172 2199 1231 miserate
2231 1187 2392 1247 rege.

1026 1249 1118 1311 Me
1149 1257 1246 1312 tua
1271 1248 1429 1324 jussa
1463 1248 1676 1327 ligant,
1723 1255 1822 1310 tua
1856 1265 1955 1311 me
1991 1251 2274 1327 promissa
2304 1252 2684 1328 gubernent:

1103 1328 1325 1389 Luceat
1358 1330 1419 1390 in
1462 1328 1641 1389 dictis
1671 1327 1775 1389 lux
1807 1338 1931 1397 tua,
1963 1345 2207 1406 quaes0,
2242 1332 2411 1391 meis.

1026 1407 1092 1468 In
1131 1416 1210 1479 te,
1241 1406 1430 1481 Galle,
1465 1407 1683 1481 Deum,
1716 1408 1777 1468 in
1808 1407 2067 1468 Domino
2096 1413 2177 1480 te,
2208 1407 2395 1483 Galle,
2429 1409 2686 1473 fatebor:

1100 1487 1188 1549 Tu
1220 1502 1326 1563 pro
1370 1503 1468 1548 me
1497 1502 1692 1547 sacras
1721 1486 1908 1549 funde
1939 1502 2141 1564 preces
2171 1487 2458 1551 Domino:

1019 1566 1096 1629 Ut
1128 1566 1371 1628 veniam
1408 1567 1600 1636 noxiS,
1632 1566 1808 1628 dictis
1838 1567 2249 1629 moderamina
2288 1575 2583 1645 praestet:

1096 1644 1259 1719 Quod
1294 1652 1498 1721 nocet,
1527 1644 1780 1707 evellat:
1810 1646 1970 1722 quod
2009 1646 2207 1725 juvat,
2238 1648 2591 1726 amplificet.

789 1769 826 1843 ἓ
853 1766 929 1833 1.
984 1765 1148 1830 Cum
1190 1758 1540 1850 praeclara
1564 1759 1980 1830 sanctissimi
2018 1759 2141 1829 viri
2172 1759 2602 1843 Columbani,
2641 1763 2763 1851 qui
2791 1776 2857 1834 et
2882 1762 3190 1839 Columba,

697 1850 1124 1920 conversatio
1173 1871 1294 1938 per
1340 1869 1615 1917 omnem
1666 1847 2065 1917 Hiberniam
2116 1849 2406 1919 celebris
2463 1852 2869 1934 haberetur,
2921 1864 2984 1922 et
3030 1849 3195 1919 veluti

694 1937 1136 2030 splendidum
1190 1936 1373 2025 ignei
1415 1935 1580 2006 solis
1617 1935 1830 2022 jubar
1863 1936 2203 2026 singulari
2251 1937 2493 2008 decore
2524 1942 2839 2010 omnium
2879 1942 2946 2010 in
2981 1961 3049 2008 se
3076 1959 3195 2029 pro·

699 2040 965 2097 vocaret
1011 2047 1342 2105 amorem,
1402 2024 1607 2093 sicuti
1655 2024 1741 2093 de
1777 2046 1879 2106 e0‚
1937 2026 2339 2115 priusquam
2396 2042 2829 2111 nasceretur,
2887 2029 3194 2120 provisum

694 2138 843 2186 esse
893 2114 1066 2184 liber
1111 2125 1459 2204 gestorum
1512 2112 1736 2202 ipsius
1783 2112 2074 2203 pleniter
2123 2115 2412 2184 indicat:
2469 2117 2644 2187 inter
2691 2132 3013 2198 caeterOS‚
3054 2135 3195 2202 quos

694 2203 880 2273 fama
929 2204 1255 2272 virtutum
1305 2202 1454 2291 ejus
1492 2214 1879 2283 attraxerat,
1974 2217 2241 2274 arentes
2296 2203 2471 2273 beati
2513 2205 2688 2275 Galli
2739 2206 2795 2289 ⁸²,
2850 2204 3192 2278 secundum

694 2296 908 2361 Deum
958 2289 1285 2381 religiosi,
1330 2289 1716 2360 secundum
1753 2312 1914 2362 secu
1948 2314 2063 2361 um
2115 2292 2403 2372 nobiles,
2443 2293 2665 2364 filium
2719 2318 2954 2376 suum,
3006 2293 3192 2383 primo
3296 2298 3297 2311 ¹

694 2380 932 2449 aetatis
983 2380 1149 2448 ssore
1200 2379 1570 2459 nitentem,
1617 2402 1776 2449 cum
1840 2379 2184 2450 oblatione
2244 2381 2530 2452 Domino
2593 2382 2989 2465 offerenteS,
3038 2379 3195 2451 illius

693 2468 1085 2560 magisterio
1132 2466 1811 2548 commendaverunt,
1869 2480 1944 2539 ut
1994 2469 2059 2538 in
2107 2469 2442 2560 regularis
2490 2470 2665 2542 vitae
2714 2473 3068 2562 proficeret
3110 2467 3192 2536 di·

696 2557 1010 2648 sciplina,
1063 2570 1127 2626 et
1186 2559 1359 2627 inter
1396 2557 1736 2646 plurimos
1783 2557 2115 2647 spiritalis
2149 2559 2433 2628 militiae
2464 2573 2857 2644 sectatores,
2910 2559 3197 2632 obedien-

695 2647 826 2716 tiae
873 2661 936 2715 et
984 2645 1295 2716 arctioris
1330 2646 1656 2736 propositi
1692 2646 2075 2716 imitaretur
2120 2647 2456 2737 exempla.
2510 2653 2826 2738 Dumque
2878 2647 3194 2721 bonaein·

691 2735 868 2807 dolis
901 2735 1004 2804 vir
1027 2756 1187 2805 caro
1220 2734 1599 2804 nutriretur
1631 2734 1901 2816 affectu,
1945 2758 2195 2826 magno
2224 2736 2551 2806 virtutum
2593 2739 2807 2809 crevit
2834 2746 3192 2828 augmento.

691 2828 1000 2914 Superna
1049 2845 1322 2911 quoque
1370 2824 1590 2913 gratia
1620 2846 1692 2893 se
1727 2825 2223 2912 praeveniente,
2278 2835 2464 2894 tanto
2498 2827 2726 2897 studio
2777 2828 3045 2897 divinas
3066 2845 3195 2914 epo·
3294 2889 3295 2896 ,

688 2914 852 2984 tavit
900 2912 1312 3002 Scripturas,
1370 2925 1444 2981 ut
1491 2911 1575 2980 de
1621 2912 1942 2981 thesauro
1997 2934 2124 2983 suo
2166 2935 2336 2982 nova
2391 2914 2689 3004 proferre
2787 2929 2971 2987 osset
3011 2927 3071 2983 et
3111 2932 3195 2979 ve·
3294 2913 3295 2960 l

694 3015 866 3072 tera:
906 3001 1405 3072 Grammaticae
1431 3001 1632 3098 etiam
1673 3000 1971 3091 regulas,
2002 3014 2513 3089 metrorumque
2544 2938 2962 3075 subtilitates
2994 2998 3196 3092 capaci
3294 2973 3295 3066 l

685 3104 1220 3177 consequeretur
1268 3091 1567 3180 ingenio.
1607 3089 1913 3160 Obscura
1947 3102 2175 3160 autem
2228 3090 2740 3178 Scripturarum
2786 3107 2923 3163 tam
2962 3092 3194 3182 sapien·

687 3191 786 3249 ter
821 3180 994 3250 scire
1043 3178 1428 3248 volentibus
1478 3178 1824 3258 reseravit,
1880 3192 1957 3248 ut
1987 3179 2244 3260 cuncti,
2297 3179 2414 3266 qui
2465 3180 2615 3269 ejus
2670 3182 3100 3271 prudentiam
3145 3188 3196 3245 et

688 3289 1037 3338 sermones
1085 3266 1469 3348 audierant,
1523 3266 1979 3337 admiratione
2013 3290 2169 3337 eum
2222 3280 2287 3338 et
2334 3267 2539 3338 laude
2587 3268 3075 3359 dignissimum
3096 3266 3192 3355 ju-

685 3354 1017 3424 dicarent.
1063 3358 1209 3437 Qua
1257 3356 1630 3444 sapientiae
1680 3356 2071 3426 maturitate
2120 3355 2373 3426 sactum
2425 3368 2564 3438 est,
2617 3370 2694 3428 ut
2744 3361 3196 3429 universorum

685 3443 1040 3514 communi
1075 3443 1387 3525 consilio,
1431 3457 1497 3513 et
1543 3444 1859 3532 jussione
1908 3444 2315 3516 Columbani
2377 3445 2691 3527 Abbatis‚
2750 3469 2871 3537 per
2915 3442 3196 3534 singulos

684 3552 916 3604 sacrae
957 3533 1403 3621 promotionis
1426 3533 1685 3622 gradus
1720 3533 2119 3614 ascendam,
2160 3534 2416 3604 invitus
2447 3535 2809 3606 sacerdotii
2844 3535 3197 3624 susciperet

681 3619 1110 3779 dignitatem.
1151 3625 1347 3711 Erg0,
1395 3621 1563 3690 dum
1616 3622 1832 3692 sacris
1874 3622 2157 3692 instaret
2189 3621 2458 3702 officiis,
2526 3623 2637 3693 die
2687 3636 3034 3712 noctuque
3067 3641 3194 3718 pre·

680 3710 739 3780 ci
800 3732 879 3779 us
916 3710 1281 3779 Dominum
1316 3709 1607 3799 placavit
1634 3723 1700 3779 et
1735 3709 2080 3798 lacrymis;
2119 3722 2185 3780 et
2223 3710 2509 3801 superni
2543 3713 2964 3803 Inspectoris
3001 3708 3199 3781 oculis

680 3798 951 3888 placere
999 3797 1422 3879 desiderans,
1487 3820 1614 3899 pro
1664 3797 1993 3869 virtutum
2058 3813 2123 3870 et
2172 3799 2347 3869 vitae
2397 3799 2659 3871 meritis
2706 3803 3072 3872 amabatur
3124 3795 3197 3865 ab

679 3887 1026 3967 omnibus,
1081 3887 1342 3978 placuit
1379 3886 1744 3957 universis,

764 3978 802 4133 ῗ
853 3982 941 4048 2.
994 3981 1165 4046 Dum
1221 3977 1386 4046 haec
1432 3989 1799 4066 agerentur
1838 3975 2166 4064 quotidie,
2221 3977 2460 4047 beatus
2503 3976 2974 4048 Columbanus
3005 3981 3195 4046 Evan-
3290 4019 3291 4054 χ

724 4087 758 4135 e
792 4065 965 4135 icam
1016 4065 1306 4222 cupiens
1333 4066 1607 4153 assequi
1639 4064 2148 4156 perfectionem,
2199 4066 2616 4136 utvidelicet
2647 4067 3001 4147 omnibus,
3040 4080 3194 4152 quae
3290 4059 3291 4088 ³

727 4153 993 4234 abebat,
1032 4176 1104 4224 re
1139 4154 1313 4235 ictis,
1368 4176 1639 4225 crucem
1700 4177 1898 4226 suam
1958 4154 2241 4241 tolleret,
2294 4167 2359 4225 et
2406 4155 2639 4227 nudus
2686 4156 3056 4225 Dominum
3104 4171 3195 4222 se·
3290 4177 3291 4192 ¹

674 4255 1036 4330 queretur:
1089 4242 1380 4317 consilio
1416 4266 1540 4315 suo
1587 4244 1727 4334 egit
1754 4266 1913 4314 cum
1950 4243 2300 4325 fratribuS,
2356 4265 2653 4332 quorum
2705 4243 2980 4314 animos
3028 4240 3192 4311 idem
3290 4195 3291 4288 l

670 4400 880 4499 0:11?ae
906 4401 956 4445 in
975 4401 1270 4445 documentis
1293 4401 1517 4454 antiquis,
1546 4405 1796 4452 Gauunus,
1827 4403 2085 4454 Gallienus,
2116 4407 2251 4449 Gallo
2285 4406 2463 4457 passim
2494 4406 2789 4454 nominatum
2818 4401 3062 4448 hibernica
3080 4404 3197 4442 vero.

798 4471 819 4499 C
872 4486 883 4498 0
