3347 4999
691 312 822 375 356
1356 324 1434 369 οε
1482 325 1537 370 s.
1586 324 1899 370 winrnino
1949 323 2146 370 episc.
2200 324 2386 370 enon.
2834 305 3005 371 ocT.
3071 307 3161 371 ¹2

600 411 817 480 multa
866 432 1043 497 quae
1090 409 1157 476 in
1198 407 1415 497 patria
1463 408 1882 494 nequiverat,
1929 404 2425 478 Ecclesiasticis
2449 406 2846 496 disciplinis
2877 430 3166 477 accom-

601 500 830 579 moda,
883 499 1121 567 eodem
1160 498 1488 586 magistro
1522 496 1855 577 tradente,
1895 497 2219 586 percepit.
2267 502 2532 565 Etcum
2586 519 2856 565 meuses
2886 497 3165 583 aliquot

604 589 703 658 ibi
751 587 1002 657 studiis
1039 600 1421 674 occupatus
1467 584 1787 655 felicibus
1846 585 2203 675 exegisset.
2284 585 2484 655 rediit
2532 584 2615 654 ad
2668 586 3010 655 Delfinum
3081 587 3164 654 in

603 677 921 757 Galliam,
959 689 1025 745 et
1064 689 1200 743 tres
1248 696 1467 744 annos
1507 674 1694 764 apud
1739 676 1967 764 ipsum
2003 686 2492 751 commoratus,
2538 689 2851 745 attonsus
2897 691 3000 744 est
3064 677 3168 744 ab

601 788 707 843 eo,
757 778 822 834 et
871 765 937 832 in
984 777 1171 833 tanto
1215 763 1496 833 habitus
1526 786 1783 845 amore,
1823 779 1896 831 ut
1943 763 2305 832 haeredem
2358 762 2491 831 sibi
2533 762 2730 832 illum
2780 762 3004 833 facere
3036 786 3167 832 co-

602 855 865 945 gitaret.
915 854 1043 923 Sed
1097 875 1179 920 ne
1228 852 1355 921 hoc
1413 852 1560 921 sieri
1600 864 1847 941 posset,
1900 854 2193 921 Antistes
2238 850 2505 921 crudeli
2558 864 2772 921 morte
2840 874 3168 940 praeere-

602 958 763 1033 ptus
793 958 918 1022 est;
956 959 1021 1011 et
1072 940 1427 1010 wilfridus
1458 940 1543 1009 ad
1596 962 1762 1009 suae
1804 942 2054 1028 potiuS‚
2111 941 2239 1009 hoc
2284 956 2410 1020 est,
2468 939 2886 1029 Anglorum„
2923 942 3171 1041 gentis

603 1033 1087 1121 Episcopatum
1126 1044 1532 1098 reservatus.
1571 1035 1878 1115 Namque
1927 1028 2385 1098 Brunechilda
2425 1030 2709 1118 Regina,
2752 1030 2983 1103 missis
3022 1031 3171 1099 mi-

603 1120 868 1201 litibuS,
905 1120 1320 1209 Episcopum
1356 1118 1569 1205 jussit
1617 1117 1953 1187 interfici:
1998 1140 2204 1204 quem
2254 1117 2340 1186 ad
2381 1118 2610 1187 locum
2663 1118 2970 1203 quidem,
3010 1141 3170 1205 quo

603 1208 1053 1278 decollandus
1097 1219 1265 1288 erat,
1319 1221 1653 1293 sequutus
1699 1219 1803 1275 est
1833 1206 2214 1285 wilfridus,
2267 1206 2564 1276 clericus
2614 1204 2827 1287 illius,
2880 1206 3170 1278 deside-

605 1321 768 1367 rans
792 1320 951 1367 cum
981 1318 1083 1375 ec,
1124 1296 1392 1365 tametsi
1426 1297 1575 1383 ipso
1610 1295 1905 1364 multum
1949 1296 2373 1385 prohibente,
2418 1295 2673 1384 pariter
2709 1296 3164 1367 occumbere.

605 1387 730 1456 Sed
784 1387 968 1456 hunc
1017 1386 1135 1455 ubi
1190 1386 1882 1473 peregrinumatque
1929 1384 2304 1453 oriundum
2332 1384 2417 1452 de
2467 1384 2740 1453 natione
2772 1384 3163 1475 Anglorum

602 1499 683 1546 co
737 1498 979 1545 novere
1011 1473 1397 1552 carnifices,
1435 1495 1800 1574 pepercere
1829 1472 1954 1552 illi,
2004 1495 2223 1559 neque
2251 1495 2411 1542 eum
2448 1472 2798 1543 trucidare
2825 1495 2986 1542 cum
3026 1497 3166 1545 suo

604 1500 879 1635 minere
913 1563 1255 1653 pontifice.
1309 1568 1385 1631 At
1434 1561 1548 1630 ille
1595 1563 1665 1630 in
1727 1563 2149 1631 Britanniam
2218 1562 2524 1639 veniens,
2589 1562 3004 1650 conjunctus
3052 1578 3167 1633 est

604 1653 930 1723 amicitiis
980 1651 1265 1721 Aldfridi
1322 1656 1414 1720 Re
1468 1652 1550 1729 is,
1603 1650 1719 1737 qui
1785 1650 2159 1720 catholicas
2206 1650 2547 1720 Ecclesiae
2609 1650 2886 1739 regulas
2954 1653 3164 1738 sequi

604 1764 878 1831 semper
924 1755 990 1812 et
1047 1761 1283 1810 amare
1336 1739 1405 1807 di
1465 1740 1694 1808 icerat.
1753 1740 1942 1808 Unde
2002 1754 2067 1809 et
2132 1738 2258 1818 illi,
2310 1740 2473 1825 quia
2521 1739 2938 1809 catholicum
2991 1762 3164 1810 eum

602 1853 753 1901 esse
785 1831 1142 1919 comperit,
1200 1850 1355 1897 mox
1423 1827 1703 1896 donavit
1768 1843 2013 1897 terram
2080 1828 2314 1897 decem
2364 1827 2787 1898 familiarum
2839 1828 2907 1897 in
2951 1828 3107 1898 loco
3140 1884 3155 1911 ,

601 1921 719 2007 qui
771 1920 1026 1989 dicitur
1076 1917 1368 1998 Staford,
1406 1928 1471 1986 et
1508 1939 1641 1984 non
1687 1917 1904 1986 multo
1947 1930 2098 2007 post
2149 1917 2641 1986 monasterium
2709 1917 2990 2005 triginta
3052 1917 3163 1986 sa-

608 2008 991 2088 miliarum,
1046 2008 1114 2075 in
1169 2005 1339 2081 loco,
1393 2007 1513 2092 qui
1550 2017 1833 2074 vocatur
1882 2007 1950 2073 in
2001 2005 2373 2093 Hriphum,
2426 2027 2631 2092 quem
2683 2004 3000 2075 videlicet
3050 2005 3162 2075 lo·

605 2120 765 2165 cum
800 2096 1080 2164 dederat
1122 2094 1385 2182 pridem
1423 2094 1507 2163 ad
1542 2095 2085 2164 construendum
2116 2095 2285 2163 inibi
2324 2094 2818 2164 monasterium
2868 2094 2981 2162 his
3029 2097 3159 2181 qui

607 2190 839 2255 Scotos
888 2183 1374 2270 sequebantur.
1432 2189 1681 2252 Verum
1728 2184 1891 2269 quia
1933 2183 2032 2252 illi
2085 2182 2549 2273 postmodum,
2600 2183 2877 2273 optione
2937 2190 3104 2253 data
3138 2239 3154 2263 ‚

606 2272 1004 2342 maluerunt
1039 2271 1187 2342 loco
1232 2273 1494 2353 cedere,
1532 2294 1743 2358 quam
1795 2273 2055 2342 Pascha
2088 2272 2532 2350 catholicum,
2586 2285 3028 2358 caeterosque
3065 2275 3161 2341 ri-

611 2376 723 2431 tus
770 2361 1168 2437 canonicos,
1209 2361 1406 2449 juxta
1456 2367 1802 2430 Romanae
1861 2384 1941 2430 ac
1989 2360 2409 2447 Apostolicae
2475 2359 2812 2430 Ecclesiae
2861 2383 3158 2431 consue-

610 2449 921 2520 tudinem
977 2449 1301 2541 recipere‚
1355 2450 1544 2520 dedit
1583 2449 1711 2519 hoc
1748 2449 1872 2532 illi,
1932 2471 2137 2538 quem
2184 2450 2585 2520 melioribus
2634 2448 2982 2519 imbutum
3042 2450 3159 2520 di-

608 2539 926 2627 sciplinis
959 2562 1038 2609 ac
1089 2541 1399 2610 moribus
1448 2539 1639 2609 vidit.
1694 2545 1841 2623 Quo
1891 2540 1958 2607 in
2014 2554 2315 2628 tempore
2370 2539 2454 2607 ad
2514 2539 2898 2626 jussionem
2955 2561 3157 2627 prae-

606 2626 726 2697 fati
776 2629 1003 2718 Regis,
1065 2630 1419 2717 presbyter
1450 2629 1814 2698 ordinatus
1861 2641 1964 2697 est
2004 2629 2070 2696 in
2106 2627 2342 2697 eodem
2383 2629 2794 2698 monasterio
2834 2627 2921 2695 ab
2969 2629 3158 2718 Agil-

606 2717 822 2796 berto,
879 2717 1214 2807 Episcopo
1273 2718 1709 2788 Gevissorum
1765 2717 1823 2795 ¹³,
1889 2715 2322 2786 desiderante
2371 2722 2464 2785 Re
2514 2738 2592 2796 e,
2649 2729 2724 2786 ut
2773 2715 2874 2782 vir
2923 2729 3160 2788 tautae

606 2806 1017 2876 eruditionis
1050 2827 1131 2875 ac
1180 2805 1558 2896 religionis,
1612 2805 1746 2874 sibi
1788 2803 2177 2894 specialiter
2229 2804 2442 2874 indivi
2499 2827 2588 2874 uo
2647 2804 2977 2873 comitatu
3041 2828 3156 2876 sa-

606 2895 846 2964 cerdos
873 2908 1050 2965 esset
1088 2916 1166 2964 ac
1205 2894 1462 2964 doctor.
1501 2899 1718 2976 Quem
1759 2915 1894 2962 non
1940 2893 2157 2964 multo
2192 2906 2366 2994 post,
2405 2893 2662 2963 detecta
2695 2903 2759 2961 et
2791 2891 3162 2965 eliminata

604 2985 714 3072 (ut
761 3005 972 3074 supra
1037 2983 1453 3072 docuimus)
1521 2988 1874 3052 Scotorum
1925 2985 2141 3064 seem,
2197 3005 2265 3051 in
2318 2981 2608 3053 Galliam
2660 2981 2937 3050 mittens
2986 3006 3159 3054 cum

608 3072 896 3142 consilio
930 3086 1133 3159 atque
1164 3094 1508 3143 consensu
1578 3071 1793 3161 patris
1841 3071 1945 3140 sui
1989 3071 2187 3151 Oswi,
2246 3072 2659 3172 Episcopum
2697 3068 2831 3139 sibi
2890 3073 3163 3162 rogavit

606 3160 938 3241 ordinari,
988 3184 1149 3230 cum
1212 3175 1389 3230 esset
1435 3182 1777 3230 annorum
1838 3160 2111 3230 circiter
2157 3160 2460 3249 triginta,
2514 3158 2753 3230 eodem
2804 3158 3160 3249 Agilberto

610 3262 776 3319 tunc
808 3251 1293 3339 Episcopatum
1344 3273 1378 3318 a
1433 3262 1587 3319 ente
1619 3249 2000 3319 Parisiacae
2033 3249 2350 3318 civitatis.
2392 3254 2555 3318 Cum
2589 3270 2727 3335 quo
2773 3259 2841 3316 et
2870 3248 2983 3316 alii
3009 3272 3162 3318 un-

606 3337 831 3406 decim
883 3339 1196 3426 Episcopi
1247 3337 1331 3406 ad
1429 3338 1878 3408 edicationem
1914 3338 2248 3409 Antistitis
2279 3339 2785 3418 convenienteS‚
2845 3337 3154 3408 multum

607 3425 988 3495 honorifice
1029 3426 1486 3496 ministerium
1539 3425 2021 3516 impleverunt.

699 3521 738 3595 ἓ
807 3517 887 3585 S.
941 3519 1086 3597 Quo
1117 3515 1347 3585 adhuc
1394 3517 1462 3583 in
1503 3515 2350 3603 transmarinispartibus
2406 3515 2846 3600 demorante,
2908 3538 3160 3587 conse-

608 3613 843 3672 cratus
876 3615 978 3672 est
1011 3603 1078 3672 in
1130 3605 1614 3704 Episcopatum
1668 3605 1953 3674 Eboraci
1984 3605 2076 3684 *³2
2114 3603 2398 3691 jubente
2430 3608 2611 3692 Rege
2645 3608 2843 3690 Oswi,
2885 3604 3163 3676 Ceadda

608 3692 715 3761 vir
762 3704 1081 3763 sanctus:
1135 3693 1256 3779 qui
1306 3694 1527 3762 tribus
1576 3693 1781 3763 annis
1829 3692 2201 3762 Ecclesiam
2266 3692 2657 3762 sublimiter
2706 3717 2971 3786 regens,
3035 3693 3162 3776 def

608 3780 773 3849 hinc
821 3781 904 3849 ad
955 3803 1193 3852 curam
1248 3782 1645 3852 monasterii
1695 3780 1844 3861 sui,
1897 3782 2079 3868 quod
2130 3795 2232 3852 est
2280 3782 2349 3849 in
2401 3783 2715 3872 Lestinga
2752 3840 2768 3867 ‚
2822 3783 3157 3856 secessit:

608 3869 988 3959 accipiente
1034 3869 1346 3940 Wilsrido
1395 3870 1881 3959 Episcopatum
1935 3871 2142 3940 totius
2176 3869 2954 3943 Nordan-Humbrorum
2994 3893 3166 3961 pro-

609 3958 900 4029 vinciae.
939 3959 1068 4042 Qui
1101 3959 1375 4039 deinde,
1431 3971 1760 4048 regnante
1794 3958 2135 4048 EcgfridO,
2189 3958 2437 4048 pulsus
2474 3974 2575 4029 est
2623 3962 3062 4050 Episcopatu,
3097 3974 3171 4030 et

608 4045 730 4116 alii
769 4060 931 4116 sunt
979 4069 1100 4136 pro
1148 4047 1266 4118 illo
1298 4048 1680 4118 consecrati
1721 4047 2068 4119 Antistites
2093 4069 2390 4136 quorum
2429 4070 2642 4138 supra
2675 4049 3164 4120 meminimus.

612 4140 897 4204 Romam
933 4135 1161 4224 itaque
1211 4137 1457 4216 iturus,
1496 4149 1561 4207 et
1591 4158 1823 4206 coram
1875 4136 2257 4227 Apostolico
2290 4142 2468 4225 Papa
2498 4160 2777 4208 causam
2806 4138 3163 4218 dicturus,

609 4224 731 4293 ubi
784 4246 1022 4293 navem
1081 4225 1522 4304 conscendit,
1601 4227 1809 4294 flante
1858 4224 2175 4305 favonio,
2230 4225 2478 4314 pulsus
2535 4238 2636 4296 est
2685 4228 2752 4295 in
2820 4227 3165 4306 Frisiarn,

608 4325 676 4382 et
722 4312 1097 4384 honorifice
1166 4328 1531 4405 susceptus
1578 4337 1619 4382 a
1678 4315 2043 4396 Barbaris,
2100 4337 2180 4384 ac
2245 4319 2425 4404 Rege
2471 4314 2746 4386 illorum
2794 4314 3110 4406 Aldgislo
3139 4370 3160 4397 ,

660 4439 684 4462 ⁶
713 4439 849 4490 Angl.
876 4440 1060 4481 Wenet.
1877 4442 1929 4470 ’θ’
1956 4441 2090 4493 Angl.
2115 4443 2252 4481 l'ork.
