3347 4999
686 383 816 448 264
1491 396 1568 443 na
1618 396 1675 443 s,
1729 392 2018 442 amorru
2061 394 2256 443 vanA
2865 379 3038 445 OCT.
3092 383 3137 447 8

593 486 664 554 in
715 483 1052 554 civitatem
1104 494 1436 562 sanctam,
1489 479 1899 558 Jerusalem,
1953 491 2018 548 et
2063 480 2149 549 ad
2199 477 2334 549 alia
2370 479 2539 562 loca,
2592 503 2769 568 quae
2818 482 3133 553 Christus

594 574 795 643 Jesus
839 570 1175 661 corporali
1222 570 1603 660 praesentia
1652 591 1777 638 sua
1827 568 2223 649 illustravit,
2279 567 2484 656 idque
2533 591 2665 639 non
2718 571 2864 640 sine
2915 571 3135 642 multo

598 674 883 752 sumptu
916 673 980 729 et
1023 659 1274 729 labore.
1329 663 1580 728 Eorum
1631 669 1857 728 autem
1900 670 1965 726 et
2003 658 2258 727 exitum
2309 671 2373 728 et
2406 658 2758 728 introitum
2802 660 3135 730 Dominus

597 748 1132 821 misericorditer
1178 747 1566 818 custodivit.
1608 746 1730 816 Sed
1793 758 1857 815 et
1907 758 2097 836 pater
2143 751 2208 816 S.
2263 747 2607 837 Birgittae‚
2664 749 3007 838 Birgeru5‚
3060 751 3129 818 in

597 839 872 909 illorum
901 836 1204 927 vestigiis
1237 835 1584 914 insistens,
1623 834 1838 904 multa
1870 833 2016 903 loca
2053 839 2478 916 Sanctorum,
2518 849 2680 925 puta
2708 841 2769 906 S.
2805 838 3126 921 Jacobi*,

593 940 658 998 et
705 927 838 997 alia
890 927 1072 996 circa
1121 947 1307 995 mare
1356 923 1705 1004 Australe‚
1758 922 2193 993 devotissime
2255 924 2532 1005 invisit,
2607 938 2887 1015 paratus
2924 927 3130 995 etiam

594 1016 887 1087 ulterius
961 1013 1303 1105 proficisci
1373 1013 1456 1083 ad
1508 1017 1781 1082 Terram
1854 1025 2203 1093 sanctam,
2280 1012 2413 1082 nisi
2464 1013 2882 1103 Apostolicae
2938 1015 3133 1087 Sedis

594 1105 906 1185 consilio,
964 1116 1236 1194 propter
1317 1123 1563 1172 causas
1620 1102 1867 1172 rationi
1924 1112 2453 1182 consentaneas,
2519 1102 2901 1172 retardatus
2959 1103 3133 1185 fuis-

598 1206 720 1264 set.
775 1194 961 1263 Idem
1014 1192 1159 1283 ipse
1208 1191 1504 1281 singulis
1535 1190 1741 1261 sextis
1789 1189 1975 1259 feriis
2018 1204 2291 1279 peccata
2323 1213 2448 1261 sua
2481 1190 2739 1262 solebat
2773 1191 3131 1262 humiliter

596 1282 947 1361 confiteri,
1002 1280 1404 1371 saepissime
1455 1280 1561 1351 his
1617 1292 1818 1350 utens
1868 1278 2133 1348 verbis:
2191 1301 2225 1345 «
2263 1283 2360 1348 Ita
2414 1302 2521 1349 me
2567 1280 2872 1367 qualibet
2942 1294 3131 1350 sexta

598 1370 764 1441 feria
800 1391 1197 1460 comparare
1247 1368 1395 1437 volo
1441 1390 1602 1457 erga
1637 1374 1873 1449 Deum,
1927 1380 2005 1437 ut
2041 1367 2371 1454 quicquid
2407 1370 2693 1438 caeteris
2740 1369 3127 1439 diebusille

596 1461 766 1529 mihi
853 1458 1234 1538 raestiterit‚
1275 1456 1447 1526 ferre
1495 1479 1712 1544 aequo
1761 1457 1992 1525 animo
2035 1456 2366 1546 possim.»
2395 1462 2650 1526 Memor
2681 1471 2824 1527 erat
2857 1471 3131 1528 senten-

596 1549 726 1618 tiae
778 1549 793 1617 i
830 1548 1000 1617 lius:
1054 1552 1194 1616 Non
1244 1547 1469 1615 tardes
1515 1548 1812 1615 converti
1839 1546 1928 1613 ad
1963 1547 2337 1626 Dominum,
2372 1556 2433 1614 et
2474 1570 2555 1615 ne
2588 1547 2861 1637 differas
2909 1548 2987 1616 de
3021 1548 3132 1616 die

594 1640 664 1705 in
713 1638 888 1706 diem
933 1636 1170 1726 (Ec-cli.
1209 1634 1298 1723 v).
1337 1635 1515 1703 Fecit
1561 1633 2013 1703 consimiliter
2061 1632 2247 1703 filius
2295 1634 2466 1723 ejuS,
2516 1635 2739 1722 quoad
2786 1636 2968 1715 vixit,
3005 1637 3125 1723 qui

595 1726 797 1795 etiam
838 1735 987 1816 post
1011 1723 1506 1794 consessionem
1542 1736 1797 1792 secreto
1828 1722 2180 1791 acerrimis
2205 1721 2495 1812 flagellis
2521 1723 2846 1793 caedebat
2872 1746 3128 1814 corpus

595 1836 827 1893 suum,
883 1829 978 1893 ut,
1023 1825 1301 1901 paratus
1350 1812 1416 1879 in
1470 1811 1764 1901 flagella,
1818 1811 2160 1881 Christum
2213 1810 2631 1900 flagellatum
2686 1813 2752 1880 in
2807 1835 2930 1883 suo
2979 1813 3129 1902 glo-

593 1903 891 1972 rificaret
938 1906 1244 1991 corpore,
1296 1914 1360 1969 et
1406 1922 1563 1969 cum
1627 1900 1809 1970 vitiis
1857 1914 1921 1969 et
1968 1899 2545 1989 concupiscentiis
2594 1901 2856 1991 jugiter
2902 1902 3128 1971 cruci·

591 1990 831 2082 figeret
876 2011 1149 2059 carnem
1206 2010 1429 2060 suam.

680 2083 715 2167 ξ
754 2084 835 2150 2.
891 2084 1097 2147 Mater
1143 2099 1416 2164 quoque
1464 2077 1698 2146 beatae
1746 2076 2106 2166 Birgittae,
2180 2075 2504 2166 Sigridis,
2563 2076 2814 2147 nobilis
2853 2090 2917 2146 et
2961 2078 3125 2147 reli-

644 2168 786 2236 iosa
833 2166 984 2247 fuit,
1039 2165 1244 2254 cujus
1297 2179 1484 2254 pater
1518 2165 1855 2256 sanguine
1907 2165 2091 2255 regio
2149 2177 2540 2254 procreatus
2587 2179 2766 2247 erat,
2822 2166 3119 2257 diligens

592 2190 902 2325 gecorem
953 2255 1202 2324 domus
1252 2250 1390 2335 Dei,
1447 2254 1537 2324 ita
1596 2266 1669 2324 ut
1720 2254 1969 2323 multas
2030 2254 2397 2322 extruxerit
2455 2254 2815 2334 ecclesias,
2888 2269 2952 2324 et
3004 2278 3128 2346 pro

590 2344 1104 2434 magnificentia
1140 2365 1262 2413 sua
1297 2343 1766 2434 amplissimos
1803 2342 2111 2412 redditus
2141 2341 2317 2412 dotis
2344 2344 2644 2423 nomine,
2675 2344 2773 2413 eis
2805 2345 3118 2434 assigna-

591 2433 700 2502 rit.
757 2438 960 2503 Porro
1032 2434 1386 2523 ingressus
1460 2432 1693 2508 beatae
1757 2432 1865 2501 Bir
1919 2432 2072 2501 ittae
2121 2453 2413 2522 sponsae
2462 2432 2773 2514 Christi‚'
2807 2433 2876 2502 in
2931 2433 3115 2504 hunc

593 2523 959 2603 mundum,
1013 2521 1142 2592 fuit
1187 2522 1383 2610 quasi
1423 2520 1811 2590 diluculum
1902 2521 2180 2591 ivinitus
2232 2535 2701 2612 praeparatus.
2756 2528 2920 2593 Nam
2953 2545 3115 2591 cum

589 2611 817 2680 adhuc
870 2623 1172 2681 materno
1251 2623 1585 2680 estaretur
1620 2622 1834 2691 utero,
1873 2609 2120 2679 accidit
2155 2622 2229 2679 ut
2272 2623 2483 2679 mater
2511 2612 2659 2700 ejus
2710 2612 2777 2680 in
2814 2609 3120 2698 quodam

590 2701 800 2769 maris
850 2700 1007 2768 sinu
1058 2722 1193 2769 nau
1228 2700 1494 2788 ragium
1547 2698 1832 2780 faceret3
1883 2719 2177 2785 cumque
2237 2699 2434 2768 multi
2504 2700 2862 2786 utriusque
2911 2721 3120 2768 sexus

591 2789 1217 2878 submergerentur,
1268 2791 1412 2856 Dux
1461 2787 1692 2877 regni,
1745 2787 2123 2867 HenricuS‚
2178 2787 2382 2855 frater
2431 2787 2610 2878 regis
2654 2789 2956 2867 Svediae‚
3011 2788 3115 2855 vi-

586 2877 756 2948 dens
806 2877 993 2947 illam
1050 2878 1114 2945 in
1170 2875 1474 2967 periculo
1524 2875 1801 2956 versari,
1863 2875 2083 2946 modis
2121 2875 2478 2956 omnibus,
2534 2876 2791 2963 quibus
2843 2877 3111 2967 potuit,

586 2987 735 3034 eam
787 2968 1007 3035 vivam
1066 2964 1149 3034 ad
1221 2965 1384 3034 litus
1440 2964 1775 3054 perduxit.
1831 2965 2077 3033 Eadem
2144 2978 2366 3033 autem
2424 2977 2617 3034 nocte
2691 2964 2791 3033 illi
2854 2965 3123 3036 adstitit

587 3076 879 3144 persona
933 3051 1270 3142 quaedam
1307 3106 1322 3133 ‚
1377 3065 1554 3122 veste
1605 3052 1950 3122 luculenta
2032 3051 2314 3133 induta,
2389 3052 2693 3139 dixitque
2771 3052 2852 3121 ad
2906 3074 3111 3122 eam:

590 3164 626 3208 «
684 3142 874 3211 Salva
945 3141 1218 3212 evasisti
1292 3153 1565 3232 propter
1634 3140 1891 3211 bonum
1958 3141 2127 3211 illud
2222 3140 2402 3229 quod
2481 3141 2690 3211 habes
2761 3141 2828 3210 in
2893 3154 3111 3213 utero.

583 3234 819 3316 Itaque
868 3231 1055 3299 nutri
1103 3229 1274 3299 illud
1320 3252 1440 3319 pro
1493 3230 1603 3299 Dei
1651 3251 1905 3312 amore,
1960 3231 2183 3299 sciens
2231 3229 2617 3320 specialiter
2655 3229 2723 3298 id
2768 3229 2888 3299 tibi
2936 3229 3117 3299 divi-

586 3319 772 3386 nitus
819 3340 966 3388 esse
998 3316 1402 3388 donatum.»
1451 3324 1614 3389 Nata
1663 3333 1889 3389 autem
1951 3318 2202 3408 puella,
2244 3318 2564 3388 sacerdos
2612 3318 2893 3407 quidam
2928 3319 3116 3387 *vici-

585 3407 801 3475 nioris
839 3405 1184 3475 ecclesiae.
1242 3407 1414 3476 vitae
1483 3407 1786 3497 integrae
1847 3420 1912 3477 et
1983 3421 2337 3496 provectae
2389 3408 2654 3487 aetatis,
2707 3408 2825 3495 qui
2879 3420 3114 3498 postea

581 3494 803 3564 factus
840 3508 943 3564 est
971 3500 1019 3564 E
1076 3495 1350 3584 iscopus
1383 3497 1711 3567 Aboensis
1759 3497 1827 3565 in
1865 3495 2127 3576 Svedia‚
2174 3497 2350 3566 inter
2395 3496 2732 3566 orandum
2787 3511 2979 3566 nocte
3015 3496 3115 3565 vi-

582 3582 681 3652 dit
729 3583 980 3653 nubem
1063 3583 1380 3665 ucidam,
1435 3597 1499 3654 et
1547 3586 1617 3654 in
1670 3585 1852 3655 nube
1926 3584 2271 3654 sedentem
2339 3584 2710 3672 virginem,
2765 3585 2833 3653 in
2897 3606 3113 3654 manu

581 3693 708 3741 sua
736 3671 986 3741 librum
1015 3672 1404 3742 habentem.
1443 3672 1805 3743 Admirans
1837 3674 2067 3763 igitur,
2091 3672 2354 3741 audivit
2387 3694 2612 3741 vocem
2649 3673 3105 3762 ejuscemodi:

588 3783 624 3827 «
660 3774 817 3831 nata
862 3772 964 3832 est
1012 3762 1287 3852 Birgero
1336 3761 1501 3843 filia,
1540 3763 1743 3851 cujus
1778 3785 1900 3832 vox
1950 3759 2289 3830 mirabilis
2324 3772 2456 3830 toto
2499 3761 2660 3831 orbe
2707 3762 3112 3831 audietur.»

577 3850 674 3920 Ab
722 3850 870 3940 ipso
918 3862 1145 3920 autem
1185 3863 1341 3920 ortu
1381 3872 1506 3919 suo
1541 3851 1911 3919 triennium
1950 3848 2090 3918 fero
2124 3850 2500 3938 permansit
2537 3849 2836 3938 elinguis
2882 3849 3111 3920 insan-

579 3937 744 4019 tula‚
800 3960 925 4008 nec
973 3939 1196 4009 ullum
1241 3938 1455 4009 edidit
1504 3961 1913 4009 sermonem.
1973 3937 2116 4012 Sub
2179 3936 2383 4007 finem
2439 3961 2594 4008 vero
2648 3940 2917 4008 triennii
2971 3953 3111 4008 tam

579 4027 871 4116 perfecte
920 4028 1107 4115 loqui
1154 4029 1399 4117 coepit,
1434 4041 1510 4096 ut
1538 4028 1684 4117 jam
1725 4049 1858 4096 non
1899 4026 2265 4096 infantium
2322 4025 2846 4097 balbutientium
2894 4048 3109 4110 more,

578 4115 695 4186 sed
742 4128 977 4186 contra
1024 4117 1174 4206 ejus
1208 4116 1447 4186 aetatis
1493 4138 1727 4196 usum,
1780 4115 2091 4186 absolute
2140 4138 2262 4187 sua
2300 4116 2500 4185 verba
2548 4119 2967 4186 enunciaret.

665 4205 830 4290 §a
869 4210 1130 4274 Interea
1186 4217 1400 4274 mater
1453 4204 1639 4292 ejus,
1693 4204 2145 4295 eleemosynis
2193 4217 2258 4274 et
2305 4204 2503 4274 bonis
2553 4205 2877 4294 operibus
2927 4226 3116 4272 sem-

580 4312 701 4382 per
747 4291 1012 4373 dedita',
1069 4293 1309 4363 morbo
1375 4291 1790 4382 corripitur,
1855 4305 1919 4363 et
1974 4292 2233 4381 aliquot
2280 4293 2525 4362 diebus
2573 4305 2728 4363 ante
2779 4292 3120 4384 praedicit

577 4380 840 4451 obitum
895 4403 1124 4452 suum.
1180 4386 1486 4469 Cumque
1523 4381 1668 4472 jam
1720 4384 2299 4474 essetmigratura
2349 4404 2388 4451 a
2428 4402 2732 4471 corpore,
2784 4381 3114 4450 maritum

625 4506 652 4533 *
681 4507 872 4548 scillcet
896 4506 1173 4557 Sepulcrum
1195 4507 1234 4547 S.
1256 4507 1419 4547 Jacobt
1438 4508 1778 4557 compostellae
1799 4507 2039 4561 (Santiaqo)
2059 4509 2108 4549 in
2130 4505 2354 4555 Galleeia.
2372 4505 2628 4558 Hispaniae
2646 4517 2801 4559 regno.

733 4767 814 4816 ’Ἄ
