3347 4999
186 304 364 370 OCT.
418 304 501 370 24
1128 322 1207 368 nn
1262 322 1320 368 s.
1372 318 1613 369 sssuocu
1659 321 1807 369 Ana.
2524 307 2655 373 699

191 407 474 496 signum
530 405 828 475 salutare
887 405 1181 485 meruit,
1238 407 1554 495 protinus
1612 407 1838 475 visum
1892 405 2168 495 recepit.
2224 406 2414 477 Alius
2468 428 2745 495 quoque

187 494 608 564 Pictavensis
659 516 853 584 puer,
908 493 1315 583 hujusmodi
1368 495 1608 564 morbo
1657 493 2004 576 laborans,
2043 494 2281 564 audita
2330 496 2745 568 confessoris

185 583 404 670 hujus
450 586 694 673 opera,
750 604 874 674 pro
922 582 1212 652 luminis
1262 582 1513 673 perditi
1563 584 1950 673 receptione
1999 596 2342 673 precatur.
2406 590 2548 654 Non
2602 608 2746 656 mo·

185 687 384 742 ratur
430 672 571 752 ille,
624 671 741 741 sed
786 671 1107 742 invocato
1155 671 1405 743 Christi
1453 672 1761 754 nomine,
1813 676 2099 742 Crucem
2130 672 2355 742 oculis
2393 674 2581 744 caeci
2618 674 2745 743 im-

185 762 411 852 ponit,
464 761 835 848 statimque
880 760 1227 830 defluente
1276 761 1419 831 rivo
1468 761 1882 851 sanguinis,
1936 760 2055 830 lux
2105 761 2405 841 intravit,
2459 784 2539 830 ac
2591 775 2743 852 post

187 851 249 919 vi
311 850 433 920 inti
484 871 828 919 annorum
898 850 1249 919 curricula
1283 905 1298 930 ,
1352 850 1631 920 orbatae
1685 849 1894 920 fronti
1988 851 2376 921 eminorum
2432 850 2740 921 siderum

177 941 262 1031 ju
318 962 399 1009 ar
428 939 777 1008 inclaruit.
814 943 961 1007 Duo
992 939 1190 1027 pueri
1219 940 1552 1010 membris
1580 938 1910 1009 omnibus
1990 937 2227 1019 ebileS,
2259 950 2325 1009 et
2357 939 2427 1007 in
2458 940 2745 1010 modum

186 1028 527 1119 sphaerae
576 1029 644 1096 in
699 1027 1117 1097 rotunditate
1164 1029 1522 1109 contracti,
1563 1028 1716 1118 ejus
1763 1029 2249 1119 conspectibus
2296 1039 2460 1098 sunt
2507 1028 2741 1109 delati,

186 1117 452 1205 quibus
500 1116 846 1206 impositis
894 1118 1221 1187 manibus
1251 1171 1271 1197 ,
1327 1116 1812 1207 redintegratis
1865 1117 2157 1186 artubus
2188 1172 2204 1198 ,
2273 1118 2489 1187 unius
2538 1117 2747 1189 horae

185 1217 543 1276 momento
571 1217 946 1291 utrumque
981 1205 1282 1275 reddidit
1309 1205 1732 1276 absolutum.
1779 1206 2301 1294 Geminavitque
2341 1205 2595 1276 deinde
2629 1229 2744 1297 ge·

188 1295 424 1365 minae
460 1294 730 1365 virtutis
762 1294 1201 1365 beneficium.
1254 1299 1431 1365 Puer
1485 1317 1642 1364 cum
1707 1293 1939 1385 puella
1976 1316 2209 1365 eoram
2258 1316 2338 1365 eo
2377 1296 2749 1366 contractis

185 1384 516 1453 manibus
563 1383 979 1453 adstiterunt
1023 1383 1222 1473 (erat
1268 1396 1495 1454 autem
1535 1396 1700 1453 tunc
1738 1383 2043 1454 medium
2093 1383 2448 1454 Paschalis
2495 1383 2744 1455 festum

184 1472 748 1562 solemnitatis),
801 1494 1103 1560 cumque
1162 1495 1285 1563 pro
1333 1494 1499 1542 suae
1546 1472 1949 1542 directionis
2002 1472 2266 1543 medela
2319 1473 2434 1542 Dei
2482 1473 2747 1544 famulo

183 1561 689 1652 supplicarent,
743 1573 808 1630 et
855 1560 971 1630 ille
1024 1584 1145 1651 pro
1190 1585 1295 1643 ea,
1348 1584 1526 1648 quae
1573 1561 1657 1631 ad
1710 1560 2071 1631 ecclesiam
2111 1575 2567 1644 convenerat,
2625 1585 2748 1653 po-

188 1651 340 1741 puli
401 1649 789 1738 frequentia
838 1648 1007 1719 haec
1054 1650 1322 1754 agenda
1372 1650 1721 1731 differret,
1779 1650 2149 1740 indignum
2205 1671 2276 1720 se
2326 1650 2694 1720 clamitans
2725 1706 2742 1733 ,

186 1762 309 1831 per
356 1761 561 1827 quem
619 1744 792 1808 Deus
845 1739 1144 1808 infirmis
1196 1741 1523 1830 praebere
1570 1739 1909 1810 beneficia
1956 1738 2365 1828 dignaretur
2394 1794 2410 1821 ,
2474 1739 2748 1829 suppli-

181 1828 511 1900 cantibus
544 1827 841 1908 cunctis,
884 1851 1134 1897 manus
1168 1850 1408 1898 eorum
1450 1828 1598 1900 suis
1630 1828 1939 1917 suscepit
1974 1828 2042 1895 in
2086 1828 2452 1897 manibus:
2488 1830 2748 1916 quibus

184 1918 590 1999 attrectatis,
612 1916 1030 2004 directisque
1055 1916 1316 2008 digitis,
1341 1939 1547 1988 sanos
1564 1916 1934 1987 abscedere
1952 1916 2172 2001 jubet.
2194 1918 2444 2007 Benaja
2471 1938 2748 2006 quoque

181 2008 351 2098 (hoc
390 2007 574 2075 enim
613 2019 759 2076 erat
810 2027 1060 2076 nomen
1107 2006 1474 2096 mulieris),
1532 2004 1771 2076 oculos
1810 2005 2127 2074 deferens
2180 2005 2457 2076 clausos
2488 2061 2503 2088 ,
2560 2019 2748 2077 tactu

189 2094 520 2167 salutaris
553 2094 868 2164 dexterae
917 2094 1301 2176 benedicta,
1342 2094 1736 2163 illuminata
1776 2093 2120 2164 discessit.
2639 2136 2645 2143 ·

276 2187 313 2271 ξ
360 2189 436 2254 2.
493 2183 620 2253 Sed
645 2205 767 2253 nec
793 2183 960 2254 illud
988 2183 1211 2253 occuli
1245 2205 1540 2271 aequum
1582 2194 1771 2272 pute,
1812 2184 1995 2270 quod
2034 2183 2314 2273 saepius
2342 2184 2495 2275 ejus
2527 2184 2746 2254 oratio

189 2274 384 2342 virus
433 2273 859 2362 serpentium
896 2272 1249 2341 exinanire
1281 2272 1602 2354 obtinuit‚
1659 2275 1804 2340 Duo
1837 2273 2021 2341 enim
2063 2270 2311 2342 tumidi
2352 2296 2587 2342 morsu
2622 2274 2747 2362 hy-

189 2361 327 2440 dri,
381 2361 533 2451 ejus
585 2361 877 2450 pedibus
915 2374 1466 2449 prosternuntur,
1502 2359 1950 2451 deprecantes
1984 2373 2058 2431 ut
2089 2361 2302 2442 viruS,
2340 2361 2523 2449 quod
2567 2362 2748 2432 mala

189 2449 410 2519 bestia
453 2449 744 2519 artubus
797 2449 1234 2519 moribundis
1286 2450 1543 2539 injecit,
1600 2452 1730 2521 sua
1770 2449 2014 2520 virtute
2063 2449 2460 2521 discuteret.
2504 2455 2580 2522 At
2631 2451 2745 2521 ille

184 2538 568 2608 orationem
621 2537 800 2609 fudit
846 2538 929 2608 ad
990 2540 1395 2619 Dominum,
1452 2540 1738 2609 dicens:
1795 2562 1831 2607 «
1880 2539 2162 2608 Domine
2220 2545 2388 2610 Jesu
2451 2540 2739 2621 Christe,

180 2628 308 2716 qui
357 2628 425 2696 in
481 2627 825 2730 principio
873 2642 1121 2697 cuncta
1173 2628 1417 2698 mundi
1481 2629 1816 2698 elementa
1868 2629 2164 2708 creasti,
2233 2643 2298 2698 et
2354 2642 2739 2718 serpentem

184 2717 387 2786 illum
438 2717 768 2787 humanis
816 2716 1274 2807 dignitatibus
1321 2716 1675 2788 aemulum
1715 2771 1730 2798 ,
1791 2719 1924 2787 sub
1966 2717 2331 2787 maledicto
2375 2739 2529 2786 esse
2586 2739 2744 2786 san-

183 2805 386 2886 xisti3
441 2818 514 2875 tu
561 2805 829 2897 depelle
885 2807 973 2875 ab
1043 2806 1149 2875 his
1206 2806 1490 2877 famulis
1540 2808 1677 2876 tuis
1733 2807 1977 2874 veneni
2029 2805 2242 2895 hujus
2297 2804 2555 2874 malum
2595 2859 2609 2885 ,
2667 2819 2742 2874 ut

183 2917 318 2964 non
371 2917 634 2984 angues
680 2895 765 2965 de
813 2895 945 2976 his,
1000 2896 1119 2965 sed
1170 2895 1237 2965 hi
1288 2895 1373 2965 de
1420 2918 1648 2986 angue
1686 2894 1958 2963 valeant
1994 2893 2448 2983 triumphare.
2486 2917 2522 2959 »
2563 2899 2739 2963 Haec

178 2998 408 3053 autem
450 3006 611 3053 cum
660 2984 966 3062 dixisset,
1016 2985 1318 3074 palpavit
1363 3006 1639 3054 omnem
1676 3005 1918 3072 compa
1975 3005 2081 3050 em
2119 2983 2432 3070 corporis
2463 3004 2737 3065 eorum,

181 3073 551 3230 Ξιςέιῇωᾳμε
611 3094 1007 3164 compresso
1081 3089 1390 3154 tumore,
1467 3073 1655 3141 virus
1720 3073 1921 3141 morti
1953 3093 2148 3140 erum
2221 3071 2516 3140 nocendi
2586 3093 2740 3162 per-

238 3184 259 3229 1
317 3176 367 3230 tt
415 3183 615 3230 vires.

272 3253 307 3337 ἓ
355 3252 434 3321 S.
497 3250 645 3318 Dies
682 3252 1072 3320 Dominicae
1107 3249 1629 3320 resurrectionis
1676 3247 2069 3325 advenerat,
2104 3259 2168 3316 et
2204 3247 2410 3317 homo
2445 3248 2732 3336 quidam

179 3338 351 3407 dum
401 3336 484 3406 ad
536 3337 898 3407 ecclesiam
954 3354 1281 3428 pergeret,
1337 3337 1507 3407 vidit
1560 3359 1883 3427 pecorum
1938 3335 2480 3417 multitudinem,
2533 3359 2734 3407 suam

184 3440 482 3516 segetem
566 3426 1095 3513 depascentem;
1180 3428 1538 3517 ingemuit,
1591 3440 1658 3496 et
1704 3426 1837 3495 ait:
1891 3448 1927 3492 «
1965 3430 2093 3494 Vae
2145 3426 2338 3506 mihi,
2392 3427 2557 3514 quia
2615 3448 2741 3496 an-

180 3514 413 3584 nualis
466 3516 598 3584 mei
649 3515 903 3585 laboris
950 3537 1158 3604 opera
1209 3517 1300 3585 ita
1348 3515 1635 3606 deperit,
1692 3528 1768 3585 ut
1820 3514 1990 3583 nihil
2047 3536 2330 3604 prorsus
2378 3537 2460 3585 ex
2501 3537 2579 3586 ea
2639 3536 2743 3584 re-

184 3616 480 3673 maneat.
542 3626 579 3671 »
643 3608 721 3673 Et
767 3617 1044 3693 accepta
1111 3626 1350 3674 secure
1385 3659 1400 3685 ,
1466 3604 1847 3695 amputatis
1906 3605 2167 3684 ramiS,
2222 3603 2488 3673 aditum
2552 3603 2741 3705 sepis

176 3691 505 3762 claudere
551 3694 814 3782 coepit,
866 3693 1367 3781 confestimque
1413 3706 1764 3763 contracta
1831 3715 2080 3762 manus
2139 3693 2352 3762 invita
2405 3692 2735 3771 retinuit,

178 3781 364 3870 quod
401 3781 782 3851 voluntarie
814 3782 1359 3871 comprehendit.
1405 3782 1644 3852 Dolore
1679 3804 1833 3851 vero
1862 3781 2255 3872 instigante,
2298 3780 2385 3849 ad
2423 3795 2738 3850 sanctum

180 3870 639 3941 consessorem
670 3884 973 3941 moestus
998 3872 1307 3952 accessit,
1342 3885 1403 3942 tr
1450 3872 1620 3943 hens
1650 3883 1801 3973 post
1840 3893 1910 3941 se
1948 3892 2245 3949 ramum,
2283 3891 2486 3956 quem
2527 3891 2741 3938 manu

183 3960 729 4035 constrinxerat,
794 3960 1092 4030 narravit
1146 3983 1229 4030 ue
1276 3982 1387 4031 om
1449 3961 1557 4041 ia,
1615 3972 1796 4031 stcut
1851 3972 2042 4049 gesta
2088 3971 2307 4028 erant.
2378 3963 2567 4027 Tunc
2627 3956 2742 4026 ille

184 4048 333 4119 oleo
368 4049 842 4119 benedictione
873 4050 1090 4121 sancti
1151 4063 1324 4131 cato,
1381 4070 1665 4119 manum
1715 4070 1928 4117 manu
1977 4049 2350 4137 stringenS,
2398 4047 2742 4116 abstracto

189 4158 378 4206 ramo
411 4191 426 4219 ,
481 4139 756 4208 sanitati
810 4138 1127 4210 restituit.
1202 4138 1329 4208 Sed
1379 4151 1445 4207 et
1505 4137 1836 4226 deinceps
1888 4136 2144 4206 multos
2204 4159 2242 4204 a
2308 4135 2737 4224 serpentium

189 4246 445 4307 morsu,
481 4240 545 4297 et
578 4226 897 4317 pustulae
938 4227 1283 4317 malignae
1318 4249 1600 4307 venen0,
1640 4226 1844 4315 signo
1890 4226 2127 4295 Crucis
2160 4224 2378 4294 locato
2411 4224 2731 4312 desuper,

193 4313 489 4385 reddidit
516 4317 854 4407 sospitati.
899 4314 1265 4385 Nonnullis
1304 4328 1531 4385 autem
1570 4314 1871 4385 obsessis
1918 4314 2279 4383 daemonis
2313 4314 2495 4382 saevi
2532 4312 2739 4383 livore

192 4416 268 4473 ut
299 4427 546 4474 manus
573 4406 927 4496 imposuit,
966 4405 1331 4496 extemplo,
1368 4403 1622 4496 fugatis
1652 4403 2135 4483 daemonibus,
2169 4413 2465 4472 mentem
2497 4423 2737 4471 eorum
