3347 4999
150 365 347 433 OCT.
409 367 455 429 8
1078 382 1156 427 ns
1207 382 1264 427 s.
1316 378 1629 427 nsummo
1680 381 1874 428 MART.
2530 364 2659 428 253

155 466 762 539 sanctificaretur.
797 469 961 535 Cum
1008 465 1220 555 igitur
1269 464 1693 535 Minutianus
1742 471 2083 534 Protector
2116 465 2173 546 ⁴,
2227 465 2459 534 caedis
2509 465 2751 535 fuisset

154 555 621 635 administer,
651 556 750 624 sic
786 559 1021 625 Nestor
1061 554 1552 623 transmittitur
1585 554 1669 622 ad
1714 554 2082 634 Christum,
2115 575 2320 640 quem
2372 554 2632 636 dilexit,
2687 568 2752 624 et

157 670 203 717 a
240 667 390 732 quo
446 655 596 713 erat
645 654 1056 732 accepturus
1104 664 1393 712 coronas
1432 642 1735 733 duplicis
1786 642 2127 711 victoriae.
2167 644 2340 711 Hinc
2389 644 2457 711 in
2514 648 2752 712 Deme-

161 736 389 805 trium
448 733 974 802 criminationes
1036 731 1491 802 intenduntur
1556 731 2093 821 probabiliores,
2145 730 2327 818 quod
2383 734 2529 822 ipse
2576 746 2753 802 esset

162 846 395 893 causa
450 822 685 892 caedis
740 821 960 911 Lyaei.
1014 820 1222 889 Valde
1289 821 1519 908 itaque
1585 822 1802 890 iratus
1858 819 2312 889 Maximianus
2348 875 2362 900 ,
2428 832 2493 889 et
2541 821 2750 889 simu}

164 912 574 983 arbitratus
625 932 760 980 non
810 909 951 978 fore
999 909 1258 978 bonum
1310 910 1714 999 augurium,
1756 911 1814 978 si
1848 909 1910 977 ei
1944 921 2332 979 occurreret
2373 909 2753 979 Demetrius

164 1003 240 1070 in
299 1000 624 1071 stadium
689 998 1134 1080 ascendenti,
1189 998 1271 1066 ad
1340 997 1522 1086 quod
1583 1020 1703 1088 per
1753 998 2100 1068 lavacrum
2169 1011 2315 1067 erat
2374 1020 2745 1077 accessm,

156 1090 375 1182 jubet
433 1095 803 1178 Martyrem
856 1088 1149 1156 interfici
1193 1086 1450 1186 lanceis
1501 1088 1568 1156 in
1621 1087 1708 1156 iis
1757 1087 1927 1177 ipsis
1974 1087 2270 1156 caminis
2306 1142 2321 1169 ,
2375 1088 2442 1156 in
2495 1086 2751 1173 quibus

166 1178 741 1249 custodiebatur.
796 1175 987 1258 Quod
1040 1175 1116 1245 fit
1162 1188 1367 1244 etiam
1406 1177 1499 1245 *ἢ
1555 1182 1632 1246 Et
1680 1187 1754 1244 tu
1801 1176 2107 1263 quidem,
2148 1177 2264 1264 qui
2315 1199 2388 1245 es
2436 1175 2626 1246 omni
2674 1197 2755 1245 ex

167 1281 382 1359 parte
429 1265 728 1357 pulcher
760 1276 824 1334 et
868 1265 1219 1344 honestus,
1285 1266 1602 1346 Demetri,
1646 1264 1766 1351 qui
1819 1264 2186 1334 Dominum
2238 1264 2605 1355 diligenter
2652 1287 2756 1334 se-

170 1358 427 1439 ctariS‚
490 1367 553 1424 et
602 1354 836 1424 omnia
868 1353 1060 1423 illius
1099 1352 1333 1442 diligis
1369 1408 1384 1434 ,
1440 1354 1758 1424 similiter
1814 1366 2017 1441 atque
2074 1354 2221 1444 ipse
2256 1354 2494 1423 lancea
2546 1353 2758 1423 confi-

221 1447 398 1526 eriS,
455 1445 773 1529 hancque
810 1442 1074 1511 invenis
1104 1441 1558 1523 occasionem,
1601 1455 1666 1513 et
1705 1443 1884 1511 viam
1926 1442 2021 1512 tui
2057 1443 2142 1511 ad
2179 1464 2338 1512 eum
2388 1442 2748 1523 adventus,

171 1470 444 1605 ἰθείης
476 1533 757 1619 quidem
804 1542 1080 1621 propter
1129 1530 1358 1612 vitam,
1406 1532 1665 1602 beatior
1712 1545 1939 1601 autem
1983 1543 2261 1631 propter
2299 1531 2655 1602 decessum
2693 1542 2759 1600 et

174 1645 519 1700 coronas,
576 1633 641 1690 et
690 1631 967 1711 propter
1014 1632 1361 1689 aeternam
1404 1634 1592 1690 tuam
1628 1621 2201 1691 cohabitationem
2239 1644 2400 1691 cum
2435 1643 2514 1690 eo
2545 1642 2753 1707 quem

175 1711 672 1783 desiderabas,

275 1805 314 1889 ἓ
368 1804 462 1873 8.
515 1804 696 1868 Haec
744 1797 1024 1884 quidem
1093 1797 1191 1866 sic
1241 1819 1312 1866 se
1361 1796 1752 1880 habebant,
1814 1810 1880 1867 et
1936 1797 2132 1867 humi
2183 1798 2456 1886 jacebat
2503 1818 2758 1887 corpus

179 1888 568 1979 Martyris,
630 1908 852 1973 neque
901 1885 1045 1955 ulla
1091 1885 1244 1973 ejus
1293 1885 1678 1955 habebatur
1738 1885 1932 1955 ratio.
1988 1887 2283 1956 Omnino
2333 1899 2560 1956 autem
2633 1907 2756 1955 nec

184 1992 344 2048 erat
398 1988 745 2055 sanctum,
804 1998 926 2044 nec
964 1979 1093 2044 Deo
1135 1974 1338 2064 plane
1388 1974 1708 2065 dignum,
1773 1997 1895 2063 pro
1949 1997 2087 2062 quo
2138 1997 2415 2064 passum
2458 1988 2602 2044 erat
2650 1997 2762 2044 sa-

185 2080 644 2137 crosanctum
697 2064 872 2133 illud
932 2086 1228 2153 corpuS‚
1293 2064 1392 2132 sic
1450 2064 1681 2154 ipsum
1732 2063 2106 2154 despicere.
2161 2070 2389 2152 Neque
2429 2086 2590 2151 ergo
2641 2063 2762 2132 de-

189 2157 484 2246 spexit:
538 2154 653 2224 sed
692 2152 976 2241 quidam
1027 2175 1107 2221 ex
1147 2152 1232 2222 iis
1263 2207 1278 2234 ,
1334 2152 1455 2239 qui
1511 2152 1857 2222 Christum
1907 2155 2279 2235 amabant,
2337 2168 2539 2222 noctu
2573 2174 2762 2221 acce-

189 2246 472 2323 denteS,
527 2264 686 2312 cum
736 2241 934 2311 valde
975 2240 1262 2331 turpiter
1286 2243 1527 2329 J'acens
1573 2263 1828 2330 corpus
1881 2243 2256 2331 pretiosum
2292 2241 2757 2321 sustulissent,

189 2334 267 2401 id
312 2333 430 2421 pie
478 2341 928 2420 componunt.
985 2329 1238 2424 Deinde
1275 2332 1504 2410 etiam,
1547 2330 1796 2420 injecto
1829 2331 2134 2431 pulvere,
2177 2332 2247 2400 in
2279 2354 2357 2402 eo
2401 2330 2549 2422 ipso
2584 2331 2757 2413 loco,

190 2422 269 2489 in
326 2442 471 2507 quo
519 2421 739 2489 fuerat
777 2431 1326 2502 consummatuS,
1381 2419 1728 2509 sepeliunt
1778 2442 1886 2511 pie
1935 2442 2011 2489 ac
2064 2420 2404 2511 religiose.
2461 2420 2757 2504 Quidam

197 2522 443 2578 autem
494 2531 573 2578 ex
609 2510 835 2579 Sancti
875 2507 1182 2589 famulis,
1223 2522 1414 2578 stans
1447 2531 1660 2599 prope
1707 2531 1892 2589 eum,
1948 2510 2228 2597 quando
2261 2511 2529 2580 beatam
2572 2510 2763 2580 illam

198 2598 428 2670 subiit
474 2598 777 2678 caedem,
830 2619 989 2666 cum
1038 2610 1117 2667 ut
1169 2598 1408 2687 potuit,
1463 2598 1779 2666 divinum
1840 2599 2037 2667 illum
2090 2600 2504 2689 sanguinem
2556 2598 2765 2667 colle-

198 2688 427 2778 gisset
474 2687 541 2755 in
581 2709 774 2757 sacro
824 2687 1140 2775 Martyris
1172 2686 1751 2777 superhumerali,
1797 2698 1883 2768 et,
1923 2710 2129 2775 quem
2182 2710 2393 2756 manu
2428 2687 2759 2777 gestabat,

198 2775 582 2857 annulum,
640 2776 1037 2866 accepisset,
1091 2789 1156 2845 et
1188 2775 1499 2863 Martyris
1548 2775 1888 2866 sanguine
1922 2777 2253 2857 tinxisset,
2308 2798 2428 2865 per
2468 2777 2618 2864 ipsa
2665 2773 2768 2843 fa-

199 2866 436 2936 ciebat
489 2865 788 2956 plurima
838 2863 1197 2934 miracula.
1252 2870 1480 2952 Neque
1518 2877 1661 2935 erat
1696 2864 1884 2934 ullus
1920 2865 2227 2946 morbuS,
2287 2885 2508 2950 neque
2540 2863 2767 2932 malus

200 2954 506 3024 daemon
558 2969 692 3023 tam
731 2953 948 3033 fortis,
987 2953 1156 3040 quin
1209 2954 1463 3033 statim,
1509 2954 1567 3022 si
1604 2953 1794 3022 illius
1843 2954 2111 3024 fecisset
2162 2953 2546 3043 periculum
2582 3007 2596 3032 ,
2651 2974 2767 3020 su-

203 3056 614 3133 peraretur3
668 3042 837 3112 adeo
887 3053 963 3111 ut
1012 3040 1128 3110 tali
1162 3041 1347 3112 fama
1384 3042 1880 3111 miraculorum
1914 3041 2316 3131 impleretur
2358 3054 2493 3111 tota
2526 3040 2768 3109 civitas

204 3131 960 3202 Thessalonicensium.
1016 3135 1161 3213 Quo
1223 3132 1409 3200 circa
1460 3154 1581 3200 nec
1634 3141 1781 3199 erat
1842 3142 2382 3201 consentaneum
2431 3152 2510 3199 ea
2559 3129 2769 3199 latere

204 3221 735 3302 Maximianum,
790 3242 913 3290 nec
962 3219 1136 3288 ferre
1170 3241 1369 3308 posse
1418 3218 1775 3288 invidiam.
1831 3225 1909 3288 Et
1955 3218 2106 3288 ideo
2142 3220 2412 3321 capitur
2452 3219 2769 3307 protinus

204 3308 568 3390 famuluS,
624 3309 868 3377 horum
927 3308 1268 3377 bonorum
1333 3321 1771 3399 procurator,
1838 3319 1902 3377 et
1952 3308 2385 3377 interficitur.
2440 3307 2768 3379 Tribunal

209 3397 436 3477 locus,
493 3398 561 3466 in
614 3418 749 3484 quo
797 3396 930 3466 fuit
976 3397 1291 3478 occisus;
1346 3403 1577 3488 Lupus
1614 3408 1841 3466 autem
1887 3398 2257 3467 vocabatur
2289 3397 2608 3489 egregius
2652 3396 2769 3466 ille

190 3485 546 3557 'famulus
601 3486 1011 3554 Procedente
1058 3499 1284 3556 autem
1337 3500 1687 3575 tempore,
1741 3498 1807 3556 et
1854 3485 2074 3576 signis
2121 3509 2200 3556 ex
2252 3488 2397 3556 loco
2429 3541 2444 3567 ,
2503 3488 2567 3555 in
2634 3509 2773 3574 quo

208 3574 467 3644 latebat
514 3596 767 3664 corpus
798 3576 1138 3664 Martyris,
1184 3587 1331 3644 tum
1366 3574 1858 3656 Macedoniam,
1903 3588 2055 3645 tum
2106 3576 2311 3647 etiam
2348 3576 2772 3645 Thessaliam

210 3663 772 3751 pervadentibus,
811 3664 1188 3750 quinetiam
1226 3663 1522 3753 caligine
1565 3663 2098 3735 simulacrorum
2131 3687 2462 3735 conversa
2510 3666 2578 3734 in
2618 3687 2774 3755 per—

214 3750 460 3822 fectam
514 3753 973 3833 serenitatem,
1015 3753 1298 3839 quidam
1351 3752 1695 3834 LeontiuS,
1750 3767 1815 3823 et
1909 3754 2083 3824 loria
2123 3754 2376 3829 clarus.
2422 3766 2486 3822 et
2524 3753 2774 3824 Christi

215 3844 448 3911 amore
486 3842 761 3923 arden.s;
813 3842 933 3928 qui
988 3853 1150 3911 tunc
1199 3851 1343 3909 erat
1390 3840 1779 3911 Praefectus
1833 3843 2115 3933 Ilyrici‚
2173 3842 2517 3933 profectus
2568 3844 2775 3912 Thes-

221 3930 627 4012 salonicam,
679 3952 719 3998 a
767 3930 957 4018 gravi
1007 3931 1249 3999 morbo
1299 3928 1651 3999 invaditur
1681 3986 1696 4012 ,
1751 3932 1843 4000 ita
1891 3954 2048 4001 eum
2103 3944 2475 4022 premente,
2524 3944 2598 4001 ut
2650 3954 2773 4001 nec

217 4019 622 4102 comederet,
662 4039 788 4087 nec
824 4017 1128 4088 biberet:
1182 4041 1359 4106 quae
1393 4018 1479 4088 ab
1520 4019 1850 4091 omnibus
1898 4033 2123 4090 autem
2178 4020 2441 4109 fugitur
2484 4031 2773 4089 mortem

218 4119 488 4259 putaret
526 4129 668 4177 rem
700 4106 899 4176 valde
932 4108 1331 4198 optandam,
1374 4120 1439 4179 et
1469 4131 1510 4177 a
1545 4108 1752 4188 ma10‚
1793 4107 1976 4195 quod
2011 4130 2168 4177 eum
2215 4108 2518 4190 vexabat,
2552 4108 2771 4177 solam

251 4192 719 4266 iberationem.
778 4202 945 4265 Cum
996 4218 1158 4288 ergo
1199 4209 1263 4267 et
1298 4197 1548 4267 medici
1582 4221 1621 4266 a
1664 4198 1904 4267 morbo
1943 4209 2173 4286 aperte
2207 4196 2663 4277 vincerentur,
2712 4209 2778 4266 et

220 4283 604 4355 amicorum
670 4286 1059 4376 praesentia
1122 4286 1206 4354 ad
1274 4286 1776 4356 consolandum
1824 4285 2130 4354 dolorem
2191 4286 2419 4355 inanis
2471 4287 2664 4355 labor
2709 4286 2775 4355 ei

272 4438 295 4459 ⁰
325 4443 589 4483 Protectores
606 4445 882 4488 dicebantur
901 4445 1093 4491 milites,
1114 4445 1195 4494 qui
1212 4444 1585 4495 Imperatoribus
1607 4444 1858 4485 adstabant
1877 4442 2081 4495 (qum-<lie
2099 4446 2166 4485 del
2184 4447 2344 4496 corpo).

278 4493 330 4519 *³*
358 4496 508 4548 Anno,
525 4500 579 4539 ut
602 4497 800 4545 videtur.
820 4500 912 4540 306.
