3347 4999
204 327 367 395 ocr.
426 327 509 392 ⁴7
630 294 635 299 ⁴
1080 346 1155 392 m:
1203 348 1256 392 s.
1314 344 1605 393 nznwma
1653 344 1848 391 vmm.
2507 324 2622 390 52⁴

201 428 702 499 sanctissimam
752 430 1060 501 Christus
1092 429 1441 500 transtulit
1472 428 1541 498 in
1578 429 1903 519 abyssum
1955 449 2121 497 suae
2149 428 2504 509 claritatis,
2545 446 2726 495 anno

200 516 438 589 salutis
508 522 728 599 ⁴243,
808 517 1046 588 Idibus
1111 518 1461 599 OctobriS,
1540 518 1667 588 sub
1763 516 1996 587 horam
2076 517 2580 608 vespertinam,
2651 527 2727 585 ut

196 630 327 695 quo
368 620 670 696 tempore
718 605 835 676 illa
900 607 1364 678 consuevisset
1430 607 1582 676 cibo
1645 606 1838 676 arido
1897 606 2170 676 reficere
2226 628 2344 675 cor
2396 603 2716 674 usculum

198 719 425 777 suum,
466 694 947 766 transferretur
978 696 1059 764 ad
1106 696 1479 766 immensas
1512 695 1794 766 delicias
1822 695 2146 785 paradisi,
2186 707 2248 763 et
2281 718 2319 763 a
2420 692 2728 763 intermi-

196 798 390 854 natae
419 785 671 871 quietis
698 785 1084 867 sabbatum,
1121 809 1279 854 cum
1310 786 1572 856 Sanctis
1619 785 1945 855 omnibus
1978 783 2492 854 celebrandum.

277 877 312 962 ξ
360 877 501 946 42.
583 880 842 964 Corpus
887 876 1198 944 exanime
1244 898 1403 945 cum
1454 875 1732 944 abluere
1789 873 1984 944 vellet
2033 872 2474 943 wenceslaua
2538 872 2726 940 Prio-

196 963 369 1033 rissa
415 985 573 1032 cum
615 963 875 1050 aliquot
921 963 1315 1046 sororibuS,
1373 965 1628 1034 invenit
1677 964 2055 1054 asperrimo
2096 962 2414 1031 indutum
2469 961 2721 1032 cilicio,

194 1067 256 1123 et
302 1074 470 1129 zona
519 1075 599 1121 ex
662 1074 993 1139 equorum
1045 1053 1206 1123 setis
1251 1054 1551 1123 confecta
1616 1053 1945 1124 cinctum.
2002 1052 2266 1136 Quibus
2328 1073 2486 1120 curn
2552 1049 2724 1118 illud

195 1144 593 1222 exuissent,
645 1141 981 1229 quaedam
1047 1142 1315 1213 futurae
1382 1142 1638 1233 gloriae
1687 1142 1883 1234 signa
1947 1142 2017 1211 in
2079 1164 2156 1211 eo
2205 1141 2504 1211 extitere.
2559 1145 2725 1209 Nam

195 1232 380 1301 color
427 1232 577 1317 ejus
612 1285 630 1310 ,
686 1231 806 1319 qui
853 1253 929 1300 ex
979 1232 1235 1302 crebris
1288 1231 1579 1323 jejuniis
1626 1244 1691 1301 et
1747 1230 2093 1322 perpetuis
2159 1229 2730 1320 castigationibus

197 1320 498 1411 pallidus
548 1318 687 1389 sive
732 1342 1014 1390 croceus
1071 1321 1338 1401 fuerat,
1391 1334 1592 1409 atque
1648 1322 1735 1391 ob
1784 1333 2014 1391 aestus
2059 1334 2124 1390 et
2171 1320 2435 1410 algores
2492 1318 2575 1387 ad
2631 1318 2731 1386 ni-

195 1409 547 1501 gredinem
601 1409 1103 1480 declinaverat:
1149 1411 1327 1479 cutis
1358 1432 1630 1498 quoque
1664 1422 2048 1500 corrugata,
2088 1411 2218 1479 sub
2257 1409 2567 1479 omnium
2606 1406 2726 1475 ad-

195 1510 434 1589 spectu
483 1498 701 1567 instar
749 1499 925 1567 nivis
974 1499 1447 1589 splendescere
1507 1500 1778 1589 coepit,
1846 1498 2155 1586 lucisque
2222 1509 2732 1587 repraesentare

195 1588 588 1659 candorem.
626 1589 856 1657 Facies
885 1610 963 1657 ex
1001 1590 1236 1659 morbo
1273 1612 1532 1670 crocea,
1581 1590 1646 1657 in
1691 1588 2013 1658 defuncta
2070 1588 2209 1657 visa
2259 1600 2359 1657 est
2405 1586 2725 1663 candida,

193 1698 409 1769 genae
458 1676 705 1746 rubore
742 1677 1076 1767 perfusae,
1121 1678 1299 1748 labia
1349 1678 1745 1748 rutilantia:
1802 1679 1888 1747 ita
1926 1690 2002 1747 ut
2033 1676 2367 1765 quaedam
2416 1675 2732 1766 pulcher-

194 1768 372 1835 rima
411 1767 922 1855 conspiceretur
971 1768 1251 1859 effigieS,
1308 1770 1506 1858 signa
1561 1765 1812 1837 mortui
1869 1767 2169 1837 hominis
2212 1766 2405 1836 nulla
2453 1787 2614 1855 prae
2663 1787 2735 1831 se

194 1856 443 1925 serens.
498 1855 706 1924 Pedes
752 1857 903 1945 ejus
950 1860 1225 1947 saepius
1273 1871 1470 1926 antea
1506 1857 1830 1944 squalidi,
1877 1857 2095 1926 instar
2146 1855 2337 1926 lactis
2389 1854 2585 1922 nitidi
2640 1854 2732 1921 vi-

192 1945 549 2014 sebantur.
606 1943 768 2013 Calli
819 1967 1121 2035 genuum
1165 1946 1339 2034 ejus,
1379 1968 1552 2034 quos
1599 1948 1833 2015 vivens
1881 1945 2409 2035 diligentissime
2443 1944 2753 2012 abscon-‘

187 2035 408 2112 derat,
450 2046 590 2101 tum
643 2056 683 2102 a
730 2034 1005 2104 feminis
1056 2036 1665 2107 circumstantibus
1721 2036 2356 2139 pertractabantur,
2401 2034 2514 2121 qui
2570 2054 2736 2101 sane

190 2122 658 2209 adspicientes
705 2122 1156 2193 admiratione
1191 2125 1577 2195 afficiebant
1611 2138 1675 2195 et
1708 2125 1956 2213 jubilo,
2002 2147 2158 2194 cum
2194 2125 2260 2191 in
2305 2135 2441 2192 tam
2483 2121 2732 2191 illustri

192 2210 455 2280 femina
503 2226 858 2281 cernerent
893 2213 1174 2304 vestigia
1207 2215 1437 2283 eximii
1480 2215 1761 2284 fervoris
1796 2216 1863 2282 in
1902 2215 2172 2296 servitio
2208 2213 2462 2282 summi
2503 2211 2728 2301 Regis.

188 2306 404 2369 Erant
434 2299 615 2399 enim
658 2300 704 2367 ii
739 2301 921 2381 calli,
968 2316 1042 2372 ut
1083 2316 1363 2373 testatur
1419 2327 1610 2374 soror
1656 2305 1888 2383 Jutha,
1943 2326 2118 2390 quae
2156 2325 2271 2372 eos
2321 2303 2467 2373 suis
2516 2300 2735 2370 oculis

188 2401 570 2477 conspexit,
624 2389 919 2459 duorum
975 2414 1360 2482 pugnorum
1400 2393 1911 2481 magnitudine:
1951 2393 2429 2480 quaedamque
2476 2391 2574 2460 eis
2625 2413 2735 2459 ru-

189 2494 437 2579 pturae
487 2479 776 2560 inerant,
831 2493 895 2550 et
941 2483 1292 2571 congeries
1342 2482 1641 2570 pulveris
1690 2483 1981 2553 arenosi.
2035 2486 2252 2552 Orans
2299 2482 2481 2552 enirn
2537 2502 2736 2570 saepe

190 2567 407 2637 nudis
454 2569 768 2657 genibuS‚
815 2592 889 2638 ex
929 2571 1115 2640 nudo
1151 2573 1560 2662 pavimentO,
1616 2574 1872 2660 quibus
1919 2594 1996 2641 ea
2037 2572 2361 2653 affixerat,
2416 2570 2736 2640 arenulas

185 2670 579 2740 attraxerat,
644 2680 820 2744 quae
868 2658 1139 2729 fissuris
1188 2660 1323 2732 illis
1383 2662 1610 2732 adhuc
1672 2663 2026 2732 inhaerere
2082 2662 2514 2732 videbantur.
2578 2665 2736 2728 Loto

186 2769 503 2836 corpore,
558 2761 621 2817 et
659 2748 724 2815 in
763 2748 1005 2819 feretro
1049 2750 1163 2829 ita,
1206 2764 1284 2820 ut
1325 2774 1448 2840 par
1494 2764 1659 2831 erat,
1716 2751 1995 2821 honeste
2042 2750 2443 2840 compositO,
2502 2769 2737 2817 mona·

183 2837 364 2907 chae
398 2837 913 2908 Trebnicienses
961 2840 1411 2928 cupidissime
1460 2854 1916 2921 accurrentes,
1972 2840 2288 2930 singulae
2320 2837 2499 2926 quod
2555 2849 2737 2926 pote-

184 2938 370 3004 rant,
420 2925 503 2994 de
538 2948 735 2996 sacro
768 2949 1051 3018 corpore
1100 2929 1246 3017 ejus
1281 2929 1410 3000 sibi
1455 2931 1917 3000 vindicabant.
1973 2929 2155 2998 Aliae
2188 2951 2280 2997 un
2337 2949 2456 2996 ues
2504 2948 2539 2993 c
2591 2947 2735 2993 ma-

184 3016 405 3085 nibus
454 3027 518 3083 et
560 3016 873 3104 pedibuS,
923 3018 1284 3107 pleraeque
1332 3019 1621 3108 capillos
1662 3018 2167 3108 praecidebant.
2221 3023 2264 3085 Α
2353 3028 2730 3085 extremum

179 3126 350 3174 cum
384 3125 691 3194 congrua
722 3106 1111 3176 celebritate
1144 3108 1505 3177 thesaurus
1535 3107 1648 3176 ille
1685 3106 2207 3176 inaestimabilis
2257 3109 2323 3176 in
2375 3104 2731 3175 ecclesiam

175 3195 615 3284 deportatus,
671 3194 901 3264 triduo
938 3195 1077 3264 illic
1132 3197 1536 3267 inhumatus
1571 3196 1990 3286 permansit,
2049 3195 2284 3266 multis
2318 3194 2402 3263 ad
2455 3214 2728 3263 sacrum

176 3305 446 3373 corpus
497 3283 554 3348 vi
612 3282 940 3353 ilantibus
988 3298 1053 3353 et
1101 3286 1456 3355 orantibus
1490 3340 1505 3366 ‚
1568 3286 1971 3372 cunctisque
2021 3285 2465 3354 laudantibus
2524 3288 2732 3352 Deum

178 3394 314 3465 pro
375 3371 561 3438 omni
621 3395 704 3441 us
757 3394 933 3459 quae
992 3374 1300 3444 viderant
1346 3387 1408 3444 et
1448 3374 1829 3443 audierant.
1887 3380 2087 3443 Soror
2131 3374 2342 3444 Jutha
2389 3396 2467 3444 ex
2518 3372 2737 3441 incisa

178 3484 361 3531 vena
404 3481 684 3528 manum
723 3460 961 3531 habuit
996 3463 1373 3552 periculose
1403 3464 1967 3533 intumescentem
2006 3477 2069 3534 et
2104 3464 2406 3533 lividam.
2445 3462 2736 3531 Accessit

174 3552 266 3622 ad
310 3570 587 3638 corpuS,
628 3550 694 3616 in
734 3550 977 3620 feretro
1004 3552 1241 3635 ‚iacens
1274 3565 1337 3620 et
1372 3551 1596 3621 cilicio
1637 3553 2062 3635 obvolutum,
2117 3553 2418 3623 admovit
2461 3551 2560 3620 illi
2595 3574 2736 3618 tna-

178 3662 357 3709 num
395 3692 409 3718 ,
464 3638 904 3724 sentiensque
953 3640 1182 3709 odoris
1242 3641 1485 3710 miram
1553 3642 2053 3731 fragrantiam,
2111 3665 2392 3712 manum
2463 3640 2738 3710 retraxit

180 3727 639 3799 incolumem.
694 3734 894 3796 Soror
947 3729 1250 3811 Martha,
1320 3731 1692 3801 innaturali
1751 3731 2044 3818 quadarn
2107 3745 2169 3800 et
2230 3729 2735 3820 inextinguibili

171 3819 296 3889 siti
346 3815 706 3885 biennium
761 3830 825 3886 et
878 3839 955 3885 eo
1006 3819 1309 3907 amplius
1364 3833 1591 3889 vexata
1643 3822 2019 3908 crebroque
2087 3821 2494 3912 reprehensa
2550 3818 2733 3905 quod

173 3906 510 3979 noctibus
559 3905 870 3988 biberet,
928 3907 1142 3977 nimia
1201 3931 1347 3977 eam
1420 3911 1528 3978 siti
1589 3924 1871 4000 cogente
1907 3966 1921 3990 ,
1975 3932 2132 3980 cum
2184 3909 2494 3980 ablutum
2560 3922 2737 3977 esset

168 4018 442 4085 corpus
501 3996 813 4064 exanime
877 4011 1153 4066 sanctae
1201 3997 1589 4098 Hedwigis,
1655 4002 1805 4086 ejus
1871 4000 2131 4068 meritis
2194 4021 2324 4068 non
2390 3997 2734 4066 immerito

168 4087 433 4164 sidem,
489 4086 584 4154 sic
636 4085 851 4154 oravit
898 4109 975 4155 eo
1015 4086 1081 4154 in
1136 4086 1304 4167 loco,
1346 4087 1465 4155 ubi
1507 4087 1624 4156 illa
1660 4088 1822 4157 lotio
1863 4088 2032 4157 facta
2071 4089 2325 4156 fuerat:
2373 4110 2406 4152 «
2447 4086 2731 4155 Domina

168 4195 335 4243 mea
388 4174 581 4242 beata
621 4174 985 4264 HedwigiS,
1043 4175 1250 4245 libera
1307 4199 1413 4246 me
1462 4176 1547 4245 ab
1589 4176 1715 4246 hac
1762 4177 2093 4258 molestia,
2149 4188 2212 4246 ct
2254 4175 2720 4265 improperiiS,

162 4283 360 4349 quae
407 4263 555 4361 ejus
601 4286 806 4333 causa
873 4265 1184 4353 patior.»
1253 4271 1534 4353 Moxque
1583 4266 1917 4335 accedens
1964 4266 2044 4335 ad
2119 4266 2402 4355 pelvim,
2458 4265 2730 4335 cunctis

158 4351 604 4434 absenttbnS,
658 4358 834 4440 aqu-lt
886 4353 999 4422 loti
1048 4354 1201 4440 ojus
1257 4355 1596 4443 corpori5‚
1651 4378 1826 4442 quae
1881 4355 2021 4424 illic
2082 4355 2320 4425 relicta
2374 4368 2562 4435 erat,
2625 4377 2725 4435 OS,

155 4438 431 4511 collum
466 4454 529 4509 et
559 4456 795 4530 guttur
826 4465 1029 4512 suum
1072 4442 1311 4523 abluit,
1352 4458 1416 4513 et
1449 4444 1808 4514 confestim
1861 4459 2096 4515 curata
2128 4456 2251 4514 est.
