3347 4999
209 309 384 374 OCT.
441 310 479 372 9
886 326 963 371 ns
1012 326 1065 371 s.
1123 324 1429 372 tuoovmo
1478 325 1842 371 summano
1891 324 2072 373 cour.
2534 312 2662 376 295

214 410 599 501 prudentia,
622 431 755 497 qua
797 409 1147 498 praeditus
1178 422 1343 478 enat.
1364 409 1749 478 Humilitati
1782 409 1878 478 sic
1906 409 2225 479 addictus
2253 409 2401 493 fuit,
2437 425 2514 482 ut
2541 413 2608 482 in
2638 414 2751 483 sui

214 499 411 568 nihili
447 499 836 589 cognitione
862 511 927 567 et
961 497 1601 568 viliexistimatione
1652 509 1977 597 perpetuo
2015 511 2417 569 moraretur.
2473 506 2555 571 Se
2603 524 2750 571 om-

207 589 402 657 nium
443 590 509 656 in
562 587 930 655 virtutibus
972 587 1367 665 minimum,
1407 587 1474 653 in
1530 598 1827 674 peccatis
1880 586 2255 655 maximum
2360 590 2745 672 medicam,

204 677 533 763 omnibus
564 677 846 746 subesse
876 675 1248 764 satagebat,
1286 675 1374 744 ab
1408 674 1578 763 ipsis
1607 674 1880 745 novitiis
1913 673 1996 743 de
2030 675 2177 743 suis
2212 674 2294 743 de
2326 678 2590 748 ectibus
2623 680 2749 748 ad-

211 766 477 834 moneri
513 786 644 833 non
683 763 904 833 solum
939 763 1272 853 gaudens,
1309 764 1438 832 sed
1480 764 1684 832 etiam
1728 784 1929 853 saepe
1973 763 2346 852 imperanS,
2390 788 2460 835 se
2513 766 2745 856 ipsum

209 854 721 944 perturbantem
754 853 983 922 omnia
1017 874 1096 922 ac
1131 852 1351 923 solum
1379 852 1595 922 Judae
1631 852 1997 942 proditoris
2031 873 2109 920 ac
2141 851 2554 923 daemonum
2592 876 2755 923 con-

201 944 414 1012 sortio
453 943 740 1031 dignum
775 941 1155 1031 appellans,
1189 942 1574 1011 innumeris
1602 941 1855 1045 aliis‘se
1879 942 2106 1029 ipsum
2142 941 2413 1030 probris
2436 955 2500 1012 et
2522 944 2753 1015 convi-

210 1033 338 1101 ciis
366 1032 715 1101 onerabat.
740 1034 1023 1100 Summo
1057 1051 1382 1110 moerore,
1430 1051 1587 1100 cum
1625 1030 1998 1099 honorifice
2030 1043 2147 1097 aut
2201 1044 2600 1109 tractaretur
2635 1045 2755 1101 aut

204 1122 654 1210 exciperetur,
687 1118 1133 1199 afficiebatur,
1175 1120 1289 1198 ita,
1323 1132 1420 1200 ut,
1457 1120 1916 1207 procumbens
1939 1118 2006 1186 in
2032 1139 2279 1208 genua,
2309 1141 2390 1188 ne
2425 1123 2752 1191 manibus

202 1211 355 1279 suis
377 1209 607 1279 oscula
641 1208 946 1297 figerent,
972 1207 1476 1297 deprecaretur,
1515 1230 1593 1278 ac
1625 1208 2048 1296 paternitatis
2081 1206 2275 1278 titulo
2307 1209 2490 1296 prior
2522 1232 2591 1280 se
2632 1210 2753 1279 lio·

206 1299 438 1369 norari
475 1297 873 1366 inhibuerit.
911 1298 973 1365 Si
1005 1318 1207 1382 quem
1241 1296 1517 1366 laesisse
1550 1300 1675 1365 sua
1709 1295 2045 1366 moestitia
2075 1308 2191 1364 aut
2216 1296 2447 1378 aliter,
2478 1299 2750 1368 timuis-

203 1402 325 1467 set,
361 1388 764 1477 genussexus
793 1386 1057 1455 veniam
1094 1387 1434 1475 poscebat.
1467 1384 2075 1454 Concionatoribus
2106 1385 2307 1454 etiam
2346 1386 2538 1474 ipsis,
2575 1408 2750 1473 quos

203 1475 645 1555 instruxerat,
705 1475 1097 1542 ministrum
1151 1496 1222 1544 se
1262 1473 1621 1563 jungebat,
1663 1495 1788 1542 nec
1837 1474 2050 1543 ulli'us
2091 1474 2407 1560 quamvis
2445 1476 2749 1545 inerudi-

203 1578 347 1634 tum
404 1585 785 1633 sermonem
829 1562 949 1633 des
1001 1563 1157 1632 exit.
1208 1568 1284 1632 In
1327 1563 1497 1651 ipsis
1536 1562 1885 1633 favoribus
1917 1561 2330 1633 coelestibus
2378 1577 2443 1633 et
2489 1564 2747 1637 divinis

203 1652 735 1722 revelationibus
776 1652 931 1720 miri
964 1673 1061 1720 tce
1092 1651 1503 1721 humilitatis
1547 1652 1866 1740 spiritum
1898 1650 2287 1720 custodivit.
2336 1653 2601 1722 Timore
2628 1654 2749 1740 ju-

203 1742 545 1811 diciorum
587 1741 698 1809 Dei
752 1739 1133 1829 perculsuS,
1189 1763 1260 1809 se
1300 1740 1366 1809 in
1412 1739 1756 1809 infernum
1809 1740 2112 1829 demergi
2143 1739 2273 1808 sibi
2312 1740 2443 1829 ipsi
2478 1742 2749 1813 videba-

203 1845 362 1909 tur;
415 1831 526 1898 cui
579 1831 891 1898 timorem
945 1828 1265 1905 filialem,
1319 1852 1357 1898 a
1408 1834 1538 1898 Deo
1589 1828 1912 1919 precibus
1950 1842 2015 1897 et
2067 1830 2302 1917 poenis
2358 1829 2741 1912 obtentum,

195 1919 324 2004 jun
383 1941 529 1996 ens,
577 1932 877 1986 moestus
925 1931 988 1987 et
1043 1917 1334 2006 pavidus
1382 1918 1713 1987 continuo
1766 1918 2163 2007 apparebat.
2219 1918 2548 1989 Eumdem
2593 1942 2748 2008 pro-

203 1942 460 2075 fundae
510 2005 919 2075 humilitatis
969 2006 1286 2097 spiritum
1360 2007 1427 2075 in
1489 2007 1617 2076 sibi
1686 2006 2119 2076 subditorum
2170 2005 2499 2076 cordibus
2551 2029 2745 2097 supe·

204 2095 345 2163 rior
384 2095 678 2163 existens
707 2094 954 2163 inferre
1005 2095 1292 2174 studuit,
1330 2095 1558 2164 dicere
1591 2094 1836 2163 solitus
1873 2095 2270 2184 religiosum
2312 2095 2744 2184 perfectionis

202 2184 540 2272 cupidum
570 2184 814 2252 debere
841 2206 1164 2274 spernere
1195 2207 1289 2262 se,
1323 2205 1642 2273 spernere
1681 2183 1972 2253 nullum.
2003 2205 2326 2272 spernere
2363 2185 2730 2266 mundum,

202 2284 270 2339 et
311 2294 630 2360 spernere
680 2294 749 2340 se
790 2274 1045 2360 sperni.
1102 2278 1175 2342 In
1227 2272 1336 2342 his
1373 2293 1945 2359 unumquemque
1979 2272 2077 2341 sic
2114 2271 2442 2360 prolicere
2491 2273 2741 2344 debere

202 2359 499 2433 dicebat,
544 2374 620 2430 ut
679 2362 1039 2447 quantavis
1088 2362 1331 2430 virtute
1386 2374 1451 2430 et
1516 2361 1776 2429 meritis
1833 2359 2064 2430 clarus
2118 2372 2316 2442 esset,
2384 2384 2739 2449 nunquam

204 2461 431 2519 tamen
483 2449 566 2518 de
614 2470 685 2518 se
735 2462 1220 2550 praesumeret,
1277 2464 1394 2519 aut
1434 2472 1504 2520 se
1551 2449 1763 2519 alicui
1817 2448 2203 2540 praeferret.

291 2540 326 2625 ἓ
376 2545 471 2610 6.
525 2544 788 2628 Magnis
844 2540 1175 2608 aestuavit
1222 2539 1574 2610 charitatis
1629 2562 1792 2628 erga
1843 2544 2050 2608 Deum
2106 2539 2471 2620 incendiis,
2525 2561 2734 2627 quam

203 2649 559 2714 nunquam
603 2627 1118 2696 tribulationum
1154 2650 1371 2714 aquae
1404 2629 1800 2719 extinguere
1837 2641 2241 2718 potuerunt3
2286 2627 2472 2697 unde
2501 2641 2567 2697 et
2596 2629 2739 2698 zelo

201 2716 316 2784 Dei
366 2716 618 2785 arde-ns
665 2716 1015 2796 urebatur,
1070 2716 1127 2785 si
1175 2717 1294 2803 qui
1342 2730 1575 2787 contra
1628 2717 1742 2786 Dei
1799 2731 2159 2807 praecepta
2214 2716 2441 2786 moliri
2475 2729 2595 2786 aut
2643 2718 2736 2786 vi-

197 2804 388 2873 deret
435 2820 553 2874 aut
600 2805 891 2874 audiret.
937 2804 1112 2887 Quin
1163 2818 1228 2874 et
1265 2828 1616 2876 sermones
1664 2807 1815 2896 ejus
1847 2820 1922 2876 ut
1955 2806 2135 2874 faces
2167 2805 2521 2886 ardebant,
2562 2805 2739 2875 nihil

199 2892 285 2960 de
319 2894 532 2962 seculi
570 2894 864 2963 vanitate
911 2894 1193 2963 mixtum
1231 2895 1690 2970 continentes,
1730 2894 1845 2963 sed
1901 2893 1998 2962 vel
2036 2893 2118 2962 ad
2165 2895 2278 2962 Dei
2321 2893 2731 2963 famulatum

202 2981 303 3050 vel
348 2983 431 3051 ad
492 2983 973 3073 poenitentiam
1032 2996 1096 3052 et
1147 2998 1576 3072 peccatorum
1640 2983 2155 3051 detestationem
2216 2981 2456 3050 directi
2516 2996 2732 3051 erant.

203 3072 546 3158 Frequens
575 3071 701 3140 fuit
734 3071 803 3140 in
844 3093 1077 3141 sacrae
1111 3072 1500 3162 Scripturae
1534 3072 1891 3143 sententiis
1924 3082 2042 3138 aut
2083 3074 2486 3140 Sanctorum
2526 3071 2737 3171 gestis

199 3160 653 3240 enarrandis;
701 3182 951 3249 magno
996 3159 1253 3229 fervore
1297 3181 1720 3249 exaggerans
1757 3158 2176 3228 horrendum
2228 3180 2378 3228 esse
2426 3159 2739 3229 incidere

203 3243 270 3312 in
318 3270 569 3317 manus
619 3249 730 3317 Dei
766 3249 1053 3318 viventis
1103 3262 1167 3316 et
1215 3249 1393 3319 irati.
1447 3255 1621 3317 Hinc
1675 3247 1907 3336 plures
1970 3270 2038 3316 re
2094 3248 2242 3346 ipsa
2283 3268 2361 3316 ex
2414 3248 2540 3317 erti
2572 3260 2737 3317 sunt

200 3334 289 3404 ab
334 3337 490 3424 ejus
531 3338 1041 3406 conversatione
1095 3339 1287 3407 novis
1344 3359 1616 3426 semper
1676 3338 1741 3404 in
1800 3336 1914 3405 Dei
1969 3348 2292 3406 servitute
2377 3335 2737 3408 ervoribus

199 3425 527 3495 excitatos
587 3426 970 3495 recessisse.
1032 3431 1195 3495 Cum
1255 3425 1510 3496 nobilis
1574 3423 1859 3512 quidam
1909 3446 2350 3493 communem
2409 3425 2732 3494 vitiorum

201 3511 750 3603 obJurgatiouem
814 3513 899 3582 ad
958 3535 1029 3583 se
1079 3514 1529 3605 singulariter
1582 3513 1988 3583 credidisset
2042 3536 2081 3583 a
2142 3512 2336 3583 beato
2397 3513 2736 3583 Ludovico

203 3596 531 3672 directam
568 3655 582 3680 ,
640 3613 922 3670 mortem
957 3657 971 3683 ,
1025 3624 1234 3688 quam
1300 3602 1362 3670 ei
1430 3603 1892 3671 comminatus
1953 3600 2174 3672 fuerat
2244 3601 2376 3673 nisi
2425 3601 2607 3670 dicta
2663 3602 2735 3670 in

202 3704 532 3779 suggestu
593 3704 956 3771 revocaret,
1012 3690 1299 3760 viriliter
1340 3690 1676 3770 renuenti,
1730 3691 1963 3760 stricto
2013 3691 2079 3759 in
2142 3712 2299 3760 eum
2350 3690 2585 3779 sclopo
2635 3689 2735 3758 in·

202 3784 411 3848 tentat
447 3804 462 3861 ;
517 3777 702 3847 illico
753 3779 817 3846 in
866 3778 1285 3848 crucifixum
1318 3779 1622 3850 mirabili
1650 3778 2246 3849 transformatione
2276 3777 2556 3867 sclopus
2588 3800 2737 3849 mu·

203 3871 421 3947 tatur,
478 3869 627 3958 ipso
675 3889 1115 3956 aggressore‚
1171 3866 1494 3937 miraculi
1571 3869 1633 3936 vi
1696 3880 2031 3956 prostrato
2088 3890 2166 3937 ac
2224 3866 2492 3935 veniam
2542 3867 2739 3936 enixe

204 3965 515 4047 petente;
572 3957 947 4042 beatusque
995 3955 1404 4037 Ludovious‚
1463 3978 1628 4026 suae
1688 3956 2063 4027 humilitati
2111 3954 2524 4033 consulens,
2579 3954 2739 4043 plus

209 4047 458 4114 timens
517 4045 915 4114 laudantem
971 4044 1301 4134 populum
1353 4066 1562 4131 quam
1626 4044 1936 4135 solopum
1978 4099 1994 4125 ,
2048 4065 2173 4114 suo
2221 4043 2405 4112 socio
2453 4043 2740 4114 Christo·

209 4123 424 4226 phoro
459 4134 543 4203 de
592 4138 776 4202 Mora
828 4133 1194 4223 praecepit,
1246 4134 1534 4224 signans
1564 4133 1631 4202 in
1665 4133 1816 4233 ejus
1846 4146 2114 4223 pectore
2145 4153 2445 4213 crucem,
2480 4144 2557 4201 ut
2588 4154 2744 4222 pro-

208 4208 473 4302 dtgtum
526 4222 815 4302 celaret,
852 4243 1073 4309 usque
1104 4221 1272 4291 dum
1317 4222 1520 4293 annis
1555 4222 1833 4312 triginta
1883 4221 2244 4293 transactis
2279 4220 2743 4312 interrogatus

208 4301 536 4383 panderet
593 4313 966 4381 veritatem.

296 4389 450 4473 §²¹-
508 4403 730 4486 Usque
777 4399 947 4469 adeo
995 4399 1279 4469 ardebat
1341 4400 1411 4468 in
1475 4421 1554 4470 eo
1621 4399 1933 4489 martyrii
1998 4398 2466 4484 desiderium,
2531 4410 2608 4469 ut
2670 4397 2744 4466 in
