3347 4999
243 282 414 349 OCT.
475 282 555 346 ⁴6
999 301 1077 347 ne
1126 301 1181 348 s.
1235 298 1430 347 GALLO
1477 300 1616 346 Ans.
1672 300 1747 347 Er
1794 298 1974 348 conr.
2556 283 2685 348 469

242 408 279 451 «
316 390 586 454 Instrue
614 404 843 453 sacrae
882 383 1247 453 oblationis
1282 384 1767 464 ministerium,
1807 396 1881 453 ut
1914 384 2166 474 possim
2196 384 2430 453 divina
2469 384 2617 455 sine
2665 382 2773 452 di-

245 474 497 543 latione
536 472 877 542 celebrare
927 473 1272 561 mysteria.
1312 496 1347 539 »
1397 478 1473 541 Et
1504 473 1641 541 ille:
1681 494 1716 537 «
1750 478 1949 553 Num,
1988 473 2236 559 inquit,
2276 486 2351 541 tu
2434 487 2575 543 ater
2615 473 2775 542 Mis-

240 584 386 631 sam
436 562 861 631 celebrabis?
893 583 928 627 »
970 562 1141 630 Dixit
1172 582 1333 652 ergo
1366 561 1448 629 ad
1484 560 1723 631 illum:
1762 565 1958 630 «Post
1989 561 2197 650 hujus
2246 562 2382 651 vigi
2421 563 2518 632 ias
2554 562 2773 630 noctis

240 651 528 740 cognovi
590 672 710 739 per
758 648 1085 719 visionem
1138 648 1496 719 dominum
1548 663 1613 719 et
1662 661 1917 739 patrem
1974 670 2202 720 meum
2267 650 2769 719 Columbanum

240 739 324 808 de
376 739 586 828 hujus
627 738 800 807 vitae
849 738 1191 828 angustiis
1242 738 1440 807 bodie
1489 737 1570 807 ad
1613 737 1914 828 paradisi
1950 738 2204 827 gaudia
2252 738 2504 807 commi
2557 760 2766 808 rasse.

239 832 369 897 Pro
433 826 637 915 cujus
687 827 914 913 itaque
963 827 1197 914 requie
1264 827 1678 897 sacrificium
1737 825 1978 896 salutis
2037 827 2252 897 debeo
2313 827 2525 895 immo
2557 848 2690 895 are.
2735 848 2772 891 »

241 921 320 985 Et
351 915 548 1006 signo
582 915 873 1006 pulsato,
918 917 1292 986 oratorium
1335 915 1649 1006 ingressi,
1696 927 2208 1005 prostraverunt
2255 937 2325 984 se
2375 915 2443 983 in
2511 914 2763 984 oratio·

241 1026 426 1085 nem,
478 1017 543 1073 et
575 1016 948 1093 coeperunt
987 1004 1228 1075 Missas
1266 1026 1501 1095 agere,
1558 1016 1622 1074 et
1675 1004 1993 1093 precibus
2041 1004 2355 1074 insistere
2410 1024 2532 1094 pro
2590 1025 2776 1073 com-

241 1093 731 1162 memoratione
772 1093 948 1161 beati
1010 1092 1435 1163 Columbani.
1513 1092 1729 1161 Finito
1789 1114 2018 1163 sacrae
2066 1092 2442 1163 devotionis
2500 1090 2767 1162 officio.

242 1181 656 1251 venerabilis
712 1179 945 1250 Gallus
1000 1181 1282 1251 dixitad
1336 1180 1818 1271 Magnoaldum
1885 1181 2296 1250 diaconum:
2352 1180 2565 1260 «Fili,
2633 1201 2769 1249 non

242 1270 364 1339 tibi
401 1292 604 1360 grave
665 1270 975 1339 videatur
1026 1269 1372 1360 petitionis
1429 1290 1615 1338 meae
1666 1269 1982 1360 pondus:
2039 1270 2153 1338 sed
2205 1270 2431 1360 arripe
2479 1271 2657 1338 viam
2709 1280 2774 1337 et

241 1358 510 1427 Italiam
565 1358 791 1448 petite,
847 1359 1446 1449 pertransiensque
1493 1380 1714 1445 usque
1746 1357 1828 1426 ad
1866 1359 2379 1439 monasterium,
2427 1358 2607 1445 quod
2650 1362 2773 1427 Bo-

243 1446 437 1516 bium
478 1447 896 1527 nominatur,
942 1445 1303 1537 diligenter
1349 1446 1748 1537 perquirito,
1801 1446 1963 1533 quid
2016 1459 2243 1516 actum
2294 1448 2381 1516 sit
2410 1447 2589 1516 circa
2647 1446 2774 1515 Ab·

240 1535 465 1604 batem
512 1557 768 1603 meum.
822 1540 984 1604 Nota
1017 1557 1177 1625 ergo
1225 1534 1405 1604 diem
1459 1535 1826 1615 ethoram,
1879 1548 1955 1604 ut
2022 1536 2077 1604 si
2143 1556 2299 1605 eum
2352 1534 2771 1624 compereris

243 1646 393 1693 esse
433 1623 862 1704 defunctum,
919 1625 1140 1713 possis
1186 1645 1578 1714 agnoscere,
1615 1635 1846 1693 utrum
1886 1624 2055 1694 visio
2097 1645 2248 1693 mea
2289 1623 2590 1694 veritatis
2632 1621 2771 1692 sul-

241 1714 467 1782 ciatur
512 1713 778 1782 effectu.
844 1717 1021 1781 Haec
1076 1734 1150 1780 er
1198 1734 1235 1781 o
1297 1714 1529 1783 omnia
1597 1712 1887 1782 sollicita
1959 1712 2479 1803 investigatione
2541 1711 2772 1801 perdi-

238 1823 480 1880 scens,
531 1822 879 1891 regressus
911 1802 1162 1869 nuncia
1219 1801 1275 1869 is
1323 1801 1520 1869 mihi.
1575 1825 1611 1868 »
1669 1801 2004 1870 Diaconus
2057 1801 2140 1869 ad
2193 1801 2398 1892 pedes
2459 1800 2771 1890 magistri

244 1890 670 1978 provolutuS‚
711 1890 1016 1979 ignotum
1055 1889 1186 1958 sibi
1225 1890 1353 1957 iter
1397 1910 1544 1960 esse
1577 1902 1991 1976 conquestus
2040 1902 2171 1958 est:
2227 1888 2343 1960 sed
2383 1890 2497 1957 Vir
2530 1889 2772 1959 beatus

243 1999 403 2047 voce
439 1976 691 2046 blanda
730 1998 913 2058 eum,
987 1999 1069 2046 ne
1110 1978 1395 2059 timeret,
1454 1977 1856 2046 admonuit:
1923 2001 1958 2043 «
1993 1983 2235 2068 Perge,
2289 1978 2636 2064 inquiens,
2706 1989 2772 2046 et

250 2066 577 2134 Dominus
610 2065 858 2156 diriget
905 2087 1183 2156 gressus
1237 2078 1410 2136 tuos.
1454 2088 1490 2132 »
1541 2071 1681 2135 Hac
1729 2064 2188 2136 consolatione
2246 2067 2606 2136 roboratus
2668 2066 2765 2166 pii
2842 2086 2845 2089 ’

243 2153 542 2223 doctoris
590 2154 941 2235 alumnuS,
996 2168 1354 2243 praecepto
1396 2155 1644 2244 paruit,
1679 2166 1742 2224 et
1776 2166 2051 2244 accepto
2099 2155 2594 2225 benedictionis
2630 2176 2768 2223 via-

245 2243 400 2314 tico,
456 2243 632 2310 viam
665 2241 1065 2312 festinanter
1097 2264 1460 2332 aggressus
1494 2257 1622 2314 est.
1670 2248 1973 2330 Cumque
2016 2244 2431 2333 pervenisset
2484 2244 2565 2313 ad
2629 2264 2771 2311 mo-

244 2330 649 2410 nasterium,
712 2345 787 2400 ut
827 2330 1112 2412 volebat,
1170 2333 1426 2401 invenit
1470 2332 1703 2401 omnia
1760 2332 1852 2400 ita
1908 2333 2297 2423 contigisse,
2353 2335 2530 2402 sicut
2589 2332 2772 2401 Patri

242 2441 368 2489 suo
404 2441 524 2509 per
570 2419 898 2488 visionem
936 2418 1566 2489 fuerant.revelata.
1623 2422 1869 2489 Mansit
1922 2433 2144 2489 autem
2189 2422 2282 2491 ibi
2346 2425 2485 2490 una
2541 2431 2758 2502 nocte,

242 2520 306 2577 et
340 2509 665 2598 accepite
703 2509 1028 2579 fratribus
1075 2509 1431 2600 epistolam
1482 2509 1566 2578 ad
1624 2511 1894 2580 beatum
1949 2510 2245 2591 Gallum,
2301 2511 2766 2580 continentem

240 2596 610 2666 venerandi
664 2598 1023 2667 transitum
1087 2598 1513 2668 Columbani.
1578 2599 1707 2682 Qui
1755 2613 1820 2667 et
1867 2599 2190 2668 baculum
2246 2600 2488 2689 ipsius,
2560 2620 2767 2686 quem

232 2685 440 2774 vulgo
479 2685 862 2755 cambotam
899 2699 1163 2766 vocant,
1218 2708 1335 2776 per
1376 2709 1654 2755 manum
1714 2687 1986 2756 diaconi
2038 2688 2588 2765 transmiserunt,
2654 2684 2762 2753 di-

235 2788 465 2843 centes
527 2789 839 2843 sanctum
902 2775 1221 2844 Abbatem
1274 2788 1428 2844 ante
1471 2776 1832 2845 transitum
1894 2798 2100 2845 suurn
2144 2776 2459 2863 jussisse,
2522 2786 2600 2844 ut
2651 2795 2769 2864 per

233 2861 363 2930 hoe
413 2864 845 2932 notissimum
885 2864 1139 2952 pignus
1180 2863 1414 2934 Gallus
1463 2863 1949 2934 absolveretur.
2007 2863 2345 2933 Dimissus
2384 2876 2610 2934 autem
2673 2862 2763 2932 ab

237 2950 399 3031 inis,
453 2952 576 3019 iter
622 2950 1044 3034 acceleravit,
1103 2965 1167 3022 et
1218 2974 1538 3043 prospere
1596 2954 1663 3021 in
1714 2952 2038 3022 omnibus
2085 2973 2318 3041 agens,
2370 2951 2481 3020 die
2528 2963 2762 3020 octava

238 3040 540 3129 pervenit
588 3039 671 3109 ad
708 3039 1066 3111 dominum
1105 3063 1309 3110 suum
1360 3053 1426 3110 et
1459 3054 1742 3131 patrem,
1796 3040 2018 3109 ferens
2065 3039 2423 3130 epistolam
2490 3039 2765 3108 relatio-

237 3129 367 3208 nis,
421 3140 484 3197 et
514 3129 969 3199 absolutionis
1018 3129 1380 3199 indicium.
1418 3134 1610 3198 Lecta
1665 3128 1977 3218 epistola,
2033 3132 2097 3198 S.
2129 3127 2363 3198 Gallus
2420 3127 2764 3199 carissimi

232 3216 445 3306 patris
478 3238 776 3286 amorem
817 3217 1015 3306 pleno
1047 3219 1344 3287 retinens
1376 3219 1601 3296 corde,
1634 3217 1977 3306 lacrymas
2011 3215 2314 3317 profudit
2345 3217 2757 3298 uberrimaS,

231 3319 295 3374 et
349 3304 649 3374 collectis
705 3304 1055 3374 fratribus
1112 3327 1356 3376 causas
1407 3306 1735 3374 moeroris
1789 3319 2079 3395 aperuit.
2137 3305 2389 3375 Deinde
2437 3306 2606 3374 tanti
2652 3327 2768 3394 pa-

231 3394 353 3463 tris
405 3393 805 3462 memoriam
848 3394 1167 3484 precibus
1197 3394 1412 3463 sacris
1459 3408 1523 3464 et
1571 3393 1931 3465 sacrificiis
1974 3393 2398 3466 ‘salutaribus
2446 3393 2765 3482 frequen-

237 3494 489 3552 tarunt.

328 3572 555 3657 §2ss
609 3569 901 3670 Contigit
946 3581 1171 3639 autem
1212 3569 1507 3657 quadarn
1569 3570 1701 3649 die,
1756 3570 1922 3641 dum
1985 3572 2053 3640 in
2106 3571 2564 3642 construendo
2613 3592 2763 3640 ora-

238 3659 410 3728 torio
457 3657 976 3727 cumfratribus
1027 3657 1404 3738 laboraret,
1460 3672 1535 3728 ut
1585 3659 1816 3728 tabula
1864 3660 2199 3747 quaedam
2252 3660 2492 3749 parieti
2543 3660 2765 3749 impo-

231 3746 479 3826 nenda,
533 3746 800 3832 brevior
846 3746 1129 3815 caeteris
1190 3768 1511 3816 mensura
1586 3746 1972 3837 palmorum
2034 3760 2328 3835 quatuor
2376 3749 2756 3838 appareret.

228 3840 440 3918 Quam
480 3835 646 3904 dum
675 3834 981 3925 eJusdem
1014 3835 1241 3922 operis
1279 3835 1574 3906 artifices
1603 3835 1850 3906 vellent
1897 3837 2214 3926 abjicere,
2250 3838 2490 3907 beatus
2526 3835 2763 3906 Gallus

232 3924 525 3998 virtutis,
579 3945 784 4010 quam
840 3923 903 3992 in
975 3924 1256 3992 Domino
1305 3924 1620 4006 habebat,
1676 3926 1807 3996 sibi
1861 3926 2203 4005 consciuS,
2251 3925 2461 4011 jussit
2512 3946 2626 3993 eos
2674 3924 2763 3994 ab

231 4033 432 4102 opere
480 4013 921 4102 disjungere,
975 4025 1039 4081 et
1087 4012 1368 4082 domum
1420 4013 1505 4082 ad
1575 4013 2086 4103 percipiendam
2154 4035 2384 4083 secum
2454 4012 2760 4082 resectio-

229 4121 411 4180 nem,
456 4123 661 4188 quam
701 4100 1028 4169 Dominus
1064 4102 1513 4189 praeparavit,
1560 4102 1837 4171 intrare.
1877 4101 2141 4185 Quibus
2190 4100 2573 4171 secundum
2601 4101 2757 4188 jus-

231 4188 490 4257 sionem
539 4190 688 4279 ejus
736 4189 1167 4269 facientibus,
1206 4190 1641 4260 benedictum
1698 4211 1942 4280 panem
1996 4212 2209 4259 manu
2261 4213 2384 4262 sua
2432 4190 2753 4280 porrexit.

229 4279 385 4375 l‘ost
430 4277 799 4366 prandium
836 4289 1088 4355 autem,
1142 4300 1298 4347 cum
1351 4300 1587 4349 omnes
1620 4301 1794 4380 opus
1843 4290 2218 4368 repeterent
2255 4278 2750 4365 imperfectum,

230 4378 638 4435 mvenerunt
670 4367 998 4448 tabulam,
1030 4387 1237 4454 quam
1278 4381 1549 4457 propter
1575 4389 1687 4438 sui
1727 4367 2118 4438 brevitatem
2159 4367 2421 4460 pridem
2461 4369 2761 4457 abjicere
