3347 4999
176 371 351 436 OCT.
405 370 444 434 4
1045 388 1121 433 na
1171 387 1227 433 s.
1280 385 1623 434 FRANcisco
1670 386 1854 434 conr.
2504 372 2630 436 447

174 485 489 542 sanctum
532 495 547 537 z
593 493 629 537 «
663 474 760 539 En
796 471 1072 552 morior,
1127 470 1376 556 inquit,
1429 471 1564 550 siti,
1622 471 1757 542 nisi
1795 471 2021 561 poculi
2056 471 2353 560 alicujus
2386 472 2719 543 beneficio

172 559 532 630 refociller.
569 581 606 626 »
655 560 925 647 Absque
975 581 1166 629 mora
1200 559 1316 627 Vir
1364 559 1480 628 Dei
1530 558 1868 648 prosilivit
1900 559 1984 628 de
2024 561 2241 639 asine,
2297 574 2383 641 et,
2439 560 2590 632 fixis
2642 563 2714 646 in

176 664 354 719 terra
410 647 750 738 genibus,
809 647 1074 738 palmas
1124 647 1408 717 tetendit
1453 648 1522 716 in
1573 647 1890 726 coelum,
1951 669 2145 717 orare
2193 670 2326 718 non
2380 671 2660 720 cessans
2696 705 2711 733 ,

168 740 388 808 donec
445 759 517 806 se
565 735 896 805 intellexit
942 736 1283 806 auditum.
1340 737 1658 806 Oratione
1707 735 1981 806 tandem
2036 736 2274 806 finita:
2329 761 2364 803 «
2397 739 2663 809 Festina
2698 794 2714 816 ,

167 827 399 914 inquit
448 826 591 894 viro
629 880 644 906 ,
698 825 784 894 ad
838 838 1146 915 petram,
1199 838 1263 894 et
1310 824 1454 894 illic
1502 848 1541 894 a
1593 847 1753 894 uam
1806 826 2028 894 vivam
2082 825 2387 896 invenies
2418 881 2433 905 ,
2503 848 2714 914 quam

169 917 293 985 tibi
324 916 449 984 hac
485 936 603 984 ora
638 915 1174 983 misericorditer
1201 914 1507 984 Christus
1588 936 1625 983 e
1650 913 1881 1003 lapide
1913 914 2282 984 bibendam
2371 915 2716 985 reduxit.»

168 1003 523 1093 Stupenda
559 1004 674 1071 Dei
706 1002 1039 1093 dignatio,
1070 1024 1247 1089 quae
1270 1004 1483 1071 servis
1509 1003 1657 1072 suis
1691 1014 1829 1071 tam
1867 1001 2069 1072 facile
2089 1024 2161 1071 se
2203 1003 2312 1073 inc
2346 1004 2511 1072 inat.
2544 1004 2722 1073 Bibit

166 1094 413 1162 sitiens
462 1093 668 1162 homo
719 1113 969 1180 aquam
1013 1092 1096 1160 de
1137 1104 1326 1181 petra
1371 1092 1630 1161 orantis
1672 1092 1940 1171 virtute,
1983 1104 2048 1160 et
2098 1090 2422 1181 poculum
2482 1092 2717 1162 hausit

167 1183 257 1252 de
295 1203 456 1251 saxo
504 1180 905 1250 durissimo.
959 1187 1186 1268 Aquae
1239 1179 1573 1249 decursus
1621 1179 1879 1249 ibidem
1938 1190 2093 1248 ante
2143 1202 2275 1250 non
2329 1179 2501 1261 suit,
2561 1203 2711 1260 nec,

164 1285 248 1341 ut
286 1282 388 1340 ast
427 1269 794 1359 diligenter
831 1269 1247 1355 quaesitum,
1285 1268 1612 1358 deinceps
1654 1269 1875 1358 potuit
1913 1268 2229 1337 inveniri.

257 1363 294 1446 ἓ
341 1363 501 1431 52.
556 1358 860 1440 Qualiter
893 1371 1120 1427 autem
1174 1378 1296 1446 per
1335 1357 1578 1427 merita
1626 1357 1738 1426 sui
1794 1358 2123 1446 Pauperis
2180 1358 2490 1428 Christus
2541 1359 2719 1429 mul-

166 1448 584 1537 tiplicaverit
615 1447 806 1516 cibos
846 1448 912 1515 in
962 1447 1157 1526 mari,
1214 1468 1372 1515 cum
1409 1467 1535 1515 suo
1570 1447 1657 1515 sit
1692 1445 1837 1514 loco
1879 1445 2167 1516 inferius
2215 1445 2713 1528 adnotandum,

165 1538 301 1606 hoc
350 1549 614 1605 tantum
656 1556 1235 1606 commemorasse
1266 1532 1588 1613 sufficiat,
1626 1534 1810 1621 quod
1847 1533 1932 1602 de
1964 1534 2400 1624 eleemosyna
2450 1536 2720 1605 modica

168 1625 302 1694 sibi
356 1624 626 1703 collata,
686 1637 931 1694 nautas
981 1646 1019 1691 a
1060 1623 1263 1692 famis
1296 1635 1361 1692 et
1401 1623 1641 1692 mortis
1678 1623 1984 1713 periculo
2033 1644 2153 1712 per
2191 1623 2338 1693 dies
2379 1623 2718 1714 plurimos

170 1714 532 1782 liberavit:
589 1726 664 1782 ut
695 1735 774 1782 ex
816 1713 943 1781 hoc
979 1710 1241 1798 liquido
1280 1713 1495 1802 possit
1526 1710 1809 1792 adverti,
1849 1711 2033 1798 quod
2069 1713 2560 1801 omnipotentis
2603 1713 2720 1782 Dei

170 1802 505 1872 Famulus
540 1857 554 1879 ‚
586 1803 795 1876 ,sicut
842 1802 913 1868 in
970 1800 1333 1869 eductione
1392 1821 1611 1888 aquae
1667 1800 1754 1868 de
1796 1813 1984 1889 petra
2015 1855 2029 1880 ,
2095 1800 2470 1869 conformis
2509 1802 2722 1871 extitit

170 1891 441 1978 Moysi;
495 1891 593 1958 sic
644 1890 712 1956 in
766 1889 1337 1990 multiplicatione
1386 1887 1818 1968 victualium,
1859 1888 2099 1958 Eliseo.
2144 1889 2384 1959 Procul
2434 1890 2646 1980 igitur
2679 1912 2720 1959 a

168 1979 602 2066 pauperibus
651 1978 898 2048 Christi
930 1976 1311 2047 diffidentia
1341 1978 1572 2047 omnis
1618 1977 1965 2047 abscedat.
2021 1979 2089 2046 Si
2128 1979 2310 2047 enim
2351 1993 2720 2067 paupertas

170 2066 522 2136 Francisci
572 2066 741 2135 adeo
787 2067 1105 2156 copiosae
1153 2065 1605 2136 sufficientiae
1652 2065 1805 2145 fuit,
1861 2079 1936 2136 ut
1983 2066 2528 2137 subvenientiam
2580 2068 2720 2138 cibi

166 2153 482 2223 defectus
533 2167 665 2223 tam
723 2155 897 2224 mira
948 2156 1192 2224 virtute
1232 2154 1607 2245 suppleret,
1665 2154 1850 2241 quod
1887 2177 2012 2225 nec
2051 2154 2275 2234 cibus,
2325 2177 2447 2225 nec
2492 2168 2714 2245 potuS,

168 2265 300 2312 nec
352 2242 601 2313 domus
647 2244 934 2325 deesset,
987 2266 1144 2313 cum
1247 2244 1558 2322 ecuniae,
1611 2258 1678 2312 et
1723 2245 1927 2323 artiS,
1981 2258 2046 2313 et
2094 2256 2378 2314 naturae
2428 2244 2720 2314 facultas

164 2332 556 2411 defecerat;
612 2331 827 2401 multo
879 2334 1100 2423 magis
1150 2332 1191 2399 il
1228 2355 1267 2400 a
1319 2333 1719 2411 merebitur,
1756 2353 1932 2418 quae
1968 2332 2216 2402 usitato
2254 2333 2527 2402 divinae
2564 2356 2721 2423 pro-

163 2420 514 2489 videntiae
562 2421 801 2490 ordine
870 2422 1336 2490 communiter
1383 2421 1883 2490 conceduntur.
1941 2422 2049 2501 si,
2125 2423 2436 2509 inquam,
2493 2436 2721 2513 petrae

163 2511 445 2580 siccitas
492 2510 575 2578 ad
621 2513 951 2598 Pauperis
1000 2533 1232 2580 vocem
1277 2511 1643 2581 abundans
1681 2510 2009 2600 poculum
2044 2512 2299 2593 sitienti
2336 2512 2722 2602 propinavit

164 2599 618 2689 pauperculo,
676 2598 770 2666 nil
813 2600 959 2688 jam
995 2600 1175 2668 inter
1210 2600 1444 2668 omnia
1486 2621 1692 2669 suum
1735 2600 2104 2691 denegabit
2133 2601 2543 2687 obsequium
2581 2601 2714 2682 his,

163 2688 292 2774 qui
345 2709 467 2777 pro
513 2692 795 2757 Auctore
844 2688 1155 2757 omnium
1194 2689 1427 2757 omnia
1462 2687 1914 2775 reliquerunt.

480 2835 569 2898 De
613 2832 888 2920 pietatis
938 2831 1222 2987 affectu,
1280 2841 1343 2899 et
1391 2832 1714 2913 quomodo
1761 2835 2023 2900 ratione
2071 2833 2397 2910 carentia,

827 2919 979 2988 vide
1022 2931 1227 2988 antur
1274 2942 1439 3009 crya
1488 2922 1708 3010 ipsum
1756 2921 1956 3009 affici.

255 3045 291 3131 ξ
336 3047 494 3115 53.
549 3044 763 3112 Pietas
797 3066 977 3125 vera,
1013 3064 1193 3130 quae
1224 3043 1609 3112 secundum
1662 3043 2055 3134 Apostolum
2109 3043 2194 3112 ad
2245 3043 2479 3111 omnia
2514 3042 2709 3124 valet,

160 3131 337 3202 adeo
384 3154 502 3201 cor
551 3132 894 3202 Francisci
945 3131 1322 3221 repleverat
1354 3154 1434 3201 ac
1468 3145 1959 3221 penetraverat,
1998 3144 2074 3201 ut
2114 3143 2327 3200 totum
2375 3131 2719 3202 videretur

162 3225 452 3290 Servum
488 3221 600 3290 Dei
630 3222 702 3289 in
737 3243 947 3290 suum
983 3220 1372 3290 dominium
1408 3221 1831 3291 vendicasse.
1888 3225 2067 3290 Haec
2106 3232 2229 3299 est,
2267 3242 2444 3308 quae
2485 3222 2716 3310 ipsum

158 3330 291 3398 per
320 3309 745 3378 devotionem
781 3330 1058 3379 sursum
1088 3309 1335 3399 agebat
1364 3310 1434 3377 in
1473 3314 1713 3388 Deum,
1760 3331 1879 3399 per
1919 3310 2467 3399 compassionem
2502 3323 2719 3379 trans-

159 3398 507 3467 formabat
554 3398 622 3466 in
675 3398 1017 3466 Christum
1051 3452 1066 3477 ,
1123 3419 1242 3487 per
1287 3397 1944 3475 condescensionem
1997 3398 2373 3469 inclinabat
2423 3399 2506 3468 ad
2561 3420 2717 3488 pro-

156 3487 454 3565 ximum,
502 3498 566 3555 et
604 3507 724 3575 per
756 3486 1213 3556 universalem
1242 3486 1795 3556 conciliationem
1831 3486 1917 3556 ad
1959 3487 2259 3577 singula,
2295 3488 2718 3578 refigurabat

159 3574 248 3643 ad
308 3574 735 3643 innocentiae
769 3586 1045 3644 statum.
1103 3580 1409 3662 Cumque
1443 3596 1562 3664 per
1608 3575 1787 3644 hanc
1838 3576 1948 3665 pie
1998 3588 2382 3645 moveretur
2430 3576 2514 3645 ad
2566 3598 2717 3645 om·-

158 3664 325 3742 nia,
382 3663 770 3752 specialiter
832 3676 1055 3732 tamen
1124 3665 1443 3743 animaS,
1500 3663 1749 3733 Christi
1805 3669 1969 3735 Jesu
2017 3665 2357 3755 sanguine
2419 3666 2714 3755 pretioso

160 3752 598 3840 redemptaS,
644 3774 802 3821 cum
854 3753 1160 3821 cerneret
1210 3752 1560 3839 inquinari
1610 3751 1845 3840 aliqua
1895 3753 2097 3822 sorde
2160 3754 2420 3842 peccati
2455 3808 2470 3835 ,
2527 3767 2714 3824 tanta

159 3840 624 3910 miserationis
688 3839 1144 3910 teneritudine
1198 3840 1647 3930 deplorabat,
1706 3855 1779 3911 ut
1825 3863 1940 3911 eas
1988 3855 2337 3928 tamquam
2378 3854 2593 3911 mater
2640 3843 2713 3912 in

160 3928 424 3998 Christo
453 3928 759 4015 quotidie
810 3929 1194 4018 parturiret.
1254 3934 1330 3999 Et
1362 3929 1528 3998 haec
1568 3952 1776 4019 penes
1810 3932 2041 4020 ipsum
2094 3950 2305 4000 causa
2339 3932 2715 4020 praecipua

156 4018 530 4087 venerandi
579 4016 767 4086 verbi
817 4018 931 4085 Dei
983 4018 1362 4094 ministros,
1416 4019 1595 4105 quod
1651 4041 1883 4088 semen
1935 4019 2126 4088 fratri
2178 4040 2302 4088 suo
2355 4019 2703 4098 defuncto,

161 4105 425 4175 Christo
472 4106 788 4175 videlicet
833 4128 957 4195 pro
1009 4106 1480 4195 peccatoribus
1515 4109 1875 4187 Crucifixo,
1916 4129 2038 4197 per
2070 4108 2377 4196 ipsorum
2430 4128 2711 4176 conver-

167 4194 427 4263 sionem
463 4208 528 4263 et
559 4196 672 4285 pia
714 4193 1181 4264 sollicitudine
1213 4197 1567 4275 suscitent,
1605 4212 1668 4266 et
1698 4197 1993 4268 sollicita
2021 4196 2267 4286 pietate
2299 4197 2709 4287 gubernent.

162 4283 556 4353 Istiusmodi
625 4283 1084 4353 miserationis
1154 4283 1455 4355 officium
1524 4285 1705 4355 Patri
1777 4284 2457 4365 misericordiarum,
2520 4286 2713 4353 omni

164 4370 525 4453 sacrificiO,
578 4372 921 4455 firmabat,
974 4373 1348 4462 acceptius,
1403 4374 1700 4442 maxime
1742 4374 1800 4444 si
1848 4372 2074 4444 studio
2125 4373 2328 4443 fuerit
2377 4372 2713 4463 perfectae

163 4458 515 4531 charitatis
564 4461 984 4552 impensum,
1039 4474 1114 4532 ut
1160 4461 1243 4531 ad
1296 4462 1363 4532 id
1416 4462 1763 4532 laboretur
1811 4464 2032 4553 magis
2086 4463 2398 4553 exemplo
2429 4517 2444 4545 ‚
2498 4483 2707 4550 quam
