3347 4999
699 316 829 380 576
1343 335 1421 380 ns
1472 335 1561 380 ss.
1617 334 1759 380 ειυς
1807 334 1881 379 ΕΤ
1927 330 2230 381 cavassio
2277 333 2391 380 nn.
2832 314 3003 380 OCT.
3060 317 3145 380 19

609 419 1108 507 superpositam
1159 440 1280 507 per
1323 432 1620 505 quatuor
1669 432 1892 506 partes
1938 417 2395 497 extenderent,
2459 418 2828 507 ignemque
2878 440 3144 508 suppo-

612 522 870 587 nerent,
929 523 998 576 ut
1045 509 1192 596 ejus
1244 522 1467 576 tenera
1508 509 1813 576 membra
1848 521 1980 575 tam
2025 506 2286 576 crudeli
2328 507 2925 595 disrumperentur
2973 530 3143 596 sup—

612 594 840 683 plicio.
897 603 1128 683 ltaque
1178 598 1579 666 candentem
1647 595 2047 665 craticulam
2085 611 2319 665 sancta
2360 598 2554 686 Virgo
2598 594 2773 664 nltro
2814 618 3144 664 conscen-

611 683 806 767 dens,
863 687 1255 755 divaricatis
1307 685 1634 754 membris
1687 708 1805 775 per
1851 701 2147 771 quatuor
2209 700 2434 775 partes
2471 686 2883 763 extenditur,
2941 683 3146 753 loris-

611 794 744 859 que
816 775 1050 844 ferreis
1118 789 1493 855 coarctata,
1552 796 1669 861 per
1741 775 2129 844 flammeam
2182 790 2434 843 cratem
2517 773 2956 863 provolvitur.
3021 773 3147 843 Cui

614 861 810 953 impii
865 866 1158 934 ministri
1241 865 1475 933 ferreis
1525 863 1782 932 batillis
1854 886 2108 952 prunas
2157 864 2471 932 ardentes
2520 863 2939 952 subjiciunt:
2995 862 3151 930 adi-

664 974 837 1040 eque
885 955 1184 1023 flammis
1243 954 1509 1039 injecto,
1563 952 1644 1020 ad
1693 953 1900 1021 latera
1952 975 2167 1039 usque
2217 952 2469 1022 torrida
2523 951 2837 1020 incendia
2891 951 3150 1021 subvo-

640 1063 754 1110 are
785 1057 1063 1132 cogunt.
1120 1043 1309 1125 Quod
1357 1042 1659 1111 videntes
1708 1042 1824 1127 qui
1867 1041 2174 1121 aderant,
2229 1046 2369 1111 una
2411 1062 2568 1110 voce
2640 1040 3140 1121 clamaverunt,

613 1129 956 1201 dicentes:
999 1156 1032 1198 «
1086 1136 1135 1202 Ο
1181 1135 1267 1200 im
1332 1133 1495 1199 ietas
1541 1144 1605 1199 et
1668 1131 1921 1219 injusta
1962 1132 2251 1219 judicia,
2310 1131 2642 1199 innocens
2689 1143 2753 1198 et
2824 1130 2929 1197 Dei
2995 1128 3150 1197 cul-

613 1221 767 1297 trix,
819 1235 884 1290 et
955 1222 1214 1311 primae
1317 1221 1618 1310 ignitatis
1667 1219 1925 1288 honore
1987 1219 2443 1307 praefulgens
2510 1241 2636 1287 cur
2692 1220 2953 1304 absque
3004 1218 3152 1287 ullo

612 1307 912 1378 facinore
948 1310 1374 1399 gravissimis
1410 1308 1774 1398 suppliciis
1812 1309 2291 1397 mancipatur?
2332 1331 2365 1373 »
2420 1308 2609 1376 Multi
2659 1308 2843 1376 enim
2897 1307 3015 1392 qui
3056 1307 3152 1374 vi-

614 1397 866 1467 debant
898 1413 1173 1468 sanctae
1203 1398 1384 1468 Fidis
1412 1398 1893 1477 constantiam,
1926 1397 2369 1467 crediderunt
2404 1397 2470 1465 in
2508 1397 2868 1465 Dominum
2905 1402 3150 1466 Jesum

616 1488 984 1567 Christum,
1038 1501 1103 1557 et
1197 1486 1515 1555 loriosam
1568 1500 1733 1555 sunt
1768 1488 2074 1575 martyrii
2115 1509 2436 1555 coronam
2475 1485 2849 1555 consecuti.

705 1584 742 1655 S
792 1583 876 1650 ιι.
936 1584 1103 1646 Dum
1148 1512 1325 1644 ffiaec
1377 1577 1463 1644 ita
1515 1589 1902 1665 agerentur,
1947 1599 1983 1644 a
2047 1582 2173 1644 Deo
2221 1576 2477 1643 electus
2509 1630 2523 1652 ,
2582 1587 2973 1661 martyrque
3034 1572 3150 1643 su—

615 1677 834 1745 turus,
890 1682 1168 1735 sanctus
1204 1665 1567 1754 caprasius
1600 1687 1757 1733 cum
1809 1665 2092 1735 caeteris
2127 1663 2545 1733 Christicolis
2599 1663 3143 1753 persecutionem

615 1755 927 1843 sacrilegi
984 1755 1259 1844 tyranni
1299 1754 1681 1831 declinanS,
1721 1753 1802 1820 ad
1842 1753 2440 1842 septentrionalem
2481 1753 2673 1821 urbis
2709 1752 2980 1841 plagam
3016 1750 3151 1819 sub

613 1841 948 1912 foramine
995 1844 1359 1933 cujusdam
1422 1843 1615 1932 rupis
1667 1843 1929 1932 positus
1980 1841 2264 1922 latebat,
2328 1856 2393 1911 et
2439 1842 2671 1910 omnia
2743 1862 2919 1926 quae
2970 1840 3155 1909 intra

616 1934 796 2000 muri
849 1933 1183 2001 ambitum
1257 1932 1694 2021 gerebantur,
1749 1930 1930 2000 clara
1975 1932 2332 1999 oculorum
2395 1931 2540 1999 acie
2588 1930 2833 1999 exinde
2884 1929 3155 2017 prospi-

615 2020 860 2090 ciebat.
931 2022 1060 2104 Qui
1109 2022 1239 2089 suh
1290 2020 1597 2109 ejusdem
1658 2020 1794 2087 diei
1845 2020 2156 2100 articulo,
2202 2020 2288 2088 ab
2342 2020 2506 2107 ipso·
2548 2020 2919 2109 speluncae
2970 2017 3155 2086 fora-

551 2165 555 2168 .
616 2110 802 2177 mine
844 2110 925 2178 ad
982 2109 1175 2179 urbis
1228 2109 1744 2199 propugnacula
1795 2109 2193 2199 adspectum
2248 2108 2576 2197 dirigens,
2633 2108 2799 2175 vidit
2838 2121 3153 2175 sanctam

576 2203 977 2299 ‚Martyrem
1039 2220 1249 2286 super
1309 2199 1686 2267 carbonum
1740 2198 2055 2265 incendia
2107 2198 2473 2286 impiorum
2530 2197 2957 2265 immanitate
3018 2209 3156 2265 tor·

616 2309 832 2372 queri.
871 2287 1156 2356 Elevatis
1188 2287 1396 2377 igitur
1419 2287 1661 2366 oculiS,
1692 2300 1757 2354 et
1786 2285 2050 2355 coelum
2087 2287 2384 2367 intuens,
2417 2287 2793 2355 orationem
2834 2285 3149 2365 Domine,

619 2375 916 2464 profusis
968 2376 1327 2465 precibuS,
1393 2376 1820 2455 effundebat,
1889 2389 1965 2444 ut
2024 2376 2355 2443 famulam
2433 2397 2625 2446 suam
2683 2374 2749 2441 in
2806 2372 3157 2461 praesenti

617 2466 991 2534 certamine
1037 2464 1286 2535 faceret
1332 2487 1481 2535 esse
1541 2465 1909 2534 victricem.
1957 2470 2361 2552 Rursusque
2408 2464 2664 2534 Athleta
2719 2462 2965 2532 Christi
3014 2462 3159 2530 ele-

617 2554 788 2622 vatis
827 2555 1047 2623 oculis
1094 2556 1157 2622 in
1195 2554 1462 2624 coelum
1519 2557 1654 2622 tota
1705 2555 1951 2622 mentis
1992 2555 2311 2623 aviditate
2379 2553 2745 2642 prospexit,
2791 2564 2856 2620 et
2899 2553 3157 2620 iterum

617 2641 830 2711 humo
883 2656 1259 2732 prostratus
1331 2644 1597 2731 petebat
1653 2666 1693 2710 a
1758 2643 2062 2722 Domino,
2118 2656 2191 2711 ut
2238 2644 2298 2710 ei
2348 2641 2704 2711 coelestem
2766 2640 3160 2709 ostenderet

617 2732 973 2814 virtutem;
1029 2733 1396 2818 statimque
1448 2731 1793 2820 petitionis
1848 2753 2011 2800 snae
2076 2731 2539 2800 desideratum
2592 2743 3009 2800 consecutus
3051 2742 3159 2798 est

615 2821 954 2890 effectum.
1006 2823 1179 2889 Vidit
1229 2842 1526 2906 namque
1574 2821 1656 2889 de
1696 2821 2001 2890 nubibus
2050 2820 2470 2899 columbam,
2526 2832 2602 2889 ut
2650 2820 2870 2888 nivem
2905 2819 3158 2887 candi-

616 2908 773 2977 dam
825 2910 1259 2989 descendere,
1299 2924 1364 2978 et
1394 2932 1714 2978 coronam
1773 2909 2340 2979 interlucentibus
2388 2908 2679 2999 gemmis
2729 2930 2807 2976 su
2870 2929 2941 2975 ra
2985 2906 3157 2978 solis

617 2997 1048 3086 splendorem
1105 2999 1549 3076 rutilantem,
1604 2997 2151 3084 coelestibusque
2216 2997 2603 3087 margaritis
2663 2996 2807 3065 refu
2843 3010 3148 3098 gentem,

618 3109 826 3175 super
871 3101 1078 3176 eaput
1118 3088 1452 3177 gloriosae.
1502 3088 1817 3176 Martyris
1868 3109 2138 3176 ponere.
2186 3092 2413 3177 Ipsam
2456 3108 2728 3173 quoque
2776 3091 2881 3155 Dei
2936 3085 3157 3154 samu·

618 3174 752 3244 lam
807 3177 1001 3245 niveo
1075 3176 1574 3263 splendidoque
1645 3176 1883 3245 habitu
1958 3176 2267 3244 indutam
2343 3176 2795 3266 prospicienS,
2870 3173 3158 3265 agnovit

619 3278 985 3352 perpetuae
1034 3266 1275 3334 salutis
1328 3267 1635 3335 bravium
1688 3287 1838 3335 esse
1885 3279 2296 3346 assecutam,
2355 3286 2563 3352 quam
2616 3277 2802 3332 tanto
2864 3285 3158 3332 munere

618 3352 889 3421 videbat
944 3353 1251 3422 ditatam.
1308 3354 1636 3424 Columba
1688 3354 1899 3444 igitur
1944 3377 1979 3423 e
2034 3355 2222 3422 coelo
2272 3355 2575 3432 venienS,
2624 3366 2698 3422 ut
2745 3352 2972 3420 divina
3029 3373 3156 3434 po-

620 3441 828 3509 tentia
884 3441 951 3509 in
1021 3442 1359 3528 reliquum
1432 3456 1707 3530 tempus
1775 3444 1958 3512 circa
2009 3448 2369 3526 Martyrem
2446 3463 2710 3511 sacram
2767 3439 3151 3511 mirabilior

618 3528 829 3597 fuisse
882 3530 1412 3618 praedicaretur,
1467 3531 1718 3601 blando
1773 3534 2041 3600 alarum
2094 3515 2320 3601 volatu
2381 3530 2709 3618 dulcique
2760 3549 3140 3621 pennarum

618 3617 963 3707 applausu
1019 3641 1178 3688 cum
1233 3619 1579 3688 imbrifero
1645 3642 1837 3700 rore,
1895 3633 2100 3689 totam
2155 3622 2287 3688 vim
2342 3620 2778 3689 flammarum
2837 3615 3138 3697 extinxit,

619 3729 997 3797 pyramque
1050 3708 1348 3776 incendii
1397 3709 1631 3777 torridi
1682 3710 1879 3795 quasi
1934 3710 2215 3799 irriguis
2264 3709 2568 3779 sontibus
2622 3708 2737 3779 tali
2780 3709 3005 3777 volatu
3047 3728 3152 3774 re-

617 3797 888 3887 pressit.
926 3797 1039 3865 Vir
1065 3798 1266 3866 etiam
1320 3811 1602 3867 sanctus
1634 3798 1804 3867 vidit
1840 3800 2301 3868 beatissimam
2342 3799 2568 3867 Fidem
2601 3797 2803 3867 veluti
2845 3795 3149 3886 pugilem

616 3888 988 3976 egregiam,
1047 3909 1178 3955 non
1233 3899 1560 3956 tortorum
1602 3887 1850 3955 ictibus
1884 3887 2160 3969 laesam,
2207 3909 2339 3956 non
2380 3887 2518 3978 igni
2555 3900 2889 3968 exustam,
2932 3906 3158 3971 neque.

616 3997 902 4064 corpore
941 3977 1340 4055 sauciatam,
1397 3976 1510 4045 sed
1563 3975 1972 4045 coelestibus
2020 3977 2441 4045 ornamentis
2497 3990 2675 4045 stare
2730 3975 3149 4044 redimitam.

618 4067 833 4144 Quam
889 4065 1202 4133 virtutem
1257 4071 1392 4134 tam
1435 4064 1849 4153 praeclaram
1897 4079 2171 4154 tamque
2217 4065 2597 4135 mirabilem
2643 4086 2793 4133 mox
2844 4077 2918 4132 ut
2960 4084 3163 4152 prae-

619 4150 844 4221 dictus
898 4154 1006 4221 Dei
1056 4154 1359 4223 famulus
1408 4156 1774 4244 Caprasius
1821 4154 2043 4223 oculis
2105 4155 2536 4243 spiritalibus
2582 4153 2971 4244 conspexit,
3030 4173 3157 4222 su-

620 4241 855 4329 pernis
889 4243 1162 4330 gaudiis
1201 4243 1481 4334 dignam
1524 4267 1672 4312 eam
1727 4244 2026 4313 futuram
2067 4244 2412 4313 intellexit.

706 4331 742 4415 ξ
789 4336 873 4401 5.
914 4336 1100 4400 Tunc
1135 4354 1420 4402 securus
1448 4355 1578 4402 non
1614 4333 1996 4420 imparibus
2032 4334 2290 4411 meritis
2322 4333 2632 4402 eamdem
2670 4329 2956 4422 gloriam
2996 4329 3166 4399 sub·

615 4417 889 4501 iturus,
943 4442 1230 4511 rupem,
1285 4423 1415 4492 sub
1484 4445 1620 4511 qua
1683 4423 2076 4504 habitabat,
2148 4423 2419 4493 dextera
2468 4426 2594 4493 sua
2656 4418 3017 4514 percussit,
3088 4430 3165 4490 et
