3347 4999
660 323 784 386 554
1257 343 1334 387 nc
1375 343 1466 389 ss.
1526 341 1895 390 proponam
1944 343 2018 389 ET
2067 342 2250 389 Lucio
2300 344 2411 389 uu.
2691 325 2863 390 OCT.
2920 327 3002 391 19

565 424 728 492 dato
767 446 868 501 eo,
922 426 1102 511 quod
1156 427 1338 516 apud
1397 450 1518 496 nos
1555 427 1922 515 repudium
1966 427 2304 499 *dicitur.
2359 441 2670 516 separata
2720 440 2847 497 est.
2913 434 3125 498 Prae-

570 513 803 582 clarus
849 530 1074 583 autem
1127 518 1276 601 ejus
1329 516 1451 594 vir,
1507 518 1624 603 qui
1680 516 1914 585 laetari
1967 516 2320 586 debuisset
2370 516 2757 595 mulierem,
2809 540 2983 603 quae
3034 518 3126 587 li-

573 601 810 671 benter
869 605 1292 693 jampridem
1347 628 1504 673 cum
1571 606 1786 674 servis
1856 627 1934 674 ac
2009 606 2370 674 conductis
2439 608 2716 691 operis,
2790 607 3122 677 ebrietate

568 693 898 778 omnique
939 694 1193 763 scelere
1226 717 1297 762 se
1331 695 1685 765 oblectans
1724 694 2015 776 fecisset,
2055 717 2130 764 ea
2165 694 2443 780 quidem
2487 694 2708 763 facere
2744 694 3113 777 destitisse,

568 802 775 868 seque
823 783 1037 851 abeis
1087 784 1430 852 abstinere
1482 782 1802 862 voluisse,
1842 806 2001 852 cum
2052 785 2195 871 ipse
2260 783 2487 862 nollet,
2543 806 2691 853 eam
2746 806 2819 853 se
2866 807 2905 853 a
2944 808 3119 854 con-

560 869 743 956 jugii
800 873 1340 959 nuptiarumque
1370 874 1530 962 jure
1577 894 1656 940 ac
1720 872 1986 942 foedere
2039 872 2476 941 distraxisse:
2529 895 2677 941 eam
2726 873 2790 941 in
2847 875 3116 943 crimen

571 961 851 1041 vocavit,
905 974 970 1029 et
1018 962 1390 1040 accusavit,
1445 961 1626 1046 quod
1694 975 1870 1030 esset
1917 963 2324 1031 Christiana.
2395 968 2481 1031 Ac
2533 962 2645 1030 illa
2697 963 2976 1047 quidem
3034 963 3116 1032 ti-

568 1046 824 1117 bellum
860 1050 1005 1129 tibi,
1039 1055 1418 1136 Imperator
1450 1051 1540 1128 *ἲ
1580 1050 1832 1127 attulit,
1877 1064 2111 1138 petens
2147 1065 2220 1120 ut
2256 1050 2387 1119 sibi
2431 1052 2636 1120 rebus
2675 1053 2821 1120 suis
2855 1074 3113 1121 consu-

570 1135 706 1205 lere
756 1136 1025 1207 liceret:
1066 1139 1316 1208 deinde
1363 1140 1625 1229 objecto
1673 1140 1951 1208 crimini
2000 1163 2072 1208 se
2120 1162 2633 1240 responsuram,
2690 1163 2845 1209 cum
2901 1142 3112 1211 rebus

565 1226 714 1294 suis
763 1228 1250 1307 consuluisset,
1312 1229 1647 1315 promisit,
1687 1227 1893 1314 idque
1941 1229 2365 1298 concessisti.
2404 1235 2572 1297 Tum
2612 1251 2767 1298 vero
2808 1230 2943 1309 ille,
2983 1233 3110 1316 qui

565 1315 941 1403 aliquando
972 1318 1072 1385 vir
1094 1318 1245 1401 ejus
1288 1317 1528 1397 suerat,
1571 1340 1729 1385 cum
1758 1318 1905 1403 jam
1936 1317 2105 1386 nihil
2146 1319 2210 1385 in
2246 1340 2569 1408 praesens
2598 1319 2661 1385 in
2699 1341 2848 1387 eam
2880 1322 3110 1388 dicere

569 1417 816 1493 posset,
881 1407 946 1473 in
1002 1407 1460 1475 Ptolemaeum
1537 1408 1905 1492 quemdam
1947 1462 1961 1483 ,
2043 1408 2107 1473 in
2160 1429 2364 1493 quem
2424 1407 2739 1475 Urbicius
2788 1409 3111 1476 animad-

566 1495 784 1570 vertit,
838 1518 1182 1582 quemque
1233 1509 1738 1586 praeceptorem
1795 1496 1859 1562 in
1907 1496 2287 1564 Christiana
2332 1495 2705 1582 disciplina
2742 1495 2853 1565 illa
2905 1498 3110 1566 audi·

567 1596 774 1659 verat,
819 1583 1149 1672 impetum
1191 1584 1346 1653 fecit
1396 1584 1521 1652 hoc
1560 1584 1800 1652 modo:
1856 1586 2274 1661 Centurioni,
2344 1586 2462 1671 qui
2518 1585 2977 1654 Ptolemaeum
3037 1588 3106 1655 in

567 1673 835 1740 vincula
904 1674 1308 1763 conjecerat,
1361 1688 1426 1741 et
1473 1696 1675 1759 quem
1746 1673 2046 1741 amicum
2104 1674 2440 1753 habebat,
2502 1676 2840 1761 persuasit
2888 1689 2963 1744 ut
3026 1698 3112 1745 ex

568 1761 944 1830 Ptolemaeo
1013 1764 1135 1831 hoc
1188 1786 1401 1830 unum
1456 1775 1838 1848 quaereret.
1886 1784 2048 1830 num
2122 1776 2300 1831 esset
2370 1763 2822 1832 Christianus.
2889 1765 3110 1834 Ptole-

568 1871 837 1918 maeum
895 1853 1197 1919 veritatis
1248 1851 1662 1927 studiosum,
1723 1873 1853 1919 non
1934 1851 2480 1921 fraudulentum.
2539 1874 2756 1938 neque
2822 1853 3111 1922 menda-

560 1960 734 2015 cem,
790 1961 948 2008 cum
1003 1941 1465 2009 Christianum
1520 1962 1590 2007 se
1639 1961 1787 2009 esse
1826 1940 2172 2028 professus
2212 1954 2411 2016 esset,
2470 1942 2533 2007 in
2591 1940 2887 2008 vinculis
2938 1946 3109 2012 Cen—

565 2029 744 2096 turio
805 2051 954 2097 esse
1004 2030 1237 2107 voluit,
1273 2052 1570 2114 eumque
1621 2031 1687 2096 in
1727 2052 1998 2097 carcere
2057 2028 2385 2098 diuturna
2438 2034 2655 2119 poena
2710 2030 2968 2099 afflixit.
3012 2032 3108 2101 Ad

564 2115 885 2185 ultimum
938 2140 1095 2187 cum
1153 2120 1216 2186 in
1263 2118 1510 2187 Urbicii
1553 2133 1996 2205 conspectum
2054 2118 2450 2205 productuS‚
2494 2119 2701 2188 simili
2742 2120 2944 2188 modo
2978 2121 3108 2191 hoc

564 2228 781 2274 unuin
825 2223 1199 2294 rogaretur,
1257 2231 1420 2274 num
1459 2208 1888 2276 Christianus
1927 2220 2125 2283 esset,
2185 2230 2460 2276 rursum
2516 2208 2645 2276 sibi
2701 2210 2859 2276 recti
2903 2209 3105 2279 virtu·

565 2294 786 2379 tisque
821 2318 898 2362 ex
949 2297 1193 2364 Christi
1258 2296 1567 2363 doctrina
1617 2296 1963 2374 consciuS,
2019 2296 2292 2364 divinae
2350 2297 2619 2365 virtutis
2653 2296 3102 2386 disciplinam

563 2382 918 2451 confessus
957 2397 1078 2452 est.
1134 2387 1262 2467 Qui
1312 2386 1493 2451 enim
1541 2408 1610 2453 se
1658 2407 1806 2454 esse
1860 2400 2079 2475 negat,
2123 2385 2179 2453 is
2229 2400 2345 2454 aut
2379 2407 2544 2458 rem.
2599 2408 2806 2471 quam
2847 2387 3107 2475 impro-

565 2471 769 2545 bavit.
828 2487 1064 2559 negat;
1119 2487 1235 2542 aut
1266 2485 1444 2542 certe
1482 2496 1548 2542 re
1588 2474 1949 2564 indignum
1991 2497 2061 2543 se
2108 2488 2173 2542 et
2221 2474 2305 2544 ab
2355 2496 2432 2543 ea
2488 2474 2790 2544 alienum
2846 2479 3099 2557 sciens,

563 2561 725 2629 vitat
757 2562 1282 2631 confessionem:
1321 2585 1614 2648 quorum
1663 2578 1978 2631 neutrum
2017 2565 2081 2632 in
2122 2577 2352 2633 verum
2389 2564 2850 2632 Christianum
2890 2565 3101 2634 cadit.

561 2654 866 2737 Cumque
905 2675 1060 2719 eum
1116 2652 1196 2721 ad
1251 2652 1675 2740 supplicium
1715 2653 2030 2721 Urbicius
2073 2656 2216 2742 rapi
2260 2656 2604 2740 jussisset.
2648 2655 2898 2723 Lucius
2946 2655 3105 2742 qui·

559 2738 746 2818 dam,
785 2742 902 2825 qui
938 2741 1141 2809 etiam
1179 2741 1607 2810 Christianus
1641 2754 1806 2816 erat.
1847 2765 2003 2810 cum
2043 2742 2129 2810 ita
2178 2756 2413 2811 contra
2439 2742 2558 2829 jus
2590 2756 2654 2811 et
2685 2744 3104 2828 aequitatem

567 2828 897 2898 'udicium
946 2830 1092 2899 fieri
1144 2830 1421 2909 videret,
1464 2831 1569 2898 his
1613 2832 1836 2899 verbis
1866 2854 2023 2899 cum
2081 2832 2352 2901 Urbicio
2385 2832 2553 2920 egit:
2609 2855 2644 2897 «
2695 2837 2881 2913 Quae
2918 2834 3105 2921 (ma-

549 2850 740 3006 lum)
793 2920 959 2988 ratio
1011 2935 1072 2988 te
1131 2941 1207 2987 eo
1261 2920 1567 2988 insaniae
1615 2920 1867 3010 adegit,
1918 2933 1989 2988 ut
2039 2922 2249 3000 hunc,
2315 2943 2516 3007 quein
2571 2942 2692 2989 nec
2747 2919 3098 3000 adulterii,

561 3027 682 3074 nec
734 3009 980 3096 stupri,
1040 3031 1161 3077 nec
1196 3010 1447 3087 caedis,
1492 3031 1611 3077 nec
1652 3009 1838 3085 furti,
1881 3031 2001 3077 nec
2038 3010 2340 3098 rapinae.
2387 3030 2506 3077 nec
2542 3009 2839 3095 denique
2888 3010 3105 3078 ullius

560 3096 837 3164 sceleris
887 3099 1178 3167 crimine
1214 3098 1653 3167 convinctum
1710 3098 2019 3177 haberes,
2088 3099 2201 3166 sed
2259 3098 2624 3167 Christiani
2662 3112 2925 3166 tantum
2981 3121 3105 3168 no-

561 3185 768 3252 minis
808 3186 1337 3274 appellationem
1381 3187 1833 3273 profitentem,
1895 3192 2107 3274 poena
2149 3188 2396 3273 capitis
2429 3186 2776 3255 afficeres?
2810 3192 2949 3257 Non
2983 3189 3104 3274 ju-

559 3272 795 3350 dicas,
880 3276 1153 3353 Urbici‚
1208 3298 1288 3344 ex
1341 3276 1436 3344 Pii
1488 3277 1973 3362 Imperatoris,
2046 3299 2167 3344 nec
2227 3277 2350 3345 filii
2417 3276 2758 3354 Caesaris,
2829 3277 2945 3362 qui
2995 3286 3101 3344 est

559 3360 829 3430 Philoso
889 3364 1040 3438 hus,
1085 3386 1204 3431 nec
1257 3370 1543 3433 Senatus
1584 3365 1939 3454 dignitate.
1985 3389 2019 3430 »
2074 3365 2192 3434 Ille
2259 3366 2464 3434 Lucio
2512 3364 2624 3452 qui
2681 3365 2853 3435 nihil
2903 3363 3095 3432 aliud

560 3472 803 3537 respon
862 3465 1038 3519 erat:
1090 3475 1122 3516 «
1169 3454 1355 3529 Mihi,
1395 3454 1640 3539 inquit.
1699 3468 1768 3521 tu
1817 3476 2091 3541 quoque
2126 3453 2377 3523 videris
2406 3477 2553 3524 esse
2588 3453 3015 3541 hujusmodi.
3056 3476 3095 3518 »

557 3540 685 3620 Qui
729 3561 887 3607 cum
944 3541 1249 3619 Maxime,
1310 3542 1795 3630 respondisset,
1834 3566 1990 3612 enm
2043 3544 2245 3612 etiam
2296 3544 2440 3633 rapi
2476 3543 2561 3612 ad
2615 3558 2899 3612 mortem
2948 3543 3100 3624 jus-

556 3627 665 3705 sit,
698 3630 986 3716 gratiam
1025 3630 1085 3697 ei
1121 3652 1192 3698 se
1230 3631 1476 3700 habere
1515 3631 1971 3720 profitentem,
2012 3632 2194 3719 quod
2231 3654 2302 3700 se
2342 3633 2428 3701 ab
2470 3633 2805 3719 improbis
2843 3632 3098 3700 talibus

557 3715 860 3785 dominis
906 3719 1264 3788 liberatum
1303 3741 1450 3788 esse
1509 3721 1733 3796 sciret.
1778 3736 1842 3790 et
1900 3721 1982 3789 ad
2031 3735 2376 3809 parentem
2443 3727 2833 3810 Regemque
2880 3719 3103 3789 coelo-

558 3827 710 3875 rum
755 3807 1119 3896 proficisci.
1154 3810 1416 3878 Tertius
1437 3810 1539 3842 ⁴¹⁶*
1564 3811 1766 3879 etiam
1813 3809 1992 3879 alius
2039 3833 2196 3880 cum
2228 3811 2646 3886 accessisset,
2677 3824 2891 3878 morte
2926 3808 3104 3878 mul-

554 3909 778 3964 ClaluS
818 3911 938 3966 Εὸῐ.

608 4078 631 4100 a
663 4078 764 4116 Non
798 4075 914 4117 viris
957 4079 1202 4119 dumtaxat
1239 4089 1408 4119 uxoren
1430 4081 1679 4128 repudiare
1702 4081 1886 4130 legibus
1917 4090 2195 4121 concessum
2217 4083 2330 4124 erat.
2354 4081 2437 4120 aed
2458 4083 2504 4119 et
2533 4076 2830 4123 mulieribus,
2852 4083 2905 4118 ut
2924 4082 3106 4120 eruitur

555 4133 653 4168 tum
675 4141 728 4169 ex
749 4133 909 4176 uaeris,
933 4134 1031 4171 tum
1059 4144 1111 4171 nx
1134 4133 1339 4180 profanis
1367 4130 1695 4181 scriptoribus.

612 4183 665 4209 ⁶*
694 4184 878 4224 Marcus
902 4186 1123 4225 Aurelius
1146 4190 1262 4231 erat,
1281 4188 1362 4235 qui
1386 4188 1443 4225 ab
1465 4197 1585 4226 anno
1608 4189 1681 4226 161
1704 4197 1854 4236 usqne
1876 4187 1933 4227 nd
1962 4188 2038 4227 180
2067 4183 2337 4227 dominatus
2358 4188 2445 4226 est.
2482 4187 2590 4235 Ipso
2619 4189 2862 4234 regnante.
2894 4185 3112 4233 martyrii

552 4235 715 4275 laureti
735 4238 941 4277 decorati
963 4243 1073 4278 sunt
1093 4236 1393 4279 Ptolomaeus
1415 4243 1462 4279 et
1485 4241 1672 4280 Luctus.

608 4289 692 4317 *Ν*
722 4289 947 4337 Quisnam
968 4290 1112 4331 fuerit
1132 4293 1207 4332 hic
1230 4295 1402 4333 tertius
1421 4294 1614 4342 martyr.
1638 4295 1899 4342 ignoratur.
