3347 4999
679 300 804 364 584
1470 314 1549 361 nc
1598 313 1653 361 s.
1707 313 1980 361 Arimino
2045 314 2234 360 nitar.
2816 296 2986 363 OCT.
3040 299 3139 364 20

590 421 902 488 unquam
965 398 1225 486 aliquid
1294 397 1654 468 molestum
1718 397 2347 488 comprehendat.»
2409 402 2788 489 Imperator
2845 415 3129 470 autem:

592 514 626 556 «
657 487 938 572 Quaeris
987 510 1071 557 ne
1121 486 1407 575 aliquid,
1460 509 1501 557 o
1541 486 1923 557 amicorum
1975 487 2252 576 optime,
2312 487 2575 577 gratius
2623 510 2702 557 ac
2750 488 3131 577 jucundius

590 577 984 647 inventione
1031 598 1398 667 corporum
1453 575 1699 645 Christi
1755 575 2285 665 Apostolorum?
2319 598 2355 643 »
2396 581 2683 667 Magnus
2744 599 2898 647 vero
2945 582 3132 649 Arte·

593 668 807 736 mius:
842 689 878 732 «
910 666 1239 748 Quisnam
1269 677 1388 734 aut
1413 664 1788 746 undenam,
1824 664 2069 752 inquit,
2111 687 2150 734 o
2198 663 2496 746 domine,
2529 676 2628 735 est
2666 666 2749 746 is,
2784 667 2904 754 qui
2938 667 3126 738 hunc

589 755 793 826 hodie
836 754 1232 825 thesaurum
1271 753 1582 845 aperuit?
1613 777 1648 821 »
1681 753 2117 825 Constantius
2151 766 2376 824 autem
2412 778 2426 821 :
2467 754 2831 843 «Achajae‚
2872 756 3117 842 inquit,

590 844 971 934 Episcopus
1001 898 1016 925 ,
1072 844 1194 932 qui
1252 864 1438 912 nunc
1495 842 1836 933 praesidet
1873 843 2113 913 PatriS.
2161 842 2286 912 Sed
2344 843 2480 925 abi,
2529 866 2568 913 o
2603 844 2900 913 virorum
2952 846 3167 914 ami-v

590 955 825 1002 corum
890 933 1179 1023 optime,
1235 945 1299 1002 et
1345 954 1423 1002 ea
1471 932 1991 1021 quamprimum
2043 944 2320 1033 exporta
2369 932 3125 1022 Constantinopolim.»

591 1027 772 1092 Haec
821 1044 979 1091 cum
1030 1023 1118 1092 ab
1168 1026 1583 1110 Imperatore
1641 1041 1934 1111 magnus
1981 1020 2286 1090 audisset
2331 1022 2715 1103 Artemius,
2769 1034 2950 1091 recta
3009 1023 3128 1092 ivit

591 1110 674 1180 ad
726 1111 1077 1201 Apostolos
1114 1166 1129 1190 ,
1182 1132 1417 1180 eorum
1472 1122 1745 1181 sanctas
1793 1109 2129 1179 allaturus
2193 1108 2542 1197 reliquias.
2607 1115 2787 1193 Quas
2842 1110 3125 1198 quidem

590 1222 748 1270 cum
809 1198 1004 1269 valde
1059 1198 1556 1269 admirabiliter
1602 1210 2065 1288 exportasset,
2119 1198 2186 1266 in
2243 1198 2494 1288 templo
2531 1254 2547 1278 ‚
2606 1199 2784 1286 quod
2838 1200 2926 1269 ab
2975 1200 3126 1289 ipso

591 1289 979 1359 Constantio
1028 1301 1409 1358 extructum
1462 1299 1563 1357 est
1609 1310 1650 1356 a
1700 1286 2164 1357 fundamentis
2199 1287 2266 1355 in
2309 1287 2585 1357 nomine
2617 1288 3118 1377 Apostolorum,

591 1399 804 1467 prope
852 1377 1247 1478 sepulcrum
1318 1376 1530 1467 patris
1585 1398 1701 1446 eas
1762 1376 2102 1465 deposuit.
2172 1376 2246 1445 Ei
2306 1389 2531 1445 autem
2602 1377 2669 1446 in
2739 1376 3125 1467 praemium

588 1467 954 1535 ministerii
987 1465 1174 1535 dedit
1204 1471 1605 1555 Imperator,
1643 1465 2049 1556 rogantibus
2088 1465 2469 1554 EpiscopiS,
2517 1487 2772 1535 munus
2806 1466 3125 1535 rectionis

587 1556 894 1645 Aegypti.
949 1554 1128 1625 Talis
1178 1553 1305 1625 fuit
1351 1555 1692 1624 Artemius
1739 1554 1943 1622 etiam
2000 1565 2154 1623 ante
2213 1554 2588 1623 certamina
2646 1556 3003 1642 martyrii,
3053 1568 3126 1625 et

587 1643 755 1714 adeo
789 1656 933 1713 erat
980 1643 1166 1733 apud
1201 1665 1440 1713 omnes
1470 1642 1929 1712 venerandus,

675 1735 711 1820 ξ
758 1737 851 1803 9.
906 1738 1117 1819 Atque
1168 1732 1729 1821 proficiscebatur
1767 1731 2045 1819 quidem
2096 1736 2385 1821 Magnus
2432 1732 2769 1801 Artemius
2806 1731 2870 1799 in
2909 1737 3127 1821 Aegy-

585 1833 808 1910 ptum,
865 1822 1068 1890 Ducis
1118 1820 1319 1890 modo
1369 1822 1688 1910 suscepta
1737 1820 2089 1910 dignitate.
2149 1821 2583 1890 Constantius
2630 1832 2858 1891 autem
2907 1820 3127 1910 prose-

587 1922 740 1980 ctus
790 1908 1427 1999 Constantinopoli,
1484 1909 1802 1978 tendebat
1851 1910 1918 1977 in
1974 1908 2280 1997 Syriam:
2339 1922 2403 1978 et
2450 1932 2607 1979 cum
2661 1910 2730 1978 in
2798 1932 3125 2000 magnam

587 1999 1002 2088 pervenisset
1048 1998 1499 2078 Antiochiam,
1555 1998 1811 2068 ibidem
1862 1997 2011 2087 figit
2062 1997 2576 2067 tabernaculum
2612 2053 2627 2078 ‚
2683 1997 2939 2067 bellum
3009 2020 3130 2097 pa-

585 2108 748 2158 rans
795 2086 1124 2157 adversus
1156 2091 1415 2158 Persas.
1470 2091 1636 2157 Cum
1691 2087 1787 2156 ibi
1834 2100 2062 2155 autem
2117 2099 2420 2156 maneret
2468 2087 2538 2155 in
2588 2087 2879 2167 civitate,
2927 2109 3129 2157 vene-

584 2190 746 2245 runt
778 2175 859 2244 ad
889 2198 1045 2245 eum
1075 2175 1358 2257 litterae,
1394 2177 1960 2246 insurrectionem
1994 2174 2244 2244 Juliani
2278 2175 2767 2266 significantes.
2798 2175 3129 2247 Julianus

584 2264 767 2333 enim
804 2318 819 2344 ,
874 2276 949 2333 ut
996 2286 1036 2332 a
1092 2286 1196 2333 me
1247 2265 1392 2353 jam
1445 2278 1602 2333 ante
1658 2264 1787 2334 suit
1833 2262 2255 2334 declaratum
2289 2318 2305 2345 ‚
2358 2264 2444 2335 ad
2493 2264 2875 2334 custodiam
2930 2265 3128 2334 Occi-

584 2351 809 2423 dentis
857 2353 924 2420 in
979 2351 1196 2422 Gallia
1246 2358 1487 2422 Caesar
1533 2366 1804 2423 creatus
1838 2375 1873 2421 a
1913 2354 2325 2435 ConstantiO,
2381 2376 2513 2423 non
2563 2353 2786 2422 ferens
2820 2353 3131 2443 amplius

584 2462 733 2511 esse
783 2440 849 2509 in
912 2440 1153 2511 habitu
1199 2441 1536 2522 CaesariS,
1593 2442 1819 2511 induit
1866 2441 2209 2524 diadema,
2262 2455 2327 2511 et
2375 2464 2446 2513 se
2494 2441 2795 2533 appellat
2845 2443 3129 2513 nomine

585 2531 1026 2619 Imperatoris
1074 2530 1130 2599 ³⁸.
1185 2535 1551 2617 Postquam
1601 2544 1828 2600 autem
1881 2531 2014 2600 sibi
2067 2532 2435 2621 imperium
2486 2532 2893 2621 usurpavit,
2948 2531 3125 2601 nihil

575 2618 718 2707 jam
820 2641 1057 2688 arvum
1115 2619 1501 2709 cogitabat,
1558 2641 1779 2707 neque
1827 2620 2164 2690 statuebat
2212 2620 2344 2690 sibi
2403 2620 2706 2711 amplius
2753 2641 2902 2690 esse
2949 2642 3124 2689 cun-

581 2718 735 2777 ctan
793 2729 950 2778 um:
1006 2707 1122 2776 sed
1176 2708 1410 2778 volens
1458 2708 1524 2777 in
1578 2731 1773 2778 suam
1828 2708 2136 2798 redigere
2202 2721 2595 2799 potestatem
2653 2721 2855 2779 totam
2914 2714 3129 2779 Euro-

581 2818 766 2887 pam,
813 2818 989 2884 quae
1021 2796 1250 2866 obedit
1279 2798 1630 2880 Romanis,
1671 2797 2006 2867 instructo
2036 2798 2359 2878 exercitu,
2403 2820 2521 2886 per
2561 2802 2937 2869 Germanos
2973 2819 3127 2885 per-

576 2885 747 2955 rexit
794 2885 879 2955 ad
941 2885 1358 2956 Danubium.
1411 2891 1692 2956 Etcum
1758 2885 2149 2957 ulteriorem
2212 2887 2431 2976 ripam
2488 2909 2527 2956 a
2584 2885 3115 2975 prehendisset,

578 2996 700 3064 per
732 2973 877 3045 loca
911 2973 1099 3044 illius
1133 2974 1426 3045 ducebat
1449 2975 1849 3045 exercitum.
1885 2980 2126 3045 Latens
2161 2996 2315 3045 vero
2353 2996 2512 3065 prae
2543 2989 2750 3056 actos,
2789 2987 2854 3044 et
2881 2974 3123 3045 Italiae

579 3068 904 3144 Taurum,
961 3063 1077 3150 qui
1132 3063 1535 3145 vocabatur,
1589 3075 1655 3134 et
1704 3064 1961 3154 Illyrici
2020 3063 2881 3166 Florentium-postquam
2936 3065 3128 3134 venit

474 3173 480 3179 ·
581 3151 665 3222 ad
715 3157 1015 3222 Paeonas
1046 3151 1138 3234 μ,
1194 3154 1534 3223 transiens
1580 3153 1664 3223 ad
1709 3151 1992 3223 alteram
2047 3166 2305 3242 partem
2346 3153 2563 3234 fluvit,
2602 3153 2828 3225 statim
2864 3165 2929 3222 et
2957 3153 3121 3222 uni-

577 3261 842 3310 versam
875 3239 1222 3330 Illyricam
1262 3243 1607 3333 regionem
1645 3242 1712 3310 in
1746 3264 1943 3312 suam
1978 3241 2233 3331 redegit
2267 3254 2688 3332 potestatem,
2725 3253 2791 3311 et
2820 3241 3117 3323 Italiam,

579 3341 644 3399 et
690 3350 911 3415 usque
950 3329 1036 3398 ad
1087 3334 1429 3400 Oceanum
1482 3330 1985 3401 Occidentalem
2026 3331 2384 3402 universas
2414 3345 2675 3421 gentes,
2719 3353 2897 3419 quae
2926 3343 3122 3400 erant

579 3417 676 3485 im
732 3417 856 3487 erii
898 3422 1393 3489 Romanorum.

748 3509 905 3578 1⁰.
963 3508 1397 3577 Constantius
1446 3521 1672 3578 autem
1727 3531 1886 3577 cum
1922 3508 2089 3578 haec
2138 3507 2533 3589 audivisset,
2574 3508 2704 3578 suit
2750 3506 3118 3579 conturba-

573 3607 710 3674 tuS,
747 3606 824 3664 ut
862 3606 964 3665 est
988 3608 1553 3678 consentaneum,
1585 3609 1650 3666 et
1679 3596 1764 3666 de
1803 3595 2394 3687 Constantinopoli
2426 3597 2801 3667 admodum
2840 3597 3110 3678 timens,

573 3704 661 3753 ne
690 3683 871 3770 quod
910 3683 1028 3753 ille
1059 3684 1293 3754 animo
1342 3706 1422 3754 co
1474 3685 1708 3766 itabat,
1762 3707 1913 3755 eam
1970 3686 2159 3775 prior·
2204 3686 2271 3754 in
2306 3707 2501 3755 suam
2552 3686 2891 3777 redigeret
2937 3698 3124 3775 pote-

572 3785 842 3853 statem,
898 3794 1046 3842 eam
1101 3772 1257 3843 totis
1308 3774 1429 3842 viri
1489 3797 1569 3845 us
1607 3774 1972 3844 festinabat
2007 3796 2529 3865 praeoccupare.
2571 3775 2849 3844 Interim
2887 3787 3117 3845 autem

571 3862 739 3932 dum
782 3862 869 3931 ab
900 3883 978 3931 eo
1013 3860 1171 3931 colli
1225 3861 1468 3931 ebatur
1512 3864 1875 3944 exercitus,
1920 3863 2280 3953 dispersus
2311 3885 2430 3954 per
2458 3863 2762 3934 civitates
2795 3863 3115 3942 Orientis,

575 3963 642 4021 et
690 3972 762 4020 se
797 3951 1083 4042 parabat
1116 3973 1151 4020 a
1253 3963 1509 4021 tantam
1556 3951 1760 4032 viam,
1799 3952 2145 4042 significat
2192 3952 2569 4043 EpiscopiS,
2607 3965 2683 4022 ut
2719 3974 2875 4021 eum
2924 3973 3123 4043 prae-

574 4038 895 4111 cedentes
929 4039 1753 4130 veniantquamprimum
1793 4042 2089 4113 Niceam.
2130 4046 2285 4111 Erat
2311 4041 2491 4111 enim
2526 4041 2594 4110 in
2627 4063 2703 4110 ea
2739 4041 3120 4111 secundam

576 4127 928 4215 Synodum
971 4141 1569 4220 congregaturus,
1625 4130 1714 4199 ab
1765 4128 1996 4219 impiis
2060 4130 2365 4200 Arrianis
2418 4129 2741 4199 incitatus
2786 4129 3122 4200 adversus

581 4217 1004 4287 Homousion.
1058 4222 1226 4287 Cum
1279 4239 1432 4288 vero
1467 4272 1482 4300 ‚
1538 4218 1946 4289 transmissa
1993 4218 2279 4300 Cilicia,
2355 4218 2649 4289 venisset
2713 4219 2796 4288 ad
2848 4219 3117 4310 Mopsi,

627 4379 651 4400 ι

627 4377 1063 4472 **Δέἓὲὶέὃὶρᾶσοηίσ
1082 4439 1196 4482 pars
1218 4435 1291 4473 est
1312 4432 1584 4481 provinciae
1605 4433 1921 4482 Scuta-ensis,
1941 4435 2000 4475 od
2017 4445 2147 4476 mare
2165 4431 2390 4476 Adriatici
2410 4435 2686 4484 adjocantis.
