3347 4999
143 372 327 441 OCT.
393 376 479 438 ›t0
829 393 907 437 m:
956 388 1046 438 ss.
1101 391 1419 438 ΕυιΑΜΡιο
1467 392 1543 437 ET
1591 375 1907 438 sursum
1956 394 2069 438 mi.
2508 377 2635 441 319

141 498 538 547 accurrens
577 475 891 555 audacia,
943 488 1294 561 tamquam
1346 476 1769 551 thalamum,
1827 497 1961 544 non
2015 475 2359 546 fornacem
2395 534 2409 557 ,
2457 480 2723 569 ingres-

142 589 340 636 sura.
399 571 574 635 Cum
626 579 851 634 autem
895 564 1040 654 igni
1089 564 1379 635 fuissent
1430 563 1702 645 traditi,
1748 566 2031 633 flamma
2080 587 2196 634 eos
2247 567 2417 635 nihil
2474 568 2717 647 laesit3

145 655 266 724 sed
307 654 577 733 statim,
620 655 835 722 instar
876 653 1162 734 absidis,
1209 654 1586 734 incurvata,
1636 666 1702 722 et
1749 653 2116 743 diligenter
2162 676 2409 724 cavens
2458 678 2543 724 ne
2587 678 2725 725 me-

142 744 347 812 dium
385 743 849 831 interciperet,
887 755 1237 829 tamquam
1267 743 1333 810 in
1364 741 1885 829 jucundissimo
1921 741 2223 811 thalamo
2255 742 2543 813 athletas
2564 765 2722 813 con·

146 832 440 910 tinebat,
483 844 550 900 et
599 845 883 900 naturae
924 853 1089 902 suae
1137 830 1453 901 ardorem
1505 832 1574 900 in
1624 853 1867 900 auram
1922 831 2327 900 irrorantem
2378 847 2725 901 converte-

143 922 285 990 bat.
347 927 686 1077 Martfres
736 942 890 989 vero
942 933 1291 1007 tamquam
1346 920 1412 989 in
1469 932 1658 1010 prato
1710 920 1978 990 roscido
2013 932 2077 989 et
2113 942 2399 989 amoeno
2440 921 2725 990 choreas

143 1023 466 1100 agente5‚
503 1011 520 1077 i
557 1008 675 1079 lud
703 1009 1129 1099 descriptum
1158 1009 1578 1079 etdivinitus
1599 1008 1942 1089 edoctum,
1974 1030 2371 1099 puerorum,
2406 1011 2716 1097 inquam,

142 1100 505 1169 canebant
539 1099 912 1167 canticum.

235 1190 272 1275 ξ
325 1195 488 1260 1².
542 1186 635 1256 Ad
689 1187 856 1256 haec
905 1209 1145 1255 rursus
1203 1192 1568 1275 Tyrannus
1631 1198 1698 1255 et
1748 1186 1970 1274 magis
2028 1187 2427 1268 dubitabat,
2483 1200 2546 1256 et
2596 1187 2724 1256 hoc

144 1276 483 1367 prodigio
536 1276 738 1365 plane
786 1289 1089 1346 evaserat
1139 1275 1408 1346 solutus
1455 1288 1520 1343 et
1569 1275 1963 1363 imbecillis,
2003 1290 2067 1345 et
2102 1277 2422 1346 redactus
2454 1289 2598 1345 erat
2637 1275 2723 1345 ad

141 1380 537 1435 extremam
591 1364 865 1433 consilii
932 1364 1262 1521 inopiam.
1321 1363 1576 1432 Deinde
1624 1387 1784 1433 cum
1855 1387 2130 1434 omnem
2189 1387 2381 1455 spem
2451 1365 2725 1455 penitus

142 1455 550 1544 abjecisset,
586 1453 650 1522 in
684 1453 975 1522 athletas
1009 1477 1052 1522 u
1090 1452 1336 1521 timum
1374 1453 1608 1523 statuit
1649 1476 1730 1522 su
1791 1453 2102 1543 plinium,
2136 1476 2382 1543 nempe
2415 1467 2489 1523 ut
2516 1455 2721 1522 vitam

141 1544 445 1612 finirent
487 1542 741 1631 gladio.
803 1543 1122 1611 Protinus
1169 1563 1330 1630 ergo
1382 1542 1587 1610 vincti
1630 1543 1718 1611 ab
1776 1555 2078 1612 ucuntur
2130 1542 2213 1611 ad
2282 1557 2592 1612 mortem.
2649 1547 2727 1610 Et

142 1638 417 1723 Martyr
484 1631 763 1718 quidem
830 1653 989 1700 cum
1059 1642 1376 1720 prompto
1424 1643 1487 1698 et
1536 1630 1751 1700 alacri
1813 1632 2050 1701 animo
2114 1632 2441 1701 subiisset
2490 1631 2721 1722 gladio

141 1721 864 1799 consummationem,
905 1721 974 1788 in
1008 1720 1233 1789 coelos
1267 1732 1636 1789 coronatus
1661 1720 2010 1789 extollitur
2039 1744 2054 1801 ;
2090 1722 2241 1811 ejus
2274 1733 2500 1790 autem
2534 1742 2727 1789 soror

142 1823 208 1880 et
262 1810 464 1880 socia
512 1807 996 1888 certaminum,
1050 1808 1254 1877 etiam
1306 1821 1463 1877 ante
1502 1808 1817 1897 gladium
1866 1823 2415 1891 consummatur,
2474 1831 2726 1899 propo-

146 1899 433 1986 sitoque
483 1911 546 1966 et
594 1898 810 1966 animi
860 1898 1173 1967 instituto
1221 1897 1297 1966 fit
1350 1896 1642 1986 perfecta
1694 1903 1968 1987 Martyr.
2025 1904 2165 1967 Hoc
2198 1912 2425 1968 autem
2467 1920 2598 1967 non
2634 1899 2721 1967 ab

149 2010 222 2058 re
279 1987 586 2077 providit
625 1986 734 2055 Dei
770 1986 1130 2075 sapientia,
1186 1985 1302 2055 sed
1355 2000 1430 2055 ut
1478 2007 1735 2075 corpus
1786 1987 2153 2067 mundum,
2207 1999 2272 2055 et
2320 2009 2359 2055 a
2397 1987 2719 2057 vitiorum

147 2075 668 2147 consuetudine
720 2075 1075 2156 intactum,
1133 2097 1381 2144 manus
1433 2075 1837 2144 immundae
1888 2097 2022 2144 non
2076 2089 2186 2144 tan
2242 2089 2464 2153 erent,
2521 2089 2723 2162 atque

151 2179 231 2235 ut
285 2188 420 2234 sua
469 2187 589 2254 spe
639 2165 833 2253 impii
885 2163 1404 2243 frustrarentur,
1458 2185 1617 2231 cum
1670 2166 1759 2233 ab
1809 2186 1886 2233 eo
1922 2164 2182 2233 inferen
2240 2186 2277 2233 o
2312 2164 2726 2234 excidissent

152 2254 538 2343 supplicio,
599 2276 717 2342 per
748 2253 952 2338 quod·
988 2254 1321 2342 putabant
1362 2275 1433 2321 se
1472 2252 1838 2342 punituros
1888 2259 2279 2343 Martyrem.
2333 2258 2513 2323 Haec
2563 2264 2726 2323 sunt

152 2343 583 2411 invictorum
628 2342 873 2411 Christi
919 2347 1291 2431 Martyrum
1328 2341 1746 2411 certamina:
1801 2354 1866 2411 et
1906 2343 2017 2411 hic
2048 2355 2149 2412 est
2181 2343 2528 2432 optandus
2563 2343 2723 2412 finis

157 2431 555 2519 insignium
605 2430 1052 2498 Athletarum.
1108 2430 1271 2499 Illos
1323 2430 1616 2499 bearunt
1671 2430 1951 2518 quidem
1996 2453 2236 2501 omnes
2281 2432 2564 2501 virtutes
2621 2432 2722 2501 in-

159 2519 578 2608 telligentes,
637 2519 1132 2588 benedixerunt
1181 2521 1637 2601 Patriarchae,
1689 2521 2064 2591 laudarunt
2113 2521 2411 2610 Apostoli
2451 2535 2513 2589 et
2550 2527 2723 2589 Mar-

159 2623 376 2698 tyres,
424 2620 499 2676 ut
536 2608 597 2675 ei
643 2629 837 2697 pares
887 2608 956 2676 in
1007 2607 1387 2690 laboribus,
1423 2623 1488 2678 et
1521 2609 1843 2696 aequales
1876 2610 1946 2679 in
1995 2609 2447 2689 consessione,
2499 2631 2724 2679 sacro-

159 2708 491 2766 sanctum
542 2708 958 2786 acceperunt
1019 2695 1590 2767 additamentum.
1665 2703 1819 2787 Ipse
1886 2712 2116 2769 autem
2190 2698 2609 2787 Agonotheta
2659 2711 2723 2767 et

161 2785 530 2865 Dominus,
574 2807 695 2874 pro
728 2807 867 2872 quo
909 2786 1045 2875 pati
1077 2786 1605 2867 constituerunt,
1662 2801 1728 2857 et
1777 2809 1981 2874 quem
2035 2810 2267 2857 coram
2320 2786 2723 2856 hominibus

161 2874 543 2964 martyrice
576 2873 871 2944 confessi
907 2886 1089 2953 sunt,
1131 2875 1299 2962 ipse,
1339 2875 1650 2963 inquam,
1697 2898 1926 2945 coram
1970 2881 2161 2946 Patre
2190 2898 2306 2944 eos
2356 2875 2724 2966 praeconio

101 3011 104 3014 -
161 2963 553 3044 honoravit,
600 2963 778 3034 sicut
806 2976 906 3032 est
947 2963 1316 3052 pollicitus,
1357 2965 1753 3054 gloriaeque
1792 2978 1854 3033 et
1890 2966 2080 3054 regni
2123 2965 2470 3034 coelorum
2505 2965 2724 3034 socios

163 3052 375 3122 fecit:
429 3053 759 3139 quoniam
809 3073 968 3121 eum
1020 3052 1211 3123 decet
1256 3054 1484 3123 omnis
1518 3054 1761 3144 gloria,
1803 3054 2021 3123 honor
2053 3064 2118 3123 et
2165 3053 2471 3123 adoratio
2508 3053 2577 3122 in
2620 3075 2723 3122 se·

162 3143 326 3211 cula
365 3141 785 3223 seculorum,
832 3147 1066 3211 Amen.
