3347 4999
167 314 341 380 OCT.
395 315 477 379 24
1106 333 1184 379 ns
1238 332 1296 379 s.
1348 329 1590 379 simoen
1636 333 1784 380 Ana.
2500 319 2631 385 699

171 418 452 507 signum
506 415 805 486 salutare
864 416 1158 497 meruit,
1214 418 1531 506 protinus
1591 417 1815 486 visum
1869 417 2145 507 recepit.
2200 418 2390 488 Alius
2444 440 2719 508 quoque

168 505 585 575 Pictavensis
635 527 830 595 puer,
885 504 1293 593 hujusmodi
1345 504 1584 576 morbo
1633 504 1981 587 laboranS,
2019 505 2257 576 audita
2306 508 2721 580 confessoris

166 594 379 680 hujus
426 597 671 684 opera,
728 615 849 684 pro
898 592 1188 663 luminis
1239 594 1488 684 perditi
1539 596 1925 684 receptione
1977 607 2318 683 precatur.
2383 602 2524 666 Non
2578 620 2722 667 mo-

166 697 358 753 ratur
406 682 547 762 ille,
600 681 719 752 sed
763 683 1083 753 invocato
1131 682 1382 753 Christi
1431 683 1737 766 nomine,
1790 687 2075 754 Crucem
2108 684 2331 754 oculis
2369 686 2557 755 caeci
2594 686 2721 755 irn-

168 772 385 863 ponit,
440 771 812 859 statimque
859 771 1204 841 defluente
1253 772 1396 842 rivo
1444 772 1812 863 sanguinis
1842 826 1858 852 ,
1911 773 2031 842 lux
2082 773 2382 853 intravit,
2435 796 2515 842 ac
2569 787 2719 864 post

168 861 227 929 vi
285 861 409 931 inti
463 881 804 930 annorum
876 860 1226 930 curricula
1260 916 1275 941 ,
1328 861 1607 931 orbatae
1661 860 1871 930 fronti
1964 862 2353 932 eminorum
2407 861 2716 933 siderum

159 952 238 1041 ju
293 972 372 1020 ar
403 949 753 1019 inclaruit.
793 953 938 1018 Duo
970 949 1166 1039 pueri
1196 951 1529 1022 membris
1558 949 1886 1020 omnibus
1967 949 2202 1030 ebiles,
2234 962 2301 1021 et
2333 950 2402 1019 in
2435 951 2721 1022 modum

168 1039 504 1129 sphaerae
552 1039 620 1107 in
677 1038 1093 1107 rotunditate
1140 1040 1498 1120 contracti,
1539 1039 1692 1130 ejus
1739 1040 2226 1130 conspectibus
2272 1051 2435 1110 sunt
2483 1039 2717 1122 delati,

167 1130 426 1215 quibus
476 1126 822 1217 impositis
871 1129 1248 1209 manibuS,
1303 1127 1788 1218 redintegratis
1841 1128 2132 1198 artubus
2164 1183 2180 1210 ‚
2251 1129 2464 1198 unius
2514 1129 2722 1200 horae

166 1228 519 1286 momento
548 1228 923 1302 utrumque
958 1215 1258 1286 reddidit
1284 1217 1708 1287 absolutum.
1755 1217 2276 1305 Geminavitque
2317 1217 2570 1288 deinde
2603 1241 2719 1309 ge·

170 1305 398 1376 minae
433 1305 706 1375 virtutis
738 1304 1177 1376 beneficium.
1232 1311 1407 1375 Puer
1461 1327 1619 1375 cum
1685 1305 1913 1395 puella
1952 1327 2185 1376 coram
2234 1327 2314 1376 eo
2353 1308 2725 1378 contractis

166 1395 492 1464 manibus
539 1393 956 1463 adstiterunt
999 1393 1198 1483 (erat
1245 1407 1471 1465 autem
1510 1407 1677 1464 tunc
1714 1394 2019 1465 medium
2069 1395 2423 1466 Paschalis
2471 1396 2720 1466 festum

165 1482 724 1572 solemnitatis),
777 1504 1079 1569 cumque
1138 1505 1262 1573 pro
1309 1506 1475 1553 suae
1522 1483 1924 1554 directionis
1977 1483 2241 1555 medela
2291 1485 2410 1553 Dei
2458 1485 2722 1556 famulo

164 1572 665 1663 supplicarent,
718 1585 784 1641 et
832 1571 948 1640 ille
999 1594 1120 1662 pro
1167 1594 1270 1654 ea,
1325 1595 1502 1660 quae
1548 1572 1632 1642 ad
1685 1571 2046 1642 ecclesiam
2086 1588 2543 1655 convenerat,
2600 1597 2723 1664 po-

167 1662 312 1750 puli
374 1660 764 1749 frequentia
816 1660 982 1730 haec
1031 1661 1299 1764 agenda
1348 1661 1696 1742 differret,
1754 1661 2125 1751 indignum
2180 1683 2252 1732 se
2301 1661 2670 1733 clamitans
2700 1718 2716 1744 ,

165 1773 282 1839 per
330 1772 537 1838 quem
595 1755 769 1818 Deus
822 1749 1120 1819 infirmis
1173 1753 1498 1840 praebere
1546 1750 1885 1822 beneficia
1932 1750 2386 1840 dignaretur,
2449 1774 2582 1842 sup
2640 1751 2724 1820 li-

160 1840 487 1910 cantibus
520 1838 817 1918 cunctis,
860 1861 1110 1908 manus
1143 1861 1384 1908 eorum
1426 1839 1573 1911 suis
1606 1838 1915 1928 suscepit
1950 1839 2018 1907 in
2061 1839 2426 1910 manibus:
2465 1842 2581 1927 qui
2641 1863 2723 1910 us

163 1929 566 2008 attrectatis,
588 1927 1005 2013 directisque
1031 1926 1292 2018 digitis,
1316 1950 1523 2000 sanos
1540 1926 1909 1998 abscedere
1927 1927 2146 2013 jubet.
2169 1929 2419 2019 Benaja
2447 1951 2722 2017 quoque

159 2016 324 2107 (hoc
362 2018 551 2086 enim
589 2029 735 2085 erat
787 2037 1036 2086 nomen
1082 2016 1449 2107 mulieris),
1508 2014 1746 2086 oculos
1786 2016 2102 2086 deferens
2155 2016 2433 2087 clausos
2464 2072 2479 2099 ,
2536 2031 2723 2089 tactu

167 2106 496 2177 salutaris
529 2104 844 2174 dexterae
894 2105 1276 2187 benedicta,
1318 2105 1713 2175 illuminata
1752 2104 2095 2175 discessit.
2615 2147 2620 2154 -

249 2198 286 2282 ξ
333 2200 411 2265 2.
469 2194 593 2263 Sed
621 2215 743 2263 nec
768 2193 938 2263 illud
964 2194 1185 2263 occuli
1220 2216 1517 2282 aequum
1556 2207 1746 2284 put0,
1787 2194 1971 2282 quod
2009 2194 2289 2284 saepius
2318 2195 2470 2286 ejus
2503 2195 2721 2265 oratio

166 2284 359 2353 virus
408 2283 835 2373 serpentium
872 2283 1224 2352 exinanire
1256 2284 1577 2353 obtinuit.
1636 2288 1779 2352 Duo
1812 2284 1996 2353 enim
2038 2282 2288 2353 tumidi
2327 2307 2561 2354 morsu
2597 2286 2722 2373 hy-

167 2371 302 2451 dri,
356 2373 509 2462 ejus
561 2371 852 2462 pedibus
889 2385 1442 2461 prosternuntur,
1478 2371 1925 2461 deprecantes
1959 2384 2034 2441 ut
2064 2373 2277 2453 viruS,
2315 2372 2498 2460 quod
2542 2375 2721 2444 mala

166 2460 386 2530 bestia
429 2461 720 2531 artubus
772 2461 1210 2531 moribundis
1260 2461 1518 2551 injecit,
1576 2464 1704 2532 sua
1746 2461 1991 2532 virtute
2037 2461 2435 2532 discuteret.
2479 2467 2555 2534 At
2605 2463 2721 2533 ille

163 2549 546 2619 orationem
597 2549 776 2619 fudit
823 2550 905 2619 ad
965 2552 1371 2631 Dominum,
1428 2551 1714 2621 dicens:
1770 2573 1806 2618 «
1855 2551 2138 2620 Domine
2196 2556 2363 2621 ²lesu
2426 2552 2714 2633 Christe,

160 2639 283 2726 qui
334 2640 401 2707 in
459 2639 801 2742 principio
848 2653 1097 2709 cuncta
1149 2639 1393 2709 mundi
1457 2640 1791 2709 elementa
1843 2640 2140 2720 creasti,
2208 2653 2273 2709 et
2329 2654 2714 2729 serpentem

162 2728 362 2796 illum
415 2728 744 2798 humanis
792 2727 1249 2817 dignitatibus
1297 2728 1649 2799 aemulum
1690 2782 1705 2809 ‚
1765 2731 1899 2799 sub
1941 2727 2306 2798 maledicto
2349 2750 2504 2798 esse
2562 2751 2722 2797 san-

162 2817 361 2898 xisti;
417 2830 489 2887 tu
539 2816 805 2907 depelle
861 2818 949 2886 ab
1019 2818 1126 2886 his
1182 2817 1465 2887 famulis
1516 2818 1651 2887 tuis
1708 2818 1953 2885 veneni
2006 2819 2218 2907 hujus
2272 2816 2585 2897 malum,
2642 2831 2716 2887 ut

161 2927 294 2975 non
346 2927 610 2995 angues
657 2905 742 2975 de
789 2906 921 2987 his,
976 2907 1095 2976 sed
1146 2907 1213 2975 hi
1264 2907 1349 2977 de
1396 2929 1623 2996 angue
1662 2904 1934 2974 valeant
1969 2905 2423 2994 triumphare.
2462 2928 2498 2971 »
2538 2911 2715 2975 Haec

157 3007 383 3063 autem
425 3016 585 3064 cum
636 2995 942 3074 dixisset,
992 2996 1294 3085 palpavit
1339 3017 1615 3065 omnem
1651 3017 1894 3083 compa
1951 3016 2056 3062 em
2094 2994 2408 3082 corporis
2439 3015 2713 3075 eorum,

160 3084 527 3241 {tssimque
587 3105 983 3174 compresso
1058 3100 1365 3165 tumore,
1443 3084 1631 3153 virus
1697 3084 1897 3153 morti
1928 3105 2125 3152 erum
2195 3082 2494 3152 nocendi
2559 3104 2714 3173 per·

213 3194 235 3240 1
293 3187 342 3241 tt
391 3195 591 3241 vires.

247 3263 282 3347 ἓ
331 3264 410 3333 S.
472 3262 621 3329 Dies
659 3262 1049 3331 Dominicae
1083 3261 1604 3331 resurrectionis
1652 3259 1734 3329 ad
1750 3271 2044 3337 venerat,
2080 3271 2144 3328 et
2180 3259 2386 3329 homo
2421 3260 2708 3346 quidam

158 3348 327 3417 dum
377 3349 465 3418 ad
513 3350 875 3419 ecclesiam
931 3365 1259 3440 pergeret,
1315 3349 1484 3419 vidit
1535 3371 1859 3439 pecorum
1913 3347 2455 3428 multitudinem,
2509 3371 2710 3418 suam

163 3451 459 3527 segetem
542 3438 1072 3526 depascentem;
1155 3439 1515 3530 ingemuit,
1567 3452 1633 3509 et
1679 3438 1812 3506 ait:
1867 3460 1903 3504 ε(
1941 3442 2069 3506 Vae
2119 3437 2314 3517 mihi,
2368 3439 2534 3524 quia
2591 3459 2716 3507 an-

160 3525 391 3594 nualis
444 3528 575 3596 mei
624 3527 880 3597 laboris
928 3549 1135 3617 opera
1185 3529 1277 3597 ita
1324 3528 1611 3616 deperit,
1667 3539 1743 3597 ut
1797 3526 1966 3595 nihil
2023 3549 2306 3616 prorsus
2354 3549 2437 3596 ex
2477 3549 2556 3596 ea
2615 3547 2720 3595 re-

163 3627 457 3683 maneat.
520 3638 556 3681 »
620 3621 698 3685 Et
744 3631 1020 3707 accepta
1087 3638 1376 3698 secure,
1444 3616 1823 3707 amputatis
1884 3616 2143 3696 ramiS‚
2198 3615 2464 3685 aditum
2529 3615 2716 3716 sepis

154 3702 482 3773 claudere
529 3706 791 3794 coepit,
843 3706 1344 3792 confestimque
1390 3718 1742 3776 contracta
1808 3726 2056 3774 manus
2114 3704 2328 3773 invita
2380 3704 2711 3781 retinuit,

156 3792 341 3878 quod
376 3792 759 3863 voluntarie
791 3795 1335 3884 comprehendit.
1379 3795 1619 3865 Dolore
1653 3815 1810 3864 vero
1840 3793 2231 3884 instigante,
2274 3791 2362 3861 ad
2400 3806 2714 3861 sanctum

158 3882 616 3953 confessorem
647 3897 950 3953 moestus
975 3884 1284 3964 accessit,
1319 3898 1379 3953 tr
1425 3883 1597 3955 hens
1627 3895 1778 3985 post
1816 3904 1887 3953 se
1923 3904 2222 3961 ramum,
2259 3903 2462 3969 quem
2503 3902 2718 3950 manu

162 3971 706 4046 constrinxerat,
770 3972 1206 4060 narravitque
1253 3995 1364 4042 om
1425 3974 1533 4053 ia,
1593 3984 1773 4042 stcut
1828 3984 2019 4061 gesta
2064 3983 2283 4039 erant.
2355 3975 2543 4039 Tunc
2602 3968 2717 4038 ille

163 4055 310 4128 oleo
344 4060 819 4130 benedictione
850 4061 1300 4143 sanctificam,
1359 4083 1643 4131 manum
1692 4082 1905 4129 manu
1954 4061 2326 4148 stringenS,
2373 4060 2717 4127 abstracto

166 4165 403 4230 ramo,
458 4150 734 4219 sanitati
788 4149 1104 4221 restituit.
1180 4150 1305 4219 Sed
1356 4164 1421 4220 et
1483 4150 1813 4238 deinceps
1865 4147 2120 4217 multos
2181 4170 2217 4216 a
2285 4168 2396 4216 ser
2448 4146 2712 4216 entium

168 4253 421 4317 morsu,
457 4253 521 4308 et
554 4238 875 4329 pustulae
917 4238 1260 4328 malignae
1295 4260 1577 4318 veneno,
1617 4238 1820 4326 signo
1867 4236 2104 4307 Crucis
2136 4236 2355 4306 locato
2436 4257 2706 4324 esuper,

171 4321 467 4396 reddidit
493 4328 831 4417 sospitati.
876 4327 1242 4398 Nonnullis
1282 4340 1509 4397 autem
1547 4325 1847 4396 obsessis
1896 4325 2256 4395 daemonis
2290 4326 2470 4393 saevi
2507 4325 2715 4393 livore

172 4422 248 4478 ut
277 4435 522 4485 manus
550 4417 904 4507 imposuit,
944 4417 1308 4506 extemplo,
1345 4415 1599 4506 fugatis
1629 4414 2112 4494 daemonibus,
2145 4424 2443 4484 mentem
2474 4434 2713 4482 eorum
