3347 4999
680 329 803 392 294
1261 347 1339 393 na
1388 346 1444 393 s.
1499 343 1810 394 Lunovmo
1860 342 2225 393 araraanno
2275 345 2460 396 conr.
2869 329 3041 396 OCT.
3097 333 3142 397 9

593 453 870 511 vacans,
909 430 1350 511 morabatur3
1405 431 1621 499 sacris
1655 431 1858 500 etiam
1898 430 2309 500 lectionibus
2344 430 2737 519 divinisque
2772 431 3144 520 colloquiis

595 533 892 589 mentem
946 517 1285 598 reficiens,
1339 520 1600 587 invenit
1638 541 1841 607 quem
1894 518 2224 608 diligebat
2271 520 2503 589 anima
2552 520 2748 608 ejus;
2788 523 3143 592 sanctissi-

595 630 745 678 mae
794 608 1258 679 Eucharistiae
1290 607 1670 695 'frequenti,
1735 607 1985 677 humili
2019 621 2084 677 et
2116 607 2386 677 occulta
2419 611 2815 699 sumptione
2845 610 3144 681 delecta-

593 711 727 778 tus,
783 699 849 765 in
901 698 1007 767 Dei
1058 719 1137 766 ac
1191 697 1481 786 proximi
1532 719 1833 766 amorem
1879 708 2060 766 totus
2107 697 2395 776 exat-siu
2429 697 2853 767 xenodochia
2884 722 3144 790 magna

591 786 921 946 citabritate
978 786 1289 869 visitans,
1347 787 1770 876 pauperibus
1822 789 1957 854 tota
2006 786 2223 855 animi
2273 787 2381 855 sui
2444 786 2871 858 demissione
2920 789 3143 860 inser-

591 897 696 945 vie
749 889 841 945 at.

678 969 714 1052 ξ
763 969 853 1036 8.
918 969 1000 1034 Ut
1048 964 1317 1036 Domini
1366 961 1735 1033 consilium
1786 961 1870 1032 de
1919 961 2392 1051 relinquendis
2440 963 2645 1034 domo
2687 963 3021 1041 fratribus
3068 978 3139 1036 et

593 1053 1004 1142 parentibus
1057 1052 1422 1145 perfectius
1471 1051 1825 1141 impleret,
1878 1052 2089 1120 eremi
2139 1050 2481 1123 desiderio
2529 1052 2705 1122 clam
2758 1052 2966 1123 domo
3014 1077 3142 1124 au-

592 1143 808 1232 fugit,
874 1141 992 1210 sed
1043 1144 1351 1232 specioso
1418 1140 1688 1229 pietatis
1739 1139 1934 1209 titulo
1996 1154 2397 1221 revocatuS‚
2454 1140 2801 1229 aliamque
2863 1140 3139 1213 fallacis

593 1231 806 1301 seculi
847 1230 1083 1321 fugam
1132 1231 1554 1317 auspicatus,
1599 1229 1821 1319 primo
1861 1229 2245 1299 clericalem
2280 1228 2562 1301 admisit
2597 1230 2936 1311 habitum,
2975 1254 3133 1302 mox

590 1342 770 1401 ver0,
826 1342 960 1389 non
1001 1320 1149 1390 sine
1200 1320 1451 1409 magna
1497 1318 2091 1388 cumdomesticis
2131 1317 2337 1401 lucta,
2393 1318 2635 1389 Ordini
2685 1324 2749 1389 S.
2794 1321 3135 1390 Dominici

593 1430 840 1478 nomen
883 1408 1071 1478 dedit
1117 1410 1185 1478 in
1237 1418 1578 1477 conventu
1629 1406 2182 1477 Praedicatorum
2238 1406 2616 1489 valentino,
2657 1421 2722 1476 et
2773 1407 3131 1497 religionis

588 1498 834 1568 babitu
881 1511 1222 1588 suscepte,
1279 1495 1629 1597 praeclara
1677 1496 1897 1564 sancti
1950 1497 2280 1566 vincentii
2333 1497 2646 1579 Ferrarii,
2682 1496 2990 1586 ejusdem
3029 1496 3134 1567 fa-

590 1586 822 1656 miliae
870 1586 1296 1657 celeberrimi
1347 1583 1638 1664 alumni,
1680 1584 1957 1675 vestigia
1994 1585 2123 1656 sibi
2162 1584 2510 1671 sequenda
2557 1585 2935 1675 proposuit.
2967 1587 3136 1675 Ejus

589 1674 925 1765 exemplO,
981 1676 1049 1744 in
1101 1674 1412 1745 omnium
1466 1672 1795 1741 virtutum
1848 1695 2094 1762 genere
2145 1674 2535 1763 proficiens,
2591 1675 2922 1764 genitoris
2969 1696 3134 1761 que-

590 1764 768 1832 relas
815 1775 876 1831 et
913 1764 1286 1833 blanditias
1337 1761 1587 1830 invicto
1636 1761 1872 1830 animo
1922 1764 2294 1851 superavit;
2339 1776 2424 1841 et,
2467 1763 2764 1833 tirocinii
2805 1785 2991 1832 anno
3024 1786 3136 1833 ex-

594 1852 771 1942 pleto
799 1853 900 1941 (in
935 1875 1071 1939 quo
1116 1850 1450 1939 regularis
1500 1849 1785 1918 militiae
1841 1851 2189 1939 praeclara
2229 1850 2418 1919 dedit
2448 1851 2759 1940 indicia),
2794 1852 3136 1923 solemnia

590 1941 951 2032 religiosae
1002 1940 1442 2030 professionis
1505 1951 1652 2007 vota
1710 1939 1960 2019 emisit,
2017 1953 2376 2028 postquam
2436 1940 2671 2010 multis
2724 1942 3133 2031 magnisque

589 2029 918 2098 virtutum
975 2027 1412 2099 incrementis
1463 2027 1694 2107 vitam,
1749 2049 1956 2114 quam
2000 2028 2082 2096 ad
2135 2050 2291 2097 eum
2342 2051 2557 2115 usque
2602 2028 2789 2099 diem
2835 2032 3132 2119 integer-

588 2119 836 2188 rimam
888 2131 1138 2206 egerat,
1191 2115 1593 2185 cumulavit.
1650 2120 1891 2187 Sacros
1941 2116 2251 2197 ordines,
2297 2130 2564 2205 peracto
2618 2119 2969 2200 novitiatu,
3018 2142 3131 2189 su·

592 2207 844 2295 scepit;
875 2218 937 2274 et
967 2206 1049 2276 ad
1088 2226 1360 2275 sacrum
1395 2204 1906 2294 presbyteratus
1943 2205 2255 2274 ordinem
2299 2218 2674 2295 promotuS,
2717 2208 2919 2296 paulo
2953 2220 3126 2297 post,

592 2294 1007 2363 novitiorum
1063 2294 1409 2384 magister,
1466 2313 1618 2361 raro
1665 2293 2000 2383 exemplo,
2050 2293 2369 2384 eligitur;
2420 2295 2603 2380 quod
2659 2318 2917 2366 munus
2965 2318 3129 2367 cum

591 2382 914 2471 pluribus
940 2383 1143 2452 annis
1196 2386 1443 2471 magna
1491 2404 1647 2450 cum
1693 2382 1894 2451 laude
1940 2384 2377 2462 exercuisset,
2411 2384 2706 2454 vicarius
2754 2400 3131 2454 conventus

590 2471 676 2542 de
724 2470 1048 2562 Albayda.
1103 2470 1351 2541 deinde
1405 2470 1588 2561 prior
1638 2476 1700 2540 S.
1756 2472 2146 2561 Honuphrii
2203 2470 2328 2542 fuit
2362 2471 2798 2563 designatus;
2846 2473 3128 2543 demum

588 2562 956 2630 conventui
1003 2560 1348 2630 valentiae
1390 2558 1705 2660 praefuit,
1764 2561 1829 2628 in
1873 2562 2128 2649 quibus
2176 2562 2418 2631 ceteris
2452 2561 2782 2633 fratribus
2824 2584 2958 2633 non
2994 2577 3129 2632 tam

590 2649 1030 2739 praelatione,
1083 2671 1290 2737 quarn
1345 2659 1587 2717 virtute
1634 2660 1702 2718 et
1745 2649 2055 2740 exemplo
2104 2671 2375 2739 semper
2425 2652 2733 2740 praeivit.

683 2741 717 2825 ὃ
765 2744 850 2811 4.
906 2743 1089 2808 Inter
1135 2749 1352 2806 cetera
1385 2792 1399 2816 ,
1453 2737 1711 2823 quibus
1761 2738 1844 2807 ad
1896 2739 2264 2808 sublimem
2330 2739 2761 2829 perfectionis
2823 2738 3169 2828 gradum.

591 2828 923 2917 pervenit,
955 2848 1309 2897 summum
1345 2824 1472 2895 fuit
1499 2826 1789 2895 orationi
1822 2827 2097 2896 mentali
2134 2850 2249 2916 per
2270 2839 2565 2914 quatuor
2593 2828 2893 2915 integras
2923 2829 3129 2897 horas

586 2916 893 3002 quotidie
959 2937 1221 2996 vacare,
1281 2914 1670 2983 Dominicae
1724 2915 2061 3003 passionis
2113 2918 2438 3005 mysteria
2481 2936 2731 3004 magno
2779 2937 2939 2985 cum
2991 2915 3129 2986 fer-

587 3027 744 3074 vore
783 3018 846 3074 et
880 3006 1126 3075 mentis
1157 3002 1383 3092 jubilo
1418 3002 1802 3072 recolendO.
1841 3004 1960 3073 His
1993 3016 2145 3092 post
2182 3004 2534 3073 meridiem
2570 3004 3127 3091 contemplandis

589 3093 1025 3163 beatissimae
1072 3092 1371 3183 Virginis
1418 3091 1693 3181 gaudiis
1748 3092 2108 3161 dimidiam
2154 3092 2391 3162 horam
2444 3091 2761 3161 addebat.
2829 3092 2969 3162 Sub
3021 3093 3129 3161 his

586 3181 986 3253 coelestium
1037 3181 1576 3251 illustrationum
1627 3180 2061 3250 commerciis
2114 3202 2437 3270 persaepe
2487 3180 2672 3251 visus
2706 3192 2808 3250 est
2840 3203 2973 3250 non
3017 3203 3124 3252 so-

588 3269 729 3338 lum
785 3271 1031 3358 spiritu
1085 3270 1226 3359 rapi
1272 3270 1341 3337 in
1381 3269 1727 3349 ecstasim,
1783 3269 1898 3338 sed
1941 3281 2003 3338 et
2052 3291 2336 3358 corpore
2371 3292 2409 3338 a
2458 3273 2635 3340 terra
2686 3269 3027 3340 sublevari
3061 3282 3129 3340 et

591 3357 963 3427 luculentis
1015 3357 1500 3446 splendoribus
1547 3357 1919 3446 conspicue
1977 3357 2469 3427 circumfundi.
2522 3364 2696 3449 Erga
2765 3358 3125 3428 sanctissi-

587 3468 780 3514 mum
850 3445 1085 3515 altaris
1144 3451 1658 3515 Sacramentum
1731 3447 1905 3515 miro
1953 3469 2031 3516 ex
2090 3447 2356 3518 intimis
2410 3447 2828 3537 praecordiis
2876 3447 3123 3517 ardore

586 3534 943 3624 flagrabat,
997 3535 1222 3604 sciens
1271 3535 1398 3603 hoc
1459 3556 1608 3605 esse
1667 3534 1984 3624 pulcrum
2047 3549 2112 3606 et
2170 3536 2506 3625 optimum
2558 3536 2929 3606 electorum
2983 3534 3126 3605 fru-

587 3635 899 3694 mentum
949 3645 1027 3692 ac
1078 3623 1310 3696 vinum
1365 3623 1763 3714 germinans
1814 3624 2134 3713 virgines.
2208 3630 2567 3715 Propterea
2615 3624 2989 3695 familiares
3036 3623 3127 3693 ad

583 3710 734 3799 ejus
784 3711 1201 3802 sumptionis
1249 3711 1348 3781 vel
1416 3710 1654 3780 saltem
1728 3711 2136 3783 visitationis
2185 3712 2659 3800 frequentiam·
2690 3713 3128 3783 vehementer

585 3799 1028 3882 hortabatur3
1095 3822 1368 3871 sacrum
1443 3800 2160 3880 missaesacrificium
2205 3801 2710 3884 celebraturus,
2772 3802 3127 3892 angelicae

587 3889 909 3977 puritatis
955 3888 1322 3960 candorem
1387 3888 1722 3957 aemulari
1772 3891 2102 3979 cupiens,
2154 3891 2520 3977 quantavis
2567 3891 2800 3959 carnis
2842 3890 3128 3970 martiii·

585 3979 854 4047 catione
900 3991 964 4049 et
1016 3979 1263 4048 mentis
1311 3977 1378 4045 in
1436 3981 1645 4047 Deum
1697 3977 2071 4048 elevatione
2117 3991 2294 4049 esset
2325 3993 2635 4061 ornatuS‚
2692 3979 2826 4049 sibi
2874 3978 3130 4048 nihilo-

585 4066 822 4137 minus
870 4089 1224 4154 nunquam
1278 4065 1442 4135 satis
1495 4078 1775 4155 paratus
1825 4067 2183 4137 videbatur
2211 4090 2384 4138 esse.
2420 4073 2468 4138 Α
2507 4067 2966 4138 sacrificando
3003 4067 3131 4137 im-

587 4154 883 4244 pedituS,
937 4159 1132 4224 sacra
1166 4155 1595 4225 Eucharistia
1631 4155 2088 4238 reficiebatur,
2142 4169 2214 4226 ut
2254 4157 2516 4246 jugiter
2564 4156 2912 4226 Christum
2951 4157 3017 4224 in
3058 4178 3131 4228 se

584 4255 973 4313 manentem
1015 4244 1318 4320 haberet,
1371 4256 1435 4312 et
1471 4244 1539 4311 in
1571 4264 1650 4313 eo
1683 4245 1830 4333 ipse
1867 4266 2141 4332 quoque
2171 4245 2452 4314 assidue
2484 4259 2813 4316 maneret.

671 4333 708 4419 ξ
758 4337 846 4404 5.
902 4337 983 4401 Ut
1029 4355 1189 4403 cum
1242 4339 1434 4402 Patre
1482 4332 1831 4403 luminum
1860 4333 2054 4421 jugis
2090 4345 2269 4403 esset
2305 4334 2729 4403 conversatio
2764 4355 2913 4412 sua,
2950 4333 3134 4403 mira

581 4419 1024 4510 simplicitate
1081 4421 1152 4490 in
1204 4421 1531 4490 omnibus
1595 4441 1868 4511 semper
1921 4443 1993 4490 se
2055 4421 2307 4510 gessit,
2369 4427 2622 4512 magna
2680 4437 2907 4493 tamen
2964 4443 3133 4493 cum
