<?xml version="1.0" encoding="UTF-8"?>
<!DOCTYPE html PUBLIC "-//W3C//DTD XHTML 1.0 Transitional//EN"
    "http://www.w3.org/TR/xhtml1/DTD/xhtml1-transitional.dtd">
<html xmlns="http://www.w3.org/1999/xhtml" xml:lang="en" lang="en">
 <head>
  <title>
</title>
<meta http-equiv="Content-Type" content="text/html;charset=utf-8" />
  <meta name='ocr-system' content='tesseract 3.04.00' />
  <meta name='ocr-capabilities' content='ocr_page ocr_carea ocr_par ocr_line ocrx_word'/>
</head>
<body>
  <div class='ocr_page' id='page_1' title='image "./historiaeseuvit03lippgoog_0222.png"; bbox 0 0 3347 4999; ppageno 0'>
   <div class='ocr_carea' id='block_1_1' title="bbox 646 317 3104 388">
    <p class='ocr_par' dir='ltr' id='par_1_1' title="bbox 646 317 3104 388">
     <span class='ocr_line' id='line_1_1' title="bbox 646 317 3104 388; baseline -0.001 -2"><span class='ocrx_word' id='word_1_1' title='bbox 646 324 773 388; x_wconf 72' lang='lat'>⁴92</span> <span class='ocrx_word' id='word_1_2' title='bbox 1307 339 1384 385; x_wconf 72' lang='lat' dir='ltr'>nn</span> <span class='ocrx_word' id='word_1_3' title='bbox 1418 338 1508 384; x_wconf 90' lang='grc'>55.</span> <span class='ocrx_word' id='word_1_4' title='bbox 1546 337 1804 384; x_wconf 74' lang='lat' dir='ltr'>PLACIDO</span> <span class='ocrx_word' id='word_1_5' title='bbox 1855 338 1928 384; x_wconf 75' lang='grc' dir='ltr'>ΕΤ</span> <span class='ocrx_word' id='word_1_6' title='bbox 1975 336 2173 384; x_wconf 85' lang='lat' dir='ltr'>soeus</span> <span class='ocrx_word' id='word_1_7' title='bbox 2221 337 2337 383; x_wconf 71' lang='lat' dir='ltr'>nu.</span> <span class='ocrx_word' id='word_1_8' title='bbox 2833 317 3007 383; x_wconf 89' lang='lat' dir='ltr'>OCT.</span> <span class='ocrx_word' id='word_1_9' title='bbox 3064 321 3104 383; x_wconf 83' lang='lat'>5</span> 
     </span>
    </p>
   </div>
   <div class='ocr_carea' id='block_1_2' title="bbox 544 420 3206 4243">
    <p class='ocr_par' dir='ltr' id='par_1_2' title="bbox 558 420 3113 2005">
     <span class='ocr_line' id='line_1_2' title="bbox 562 420 3100 516; baseline -0.002 -22"><span class='ocrx_word' id='word_1_10' title='bbox 562 425 886 516; x_wconf 88' lang='lat' dir='ltr'>superius</span> <span class='ocrx_word' id='word_1_11' title='bbox 917 423 1319 493; x_wconf 79' lang='lat' dir='ltr'><strong>memoriam</strong></span> <span class='ocrx_word' id='word_1_12' title='bbox 1356 422 1668 502; x_wconf 80' lang='lat' dir='ltr'>fecimuS,</span> <span class='ocrx_word' id='word_1_13' title='bbox 1711 443 1848 490; x_wconf 90' lang='lat' dir='ltr'>una</span> <span class='ocrx_word' id='word_1_14' title='bbox 1879 442 2038 491; x_wconf 90' lang='lat' dir='ltr'>cum</span> <span class='ocrx_word' id='word_1_15' title='bbox 2090 443 2320 491; x_wconf 85' lang='lat' dir='ltr'>sorore</span> <span class='ocrx_word' id='word_1_16' title='bbox 2369 443 2493 490; x_wconf 89' lang='lat' dir='ltr'>sua</span> <span class='ocrx_word' id='word_1_17' title='bbox 2545 420 2774 490; x_wconf 88' lang='lat' dir='ltr'>Flavia</span> <span class='ocrx_word' id='word_1_18' title='bbox 2811 420 3100 511; x_wconf 86' lang='lat' dir='ltr'>virgine,</span> 
     </span>
     <span class='ocr_line' id='line_1_3' title="bbox 558 510 3105 597; baseline -0.002 -14"><span class='ocrx_word' id='word_1_19' title='bbox 558 514 914 583; x_wconf 79' lang='lat' dir='ltr'><strong>Placidum</strong></span> <span class='ocrx_word' id='word_1_20' title='bbox 979 513 1252 582; x_wconf 82' lang='lat' dir='ltr'>fratrem</span> <span class='ocrx_word' id='word_1_21' title='bbox 1318 511 1590 580; x_wconf 90' lang='lat' dir='ltr'>videndi</span> <span class='ocrx_word' id='word_1_22' title='bbox 1652 510 1991 581; x_wconf 91' lang='lat' dir='ltr'>desiderio</span> <span class='ocrx_word' id='word_1_23' title='bbox 2056 510 2287 591; x_wconf 90' lang='lat' dir='ltr'>ducti,</span> <span class='ocrx_word' id='word_1_24' title='bbox 2341 523 2405 579; x_wconf 88' lang='lat' dir='ltr'>et</span> <span class='ocrx_word' id='word_1_25' title='bbox 2462 510 2527 577; x_wconf 89' lang='lat' dir='ltr'>in</span> <span class='ocrx_word' id='word_1_26' title='bbox 2580 511 2734 597; x_wconf 90' lang='lat' dir='ltr'>ejus</span> <span class='ocrx_word' id='word_1_27' title='bbox 2799 531 3105 579; x_wconf 90' lang='lat' dir='ltr'>amorem</span> 
     </span>
     <span class='ocr_line' id='line_1_4' title="bbox 558 599 3105 688; baseline -0.002 -16"><span class='ocrx_word' id='word_1_28' title='bbox 558 603 741 672; x_wconf 89' lang='lat' dir='ltr'>ultra</span> <span class='ocrx_word' id='word_1_29' title='bbox 794 601 1075 671; x_wconf 90' lang='lat' dir='ltr'>modum</span> <span class='ocrx_word' id='word_1_30' title='bbox 1128 601 1425 681; x_wconf 85' lang='lat' dir='ltr'>accensi,</span> <span class='ocrx_word' id='word_1_31' title='bbox 1480 622 1557 668; x_wconf 84' lang='lat' dir='ltr'>ex</span> <span class='ocrx_word' id='word_1_32' title='bbox 1606 600 1895 669; x_wconf 90' lang='lat' dir='ltr'>consilio</span> <span class='ocrx_word' id='word_1_33' title='bbox 1946 614 2305 688; x_wconf 87' lang='lat' dir='ltr'>parentum</span> <span class='ocrx_word' id='word_1_34' title='bbox 2360 620 2641 669; x_wconf 87' lang='lat' dir='ltr'>suorum</span> <span class='ocrx_word' id='word_1_35' title='bbox 2695 599 2936 667; x_wconf 88' lang='lat' dir='ltr'>urbem</span> <span class='ocrx_word' id='word_1_36' title='bbox 2977 604 3105 668; x_wconf 85' lang='lat' dir='ltr'>Ro-</span> 
     </span>
     <span class='ocr_line' id='line_1_5' title="bbox 560 687 3099 781; baseline -0.001 -21"><span class='ocrx_word' id='word_1_37' title='bbox 560 714 744 760; x_wconf 90' lang='lat' dir='ltr'>mam</span> <span class='ocrx_word' id='word_1_38' title='bbox 782 691 1232 781; x_wconf 78' lang='lat' dir='ltr'>egredientes,</span> <span class='ocrx_word' id='word_1_39' title='bbox 1273 711 1508 759; x_wconf 90' lang='lat' dir='ltr'>navem</span> <span class='ocrx_word' id='word_1_40' title='bbox 1548 689 2067 768; x_wconf 81' lang='lat' dir='ltr'>conscendunt3</span> <span class='ocrx_word' id='word_1_41' title='bbox 2121 688 2501 774; x_wconf 90' lang='lat' dir='ltr'>dantesque</span> <span class='ocrx_word' id='word_1_42' title='bbox 2538 687 2820 756; x_wconf 73' lang='lat' dir='ltr'>carbasa</span> <span class='ocrx_word' id='word_1_43' title='bbox 2857 688 3099 768; x_wconf 84' lang='lat' dir='ltr'>ventis,</span> 
     </span>
     <span class='ocr_line' id='line_1_6' title="bbox 562 776 3101 867; baseline -0 -20"><span class='ocrx_word' id='word_1_44' title='bbox 562 780 863 849; x_wconf 91' lang='lat' dir='ltr'>Siciliam</span> <span class='ocrx_word' id='word_1_45' title='bbox 927 779 1227 858; x_wconf 85' lang='lat' dir='ltr'>adeunt,</span> <span class='ocrx_word' id='word_1_46' title='bbox 1296 793 1361 847; x_wconf 87' lang='lat' dir='ltr'>et</span> <span class='ocrx_word' id='word_1_47' title='bbox 1413 777 1495 846; x_wconf 89' lang='lat' dir='ltr'>ad</span> <span class='ocrx_word' id='word_1_48' title='bbox 1565 792 1833 867; x_wconf 84' lang='lat' dir='ltr'>portum</span> <span class='ocrx_word' id='word_1_49' title='bbox 1885 778 2177 846; x_wconf 85' lang='lat' dir='ltr'>civitatis</span> <span class='ocrx_word' id='word_1_50' title='bbox 2230 784 2576 846; x_wconf 82' lang='lat' dir='ltr'>Messanae</span> <span class='ocrx_word' id='word_1_51' title='bbox 2623 776 3050 866; x_wconf 79' lang='lat' dir='ltr'>applicantes</span> <span class='ocrx_word' id='word_1_52' title='bbox 3085 831 3101 858; x_wconf 95' lang='lat'>‚</span> 
     </span>
     <span class='ocr_line' id='line_1_7' title="bbox 559 865 3107 953; baseline -0.002 -16"><span class='ocrx_word' id='word_1_53' title='bbox 559 869 850 939; x_wconf 84' lang='lat' dir='ltr'>classem</span> <span class='ocrx_word' id='word_1_54' title='bbox 918 869 985 937; x_wconf 92' lang='lat' dir='ltr'>in</span> <span class='ocrx_word' id='word_1_55' title='bbox 1042 867 1234 936; x_wconf 89' lang='lat' dir='ltr'>litore</span> <span class='ocrx_word' id='word_1_56' title='bbox 1299 867 1610 946; x_wconf 89' lang='lat' dir='ltr'>solvunt;</span> <span class='ocrx_word' id='word_1_57' title='bbox 1665 865 2291 953; x_wconf 86' lang='lat' dir='ltr'>descendentesque</span> <span class='ocrx_word' id='word_1_58' title='bbox 2347 866 2430 934; x_wconf 90' lang='lat' dir='ltr'>de</span> <span class='ocrx_word' id='word_1_59' title='bbox 2484 866 2681 943; x_wconf 91' lang='lat' dir='ltr'>navi,</span> <span class='ocrx_word' id='word_1_60' title='bbox 2749 866 2832 934; x_wconf 92' lang='lat' dir='ltr'>ad</span> <span class='ocrx_word' id='word_1_61' title='bbox 2887 867 3107 936; x_wconf 90' lang='lat' dir='ltr'>sancti</span> 
     </span>
     <span class='ocr_line' id='line_1_8' title="bbox 559 954 3108 1045; baseline -0 -20"><span class='ocrx_word' id='word_1_62' title='bbox 559 958 844 1027; x_wconf 87' lang='lat' dir='ltr'>Joannis</span> <span class='ocrx_word' id='word_1_63' title='bbox 911 957 1318 1026; x_wconf 91' lang='lat' dir='ltr'>coenobium</span> <span class='ocrx_word' id='word_1_64' title='bbox 1373 954 1710 1035; x_wconf 89' lang='lat' dir='ltr'>tendunt,</span> <span class='ocrx_word' id='word_1_65' title='bbox 1764 954 2205 1042; x_wconf 85' lang='lat' dir='ltr'>videntesque</span> <span class='ocrx_word' id='word_1_66' title='bbox 2265 954 2588 1032; x_wconf 84' lang='lat' dir='ltr'>fratrem,</span> <span class='ocrx_word' id='word_1_67' title='bbox 2656 954 2894 1045; x_wconf 86' lang='lat' dir='ltr'>repleti</span> <span class='ocrx_word' id='word_1_68' title='bbox 2944 967 3108 1024; x_wconf 91' lang='lat' dir='ltr'>sunt</span> 
     </span>
     <span class='ocr_line' id='line_1_9' title="bbox 562 1043 3107 1146; baseline -0.001 -30"><span class='ocrx_word' id='word_1_69' title='bbox 562 1047 817 1135; x_wconf 85' lang='lat' dir='ltr'>gaudio</span> <span class='ocrx_word' id='word_1_70' title='bbox 869 1068 1142 1146; x_wconf 85' lang='lat' dir='ltr'>magno.</span> <span class='ocrx_word' id='word_1_71' title='bbox 1199 1050 1275 1114; x_wconf 89' lang='lat' dir='ltr'>Et</span> <span class='ocrx_word' id='word_1_72' title='bbox 1333 1044 1552 1134; x_wconf 90' lang='lat' dir='ltr'>primo</span> <span class='ocrx_word' id='word_1_73' title='bbox 1600 1043 1878 1130; x_wconf 90' lang='lat' dir='ltr'>quidem</span> <span class='ocrx_word' id='word_1_74' title='bbox 1933 1066 2064 1113; x_wconf 91' lang='lat' dir='ltr'>non</span> <span class='ocrx_word' id='word_1_75' title='bbox 2118 1057 2584 1134; x_wconf 88' lang='lat' dir='ltr'>cognoverunt</span> <span class='ocrx_word' id='word_1_76' title='bbox 2638 1064 2795 1113; x_wconf 90' lang='lat' dir='ltr'>eum</span> <span class='ocrx_word' id='word_1_77' title='bbox 2831 1098 2845 1124; x_wconf 98' lang='lat'>,</span> <span class='ocrx_word' id='word_1_78' title='bbox 2900 1043 2986 1112; x_wconf 92' lang='lat' dir='ltr'>ob</span> <span class='ocrx_word' id='word_1_79' title='bbox 3034 1043 3107 1113; x_wconf 92' lang='lat' dir='ltr'>id</span> 
     </span>
     <span class='ocr_line' id='line_1_10' title="bbox 562 1131 3108 1221; baseline -0.001 -16"><span class='ocrx_word' id='word_1_80' title='bbox 562 1135 845 1215; x_wconf 90' lang='lat' dir='ltr'>scilicet,</span> <span class='ocrx_word' id='word_1_81' title='bbox 891 1157 1052 1221; x_wconf 85' lang='lat' dir='ltr'>quia</span> <span class='ocrx_word' id='word_1_82' title='bbox 1088 1156 1167 1203; x_wconf 86' lang='lat' dir='ltr'>ex</span> <span class='ocrx_word' id='word_1_83' title='bbox 1214 1155 1352 1220; x_wconf 92' lang='lat' dir='ltr'>quo</span> <span class='ocrx_word' id='word_1_84' title='bbox 1403 1134 1594 1203; x_wconf 90' lang='lat' dir='ltr'>beato</span> <span class='ocrx_word' id='word_1_85' title='bbox 1640 1131 1998 1200; x_wconf 83' lang='lat' dir='ltr'>Benedicto</span> <span class='ocrx_word' id='word_1_86' title='bbox 2046 1133 2319 1202; x_wconf 88' lang='lat' dir='ltr'>oblatus</span> <span class='ocrx_word' id='word_1_87' title='bbox 2365 1145 2510 1214; x_wconf 85' lang='lat' dir='ltr'>est,</span> <span class='ocrx_word' id='word_1_88' title='bbox 2567 1131 2761 1201; x_wconf 89' lang='lat' dir='ltr'>illum</span> <span class='ocrx_word' id='word_1_89' title='bbox 2816 1133 3108 1203; x_wconf 89' lang='lat' dir='ltr'>ulterius</span> 
     </span>
     <span class='ocr_line' id='line_1_11' title="bbox 563 1220 3108 1310; baseline -0.001 -18"><span class='ocrx_word' id='word_1_90' title='bbox 563 1246 698 1293; x_wconf 92' lang='lat' dir='ltr'>non</span> <span class='ocrx_word' id='word_1_91' title='bbox 757 1223 1087 1304; x_wconf 89' lang='lat' dir='ltr'>viderant,</span> <span class='ocrx_word' id='word_1_92' title='bbox 1140 1236 1204 1292; x_wconf 92' lang='lat' dir='ltr'>et</span> <span class='ocrx_word' id='word_1_93' title='bbox 1302 1235 1404 1292; x_wconf 92' lang='lat' dir='ltr'>ost</span> <span class='ocrx_word' id='word_1_94' title='bbox 1453 1221 1619 1290; x_wconf 87' lang='lat' dir='ltr'>tanti</span> <span class='ocrx_word' id='word_1_95' title='bbox 1677 1222 2000 1310; x_wconf 87' lang='lat' dir='ltr'>temporis</span> <span class='ocrx_word' id='word_1_96' title='bbox 2033 1222 2331 1310; x_wconf 87' lang='lat' dir='ltr'>spatium</span> <span class='ocrx_word' id='word_1_97' title='bbox 2387 1226 2487 1290; x_wconf 88' lang='lat' dir='ltr'>vir</span> <span class='ocrx_word' id='word_1_98' title='bbox 2541 1220 2760 1290; x_wconf 85' lang='lat' dir='ltr'>sactus</span> <span class='ocrx_word' id='word_1_99' title='bbox 2792 1276 2806 1303; x_wconf 96' lang='lat'>,</span> <span class='ocrx_word' id='word_1_100' title='bbox 2851 1235 2915 1291; x_wconf 89' lang='lat' dir='ltr'>et</span> <span class='ocrx_word' id='word_1_101' title='bbox 2966 1244 3108 1291; x_wconf 88' lang='lat' dir='ltr'>mo-</span> 
     </span>
     <span class='ocr_line' id='line_1_12' title="bbox 562 1311 3110 1399; baseline -0.001 -17"><span class='ocrx_word' id='word_1_102' title='bbox 562 1313 836 1382; x_wconf 87' lang='lat' dir='ltr'>nachali</span> <span class='ocrx_word' id='word_1_103' title='bbox 890 1313 1132 1382; x_wconf 88' lang='lat' dir='ltr'>habitu</span> <span class='ocrx_word' id='word_1_104' title='bbox 1165 1313 1229 1380; x_wconf 92' lang='lat' dir='ltr'>in</span> <span class='ocrx_word' id='word_1_105' title='bbox 1293 1325 1472 1391; x_wconf 74' lang='lat' dir='ltr'>utuS,</span> <span class='ocrx_word' id='word_1_106' title='bbox 1527 1326 1943 1399; x_wconf 82' lang='lat' dir='ltr'>atque-prae</span> <span class='ocrx_word' id='word_1_107' title='bbox 1993 1311 2203 1378; x_wconf 88' lang='lat' dir='ltr'>nimia</span> <span class='ocrx_word' id='word_1_108' title='bbox 2255 1311 2666 1379; x_wconf 71' lang='lat' dir='ltr'>abstinentia</span> <span class='ocrx_word' id='word_1_109' title='bbox 2696 1332 2774 1379; x_wconf 91' lang='lat' dir='ltr'>ac</span> <span class='ocrx_word' id='word_1_110' title='bbox 2807 1311 3110 1379; x_wconf 87' lang='lat' dir='ltr'>enormi-</span> 
     </span>
     <span class='ocr_line' id='line_1_13' title="bbox 564 1399 3108 1493; baseline 0 -24"><span class='ocrx_word' id='word_1_111' title='bbox 564 1414 697 1471; x_wconf 90' lang='lat' dir='ltr'>tate</span> <span class='ocrx_word' id='word_1_112' title='bbox 754 1402 1146 1493; x_wconf 87' lang='lat' dir='ltr'>vigiliarum</span> <span class='ocrx_word' id='word_1_113' title='bbox 1198 1412 1262 1469; x_wconf 89' lang='lat' dir='ltr'>et</span> <span class='ocrx_word' id='word_1_114' title='bbox 1310 1402 1696 1469; x_wconf 89' lang='lat' dir='ltr'>orationum</span> <span class='ocrx_word' id='word_1_115' title='bbox 1730 1454 1744 1480; x_wconf 97' lang='lat'>,</span> <span class='ocrx_word' id='word_1_116' title='bbox 1809 1420 2091 1489; x_wconf 84' lang='lat' dir='ltr'>corpore</span> <span class='ocrx_word' id='word_1_117' title='bbox 2143 1399 2515 1469; x_wconf 89' lang='lat' dir='ltr'>tabefactus</span> <span class='ocrx_word' id='word_1_118' title='bbox 2561 1412 2625 1468; x_wconf 87' lang='lat' dir='ltr'>et</span> <span class='ocrx_word' id='word_1_119' title='bbox 2678 1400 3108 1469; x_wconf 87' lang='lat' dir='ltr'>annihilatus</span> 
     </span>
     <span class='ocr_line' id='line_1_14' title="bbox 562 1488 3100 1579; baseline -0 -20"><span class='ocrx_word' id='word_1_120' title='bbox 562 1504 729 1560; x_wconf 91' lang='lat' dir='ltr'>erat.</span> <span class='ocrx_word' id='word_1_121' title='bbox 783 1497 857 1559; x_wconf 81' lang='lat' dir='ltr'>At</span> <span class='ocrx_word' id='word_1_122' title='bbox 909 1490 1025 1559; x_wconf 89' lang='lat' dir='ltr'>ubi</span> <span class='ocrx_word' id='word_1_123' title='bbox 1063 1512 1181 1579; x_wconf 94' lang='lat' dir='ltr'>per</span> <span class='ocrx_word' id='word_1_124' title='bbox 1213 1489 1469 1559; x_wconf 91' lang='lat' dir='ltr'>indicia</span> <span class='ocrx_word' id='word_1_125' title='bbox 1519 1502 1945 1577; x_wconf 85' lang='lat' dir='ltr'>agnoverunt</span> <span class='ocrx_word' id='word_1_126' title='bbox 1976 1510 2160 1568; x_wconf 91' lang='lat' dir='ltr'>eum,</span> <span class='ocrx_word' id='word_1_127' title='bbox 2204 1489 2269 1556; x_wconf 91' lang='lat' dir='ltr'>in</span> <span class='ocrx_word' id='word_1_128' title='bbox 2321 1488 2578 1558; x_wconf 91' lang='lat' dir='ltr'>osculis</span> <span class='ocrx_word' id='word_1_129' title='bbox 2611 1488 2761 1578; x_wconf 88' lang='lat' dir='ltr'>ejus</span> <span class='ocrx_word' id='word_1_130' title='bbox 2806 1501 3100 1570; x_wconf 80' lang='lat' dir='ltr'>ruenteS,</span> 
     </span>
     <span class='ocr_line' id='line_1_15' title="bbox 564 1577 3106 1668; baseline -0.001 -20"><span class='ocrx_word' id='word_1_131' title='bbox 564 1594 733 1648; x_wconf 88' lang='lat' dir='ltr'>etse</span> <span class='ocrx_word' id='word_1_132' title='bbox 764 1580 1030 1649; x_wconf 90' lang='lat' dir='ltr'>diutius</span> <span class='ocrx_word' id='word_1_133' title='bbox 1078 1578 1630 1668; x_wconf 81' lang='lat' dir='ltr'>complexantes,</span> <span class='ocrx_word' id='word_1_134' title='bbox 1681 1577 1767 1645; x_wconf 92' lang='lat' dir='ltr'>ob</span> <span class='ocrx_word' id='word_1_135' title='bbox 1812 1577 2224 1645; x_wconf 81' lang='lat' dir='ltr'>nimietatem</span> <span class='ocrx_word' id='word_1_136' title='bbox 2278 1578 2534 1646; x_wconf 87' lang='lat' dir='ltr'>amoris</span> <span class='ocrx_word' id='word_1_137' title='bbox 2582 1591 2645 1644; x_wconf 87' lang='lat' dir='ltr'>et</span> <span class='ocrx_word' id='word_1_138' title='bbox 2692 1577 2978 1668; x_wconf 90' lang='lat' dir='ltr'>gaudii,</span> <span class='ocrx_word' id='word_1_139' title='bbox 3034 1578 3106 1645; x_wconf 92' lang='lat' dir='ltr'>in</span> 
     </span>
     <span class='ocr_line' id='line_1_16' title="bbox 563 1665 3109 1754; baseline -0.001 -18"><span class='ocrx_word' id='word_1_140' title='bbox 563 1669 797 1738; x_wconf 89' lang='lat' dir='ltr'>fletum</span> <span class='ocrx_word' id='word_1_141' title='bbox 846 1667 1221 1737; x_wconf 83' lang='lat' dir='ltr'>maximum</span> <span class='ocrx_word' id='word_1_142' title='bbox 1265 1677 1750 1754; x_wconf 85' lang='lat' dir='ltr'>proruperunt.</span> <span class='ocrx_word' id='word_1_143' title='bbox 1805 1671 1957 1734; x_wconf 91' lang='lat' dir='ltr'>Post</span> <span class='ocrx_word' id='word_1_144' title='bbox 2005 1665 2172 1734; x_wconf 86' lang='lat' dir='ltr'>haec</span> <span class='ocrx_word' id='word_1_145' title='bbox 2220 1687 2377 1734; x_wconf 90' lang='lat' dir='ltr'>cum</span> <span class='ocrx_word' id='word_1_146' title='bbox 2430 1666 2660 1735; x_wconf 92' lang='lat' dir='ltr'>omnia</span> <span class='ocrx_word' id='word_1_147' title='bbox 2714 1666 3109 1737; x_wconf 90' lang='lat' dir='ltr'>monasterii</span> 
     </span>
     <span class='ocr_line' id='line_1_17' title="bbox 563 1754 3104 1845; baseline -0 -20"><span class='ocrx_word' id='word_1_148' title='bbox 563 1756 960 1826; x_wconf 89' lang='lat' dir='ltr'>habitacula</span> <span class='ocrx_word' id='word_1_149' title='bbox 1016 1755 1568 1845; x_wconf 79' lang='lat' dir='ltr'>perlustrassent,</span> <span class='ocrx_word' id='word_1_150' title='bbox 1610 1776 1689 1822; x_wconf 88' lang='lat' dir='ltr'>ac</span> <span class='ocrx_word' id='word_1_151' title='bbox 1731 1754 2211 1824; x_wconf 86' lang='lat' dir='ltr'>convenienter</span> <span class='ocrx_word' id='word_1_152' title='bbox 2250 1767 2641 1824; x_wconf 89' lang='lat' dir='ltr'>constructa</span> <span class='ocrx_word' id='word_1_153' title='bbox 2682 1755 3104 1835; x_wconf 87' lang='lat' dir='ltr'>laudassent,</span> 
     </span>
     <span class='ocr_line' id='line_1_18' title="bbox 564 1842 3113 1934; baseline -0 -20"><span class='ocrx_word' id='word_1_154' title='bbox 564 1845 941 1933; x_wconf 85' lang='lat' dir='ltr'>aliquantis</span> <span class='ocrx_word' id='word_1_155' title='bbox 971 1844 1215 1914; x_wconf 87' lang='lat' dir='ltr'>diebus</span> <span class='ocrx_word' id='word_1_156' title='bbox 1266 1842 1450 1934; x_wconf 89' lang='lat' dir='ltr'>apud</span> <span class='ocrx_word' id='word_1_157' title='bbox 1502 1842 1776 1911; x_wconf 89' lang='lat' dir='ltr'>beatum</span> <span class='ocrx_word' id='word_1_158' title='bbox 1822 1842 2174 1912; x_wconf 88' lang='lat' dir='ltr'>Placidum</span> <span class='ocrx_word' id='word_1_159' title='bbox 2225 1844 2497 1912; x_wconf 71' lang='lat' dir='ltr'>fratrem</span> <span class='ocrx_word' id='word_1_160' title='bbox 2536 1865 2739 1912; x_wconf 91' lang='lat' dir='ltr'>suum</span> <span class='ocrx_word' id='word_1_161' title='bbox 2779 1844 3113 1913; x_wconf 89' lang='lat' dir='ltr'>remorari</span> 
     </span>
     <span class='ocr_line' id='line_1_19' title="bbox 562 1935 1029 2005; baseline -0.002 -2"><span class='ocrx_word' id='word_1_162' title='bbox 562 1935 1029 2005; x_wconf 88' lang='lat' dir='ltr'>decreverunt.</span> 
     </span>
    </p>

    <p class='ocr_par' dir='ltr' id='par_1_3' title="bbox 544 2019 3206 4243">
     <span class='ocr_line' id='line_1_20' title="bbox 544 2019 3112 2110; baseline -0.002 -16"><span class='ocrx_word' id='word_1_163' title='bbox 544 2057 551 2064; x_wconf 95' lang='lat'><strong>·</strong></span> <span class='ocrx_word' id='word_1_164' title='bbox 657 2027 692 2110; x_wconf 66' lang='grc' dir='ltr'>ἓ</span> <span class='ocrx_word' id='word_1_165' title='bbox 742 2028 887 2094; x_wconf 71' lang='lat'>¹8.</span> <span class='ocrx_word' id='word_1_166' title='bbox 944 2020 1189 2090; x_wconf 90' lang='lat' dir='ltr'>Eodem</span> <span class='ocrx_word' id='word_1_167' title='bbox 1246 2033 1546 2109; x_wconf 90' lang='lat' dir='ltr'>tempore</span> <span class='ocrx_word' id='word_1_168' title='bbox 1594 2019 1778 2109; x_wconf 91' lang='lat' dir='ltr'>apud</span> <span class='ocrx_word' id='word_1_169' title='bbox 1879 2042 2137 2109; x_wconf 88' lang='lat' dir='ltr'>aganos</span> <span class='ocrx_word' id='word_1_170' title='bbox 2183 2020 2298 2106; x_wconf 90' lang='lat' dir='ltr'>qui</span> <span class='ocrx_word' id='word_1_171' title='bbox 2353 2020 2420 2088; x_wconf 93' lang='lat' dir='ltr'>in</span> <span class='ocrx_word' id='word_1_172' title='bbox 2473 2020 2804 2109; x_wconf 89' lang='lat' dir='ltr'>Hispania</span> <span class='ocrx_word' id='word_1_173' title='bbox 2839 2020 3112 2092; x_wconf 89' lang='lat' dir='ltr'>inhabi-</span> 
     </span>
     <span class='ocr_line' id='line_1_21' title="bbox 568 2042 3110 2201; baseline -0.001 -19"><span class='ocrx_word' id='word_1_174' title='bbox 568 2112 824 2192; x_wconf 88' lang='lat' dir='ltr'>tabant,</span> <span class='ocrx_word' id='word_1_175' title='bbox 881 2109 1133 2179; x_wconf 81' lang='lat' dir='ltr'>Abdala</span> <span class='ocrx_word' id='word_1_176' title='bbox 1164 2109 1198 2144; x_wconf 68' lang='lat'>⁴*</span> <span class='ocrx_word' id='word_1_177' title='bbox 1234 2110 1723 2199; x_wconf 71' lang='lat' dir='ltr'>impiissimum</span> <span class='ocrx_word' id='word_1_178' title='bbox 1779 2042 2023 2178; x_wconf 72' lang='lat' dir='ltr'>cllristi</span> <span class='ocrx_word' id='word_1_179' title='bbox 2061 2110 2425 2178; x_wconf 89' lang='lat' dir='ltr'>insectator</span> <span class='ocrx_word' id='word_1_180' title='bbox 2462 2122 2525 2177; x_wconf 88' lang='lat' dir='ltr'>ct</span> <span class='ocrx_word' id='word_1_181' title='bbox 2568 2110 2779 2178; x_wconf 85' lang='lat' dir='ltr'>hostis</span> <span class='ocrx_word' id='word_1_182' title='bbox 2816 2131 3110 2201; x_wconf 90' lang='lat' dir='ltr'>regnum</span> 
     </span>
     <span class='ocr_line' id='line_1_22' title="bbox 570 2197 3112 2289; baseline -0.001 -19"><span class='ocrx_word' id='word_1_183' title='bbox 570 2199 1123 2270; x_wconf 82' lang='lat' dir='ltr'>administrabat.</span> <span class='ocrx_word' id='word_1_184' title='bbox 1197 2199 1320 2267; x_wconf 89' lang='lat' dir='ltr'>Hic</span> <span class='ocrx_word' id='word_1_185' title='bbox 1371 2198 1792 2268; x_wconf 83' lang='lat' dir='ltr'>Christianae</span> <span class='ocrx_word' id='word_1_186' title='bbox 1859 2198 2208 2289; x_wconf 83' lang='lat' dir='ltr'>religionis</span> <span class='ocrx_word' id='word_1_187' title='bbox 2269 2197 2611 2266; x_wconf 86' lang='lat' dir='ltr'>culturam</span> <span class='ocrx_word' id='word_1_188' title='bbox 2662 2198 2975 2267; x_wconf 86' lang='lat' dir='ltr'>funditus</span> <span class='ocrx_word' id='word_1_189' title='bbox 3024 2198 3112 2268; x_wconf 92' lang='lat' dir='ltr'>de</span> 
     </span>
     <span class='ocr_line' id='line_1_23' title="bbox 568 2285 3114 2377; baseline -0.001 -18"><span class='ocrx_word' id='word_1_190' title='bbox 568 2304 744 2359; x_wconf 85' lang='lat' dir='ltr'>terra</span> <span class='ocrx_word' id='word_1_191' title='bbox 794 2287 1093 2368; x_wconf 86' lang='lat' dir='ltr'>eradere,</span> <span class='ocrx_word' id='word_1_192' title='bbox 1131 2302 1196 2356; x_wconf 88' lang='lat' dir='ltr'>et</span> <span class='ocrx_word' id='word_1_193' title='bbox 1245 2286 1532 2356; x_wconf 88' lang='lat' dir='ltr'>Molochi</span> <span class='ocrx_word' id='word_1_194' title='bbox 1586 2285 1835 2374; x_wconf 87' lang='lat' dir='ltr'>templa</span> <span class='ocrx_word' id='word_1_195' title='bbox 1885 2302 1947 2355; x_wconf 92' lang='lat' dir='ltr'>et</span> <span class='ocrx_word' id='word_1_196' title='bbox 1997 2286 2284 2355; x_wconf 86' lang='lat' dir='ltr'>Luciferi</span> <span class='ocrx_word' id='word_1_197' title='bbox 2333 2286 2672 2355; x_wconf 89' lang='lat' dir='ltr'>culturam</span> <span class='ocrx_word' id='word_1_198' title='bbox 2711 2310 2959 2377; x_wconf 89' lang='lat' dir='ltr'>augere</span> <span class='ocrx_word' id='word_1_199' title='bbox 2990 2289 3114 2357; x_wconf 88' lang='lat' dir='ltr'>cu-</span> 
     </span>
     <span class='ocr_line' id='line_1_24' title="bbox 569 2374 3115 2468; baseline 0.001 -24"><span class='ocrx_word' id='word_1_200' title='bbox 569 2377 784 2468; x_wconf 84' lang='lat' dir='ltr'>pienti</span> <span class='ocrx_word' id='word_1_201' title='bbox 851 2391 1123 2446; x_wconf 86' lang='lat' dir='ltr'>centum</span> <span class='ocrx_word' id='word_1_202' title='bbox 1197 2377 1469 2445; x_wconf 90' lang='lat' dir='ltr'>navium</span> <span class='ocrx_word' id='word_1_203' title='bbox 1522 2374 2020 2464; x_wconf 80' lang='lat' dir='ltr'>expeditionem</span> <span class='ocrx_word' id='word_1_204' title='bbox 2084 2376 2567 2465; x_wconf 84' lang='lat' dir='ltr'>congregavit,</span> <span class='ocrx_word' id='word_1_205' title='bbox 2620 2388 2685 2444; x_wconf 91' lang='lat' dir='ltr'>et</span> <span class='ocrx_word' id='word_1_206' title='bbox 2733 2398 2940 2465; x_wconf 89' lang='lat' dir='ltr'>super</span> <span class='ocrx_word' id='word_1_207' title='bbox 2994 2398 3115 2446; x_wconf 87' lang='lat' dir='ltr'>eas</span> 
     </span>
     <span class='ocr_line' id='line_1_25' title="bbox 565 2463 3111 2554; baseline 0 -19"><span class='ocrx_word' id='word_1_208' title='bbox 565 2465 935 2554; x_wconf 85' lang='lat' dir='ltr'>quemdam</span> <span class='ocrx_word' id='word_1_209' title='bbox 985 2463 1542 2535; x_wconf 90' lang='lat' dir='ltr'>crudelissimum</span> <span class='ocrx_word' id='word_1_210' title='bbox 1595 2469 2006 2553; x_wconf 72' lang='lat' dir='ltr'>Agat-enum,</span> <span class='ocrx_word' id='word_1_211' title='bbox 2064 2467 2342 2534; x_wconf 89' lang='lat' dir='ltr'>nomine</span> <span class='ocrx_word' id='word_1_212' title='bbox 2398 2465 2804 2547; x_wconf 87' lang='lat' dir='ltr'>Mamucha,</span> <span class='ocrx_word' id='word_1_213' title='bbox 2860 2464 3111 2535; x_wconf 88' lang='lat' dir='ltr'>ducem</span> 
     </span>
     <span class='ocr_line' id='line_1_26' title="bbox 569 2552 3113 2646; baseline -0.001 -21"><span class='ocrx_word' id='word_1_214' title='bbox 569 2555 997 2646; x_wconf 83' lang='lat' dir='ltr'>praeficiens,</span> <span class='ocrx_word' id='word_1_215' title='bbox 1051 2568 1284 2623; x_wconf 90' lang='lat' dir='ltr'>contra</span> <span class='ocrx_word' id='word_1_216' title='bbox 1335 2559 1719 2622; x_wconf 90' lang='lat' dir='ltr'>Romanum</span> <span class='ocrx_word' id='word_1_217' title='bbox 1773 2552 2016 2623; x_wconf 84' lang='lat' dir='ltr'>direxit</span> <span class='ocrx_word' id='word_1_218' title='bbox 2063 2553 2344 2641; x_wconf 89' lang='lat' dir='ltr'>quidam</span> <span class='ocrx_word' id='word_1_219' title='bbox 2401 2560 2854 2634; x_wconf 88' lang='lat' dir='ltr'>Saracenum‚</span> <span class='ocrx_word' id='word_1_220' title='bbox 2914 2577 3113 2623; x_wconf 88' lang='lat' dir='ltr'>man-</span> 
     </span>
     <span class='ocr_line' id='line_1_27' title="bbox 571 2642 3107 2730; baseline -0 -17"><span class='ocrx_word' id='word_1_221' title='bbox 571 2645 746 2713; x_wconf 90' lang='lat' dir='ltr'>dans</span> <span class='ocrx_word' id='word_1_222' title='bbox 796 2658 867 2712; x_wconf 87' lang='lat' dir='ltr'>ut</span> <span class='ocrx_word' id='word_1_223' title='bbox 915 2643 1219 2712; x_wconf 85' lang='lat' dir='ltr'>civitates</span> <span class='ocrx_word' id='word_1_224' title='bbox 1266 2656 1331 2712; x_wconf 91' lang='lat' dir='ltr'>et</span> <span class='ocrx_word' id='word_1_225' title='bbox 1378 2656 1597 2712; x_wconf 89' lang='lat' dir='ltr'>castra</span> <span class='ocrx_word' id='word_1_226' title='bbox 1651 2642 1795 2730; x_wconf 85' lang='lat' dir='ltr'>igni</span> <span class='ocrx_word' id='word_1_227' title='bbox 1858 2656 2237 2724; x_wconf 88' lang='lat' dir='ltr'>cremaret,</span> <span class='ocrx_word' id='word_1_228' title='bbox 2305 2643 2629 2712; x_wconf 84' lang='lat' dir='ltr'>ecclesias</span> <span class='ocrx_word' id='word_1_229' title='bbox 2675 2642 3054 2712; x_wconf 89' lang='lat' dir='ltr'>destrueret</span> <span class='ocrx_word' id='word_1_230' title='bbox 3093 2699 3107 2724; x_wconf 92' lang='lat'><strong><em>‚</em></strong></span> 
     </span>
     <span class='ocr_line' id='line_1_28' title="bbox 570 2730 3114 2827; baseline -0.001 -24"><span class='ocrx_word' id='word_1_231' title='bbox 570 2734 992 2804; x_wconf 86' lang='lat' dir='ltr'>Christianos</span> <span class='ocrx_word' id='word_1_232' title='bbox 1040 2732 1120 2800; x_wconf 89' lang='lat' dir='ltr'>ad</span> <span class='ocrx_word' id='word_1_233' title='bbox 1176 2731 1587 2800; x_wconf 90' lang='lat' dir='ltr'>daemonum</span> <span class='ocrx_word' id='word_1_234' title='bbox 1624 2784 1638 2809; x_wconf 92' lang='lat'>‚</span> <span class='ocrx_word' id='word_1_235' title='bbox 1696 2730 1980 2827; x_wconf 42' lang='lat' dir='ltr'>Molocliti</span> <span class='ocrx_word' id='word_1_236' title='bbox 2050 2731 2432 2820; x_wconf 90' lang='lat' dir='ltr'>Rempham</span> <span class='ocrx_word' id='word_1_237' title='bbox 2495 2745 2559 2800; x_wconf 90' lang='lat' dir='ltr'>et</span> <span class='ocrx_word' id='word_1_238' title='bbox 2623 2731 2910 2799; x_wconf 71' lang='lat' dir='ltr'>Luciferi</span> <span class='ocrx_word' id='word_1_239' title='bbox 2960 2732 3114 2802; x_wconf 86' lang='lat' dir='ltr'>cul—</span> 
     </span>
     <span class='ocr_line' id='line_1_29' title="bbox 569 2819 3107 2911; baseline -0.001 -19"><span class='ocrx_word' id='word_1_240' title='bbox 569 2835 792 2892; x_wconf 90' lang='lat' dir='ltr'>turam</span> <span class='ocrx_word' id='word_1_241' title='bbox 844 2821 1306 2911; x_wconf 89' lang='lat' dir='ltr'>compelleret,</span> <span class='ocrx_word' id='word_1_242' title='bbox 1355 2841 1484 2889; x_wconf 93' lang='lat' dir='ltr'>non</span> <span class='ocrx_word' id='word_1_243' title='bbox 1520 2821 2024 2889; x_wconf 89' lang='lat' dir='ltr'>consentientes</span> <span class='ocrx_word' id='word_1_244' title='bbox 2049 2820 2337 2890; x_wconf 82' lang='lat' dir='ltr'>diversis</span> <span class='ocrx_word' id='word_1_245' title='bbox 2373 2819 2736 2908; x_wconf 87' lang='lat' dir='ltr'>suppliciis</span> <span class='ocrx_word' id='word_1_246' title='bbox 2769 2832 3107 2890; x_wconf 86' lang='lat' dir='ltr'>enecaret.</span> 
     </span>
     <span class='ocr_line' id='line_1_30' title="bbox 569 2908 3206 3008; baseline -0.002 -27"><span class='ocrx_word' id='word_1_247' title='bbox 569 2914 780 3000; x_wconf 82' lang='lat' dir='ltr'>Cujus</span> <span class='ocrx_word' id='word_1_248' title='bbox 841 2911 955 2979; x_wconf 92' lang='lat' dir='ltr'>ille</span> <span class='ocrx_word' id='word_1_249' title='bbox 1024 2910 1311 3001; x_wconf 90' lang='lat' dir='ltr'>imperio</span> <span class='ocrx_word' id='word_1_250' title='bbox 1382 2930 1666 2998; x_wconf 65' lang='lat' dir='ltr'>parem,</span> <span class='ocrx_word' id='word_1_251' title='bbox 1722 2930 1879 2977; x_wconf 90' lang='lat' dir='ltr'>cum</span> <span class='ocrx_word' id='word_1_252' title='bbox 1933 2908 2302 2999; x_wconf 88' lang='lat' dir='ltr'>plurimam</span> <span class='ocrx_word' id='word_1_253' title='bbox 2370 2923 2663 3008; x_wconf 89' lang='lat' dir='ltr'>stragem</span> <span class='ocrx_word' id='word_1_254' title='bbox 2719 2923 3110 2979; x_wconf 88' lang='lat' dir='ltr'>nostrorum</span> <span class='ocrx_word' id='word_1_255' title='bbox 3195 2966 3206 2975; x_wconf 89' lang='lat'>.</span> 
     </span>
     <span class='ocr_line' id='line_1_31' title="bbox 570 2996 3116 3089; baseline -0.001 -19"><span class='ocrx_word' id='word_1_256' title='bbox 570 3000 892 3080; x_wconf 87' lang='lat' dir='ltr'>dedisset,</span> <span class='ocrx_word' id='word_1_257' title='bbox 952 3011 1098 3089; x_wconf 92' lang='lat' dir='ltr'>post</span> <span class='ocrx_word' id='word_1_258' title='bbox 1160 2999 1548 3086; x_wconf 83' lang='lat' dir='ltr'>aliquantos</span> <span class='ocrx_word' id='word_1_259' title='bbox 1597 2996 1745 3064; x_wconf 91' lang='lat' dir='ltr'>dies</span> <span class='ocrx_word' id='word_1_260' title='bbox 1805 2998 1871 3066; x_wconf 92' lang='lat' dir='ltr'>in</span> <span class='ocrx_word' id='word_1_261' title='bbox 1934 2998 2189 3085; x_wconf 90' lang='lat' dir='ltr'>quibus</span> <span class='ocrx_word' id='word_1_262' title='bbox 2247 2999 2670 3085; x_wconf 75' lang='lat' dir='ltr'>EutycbiuS,</span> <span class='ocrx_word' id='word_1_263' title='bbox 2727 2998 3116 3069; x_wconf 86' lang='lat' dir='ltr'>Victorinus</span> 
     </span>
     <span class='ocr_line' id='line_1_32' title="bbox 568 3085 3120 3178; baseline -0.003 -20"><span class='ocrx_word' id='word_1_264' title='bbox 568 3104 631 3158; x_wconf 89' lang='lat' dir='ltr'>et</span> <span class='ocrx_word' id='word_1_265' title='bbox 664 3089 889 3157; x_wconf 90' lang='lat' dir='ltr'>Flavia</span> <span class='ocrx_word' id='word_1_266' title='bbox 925 3091 1113 3178; x_wconf 89' lang='lat' dir='ltr'>virgo</span> <span class='ocrx_word' id='word_1_267' title='bbox 1146 3087 1230 3157; x_wconf 93' lang='lat' dir='ltr'>ad</span> <span class='ocrx_word' id='word_1_268' title='bbox 1273 3091 1541 3157; x_wconf 88' lang='lat' dir='ltr'>beatum</span> <span class='ocrx_word' id='word_1_269' title='bbox 1578 3086 1934 3155; x_wconf 89' lang='lat' dir='ltr'>Placidum</span> <span class='ocrx_word' id='word_1_270' title='bbox 1974 3101 2319 3166; x_wconf 88' lang='lat' dir='ltr'>venerant,</span> <span class='ocrx_word' id='word_1_271' title='bbox 2355 3108 2512 3154; x_wconf 90' lang='lat' dir='ltr'>cum</span> <span class='ocrx_word' id='word_1_272' title='bbox 2563 3085 2803 3156; x_wconf 89' lang='lat' dir='ltr'>fratres</span> <span class='ocrx_word' id='word_1_273' title='bbox 2839 3101 3120 3157; x_wconf 51' lang='lat' dir='ltr'>noctur*</span> 
     </span>
     <span class='ocr_line' id='line_1_33' title="bbox 568 3174 3110 3265; baseline 0 -20"><span class='ocrx_word' id='word_1_274' title='bbox 568 3177 792 3246; x_wconf 89' lang='lat' dir='ltr'>nalem</span> <span class='ocrx_word' id='word_1_275' title='bbox 848 3179 1154 3265; x_wconf 74' lang='lat' dir='ltr'>synaxim</span> <span class='ocrx_word' id='word_1_276' title='bbox 1207 3178 1275 3244; x_wconf 92' lang='lat' dir='ltr'>in</span> <span class='ocrx_word' id='word_1_277' title='bbox 1327 3175 1610 3245; x_wconf 92' lang='lat' dir='ltr'>ecclesia</span> <span class='ocrx_word' id='word_1_278' title='bbox 1664 3175 2125 3255; x_wconf 87' lang='lat' dir='ltr'>decantarent,</span> <span class='ocrx_word' id='word_1_279' title='bbox 2157 3177 2299 3265; x_wconf 77' lang='lat' dir='ltr'>jani</span> <span class='ocrx_word' id='word_1_280' title='bbox 2354 3174 2579 3244; x_wconf 89' lang='lat' dir='ltr'>dictus</span> <span class='ocrx_word' id='word_1_281' title='bbox 2630 3177 2991 3245; x_wconf 87' lang='lat' dir='ltr'>Mamucha</span> <span class='ocrx_word' id='word_1_282' title='bbox 3038 3177 3110 3245; x_wconf 90' lang='lat' dir='ltr'>in</span> 
     </span>
     <span class='ocr_line' id='line_1_34' title="bbox 574 3263 3107 3355; baseline -0.001 -20"><span class='ocrx_word' id='word_1_283' title='bbox 574 3266 866 3335; x_wconf 88' lang='lat' dir='ltr'>navibus</span> <span class='ocrx_word' id='word_1_284' title='bbox 914 3287 1071 3333; x_wconf 89' lang='lat' dir='ltr'>cum</span> <span class='ocrx_word' id='word_1_285' title='bbox 1129 3265 1415 3355; x_wconf 88' lang='lat' dir='ltr'>paganis</span> <span class='ocrx_word' id='word_1_286' title='bbox 1464 3263 1803 3333; x_wconf 85' lang='lat' dir='ltr'>sexdecim</span> <span class='ocrx_word' id='word_1_287' title='bbox 1860 3264 2170 3333; x_wconf 92' lang='lat' dir='ltr'>millibus</span> <span class='ocrx_word' id='word_1_288' title='bbox 2232 3265 2638 3353; x_wconf 67' lang='lat' dir='ltr'>octingenti&lt;</span> <span class='ocrx_word' id='word_1_289' title='bbox 2688 3265 3057 3333; x_wconf 91' lang='lat' dir='ltr'>adveniens</span> <span class='ocrx_word' id='word_1_290' title='bbox 3092 3320 3107 3345; x_wconf 90' lang='lat'>,</span> 
     </span>
     <span class='ocr_line' id='line_1_35' title="bbox 570 3352 3105 3443; baseline -0.001 -22"><span class='ocrx_word' id='word_1_291' title='bbox 570 3353 747 3423; x_wconf 84' lang='lat' dir='ltr'>fores</span> <span class='ocrx_word' id='word_1_292' title='bbox 800 3354 1191 3421; x_wconf 90' lang='lat' dir='ltr'>monasterii</span> <span class='ocrx_word' id='word_1_293' title='bbox 1243 3353 1608 3442; x_wconf 85' lang='lat' dir='ltr'>confringi,</span> <span class='ocrx_word' id='word_1_294' title='bbox 1666 3366 1730 3422; x_wconf 84' lang='lat' dir='ltr'>et</span> <span class='ocrx_word' id='word_1_295' title='bbox 1776 3375 2014 3422; x_wconf 90' lang='lat' dir='ltr'>omnes</span> <span class='ocrx_word' id='word_1_296' title='bbox 2065 3354 2132 3421; x_wconf 90' lang='lat' dir='ltr'>in</span> <span class='ocrx_word' id='word_1_297' title='bbox 2175 3353 2705 3443; x_wconf 85' lang='lat' dir='ltr'>vinculisjussit</span> <span class='ocrx_word' id='word_1_298' title='bbox 2739 3352 3105 3441; x_wconf 84' lang='lat' dir='ltr'>adstringi.</span> 
     </span>
     <span class='ocr_line' id='line_1_36' title="bbox 571 3440 3113 3529; baseline 0.001 -21"><span class='ocrx_word' id='word_1_299' title='bbox 571 3441 759 3524; x_wconf 85' lang='lat' dir='ltr'>Quod</span> <span class='ocrx_word' id='word_1_300' title='bbox 814 3440 978 3511; x_wconf 92' lang='lat' dir='ltr'>dum</span> <span class='ocrx_word' id='word_1_301' title='bbox 1031 3440 1283 3510; x_wconf 84' lang='lat' dir='ltr'>factum</span> <span class='ocrx_word' id='word_1_302' title='bbox 1321 3442 1589 3520; x_wconf 87' lang='lat' dir='ltr'>fuisset;</span> <span class='ocrx_word' id='word_1_303' title='bbox 1641 3442 2027 3511; x_wconf 87' lang='lat' dir='ltr'>Gordianus</span> <span class='ocrx_word' id='word_1_304' title='bbox 2070 3443 2204 3529; x_wconf 84' lang='lat' dir='ltr'>jam</span> <span class='ocrx_word' id='word_1_305' title='bbox 2248 3442 2496 3523; x_wconf 85' lang='lat' dir='ltr'>dictus,</span> <span class='ocrx_word' id='word_1_306' title='bbox 2535 3443 2653 3529; x_wconf 90' lang='lat' dir='ltr'>qui</span> <span class='ocrx_word' id='word_1_307' title='bbox 2703 3466 2859 3512; x_wconf 90' lang='lat' dir='ltr'>cum</span> <span class='ocrx_word' id='word_1_308' title='bbox 2917 3444 3113 3512; x_wconf 90' lang='lat' dir='ltr'>beato</span> 
     </span>
     <span class='ocr_line' id='line_1_37' title="bbox 571 3515 3116 3617; baseline 0 -17"><span class='ocrx_word' id='word_1_309' title='bbox 571 3529 844 3600; x_wconf 89' lang='lat' dir='ltr'>Placido</span> <span class='ocrx_word' id='word_1_310' title='bbox 893 3553 931 3598; x_wconf 92' lang='lat' dir='ltr'>a</span> <span class='ocrx_word' id='word_1_311' title='bbox 981 3532 1365 3600; x_wconf 88' lang='lat' dir='ltr'>Cassinensi</span> <span class='ocrx_word' id='word_1_312' title='bbox 1418 3530 1746 3599; x_wconf 91' lang='lat' dir='ltr'>coenobio</span> <span class='ocrx_word' id='word_1_313' title='bbox 1784 3531 1867 3600; x_wconf 94' lang='lat' dir='ltr'>ad</span> <span class='ocrx_word' id='word_1_314' title='bbox 1914 3515 2212 3600; x_wconf 87' lang='lat' dir='ltr'>Siciliam</span> <span class='ocrx_word' id='word_1_315' title='bbox 2259 3544 2552 3611; x_wconf 88' lang='lat' dir='ltr'>venerat,</span> <span class='ocrx_word' id='word_1_316' title='bbox 2590 3554 2747 3600; x_wconf 87' lang='lat' dir='ltr'>cum</span> <span class='ocrx_word' id='word_1_317' title='bbox 2790 3529 3116 3617; x_wconf 88' lang='lat' dir='ltr'>essetju-</span> 
     </span>
     <span class='ocr_line' id='line_1_38' title="bbox 571 3619 3115 3711; baseline 0.001 -24"><span class='ocrx_word' id='word_1_318' title='bbox 571 3620 784 3699; x_wconf 81' lang='lat' dir='ltr'>veniS,</span> <span class='ocrx_word' id='word_1_319' title='bbox 826 3638 946 3710; x_wconf 72' lang='lat' dir='ltr'>per</span> <span class='ocrx_word' id='word_1_320' title='bbox 976 3620 1348 3705; x_wconf 89' lang='lat' dir='ltr'>quamdam</span> <span class='ocrx_word' id='word_1_321' title='bbox 1406 3619 1731 3709; x_wconf 84' lang='lat' dir='ltr'>posticam</span> <span class='ocrx_word' id='word_1_322' title='bbox 1785 3620 2032 3689; x_wconf 89' lang='lat' dir='ltr'>domus</span> <span class='ocrx_word' id='word_1_323' title='bbox 2080 3620 2443 3711; x_wconf 81' lang='lat' dir='ltr'>aufugiens</span> <span class='ocrx_word' id='word_1_324' title='bbox 2492 3621 2703 3689; x_wconf 85' lang='lat' dir='ltr'>evasit</span> <span class='ocrx_word' id='word_1_325' title='bbox 2742 3644 2756 3703; x_wconf 89' lang='lat'><strong>;</strong></span> <span class='ocrx_word' id='word_1_326' title='bbox 2817 3625 3115 3689; x_wconf 87' lang='lat' dir='ltr'>Donatus</span> 
     </span>
     <span class='ocr_line' id='line_1_39' title="bbox 571 3707 3116 3797; baseline 0 -21"><span class='ocrx_word' id='word_1_327' title='bbox 571 3730 724 3777; x_wconf 92' lang='lat' dir='ltr'>vero</span> <span class='ocrx_word' id='word_1_328' title='bbox 756 3761 771 3789; x_wconf 95' lang='lat'>,</span> <span class='ocrx_word' id='word_1_329' title='bbox 815 3708 933 3795; x_wconf 91' lang='lat' dir='ltr'>qui</span> <span class='ocrx_word' id='word_1_330' title='bbox 985 3708 1129 3795; x_wconf 84' lang='lat' dir='ltr'>jam</span> <span class='ocrx_word' id='word_1_331' title='bbox 1184 3709 1371 3777; x_wconf 90' lang='lat' dir='ltr'>senio</span> <span class='ocrx_word' id='word_1_332' title='bbox 1430 3709 1713 3778; x_wconf 80' lang='lat' dir='ltr'>affectus</span> <span class='ocrx_word' id='word_1_333' title='bbox 1762 3723 1925 3789; x_wconf 89' lang='lat' dir='ltr'>erat,</span> <span class='ocrx_word' id='word_1_334' title='bbox 1979 3709 2239 3796; x_wconf 89' lang='lat' dir='ltr'>absque</span> <span class='ocrx_word' id='word_1_335' title='bbox 2288 3708 2517 3795; x_wconf 90' lang='lat' dir='ltr'>aliqua</span> <span class='ocrx_word' id='word_1_336' title='bbox 2582 3707 3116 3797; x_wconf 86' lang='lat' dir='ltr'>interrogatione</span> 
     </span>
     <span class='ocr_line' id='line_1_40' title="bbox 569 3794 3116 3886; baseline -0.001 -21"><span class='ocrx_word' id='word_1_337' title='bbox 569 3797 790 3886; x_wconf 89' lang='lat' dir='ltr'>capite</span> <span class='ocrx_word' id='word_1_338' title='bbox 826 3810 1185 3866; x_wconf 86' lang='lat' dir='ltr'>truncatus</span> <span class='ocrx_word' id='word_1_339' title='bbox 1231 3810 1376 3875; x_wconf 88' lang='lat' dir='ltr'>cst;</span> <span class='ocrx_word' id='word_1_340' title='bbox 1431 3810 1710 3864; x_wconf 89' lang='lat' dir='ltr'>sanctus</span> <span class='ocrx_word' id='word_1_341' title='bbox 1741 3813 1965 3867; x_wconf 88' lang='lat' dir='ltr'>autem</span> <span class='ocrx_word' id='word_1_342' title='bbox 2020 3798 2359 3877; x_wconf 78' lang='lat' dir='ltr'>PlaciduS‚</span> <span class='ocrx_word' id='word_1_343' title='bbox 2394 3820 2535 3866; x_wconf 91' lang='lat' dir='ltr'>una</span> <span class='ocrx_word' id='word_1_344' title='bbox 2582 3822 2739 3867; x_wconf 90' lang='lat' dir='ltr'>cum</span> <span class='ocrx_word' id='word_1_345' title='bbox 2784 3794 3116 3865; x_wconf 89' lang='lat' dir='ltr'>fratribus</span> 
     </span>
     <span class='ocr_line' id='line_1_41' title="bbox 571 3884 3118 3976; baseline -0.002 -19"><span class='ocrx_word' id='word_1_346' title='bbox 571 3886 716 3957; x_wconf 87' lang='lat' dir='ltr'>suis</span> <span class='ocrx_word' id='word_1_347' title='bbox 758 3887 1107 3973; x_wconf 75' lang='lat' dir='ltr'>Eutychio,</span> <span class='ocrx_word' id='word_1_348' title='bbox 1155 3885 1492 3953; x_wconf 89' lang='lat' dir='ltr'>Victorino</span> <span class='ocrx_word' id='word_1_349' title='bbox 1540 3897 1603 3952; x_wconf 91' lang='lat' dir='ltr'>et</span> <span class='ocrx_word' id='word_1_350' title='bbox 1655 3884 1876 3954; x_wconf 86' lang='lat' dir='ltr'>Flavia</span> <span class='ocrx_word' id='word_1_351' title='bbox 1931 3888 2219 3976; x_wconf 89' lang='lat' dir='ltr'>virgine,</span> <span class='ocrx_word' id='word_1_352' title='bbox 2288 3892 2557 3967; x_wconf 85' lang='lat' dir='ltr'>Fausto,</span> <span class='ocrx_word' id='word_1_353' title='bbox 2622 3888 2915 3955; x_wconf 85' lang='lat' dir='ltr'>Firmato</span> <span class='ocrx_word' id='word_1_354' title='bbox 2963 3884 3118 3953; x_wconf 91' lang='lat' dir='ltr'>dia-</span> 
     </span>
     <span class='ocr_line' id='line_1_42' title="bbox 572 3973 3120 4064; baseline -0.001 -21"><span class='ocrx_word' id='word_1_355' title='bbox 572 3997 768 4051; x_wconf 84' lang='lat' dir='ltr'>cono.</span> <span class='ocrx_word' id='word_1_356' title='bbox 825 3973 1033 4043; x_wconf 90' lang='lat' dir='ltr'>simul</span> <span class='ocrx_word' id='word_1_357' title='bbox 1082 3973 1285 4042; x_wconf 88' lang='lat' dir='ltr'>etiam</span> <span class='ocrx_word' id='word_1_358' title='bbox 1331 3996 1487 4042; x_wconf 86' lang='lat' dir='ltr'>cum</span> <span class='ocrx_word' id='word_1_359' title='bbox 1542 3975 1900 4044; x_wconf 90' lang='lat' dir='ltr'>monachis</span> <span class='ocrx_word' id='word_1_360' title='bbox 1952 3976 2254 4064; x_wconf 87' lang='lat' dir='ltr'>triginta,</span> <span class='ocrx_word' id='word_1_361' title='bbox 2317 3977 2575 4045; x_wconf 89' lang='lat' dir='ltr'>catenis</span> <span class='ocrx_word' id='word_1_362' title='bbox 2628 3977 2918 4056; x_wconf 48' lang='lat' dir='ltr'>vinctu&amp;</span> <span class='ocrx_word' id='word_1_363' title='bbox 2977 3979 3120 4042; x_wconf 83' lang='lat' dir='ltr'>Ma-</span> 
     </span>
     <span class='ocr_line' id='line_1_43' title="bbox 574 4063 3164 4150; baseline -0 -18"><span class='ocrx_word' id='word_1_364' title='bbox 574 4064 864 4132; x_wconf 83' lang='lat' dir='ltr'>muchae</span> <span class='ocrx_word' id='word_1_365' title='bbox 912 4063 1353 4150; x_wconf 88' lang='lat' dir='ltr'>adspectibus</span> <span class='ocrx_word' id='word_1_366' title='bbox 1422 4078 1914 4149; x_wconf 87' lang='lat' dir='ltr'>praesentatur.</span> <span class='ocrx_word' id='word_1_367' title='bbox 1979 4069 2189 4147; x_wconf 83' lang='lat' dir='ltr'>Quem</span> <span class='ocrx_word' id='word_1_368' title='bbox 2262 4064 2692 4133; x_wconf 88' lang='lat' dir='ltr'>truculentus</span> <span class='ocrx_word' id='word_1_369' title='bbox 2741 4065 2994 4133; x_wconf 87' lang='lat' dir='ltr'>arbiter</span> <span class='ocrx_word' id='word_1_370' title='bbox 3041 4074 3164 4131; x_wconf 88' lang='lat' dir='ltr'>ut·</span> 
     </span>
     <span class='ocr_line' id='line_1_44' title="bbox 572 4148 3112 4243; baseline -0 -24"><span class='ocrx_word' id='word_1_371' title='bbox 572 4152 764 4233; x_wconf 87' lang='lat' dir='ltr'>vidit,</span> <span class='ocrx_word' id='word_1_372' title='bbox 818 4152 986 4220; x_wconf 83' lang='lat' dir='ltr'>dixit</span> <span class='ocrx_word' id='word_1_373' title='bbox 1034 4151 1115 4220; x_wconf 90' lang='lat' dir='ltr'>ad</span> <span class='ocrx_word' id='word_1_374' title='bbox 1168 4174 1375 4220; x_wconf 89' lang='lat' dir='ltr'>eum:</span> <span class='ocrx_word' id='word_1_375' title='bbox 1431 4148 1605 4232; x_wconf 90' lang='lat' dir='ltr'>Quid</span> <span class='ocrx_word' id='word_1_376' title='bbox 1661 4154 1965 4221; x_wconf 66' lang='lat' dir='ltr'>vocatis?</span> <span class='ocrx_word' id='word_1_377' title='bbox 2013 4157 2305 4223; x_wconf 86' lang='lat' dir='ltr'>Sanctus</span> <span class='ocrx_word' id='word_1_378' title='bbox 2356 4152 2675 4222; x_wconf 88' lang='lat' dir='ltr'>Placidus</span> <span class='ocrx_word' id='word_1_379' title='bbox 2712 4151 3112 4243; x_wconf 87' lang='lat' dir='ltr'>respondit:</span> 
     </span>
    </p>
   </div>
   <div class='ocr_carea' id='block_1_3' title="bbox 622 4346 3119 4403">
    <p class='ocr_par' dir='ltr' id='par_1_4' title="bbox 622 4346 3119 4403">
     <span class='ocr_line' id='line_1_45' title="bbox 622 4346 3119 4403; baseline 0 -14"><span class='ocrx_word' id='word_1_380' title='bbox 622 4349 647 4376; x_wconf 82' lang='lat'>⁸⁸¹</span> <span class='ocrx_word' id='word_1_381' title='bbox 678 4350 802 4389; x_wconf 67' lang='lat' dir='ltr'>Haec</span> <span class='ocrx_word' id='word_1_382' title='bbox 822 4346 1020 4388; x_wconf 73' lang='lat' dir='ltr'>historia</span> <span class='ocrx_word' id='word_1_383' title='bbox 1037 4349 1411 4392; x_wconf 68' lang='lat' dir='ltr'>anachronismis</span> <span class='ocrx_word' id='word_1_384' title='bbox 1431 4353 1633 4403; x_wconf 68' lang='lat' dir='ltr'>suisque</span> <span class='ocrx_word' id='word_1_385' title='bbox 1654 4351 1878 4403; x_wconf 74' lang='lat' dir='ltr'>gravibus</span> <span class='ocrx_word' id='word_1_386' title='bbox 1899 4349 2139 4393; x_wconf 75' lang='lat' dir='ltr'>erroribus</span> <span class='ocrx_word' id='word_1_387' title='bbox 2160 4353 2334 4393; x_wconf 61' lang='lat' dir='ltr'>resena</span> <span class='ocrx_word' id='word_1_388' title='bbox 2358 4354 2446 4393; x_wconf 74' lang='lat' dir='ltr'>est.</span> <span class='ocrx_word' id='word_1_389' title='bbox 2467 4353 2583 4392; x_wconf 67' lang='lat' dir='ltr'>Nam</span> <span class='ocrx_word' id='word_1_390' title='bbox 2605 4346 2820 4388; x_wconf 77' lang='lat' dir='ltr'>Saraceni</span> <span class='ocrx_word' id='word_1_391' title='bbox 2842 4346 3119 4396; x_wconf 71' lang='lat' dir='ltr'>Hispaniam</span> 
     </span>
    </p>
   </div>
   <div class='ocr_carea' id='block_1_4' title="bbox 570 4399 3122 4508">
    <p class='ocr_par' dir='ltr' id='par_1_5' title="bbox 570 4399 3122 4508">
     <span class='ocr_line' id='line_1_46' title="bbox 570 4399 3122 4457; baseline 0.001 -14"><span class='ocrx_word' id='word_1_392' title='bbox 570 4413 664 4443; x_wconf 86' lang='lat' dir='ltr'>non</span> <span class='ocrx_word' id='word_1_393' title='bbox 684 4406 985 4451; x_wconf 70' lang='lat' dir='ltr'>occuparunt,</span> <span class='ocrx_word' id='word_1_394' title='bbox 1006 4403 1097 4442; x_wconf 74' lang='lat' dir='ltr'>nisi</span> <span class='ocrx_word' id='word_1_395' title='bbox 1117 4405 1205 4444; x_wconf 80' lang='lat' dir='ltr'>sub</span> <span class='ocrx_word' id='word_1_396' title='bbox 1227 4414 1347 4447; x_wconf 67' lang='lat' dir='ltr'>anno</span> <span class='ocrx_word' id='word_1_397' title='bbox 1370 4409 1467 4455; x_wconf 75' lang='lat'>7133</span> <span class='ocrx_word' id='word_1_398' title='bbox 1485 4408 1552 4450; x_wconf 76' lang='lat' dir='ltr'>Ab</span> <span class='ocrx_word' id='word_1_399' title='bbox 1566 4409 1660 4447; x_wconf 72' lang='lat' dir='ltr'>lala</span> <span class='ocrx_word' id='word_1_400' title='bbox 1681 4406 1856 4452; x_wconf 83' lang='lat' dir='ltr'>nullus,</span> <span class='ocrx_word' id='word_1_401' title='bbox 1876 4415 2003 4453; x_wconf 70' lang='lat' dir='ltr'>anno,</span> <span class='ocrx_word' id='word_1_402' title='bbox 2015 4408 2107 4453; x_wconf 72' lang='lat'>541,</span> <span class='ocrx_word' id='word_1_403' title='bbox 2129 4407 2228 4448; x_wconf 72' lang='lat' dir='ltr'>aive</span> <span class='ocrx_word' id='word_1_404' title='bbox 2249 4408 2299 4448; x_wconf 81' lang='lat' dir='ltr'>ln</span> <span class='ocrx_word' id='word_1_405' title='bbox 2341 4406 2572 4457; x_wconf 63' lang='lat' dir='ltr'>Hispania,</span> <span class='ocrx_word' id='word_1_406' title='bbox 2609 4401 2710 4444; x_wconf 78' lang='lat' dir='ltr'>sive</span> <span class='ocrx_word' id='word_1_407' title='bbox 2745 4399 2792 4442; x_wconf 88' lang='lat' dir='ltr'>in</span> <span class='ocrx_word' id='word_1_408' title='bbox 2824 4401 2996 4452; x_wconf 72' lang='lat' dir='ltr'>Africa,</span> <span class='ocrx_word' id='word_1_409' title='bbox 3034 4404 3122 4443; x_wconf 67' lang='lat' dir='ltr'>aut</span> 
     </span>
     <span class='ocr_line' id='line_1_47' title="bbox 571 4456 1112 4508; baseline -0.002 -10"><span class='ocrx_word' id='word_1_410' title='bbox 571 4458 682 4498; x_wconf 72' lang='lat' dir='ltr'>alibi</span> <span class='ocrx_word' id='word_1_411' title='bbox 706 4466 927 4508; x_wconf 72' lang='lat' dir='ltr'>regnasse</span> <span class='ocrx_word' id='word_1_412' title='bbox 948 4456 1112 4498; x_wconf 79' lang='lat' dir='ltr'>scitur.</span> 
     </span>
    </p>
   </div>
  </div>
 </body>
</html>
