3347 4999
231 366 416 435 OCT.
474 366 556 429 ⁴6
978 383 1057 429 na
1103 381 1465 438 omansnAn
1515 383 1782 429 mmm.
1837 381 2046 429 Arme.
2565 365 2692 429 445

230 468 482 562 gentili
523 467 689 558 Regi
723 471 1140 547 Maurorum,
1171 467 1286 535 cui
1319 487 1564 535 nomen
1596 479 1742 535 erat
1772 470 2052 554 Capsur,
2088 465 2495 555 relegandos
2534 467 2782 536 debere

229 556 655 629 transmitti:
711 556 1074 624 Maximam
1124 576 1281 623 vero
1330 550 1576 624 Christi
1616 553 1977 633 famulam,
2031 554 2364 624 confusus
2414 568 2479 623 et
2536 559 2777 637 victuS,

226 646 565 739 propriae
613 644 946 715 voluntati
986 643 1273 723 dimisit,
1326 665 1503 729 quae
1552 665 1738 712 nunc
1773 657 2085 731 superest
2116 643 2305 731 virgo
2356 656 2573 713 mater
2608 644 2782 713 mul-

229 750 473 806 tarum
548 734 895 823 virginum
973 732 1112 813 Dei,
1189 732 1389 801 nobis
1462 732 1665 800 etiam
1745 752 2179 819 nequaquam
2232 733 2488 821 ignota.
2543 737 2785 801 Perve-

227 826 514 895 nientes
546 836 774 892 autem
824 820 1192 890 traduntur
1242 834 1615 890 memorato
1648 821 1817 908 Regi
1859 825 2278 899 Maurorum,
2322 822 2782 889 commanenti

227 915 304 983 in
355 924 553 1003 parte
599 910 836 990 eremi,
891 931 1067 997 quae
1112 909 1368 998 dicitur
1416 910 1825 999 Caprapicti.
1895 909 2214 980 Videntes
2262 909 2475 998 igitur
2537 910 2784 978 Christi

230 1000 574 1091 discipuli
628 999 842 1068 multa
890 998 1074 1088 apud
1125 998 1414 1088 gentiles
1460 1012 1525 1067 et
1571 998 1815 1067 illicita
1864 998 2359 1067 sacrificiorum
2396 998 2778 1088 sacrilegia,

229 1102 621 1182 coeperunt
690 1087 1199 1178 praedicatione
1254 1099 1321 1156 et
1383 1087 1899 1156 conversatione
1970 1109 2095 1155 sua
2164 1086 2250 1155 ad
2320 1088 2783 1176 cognitionem

228 1178 521 1250 Domini
558 1177 669 1247 Dei
699 1177 912 1246 nostri
944 1176 1278 1246 Barbaros
1325 1175 1644 1246 invitare:
1699 1189 1763 1244 et
1814 1175 1931 1244 tali
1962 1175 2166 1245 modo
2215 1176 2281 1243 in
2336 1174 2780 1246 entem-mul-

231 1268 615 1340 titudinem
682 1265 1045 1356 gentilium
1119 1264 1575 1365 Barbarorum
1645 1263 1910 1334 Christo
1978 1265 2267 1333 Domino
2345 1278 2779 1345 notaverunt,

228 1358 364 1428 ubi
415 1370 615 1425 antea
656 1354 846 1423 nulla
895 1354 1079 1423 fama
1127 1354 1493 1422 Christiani
1545 1353 1850 1422 nominis
1897 1352 2117 1422 fuerat
2162 1353 2537 1443 divulgata.
2596 1359 2784 1422 Tunc

231 1445 496 1516 deinde
542 1444 882 1533 cogitatur
926 1441 1092 1529 quid
1143 1442 1356 1522 fieret,
1408 1456 1485 1511 ut
1531 1464 1694 1531 ager
1732 1443 1879 1530 jam
1927 1441 2157 1511 cultus
2204 1457 2268 1511 et
2314 1442 2786 1532 egraminatus

228 1555 519 1605 vomere
567 1532 1120 1622 praedicationiS‚
1175 1530 1660 1620 Evangelicum
1714 1531 2092 1620 susciperet
2138 1552 2397 1610 semen,
2450 1544 2515 1600 et
2566 1530 2787 1599 imbre

231 1623 428 1695 sacri
467 1621 901 1712 baptismatis
935 1620 1294 1710 rigaretur.
1333 1620 1606 1688 Mittunt
1639 1618 1897 1710 legatos
1930 1641 2050 1708 per
2080 1619 2325 1689 itinera
2352 1620 2649 1689 distenta
2681 1619 2786 1688 de·

233 1712 449 1784 serti:
497 1710 889 1801 pervenitur
937 1708 1211 1778 tandem
1261 1708 1344 1777 ad
1396 1708 1737 1777 civitatem
1800 1713 2207 1777 Romanam.
2261 1713 2566 1798 Rogatur
2625 1708 2785 1797 Epi-

161 1819 170 1827 ·
234 1822 526 1890 scopuS‚
579 1811 655 1869 ut
704 1797 1178 1887 presbyterum
1230 1810 1294 1866 et
1342 1796 1695 1867 ministros
1743 1797 2045 1867 credenti
2082 1796 2337 1886 populo
2385 1795 2779 1866 destinaret.

233 1890 486 1979 Explet
531 1909 691 1957 cum
759 1885 1038 1977 gaudi0‚
1112 1885 1294 1972 quod
1373 1885 1748 1974 petebatur,
1803 1885 2125 1975 pontifex.
2183 1886 2299 1954 Dei
2346 1885 2788 1955 constituitur

232 1977 575 2053 Ecclesia,
626 1976 1014 2065 baptizatur
1061 1973 1431 2043 multitudo
1482 1974 1783 2043 maxima
1829 1974 2311 2052 Barbarorum,
2363 1988 2428 2044 et
2475 1975 2561 2044 de
2599 1969 2791 2062 lupis‘

235 2088 413 2159 grex
483 2064 822 2134 fecundus
880 2062 1383 2153 multiplicatur
1430 2084 1796 2152 agnorum.
1850 2068 1991 2133 Hoc
2061 2064 2400 2133 Geiserico
2464 2063 2788 2132 relatione

236 2177 375 2227 sua
442 2153 730 2222 nunciat
797 2156 1078 2241 Capsur.
1136 2157 1224 2220 De
1269 2173 1408 2238 qua
1458 2173 1529 2220 re
1576 2172 1869 2240 surgens
1921 2152 2183 2221 invidia
2233 2152 2431 2239 jubet
2490 2151 2788 2221 famulos

235 2244 364 2323 Dei
428 2241 658 2332 ligatis
705 2240 997 2331 pedibus
1065 2254 1215 2329 post
1276 2254 1461 2329 terga
1526 2240 1957 2310 currentium
2019 2240 2558 2331 quadrigarum,
2615 2241 2789 2309 inter

237 2332 531 2422 spinosa
603 2330 752 2399 loca
800 2328 1128 2398 silvarum
1195 2330 1447 2418 pariter
1507 2328 1809 2411 interire,
1861 2341 1940 2399 ut
1984 2328 2193 2398 ducta
2250 2343 2453 2416 atque
2508 2328 2787 2399 reducta

239 2419 565 2490 dumosis
614 2418 963 2510 lignorum
1014 2416 1272 2487 aculeis
1322 2417 1793 2487 innocentium
1847 2439 2135 2509 corpora
2179 2430 2651 2509 carperentur,
2697 2418 2791 2487 ita

239 2509 590 2598 deligans,
628 2523 704 2578 ut
736 2507 991 2576 exitum
1041 2529 1248 2578 suum
1287 2507 1577 2576 invicem
1615 2507 2067 2598 perviderent.
2106 2508 2235 2591 Qui
2283 2529 2439 2594 cum
2492 2530 2529 2577 e
2566 2508 2790 2577 vicino

241 2597 691 2669 currentibus
740 2596 1017 2673 Mauris,
1074 2617 1220 2665 sese
1279 2608 1518 2665 mutuo
1580 2596 2080 2685 conspicerent,
2135 2596 2282 2665 vale
2330 2597 2463 2667 sibi
2530 2598 2598 2665 in
2661 2620 2791 2665 an-

239 2702 452 2780 gusto
500 2685 701 2775 fugae
746 2683 1230 2771 unusquisque
1278 2685 1372 2753 ita
1419 2684 1773 2754 dicebant:
1829 2690 2080 2768 Frater,
2121 2707 2240 2755 ora
2289 2707 2412 2774 pro
2461 2706 2604 2754 me:
2661 2685 2790 2753 im-

240 2776 464 2868 plevit
511 2779 688 2845 Deus
735 2772 1153 2844 desiderium
1217 2786 1565 2842 nostrum:
1637 2773 1859 2843 taliter
1920 2774 2313 2865 pervenitur
2359 2771 2444 2840 ad
2497 2795 2787 2862 regnum

239 2864 625 2935 coelorum.
680 2868 917 2949 Itaque
963 2861 1225 2931 orando
1272 2875 1476 2948 atque
1527 2862 1910 2952 psallendo,
1963 2861 2428 2953 gaudentibus
2481 2860 2783 2951 Angelis,

236 2955 399 3056 pias
439 2952 708 3021 animas
753 2951 1065 3020 emisere.
1122 2951 1248 3021 Ubi
1296 2973 1519 3038 usque
1557 2952 1629 3019 in
1672 2951 2084 3021 hodiernum
2126 2950 2308 3018 diem
2347 2971 2480 3018 non
2531 2949 2788 3019 desinit

239 3065 313 3113 ln
371 3041 559 3113 entia
607 3039 954 3110 mirabilia
998 3044 1200 3109 Jesus
1248 3040 1558 3110 Christus
1628 3040 1962 3109 Dominus
2014 3052 2241 3107 noster
2287 3038 2579 3128 operari.
2620 3043 2786 3108 Nam

238 3066 452 3202 noffiis
499 3129 740 3200 beatus
771 3129 1125 3216 quondam
1166 3133 1459 3198 Faustus
1507 3129 1970 3197 Buronitanus
2019 3128 2399 3218 Episcopus
2432 3138 2790 3196 attestatus

242 3234 373 3302 est,
443 3240 716 3287 caecam
778 3217 1154 3304 quamdam
1220 3217 1578 3287 mulierem
1625 3216 2090 3286 illuminatam
2152 3215 2390 3296 fuisse,
2453 3216 2575 3285 ubi
2642 3216 2791 3305 ipse

243 3310 489 3379 aderat
538 3327 888 3395 praesens,
1856 3305 1866 3313 ⁴

336 3400 374 3485 ξ
423 3400 518 3465 θ.
571 3395 979 3463 Accenditur
1028 3405 1305 3485 propter
1361 3393 1528 3462 haec
1591 3392 1923 3462 adversus
1973 3394 2089 3462 Dei
2140 3393 2515 3463 Ecclesiam
2565 3393 2791 3463 Geise-

243 3486 464 3556 ricuS.
521 3482 718 3551 Mittit
763 3482 1133 3552 Proculum
1180 3481 1526 3569 quendam
1578 3481 1648 3548 in
1704 3482 2126 3571 provinciam
2162 3483 2630 3572 Zeugitanam‚
2667 3482 2793 3569 qui

248 3583 633 3644 coarctaret
693 3570 778 3639 ad
844 3571 1254 3641 tradendum
1317 3569 1701 3639 ministeria
1772 3570 2005 3641 divina
2068 3572 2169 3640 vel
2241 3571 2452 3641 libros
2508 3586 2793 3642 cunctos

250 3661 530 3733 Domini
579 3658 987 3741 sacerdotes,
1040 3673 1116 3729 ut
1165 3660 1388 3748 primo
1437 3659 1651 3729 armis
1700 3659 2017 3743 nudaret,
2061 3672 2127 3730 et
2161 3662 2252 3729 ita
2299 3660 2575 3730 facilius
2610 3660 2792 3729 iner-

250 3772 402 3821 mes
472 3747 689 3819 hostis
757 3747 1054 3818 callidus
1126 3748 1558 3837 captivasset.
1614 3749 1880 3830 Quibus
1929 3772 2001 3818 se
2050 3771 2186 3818 non
2250 3771 2451 3838 posse
2527 3748 2794 3818 tradere

252 3837 743 3917 clamantibus,
789 3837 937 3925 ipse
985 3838 1221 3926 rapaci
1271 3858 1483 3906 manu
1522 3850 1774 3907 cuncta
1832 3837 2404 3928 depopulabatur,
2459 3850 2662 3924 atque
2711 3837 2795 3907 de

253 3927 492 4016 palliis
553 3925 813 4007 altaris,
869 3925 1042 4014 proh
1092 3925 1302 4006 nefas,
1376 3926 1703 3996 camisias
1764 3926 1898 3996 sibi
1946 3941 2012 3996 et
2058 3925 2412 3996 femoralia
2474 3925 2787 3996 faciebat.

255 4016 390 4097 Qui
440 4029 664 4085 tamen
713 4013 1046 4084 Proculus
1081 4014 1295 4103 hujus
1329 4014 1426 4082 rei
1458 4026 1803 4096 executor,
1856 4014 2202 4085 frustatim
2253 4016 2384 4085 sibi
2420 4014 2793 4086 comedens

255 4101 595 4195 linguam,
648 4104 718 4172 in
766 4103 955 4173 brevi
1002 4103 1407 4192 turpissima
1444 4116 1901 4194 consumptus
1948 4117 2050 4174 est
2099 4116 2338 4172 morte.
2383 4110 2573 4173 Tunc
2605 4104 2793 4173 enim

257 4194 325 4259 S.
380 4193 802 4276 ValerianuS‚
857 4191 1142 4262 Abensis
1187 4192 1480 4261 civitatis
1529 4193 1932 4283 EpiscopuS,
1986 4192 2151 4261 dum
2197 4192 2505 4274 viriliter,
2560 4215 2796 4262 sacra-

254 4295 485 4376 menta
531 4282 762 4351 divina
813 4303 898 4351 ne
945 4281 1261 4362 traderet,
1315 4280 1733 4362 dimicasset,
1785 4280 1968 4351 foras
2020 4281 2360 4350 civitatem
2412 4281 2791 4372 singularis

243 4386 487 4455 jussus
532 4386 633 4441 est
682 4370 867 4460 pelli,
920 4384 985 4440 et
1032 4371 1125 4439 ita
1172 4382 1610 4459 praeceptum
1659 4383 1784 4452 est,
1838 4383 1916 4440 ut
1957 4370 2193 4439 nullus
2241 4392 2401 4439 eum
2453 4392 2675 4458 neque
2717 4370 2791 4437 in

255 4455 482 4541 domo,
538 4482 756 4548 neque
805 4461 871 4529 in
922 4481 1089 4551 agro
1136 4458 1509 4529 dimitteret
1555 4458 1888 4529 habitare.
1943 4460 2073 4542 Qui
2121 4460 2191 4528 in
2243 4472 2453 4531 strata
2512 4458 2794 4549 publica
