3347 4999
765 327 848 390 90
1356 343 1431 388 nr:
1479 343 1533 388 s.
1588 340 1875 388 cenaaoo
1925 341 2164 387 Annam
2215 331 2550 389 anommsl
2967 323 3138 389 OCT.
3182 329 3209 388 :3

1075 445 1164 505 Ad
1209 444 1386 515 bona,
1435 458 1627 520 posco,
1679 452 1852 505 tuum
1899 443 2262 505 benedicens
2305 443 2504 521 dirige
2546 459 2821 515 servum,

1072 525 1148 584 Ut
1194 533 1293 585 tua
1333 525 1490 600 jtissa
1535 523 1711 595 colat,
1755 533 1817 584 et
1862 530 1920 585 te
1962 539 2145 600 super
2187 526 2391 585 omnia
2433 533 2707 602 quaerat,

1078 605 1152 665 Ut
1198 603 1442 665 tandem
1489 608 1779 667 aeternae
1821 602 2218 680 comprendat
2263 603 2525 680 praemia
2573 603 2826 682 palmae.
2870 627 2899 658 v·

764 713 799 797 ξ
847 716 993 782 12.
1049 715 1191 779 Hoc
1240 731 1403 799 ergo
1456 709 1769 779 munitus
1817 709 2086 788 viatico,
2130 709 2230 777 vir
2279 710 2519 779 beatus
2567 710 2653 779 ab
2689 711 3040 800 Episcopo
3072 732 3203 779 cuni

677 798 970 888 spiritali
1018 798 1274 889 gaudio
1327 797 1602 877 recedit,
1660 797 2091 885 Parisiosque
2138 819 2353 887 ocyus
2405 798 2699 880 redienS,
2743 812 2808 869 et
2857 799 3055 868 beati
3088 800 3206 868 Dio-

684 887 859 976 nysii
907 899 1135 978 optata
1184 891 1487 957 revisens
1539 886 1824 966 limina,
1883 887 1950 954 in
2001 887 2190 955 omni
2250 886 2662 966 obedientia,
2721 887 3122 958 humilitate
3162 904 3205 956 et

682 977 1005 1064 patientia
1069 978 1446 1066 probatuS,
1518 974 2106 1063 quemadmodum
2173 976 2239 1043 in
2304 998 2429 1045 sua
2479 975 2739 1067 Regula
2803 977 3017 1046 docet
3077 998 3205 1044 san-

675 1079 827 1135 ctus
880 1080 1067 1154 pater
1115 1065 1543 1144 Benedictus,
1604 1086 1755 1133 raso
1803 1063 2026 1153 capite
2072 1077 2138 1134 et
2187 1064 2425 1146 barba,
2482 1066 2951 1136 monasticum
3005 1064 3200 1135 induit

680 1155 1015 1235 habitum,
1068 1154 1265 1241 eique
1319 1153 1733 1222 monasterio
1782 1152 2098 1234 donavit,
2153 1173 2328 1239 quae
2370 1153 2553 1241 juris
2604 1154 2824 1243 ipsius
2872 1167 3111 1223 essent
3154 1156 3200 1220 in

683 1242 1118 1334 Lotharingia
1141 1243 1198 1311 *.
1253 1243 1500 1313 Nolens
1533 1254 1760 1312 autem
1801 1243 2068 1331 torpere
2101 1243 2260 1320 otio,
2302 1242 2483 1329 quod
2522 1242 2725 1312 sciret
2762 1242 3056 1312 animae
3084 1264 3200 1312 esse

683 1333 1043 1401 inimicum
1094 1354 1173 1401 ac
1225 1331 1716 1421 perniciosum,
1756 1330 2004 1401 obnixe
2053 1330 2338 1420 rogavit,
2376 1343 2450 1401 ut
2501 1331 2733 1400 liceret
2785 1333 2925 1422 ipsi
2983 1332 3204 1401 litteras

680 1421 1058 1490 addiscere.
1105 1419 1298 1503 Quod
1347 1442 1507 1489 curn
1559 1418 1754 1489 valde
1801 1419 2314 1489 admirarentur
2352 1418 2617 1501 fratreS‚
2663 1420 2835 1494 velle
2867 1420 3198 1489 hominem

671 1508 1089 1598 ,iampridem
1153 1509 1517 1579 barbatum
1557 1564 1572 1589 ,
1627 1507 1713 1577 ad
1769 1508 2061 1597 puerilia
2135 1507 2515 1578 litterarum
2577 1508 2807 1579 studia
2855 1509 3198 1599 applicari.
3245 1521 3246 1524 ’

681 1597 792 1666 ille
833 1618 1071 1686 rogare
1118 1610 1183 1669 et
1231 1598 1484 1667 instare
1539 1618 1668 1667 non
1722 1597 2000 1667 destitit.
2058 1601 2294 1684 Itaque
2341 1598 2467 1668 uni
2501 1620 2537 1667 e
2570 1597 2904 1669 fratribus
2945 1597 3203 1667 traditus

590 1735 598 1744 ·
676 1700 779 1756 est
828 1686 1073 1755 litteris
1115 1686 1561 1757 imbuendus.
1617 1690 1697 1755 Ut
1760 1707 1914 1756 vero
1959 1685 2114 1775 plus
2162 1685 2366 1756 etiam
2421 1687 2691 1756 mireris
2740 1689 2895 1787 ejus
2951 1686 3202 1756 humili·

681 1788 880 1845 tatem
925 1789 990 1845 et
1031 1775 1411 1866 solertiam,
1470 1776 1618 1875 ipsa
1670 1776 1894 1864 prima
1945 1775 2326 1845 litterarum
2376 1775 2711 1846 elementa
2762 1788 2995 1845 1nstar
3037 1775 3203 1863 quin-

678 1864 976 1953 quennis
1029 1865 1224 1954 pueri
1274 1862 1629 1933 addidicit.
1689 1869 1818 1934 Nec
1867 1861 2244 1951 quicquam
2295 1864 2379 1934 de
2428 1886 2553 1934 suo
2597 1865 2953 1955 proposito
3010 1865 3199 1932 remit-

682 1969 848 2032 tens,
894 1954 1073 2023 intra
1109 1974 1363 2042 paucos
1393 1952 1541 2021 dies
1574 1964 1790 2022 totum
1827 1953 2233 2024 Psalterium
2275 1955 2645 2023 memoriae
2676 1952 3198 2023 commendavit:
3245 1963 3246 1966 ’

684 2064 903 2128 neque
955 2042 1021 2110 id
1075 2042 1354 2120 mirum,
1394 2064 1551 2111 cum
1609 2041 1801 2111 nulla
1841 2042 1929 2111 sit
1961 2041 2046 2111 ad
2089 2041 2499 2112 discendum
2545 2064 2758 2124 mora,
2796 2042 2920 2112 ubi
2966 2041 3195 2111 doctrix

683 2131 877 2200 adest
927 2130 1147 2221 gratia
1197 2130 1492 2220 Spiritus
1527 2132 1780 2200 Sancti.
1819 2131 2073 2200 Deinde
2110 2142 2593 2221 proponuntur
2620 2132 2677 2201 ei
2712 2132 2893 2200 sacri
2931 2130 3195 2200 codices.
3245 2177 3246 2188 η

679 2233 744 2288 et
793 2219 907 2288 ille
974 2219 1230 2288 divinis
1295 2218 1707 2309 dogmaticis
1775 2220 2124 2308 praeclare
2184 2219 2531 2290 eruditur:
2584 2233 2648 2291 et
2697 2221 2879 2289 sicut
2928 2219 3082 2310 apis
3125 2239 3198 2286 se·

687 2308 853 2378 dula
903 2330 1024 2397 per
1074 2320 1424 2398 pratorum
1478 2309 1710 2378 volitat
1757 2309 1982 2390 ssores,
2030 2322 2106 2379 ut
2150 2308 2354 2378 mella
2402 2320 2814 2399 comportet:
2876 2310 2974 2378 ita
3022 2318 3084 2377 et
3114 2305 3197 2374 ille

684 2410 1077 2466 sanctorum
1130 2402 1409 2467 Patrum
1460 2398 1716 2487 scripta
1763 2397 2130 2477 lectitans,
2185 2398 2403 2466 divini
2463 2396 2652 2469 favos
2700 2398 2965 2486 eloquii
3017 2397 3098 2465 ab
3141 2394 3194 2461 il-

684 2485 904 2556 lorum
960 2485 1292 2556 melliflua
1341 2485 1654 2557 doctrina
1702 2486 1977 2577 excipit,
2033 2509 2297 2575 suoque
2345 2486 2414 2556 in
2470 2501 2739 2577 pectore
2779 2510 2983 2558 sacra
3037 2504 3195 2556 man-

680 2576 839 2644 data
891 2574 1220 2644 recondit.
1274 2581 1405 2646 Nec
1454 2576 1730 2646 interim
1786 2588 2013 2647 tamen
2064 2576 2207 2646 ullo
2260 2589 2562 2666 ternpore
2631 2577 2887 2646 retrahi
2949 2598 3023 2645 se
3068 2572 3193 2644 sinit

678 2664 765 2733 ab
814 2664 1233 2752 exequendis
1283 2664 1443 2742 illis,
1501 2686 1678 2752 quae
1727 2670 1954 2735 Canon
2012 2666 2434 2735 monasticus
2455 2665 2767 2753 juberet:
2816 2668 3037 2735 immo
3072 2682 3192 2730 vero

682 2755 751 2821 in
803 2754 1074 2824 cunctis
1135 2753 1523 2823 actionibus
1584 2754 1733 2825 suis
1805 2753 2004 2824 illum
2054 2775 2179 2822 ceu
2231 2754 2642 2844 magistrum
2693 2755 2827 2824 sibi
2880 2751 3190 2844 proponit.

681 2841 755 2911 Id
794 2843 985 2912 Prior
1028 2854 1094 2911 et
1142 2842 1386 2912 fratres
1419 2843 1620 2912 tacite
1649 2842 2220 2931 contemplanteS,
2255 2856 2318 2913 et
2348 2843 2578 2929 qualis
2607 2856 3001 2930 quantusve
3033 2840 3189 2910 foret.

680 2932 866 3001 haud
914 2932 1207 3002 obscure
1257 2931 1687 3021 pervidentes
1719 2987 1734 3015 ,
1805 2953 1889 3000 ne
1940 2933 2223 3001 lucerna
2273 2932 2403 3002 sub
2457 2932 2686 3002 modio
2737 2932 3027 3012 lateret,
3077 2926 3191 2996 ido·

683 3041 888 3089 neum
937 3033 1262 3102 censent,
1315 3021 1437 3107 qui
1486 3021 1705 3093 sacris
1755 3021 2086 3091 initietur.
2153 3020 2488 3090 Paulatim
2545 3020 2756 3111 igitur
2823 3030 3184 3110 promotus,

678 3109 882 3177 etiam
933 3109 1339 3199 presbyterii
1387 3109 1683 3199 gradum
1733 3111 2002 3200 attigit,
2047 3110 2307 3201 quippe
2352 3109 2473 3197 qui
2522 3110 2715 3180 omni
2788 3109 3116 3199 probitate
3147 3114 3189 3169 et

687 3198 1070 3286 integritate
1115 3199 1537 3286 conspicuus
1588 3198 1955 3269 videretur.
2010 3197 2148 3267 Etsi
2196 3211 2426 3268 autem
2483 3197 2685 3289 plane
2738 3207 3103 3272 recusaret,
3145 3202 3187 3257 ΕΙ

686 3284 921 3355 multis
974 3285 1195 3355 modis
1245 3285 1610 3377 indignum
1662 3310 1736 3357 se
1784 3287 2190 3368 clamitaret,
2248 3300 2317 3357 at
2366 3299 2596 3356 tamen
2649 3309 2688 3357 a
2739 3288 2975 3357 Priore
2999 3280 3190 3384 etofra·

682 3375 902 3444 tribus
953 3374 1194 3455 victus,
1249 3373 1525 3445 illorum
1578 3389 1857 3448 coactus
1904 3390 2005 3446 est
2051 3374 2293 3446 cedere
2339 3375 2700 3459 voluntati,
2757 3398 2842 3446 ne
2899 3372 3186 3446 obedien-

681 3465 845 3532 tiam
900 3462 1243 3553 negligere
1297 3463 1661 3547 videretur,
1706 3487 1884 3553 quae
1933 3476 2361 3535 caeterarum
2411 3465 2744 3535 virtutum
2796 3468 3033 3535 comes
3076 3474 3188 3529 esse

681 3551 872 3623 solet.
912 3556 1011 3622 Ita
1040 3573 1203 3643 ergo
1230 3552 1441 3623 altero
1474 3575 1640 3624 suae
1672 3555 2144 3629 conversionis
2175 3575 2359 3623 anno
2389 3554 2673 3623 Parisiis
2706 3576 2746 3623 a
2780 3546 3186 3644 Theodulplto

677 3642 1000 3731 episcopo
1052 3645 1353 3711 minores
1415 3643 1679 3732 accepit
1733 3643 2058 3714 ordines.
2114 3655 2178 3712 et
2239 3642 2434 3712 tertio
2498 3642 2586 3712 ab
2633 3642 2872 3712 eodem
2908 3639 3186 3713 ‚antistite

680 3729 1201 3820 hypodiaconus
1269 3730 1632 3804 ordinatus
1694 3746 1817 3803 est.
1897 3732 1989 3801 Ab
2038 3732 2188 3821 ejus
2238 3753 2394 3801 vero
2445 3753 2844 3801 successore
2896 3722 3177 3802 Fulrado.

677 3840 860 3889 anno
907 3831 1150 3906 quarto
1200 3843 1239 3889 a
1301 3821 1746 3890 conversione
1796 3843 1961 3902 sua,
2030 3820 2367 3891 diaconus
2429 3832 2530 3892 est
2580 3820 2965 3891 ordinatus.
3020 3821 3184 3909 Porro

678 3930 859 3979 nono
908 3930 1091 3977 anno
1134 3909 1280 3997 jam
1332 3909 1702 3979 virtutibus
1750 3909 2143 3979 sublimiter
2188 3920 2474 3980 ornatus
2509 3963 2524 3989 ,
2578 3910 2784 3979 etiam
2847 3904 3182 3980 sacerdotio

681 3998 988 4068 initiatus
1027 4010 1129 4068 est
1167 4019 1207 4067 a
1249 3997 1530 4068 Fulradi
1579 4019 1998 4080 successore,
2054 3997 2428 4068 Adelelino.

1071 4104 1214 4169 Tale
1257 4107 1553 4181 charisma
1601 4107 1743 4179 tuis,
1791 4106 1945 4168 bone
1990 4106 2250 4179 Christe,
2296 4104 2576 4168 fidelibus
2617 4104 2808 4180 addis,

1070 4184 1183 4257 Qui
1230 4192 1500 4248 mentem
1542 4186 1767 4258 stolidi,
1813 4187 2181 4265 prudentem
2225 4185 2479 4248 reddere
2524 4186 2700 4248 nosti.

1078 4266 1229 4329 Ecce
1270 4266 1442 4328 rudis
1485 4267 1673 4329 laicus
1714 4266 1925 4328 divino
1954 4266 2235 4345 dogmate
2279 4266 2510 4339 doctuS,

1074 4346 1271 4409 Sacris
1313 4345 1642 4410 Ordinibus
1687 4349 1991 4425 reperitur
2036 4346 2476 4425 magnificatus.

730 4466 754 4492 ¹⁸
782 4464 1012 4514 Antiquos
1028 4461 1361 4516 Letharingtae
1380 4464 1606 4511 Ducatmi,
1624 4462 1708 4514 qui
1729 4461 1896 4506 deinde
1918 4464 2090 4503 Lon-ena
2111 4464 2432 4513 nuncupatum
2451 4462 2558 4503 fuit.
