3347 4999
690 341 816 405 464
1284 358 1362 404 na
1410 358 1464 404 s,
1520 355 1716 403 GALLO
1765 356 1909 403 aaa.
1965 357 2039 403 Er
2087 353 2269 404 comt.
2810 338 2982 406 OCT.
3042 342 3127 406 16

577 442 824 513 oblatis
872 441 1163 532 eulogiis
1220 441 1275 523 *‚
1330 441 1649 511 salutavit
1718 454 2007 529 patrem,
2079 452 2143 509 et
2207 440 2617 510 salutatione
2676 454 2959 530 paterna
3021 457 3127 514 est

579 531 977 601 honoratus.
1030 531 1150 600 Cui
1200 530 1643 621 interroganti
1711 531 1949 599 Virum
2017 541 2330 600 sanctum
2383 528 2469 598 de
2520 532 2965 620 prosperitate
3012 532 3127 601 iti-

579 621 763 690 neris
793 620 965 707 ejuS,
1006 618 1119 689 ille
1154 619 1537 710 respondit:
1599 644 1625 684 ι
1683 620 1923 688 Divina
1960 639 2084 688 nos
2120 619 2598 708 praeveniente
2648 621 3129 691 misericordia

576 721 640 778 et
687 709 1169 796 subsequente,
1223 721 1471 778 cuncta
1522 729 1846 799 prospere
1898 719 2376 797 provenerunt.
2433 712 2598 777 Nam
2650 730 2808 778 curn
2846 732 3131 779 summa

627 798 1034 867 ratulatione
1082 798 1386 888 suscepit
1437 820 1560 867 nos
1611 798 1851 866 Prince
1906 818 1961 876 S,
2014 808 2079 864 et
2126 796 2381 886 eripuit
2422 800 2597 867 Deus
2639 796 2851 867 filiam
2901 798 3055 887 ejus
3087 820 3133 868 a

577 819 988 970 {aemonim
1041 898 1107 956 et
1154 887 1302 977 ipse
1348 885 1537 956 dedit
1588 886 1787 955 nobis
1883 906 2015 954 ona
2066 905 2198 954 non
2254 884 2547 967 modica,
2584 899 2647 955 et
2681 887 2967 976 insuper
3006 888 3134 957 ob-

582 976 738 1045 tulit
769 976 940 1045 mihi
997 976 1450 1067 Episcopatus
1498 975 1854 1044 honorem.
1888 978 2025 1064 Ego
2060 994 2215 1042 vero
2251 994 2386 1043 non
2421 976 2738 1045 consensi
2772 975 3135 1065 suscipere

578 1076 735 1134 ante
786 1076 1223 1156 praeceptum
1265 1063 1538 1134 Abbatis
1575 1063 1731 1132 mei.
1771 1067 1966 1152 Ergo,
2006 1060 2131 1142 fili,
2170 1062 2530 1148 acquiesce
2563 1063 2874 1133 consiliis
2910 1065 3130 1145 meis;

574 1166 717 1223 esto
769 1175 1061 1236 mecum,
1105 1165 1169 1223 et
1211 1153 1356 1243 lege
1403 1152 1678 1221 divinae
1727 1151 1940 1220 libros
1987 1151 2334 1231 scientiae,
2373 1162 2437 1221 et
2479 1151 2738 1222 docebo
2775 1165 2838 1222 te
2870 1175 3129 1243 coope-

576 1255 769 1311 rante
829 1242 1048 1332 gratia
1115 1243 1250 1324 Dei,
1306 1240 1830 1332 intelligentiam
1905 1239 2443 1328 scripturarum.
2512 1266 2538 1305 »
2587 1242 2844 1311 Cecidit
2891 1254 3127 1312 autem

577 1330 912 1401 diaconus
959 1331 1043 1401 ad
1097 1331 1303 1421 pedes
1373 1331 1563 1420 ejus,
1637 1329 1892 1421 gratias
1956 1350 2192 1418 agenS,
2245 1327 2539 1416 fecitque
2603 1331 2826 1399 redire
2876 1332 2941 1400 in
2996 1353 3131 1401 sua

578 1441 825 1510 pueros
873 1422 990 1507 qui
1040 1443 1273 1490 secum
1324 1431 1694 1488 venerant:
1748 1418 1895 1508 ipse
1930 1438 2086 1486 vero
2128 1418 2456 1487 remansit
2498 1418 2680 1509 apud
2732 1420 2973 1489 Virum
3013 1442 3125 1488 ve-

581 1509 998 1591 nerabilem;
1047 1521 1113 1580 et
1161 1509 1275 1579 ille
1322 1508 1544 1610 coepit
1589 1529 1749 1576 eum
1801 1504 2235 1575 introducere
2284 1507 2351 1574 in
2406 1506 2680 1576 cellaria
2737 1509 3133 1608 Scriptura-

585 1619 765 1675 rum,
805 1599 1172 1668 ostendens
1211 1599 1270 1667 ei
1305 1620 1458 1667 novt
1499 1607 1564 1665 et
1598 1595 1839 1665 veteris
1873 1595 2139 1664 occulta
2182 1594 2511 1664 thesauri.
2549 1600 2863 1686 Superna
2896 1610 3135 1684 itaque

584 1686 970 1757 illustratus
1018 1686 1383 1757 clementia
1430 1685 1600 1756 tanti
1652 1683 2030 1772 magisterii
2083 1682 2365 1773 profecit
2410 1684 2763 1766 instantia,
2822 1686 2998 1755 adeo
3057 1699 3135 1755 ut

587 1776 653 1843 in
707 1777 896 1844 omni
948 1778 1339 1865 Scripturae
1386 1775 1660 1843 divinae
1712 1772 2075 1842 latitudine
2124 1771 2445 1842 nobiliter
2476 1774 2813 1856 eruditus,
2869 1775 3130 1845 laboris

587 1866 853 1955 paterni
905 1865 1172 1935 fructus
1221 1863 1613 1934 ostenderit.

674 1954 709 2039 ξ
761 1957 928 2025 20.
988 1954 1381 2043 Sigebertus
1431 1952 1642 2042 igitur
1690 1955 1827 2019 Rex
1874 1971 2031 2019 cum
2101 1948 2406 2018 audisset
2472 1949 2738 2039 puellae
2786 1950 3127 2021 redditam

587 2041 974 2121 sanitatem,
1031 2041 1380 2111 mandavit
1430 2041 1603 2131 patri
1654 2039 1829 2129 ejuS‚
1883 2050 1959 2108 ut
2005 2059 2155 2107 eam
2209 2037 2355 2106 suis
2403 2039 2888 2128 conspectibus
2937 2040 3135 2109 exhi-

586 2131 794 2199 beret.
850 2132 979 2212 Qui
1029 2152 1312 2201 sumens
1360 2129 1541 2199 dona
1590 2128 1919 2218 ingentia,
1954 2137 2019 2196 et
2070 2147 2440 2216 puerorum
2480 2127 2997 2197 multitudinem
3050 2151 3131 2198 ac

590 2217 1009 2307 puellarum,
1066 2241 1222 2288 curn
1280 2240 1528 2309 magno
1600 2238 1884 2285 suorum
1951 2215 2280 2284 comitatu
2329 2214 2524 2285 duxit
2569 2238 2717 2285 eam
2770 2239 2991 2304 usque
3041 2218 3127 2287 ad

590 2307 943 2376 Rhenum:
1000 2306 1298 2395 indeque
1347 2329 1468 2399 per
1515 2306 1799 2375 comites
1830 2303 1911 2373 ad
1951 2308 2200 2393 Regem
2239 2304 2643 2373 transmisit.
2697 2311 2746 2375 A
2784 2327 2921 2393 quo
2962 2307 3133 2375 dum

591 2407 940 2485 gratanter
988 2408 1304 2486 suscepta
1370 2395 1631 2475 fuisset,
1690 2395 2104 2482 interrogata
2143 2392 2490 2479 quomodo
2531 2415 2696 2463 suae
2748 2395 3130 2464 remedium

591 2497 958 2555 consecuta
1006 2498 1183 2555 esset
1232 2484 1681 2565 infirmitatiS,
1726 2505 1884 2553 cum
1954 2504 2073 2571 per
2180 2481 2491 2552 ontifices
2552 2482 2635 2552 ad
2705 2483 2833 2553 hoc
2884 2483 3135 2554 missos

592 2573 866 2642 sanitati
932 2596 1067 2643 non
1121 2587 1347 2664 posset
1395 2574 1686 2652 restitui,
1744 2573 1924 2641 hanc
1988 2570 2102 2640 red
2165 2570 2287 2640 idit
2342 2571 2715 2641 rationem:
2760 2596 2795 2639 «
2853 2574 3136 2641 Domine

591 2663 731 2742 mi,
804 2662 1165 2750 inquiens,
1218 2676 1318 2733 est
1380 2663 1493 2730 Vir
1560 2661 1839 2749 quidam
1895 2661 1962 2727 in
2018 2659 2369 2749 provincia
2405 2716 2419 2741 ,
2485 2682 2694 2746 quam
2740 2662 2874 2730 huc
2924 2663 3136 2731 ducta

587 2751 836 2838 reliqui
891 2751 1256 2842 cujusdam
1311 2750 1535 2820 incola
1585 2748 1982 2819 solitudinis
2033 2748 2116 2816 de
2166 2759 2363 2838 gente
2415 2752 2796 2829 Scotorum,
2853 2752 3136 2819 nomine

593 2839 852 2921 Gallus,
909 2854 1132 2910 tantae
1196 2840 1380 2929 apud
1447 2843 1656 2908 Deum
1721 2838 1990 2906 virtutis
2039 2848 2102 2904 et
2155 2837 2377 2905 meriti
2450 2850 2525 2906 ut
2581 2838 2912 2908 adversus
2972 2839 3134 2907 dae-

594 2950 834 2998 mones
883 2929 1221 3020 singulari
1272 2928 1573 3017 quadam
1617 2940 1851 2996 utatur
1899 2925 2221 3014 potentia.
2278 2931 2441 2996 Nam
2493 2948 2651 2996 curn
2703 2949 2830 3017 ego
2878 2927 3139 2997 ancilla

590 3030 707 3086 tua
758 3020 944 3106 gravi
998 3019 1332 3088 vexatoris
1403 3016 1731 3085 instantia
1802 3014 2265 3104 periculosum
2328 3014 2503 3083 vitae
2551 3017 2857 3084 nutantis
2923 3017 3136 3085 finem

591 3128 764 3195 pene
812 3107 1068 3183 subire,
1109 3120 1388 3198 rogante
1423 3119 1614 3194 patre
1654 3126 1828 3184 meo,
1871 3103 2048 3171 idem
2088 3103 2202 3171 Vir
2240 3103 2347 3172 Dei
2386 3106 2804 3193 supervenit,
2842 3116 2907 3174 et
2937 3105 3141 3194 signo

589 3195 814 3262 vexilli
876 3196 1199 3265 salutaris
1251 3217 1356 3263 me
1408 3194 1773 3274 muniens,
1836 3192 2208 3280 imperiosa
2280 3212 2439 3261 voce
2499 3193 2712 3293 jussit
2784 3195 2967 3262 exire
3034 3208 3142 3282 ty-

595 3304 918 3351 rannum.
973 3290 1050 3352 Et
1097 3283 1487 3353 videntibus
1536 3283 1829 3361 cunctis,
1887 3281 2006 3367 qui
2056 3279 2362 3361 aderant,
2415 3282 2619 3350 extvit
2677 3282 2762 3351 de
2815 3304 2964 3351 meo
3021 3304 3141 3351 ore

589 3371 787 3458 quasi
836 3393 1082 3441 corvus
1129 3371 1354 3441 colore
1405 3373 1663 3462 piceuS,
1721 3371 1999 3438 horrore
2049 3381 2410 3438 tartareus.
2467 3373 2775 3457 Cumque
2808 3370 3143 3440 sacrificii

596 3459 910 3529 coelestis
961 3481 1067 3528 me
1116 3460 1370 3550 pabulo
1437 3459 1928 3538 confirmaret,
1986 3457 2314 3547 pristinae
2366 3459 2671 3528 restituta
2725 3482 2881 3529 sum
2944 3460 3143 3528 sani—

596 3548 740 3617 tati.
781 3571 815 3612 »
853 3549 972 3616 His
1007 3549 1096 3618 ita
1135 3549 1389 3629 relatis,
1431 3547 1662 3638 puella
1707 3546 2071 3638 procidens
2101 3546 2182 3614 ad
2221 3546 2427 3636 pedes
2462 3548 2707 3705 Regis:
2745 3571 2780 3615 «
2812 3547 3136 3630 Obsecro,

597 3637 714 3716 ait,
770 3635 1069 3716 domine,
1110 3650 1184 3706 ut
1231 3638 1467 3705 Virum
1521 3638 1751 3726 ipsum
1805 3649 1961 3705 tuae
2010 3637 2269 3724 gratiae
2317 3634 2542 3705 foveas
2604 3637 2876 3712 enitate.
2914 3649 2978 3706 et
3016 3660 3144 3727 pro

596 3747 703 3794 me
738 3723 985 3814 dignas
1019 3726 1120 3795 illi
1156 3727 1536 3816 gratiarum
1574 3725 1878 3801 actiones
1914 3724 2286 3811 rependere
2320 3745 2451 3795 non
2489 3726 2816 3815 graveris.
2850 3748 2886 3792 »
2916 3731 3144 3795 Inter-

596 3816 854 3904 rogavit
904 3827 1130 3884 autem
1180 3837 1357 3892 eam,
1405 3814 1470 3881 in
1509 3834 1646 3899 qua
1687 3834 1915 3882 eremo
1950 3815 2062 3881 Vir
2098 3813 2498 3883 mansitaret
2528 3815 2860 3896 eximiuS,
2901 3828 2964 3884 et
3022 3813 3148 3883 illa

597 3903 1000 3992 respondit:
1056 3926 1090 3969 «
1147 3908 1221 3972 ln
1273 3901 1498 3982 saltu,
1554 3902 1673 3988 qui
1736 3902 2112 3971 Arbonensi
2179 3902 2517 3973 territorio
2565 3903 2872 3987 ad'acet,
2927 3916 2992 3972 et
3040 3917 3148 3972 est

598 3990 856 4080 publici
911 3992 1253 4083 possessio
1294 3991 1522 4079 juris:
1577 3991 1752 4061 situs
1800 4003 2027 4059 autem
2102 3990 2280 4059 inter
2338 3992 2536 4081 Alpes
2603 3997 2654 4061 R
2711 3992 3003 4061 etiarum
3073 4010 3147 4065 et

592 4079 973 4169 Brigantini
1034 4081 1416 4169 marginem
1468 4080 1682 4149 lacus.
1742 4102 1779 4146 »
1829 4085 1967 4150 Rex
2019 4079 2272 4169 igitur,
2327 4094 2402 4149 ut
2465 4081 2731 4150 audivit
2779 4081 2847 4149 in
2900 4080 3144 4171 publi-

599 4168 700 4236 cis
746 4189 903 4237 cum
973 4169 1383 4239 commorari
1449 4168 2040 4258 possessionibuS,
2088 4168 2299 4257 jussit
2366 4169 2511 4238 fieri
2560 4170 3148 4259 conscriptionem

655 4311 681 4338 ¹⁸
710 4311 999 4359 antiquitus.
1027 4313 1223 4363 Euloyin'n
1256 4310 1395 4363 panis
1428 4314 1707 4353 benedictus
1736 4313 2103 4363 significabatur,
2134 4314 2230 4360 qul.
2256 4313 2365 4361 post
2391 4311 2597 4360 Missam.
2627 4313 3035 4357 christifidelibus.
3062 4315 3153 4362 qui

602 4364 788 4404 Sacram
821 4366 1036 4412 synaxim
1064 4375 1159 4405 non
1190 4372 1503 4416 sumpserant.
1532 4365 1927 4406 distribuebatur:
1960 4367 2195 4406 interd-m
2226 4366 2380 4412 ettam,
2413 4370 2466 4408 ut
2499 4369 2547 4408 in
2579 4369 2623 4409 S.
2646 4369 2820 4416 cyrino
2839 4367 2996 4407 vldcre
3018 4367 3153 4412 ticet.

596 4416 1216 4512 {gcgpcggulgmbqrosspsa
1237 4421 1305 4460 Sa.
1328 4419 1624 4462 Eucharistia
1643 4421 1972 4470 accipiebatur.
1994 4420 2112 4468 sequ
2128 4454 2135 4458 .
2149 4420 2304 4461 atibus
2326 4431 2439 4463 vero
2459 4419 2762 4471 temporibus,
2790 4421 2915 4461 idem
2942 4421 3151 4462 sonabat

726 4482 742 4510 t
760 4482 789 4510 n
867 4482 898 4513 v
963 4483 990 4512 o
1047 4483 1070 4511 ιι
1097 4482 1154 4511 ιο.
