3347 4999
206 366 376 433 OCT.
430 366 469 429 8
1062 383 1139 428 na
1189 383 1242 428 s.
1301 381 1562 428 ramata
1613 380 1862 429 rossmr.
2532 369 2648 432 26⁴1

210 469 327 539 illo
376 481 552 537 esset
588 466 806 558 gloria
853 479 917 536 et
964 466 1223 536 honore
1273 478 1661 547 coronatuS,
1708 478 1773 534 et
1804 466 1886 535 ad
1923 466 2344 557 Apostolicae
2393 468 2749 559 dignitatis

208 558 481 627 culmen
534 568 852 637 evectuS,
908 554 1189 625 tradidit
1234 553 1432 624 illum
1488 554 1975 625 infensissimis
2026 556 2340 625 hostibus
2389 558 2581 645 ejus?
2638 559 2747 629 Sic

207 646 388 716 enim
443 659 519 715 tu
566 667 837 733 quoque
888 644 1060 714 mihi
1092 643 1335 713 fecisti.
1371 666 1406 709 »
1439 644 1540 713 Ait
1574 657 1800 713 autem
1834 643 1917 712 ad
1963 665 2111 713 eam
2151 661 2429 716 sanctus
2465 651 2751 717 Nonnus

203 736 612 826 episcopus:
659 758 693 799 «
726 734 1058 824 Imprime
1106 733 1225 802 tibi
1271 732 1545 822 signum
1600 733 1834 802 Crucis
1878 732 2149 813 Christi,
2198 745 2262 801 et
2316 755 2595 822 prorsus
2648 729 2750 805 illi

205 824 541 892 nuncium
595 822 880 893 remitte.
952 846 985 888 »
1037 822 1474 910 consignavit
1513 820 1631 890 illa
1683 843 1827 891 sese
1898 822 1966 890 in
2031 821 2276 891 Christi
2328 822 2631 905 nomine,
2687 837 2752 895 et

202 913 472 982 inflavit
521 912 587 979 in
642 912 1072 981 daemonem.
1121 916 1267 980 Mox
1315 909 1432 980 ille
1476 911 1758 980 evanuit
1798 910 2029 980 miser.

290 1004 326 1089 ξ
374 1006 472 1070 9.
527 1000 693 1070 Inde
743 1012 893 1091 post
932 999 1251 1080 biduum,
1296 1021 1512 1087 quum
1566 998 1899 1069 dormiret
1948 1021 2106 1069 cum
2162 1004 2473 1069 Romana
2510 1001 2580 1069 in
2633 1021 2752 1069 cu-

203 1090 436 1161 biculo
487 1112 636 1175 suo,
678 1100 870 1159 nocte
904 1089 964 1158 ei
1000 1088 1319 1158 diabolus
1353 1089 1698 1179 apparuit.
1743 1109 2035 1175 eamque
2066 1089 2394 1171 excitans,
2428 1113 2463 1155 «
2485 1094 2750 1172 Quaeso

205 1193 287 1258 te,
334 1180 455 1260 ait,
513 1179 793 1248 domina
846 1199 996 1247 mea
1044 1177 1431 1267 Margarita,
1486 1199 1570 1247 an
1625 1200 1758 1247 non
1801 1199 1969 1247 auro
2016 1190 2081 1247 et
2127 1191 2409 1266 argento
2444 1177 2751 1268 locuple-

205 1281 335 1337 tata
380 1291 456 1338 es
489 1271 520 1336 ⁶?
552 1274 645 1336 An
703 1288 833 1336 non
886 1289 1056 1336 auro
1115 1279 1178 1335 et
1227 1267 1521 1355 gemmis
1573 1267 1807 1355 magni
1859 1267 2057 1355 pretii
2125 1268 2360 1335 ornavi
2407 1272 2518 1335 te?
2567 1266 2746 1349 Quid

205 1380 362 1427 vero
411 1378 729 1443 unquam
780 1355 901 1425 tibi
954 1354 1300 1425 molestiae
1348 1355 1588 1424 attuli?
1637 1355 1996 1445 Responde
2032 1354 2229 1436 mihi,
2268 1368 2343 1425 ut
2373 1368 2438 1424 et
2466 1378 2592 1446 ego
2626 1356 2753 1426 tibi

205 1445 666 1516 satisfaciam:
722 1455 983 1515 tantum
1040 1467 1121 1512 ne
1185 1466 1304 1534 per
1344 1457 1404 1511 te
1438 1444 1844 1514 Christianis
1877 1443 2179 1513 ludibrio
2214 1444 2372 1513 sim.
2416 1467 2449 1510 »
2500 1450 2577 1513 At
2628 1444 2752 1513 illa

201 1557 456 1605 rursus
489 1534 920 1624 consignavit
967 1554 1062 1614 se,
1121 1544 1185 1602 et
1245 1533 1495 1603 inflans
1533 1556 1720 1602 eum.
1765 1533 1899 1602 ait:
1941 1537 2181 1603 «Deus
2223 1554 2439 1614 meuS,
2477 1533 2597 1619 qui
2643 1554 2750 1602 nie

203 1625 490 1694 extraxit
550 1646 629 1692 ex
680 1622 839 1693 imis
887 1620 1204 1692 faucibus
1254 1621 1414 1702 tuiS‚
1459 1635 1524 1692 et
1556 1621 1838 1691 admisit
1869 1621 1935 1689 in
1972 1621 2329 1691 coelestem
2364 1620 2746 1692 thalamum

206 1736 444 1793 suum,
501 1735 623 1802 pro
672 1734 780 1781 me
837 1711 1215 1801 pugnabit,
1262 1710 1522 1797 tibique
1584 1711 1872 1790 resistet,
1912 1711 2254 1780 teterrime
2320 1715 2625 1779 Satan.»
2675 1716 2753 1780 Et

205 1823 364 1871 ecce
421 1814 696 1892 repente
746 1799 860 1869 ille
910 1800 1230 1888 impurus
1281 1820 1622 1886 nusquam
1689 1800 2102 1889 comparuit.
2160 1800 2380 1868 Tertio
2427 1799 2591 1868 inde
2638 1799 2751 1868 die

208 1912 244 1957 a
298 1890 645 1979 baptismo
685 1912 810 1959 suo
860 1910 934 1957 ro
985 1889 1123 1958 avit
1169 1886 1510 1957 famulum
1565 1910 1770 1957 suum
1801 1941 1816 1967 ‚
1856 1888 1970 1957 cui
2009 1910 2248 1958 curam
2284 1888 2595 1958 omnium
2649 1888 2750 1956 fa-

206 1977 542 2048 cultatum
583 2000 868 2048 suarum
971 1977 1395 2058 emendarat,
1442 1990 1514 2045 ut
1555 1975 1971 2045 describeret
2010 1998 2252 2046 ornnes
2310 1998 2417 2045 res
2466 1977 2641 2066 ejus,
2687 1989 2753 2046 et

206 2066 542 2154 quicquid
594 2068 873 2136 haberet
921 2066 1120 2143 auri,
1177 2064 1488 2155 argenti,
1560 2078 2123 2137 ornamentorum
2174 2078 2238 2135 et
2288 2065 2748 2155 pretiosarum

207 2156 549 2235 vestium,
604 2156 690 2225 ad
759 2157 980 2244 ipsam
1035 2153 1351 2224 adferret.
1407 2153 1587 2222 Fecit
1651 2153 1813 2234 ille,
1871 2167 1946 2224 ut
1984 2155 2231 2244 jussus
2277 2167 2446 2223 erat.
2496 2157 2574 2223 At
2632 2153 2753 2224 illa

208 2265 365 2313 mox
417 2245 660 2314 accivit
707 2244 788 2313 ad
843 2265 913 2312 se
963 2266 1083 2332 per
1145 2249 1522 2313 Romanam
1576 2242 2054 2312 beatissimum
2107 2248 2420 2311 Nonnum
2485 2244 2754 2333 episco-

208 2353 408 2431 pum,
454 2353 832 2418 omnesque
879 2354 1043 2419 opes
1097 2355 1259 2401 suas
1306 2331 1456 2421 ejus
1505 2332 1816 2420 permisit
1874 2331 2242 2400 voluntati:
2283 2335 2496 2409 «Hae
2556 2344 2743 2412 sunt,

208 2419 562 2506 inquiens,
601 2421 693 2488 mi
734 2420 1034 2501 domine,
1081 2420 1435 2491 facultates
1460 2434 1525 2490 et
1557 2420 1816 2511 copiae,
1856 2420 2111 2508 quibus
2142 2442 2247 2489 me
2277 2418 2517 2489 ditavit
2546 2443 2755 2511 egen-

208 2508 526 2577 tissimus
579 2515 826 2589 Satan;
883 2508 1004 2578 has
1054 2532 1177 2600 ego
1229 2533 1406 2600 pono
1457 2510 1522 2580 in
1578 2509 1903 2580 manibus
1952 2510 2113 2590 tuis,
2176 2521 2272 2590 ut,
2328 2510 2512 2596 quod
2565 2511 2744 2580 nosti

210 2597 560 2687 expedire,
619 2598 681 2666 id
738 2596 950 2667 facias
990 2621 1068 2667 ex
1115 2598 1235 2666 iis:
1293 2599 1462 2668 mihi
1501 2599 1683 2668 enim
1731 2600 1877 2687 jam
1929 2597 2346 2689 expetendae
2392 2611 2458 2667 et
2517 2598 2750 2685 inqui-

214 2685 467 2755 rendae
536 2701 698 2756 sunt
775 2687 1152 2756 immensae
1213 2708 1376 2785 opes
1435 2700 1499 2756 et
1556 2687 1857 2758 thesauri
1917 2687 2306 2757 inexhausti
2372 2687 2643 2756 Domini
2690 2699 2754 2757 ct

210 2774 581 2844 Salvatoris
633 2776 761 2846 mei
814 2781 976 2845 Jesu
1027 2775 1298 2844 Christi.
1339 2799 1373 2840 »
2702 2807 2715 2826 ·

299 2866 335 2951 ξ
384 2869 540 2937 10.
621 2863 985 2934 Confestim
1044 2864 1424 2953 Episcopus
1470 2865 1827 2934 accersivit
1884 2864 1967 2938 ad
2029 2887 2100 2933 se
2150 2865 2485 2934 seniorem
2537 2863 2751 2933 eccle-

214 2952 358 3023 siae
406 2953 798 3034 custodem,
842 2955 1064 3040 ‘eaque
1116 2967 1508 3044 praesente,
1562 2975 1801 3023 omnes
1849 2953 2207 3023 facultates
2255 2954 2409 3041 eJus
2467 2952 2570 3022 illi
2617 2964 2755 3022 tra-

217 3040 433 3111 didit:
475 3065 510 3109 «
545 3042 797 3132 Adjtlro
849 3054 932 3123 te,
981 3042 1305 3129 inquiens
1335 3096 1355 3122 ,
1415 3063 1534 3131 per
1581 3041 2117 3133 inseparabilem
2186 3043 2610 3122 Trinitatem,
2672 3063 2756 3110 ne

215 3151 294 3199 ex
329 3130 439 3199 his
487 3132 695 3201 rebus
745 3130 1077 3201 inferatur
1125 3130 1226 3200 vel
1281 3132 1347 3200 in
1390 3131 1709 3221 Episcopi
1745 3131 2058 3212 domum,
2106 3129 2208 3200 vel
2244 3132 2311 3199 in
2351 3130 2748 3200 ecclesiam:

210 3218 326 3287 sed
381 3220 452 3288 in
503 3218 770 3301 viduae„
827 3232 892 3290 et
939 3219 1287 3310 orphanos
1322 3274 1337 3300 ‚
1391 3233 1455 3289 et
1506 3242 1848 3310 pauperes
1919 3232 2289 3311 erogentur
2349 3219 2624 3289 omnia:
2679 3229 2758 3288 ut

211 3328 389 3394 quae
433 3305 609 3376 male
648 3320 712 3376 et
764 3330 884 3397 per
931 3308 1397 3397 scelusparta
1449 3321 1632 3389 sunt,
1687 3310 1861 3377 bene
1907 3321 1971 3378 et
2005 3308 2321 3398 religiose
2353 3307 2751 3399 expendan-

213 3407 347 3477 tur,
404 3408 467 3465 et
517 3416 679 3483 opes
730 3396 1131 3484 peccatricis
1165 3408 1652 3466 convertantur
1703 3397 1770 3464 in
1797 3397 2109 3486 justitiae
2140 3398 2521 3467 thesauros.
2559 3396 2751 3480 Quod

214 3485 272 3553 si
326 3499 400 3555 tu
450 3496 839 3575 contempto
873 3484 998 3553 hoc
1023 3483 1437 3571 juramentO,
1481 3485 1621 3568 sive
1704 3507 1778 3553 er
1812 3499 1898 3567 te,
1938 3485 2079 3556 sive
2112 3508 2232 3575 per
2263 3487 2478 3555 alium
2511 3508 2757 3572 quem-

212 3574 315 3642 vis
344 3574 721 3661 quicquam
763 3594 844 3642 ex
878 3573 985 3643 his
1017 3573 1462 3648 subtraxeris,
1500 3584 1661 3643 anat
1716 3595 1867 3642 ema
1898 3588 2188 3665 occupet
2218 3574 2498 3644 domum
2536 3587 2748 3654 tuam,

212 3674 275 3729 et
320 3684 489 3733 cum.
534 3662 619 3729 iis
666 3682 745 3730 ea
795 3661 1041 3731 habeat
1091 3675 1375 3751 partem,
1411 3661 1552 3749 .qui
1600 3661 1943 3742 dixerunt,
2015 3665 2478 3753 crucifiyatur,
2537 3664 2756 3732 cruci·

211 3751 491 3841 fiqatur.
540 3747 812 3840 Pelagia
860 3772 1016 3820 vero
1065 3750 1309 3820 accivit
1356 3749 1437 3819 ad
1484 3773 1553 3820 se
1587 3772 1827 3819 omnes
1862 3772 2113 3841 pueros
2159 3764 2223 3820 et
2262 3750 2528 3841 puellas
2565 3772 2750 3831 suas,

213 3860 465 3928 eosque
515 3838 826 3908 libertate
867 3839 1167 3921 donavit,
1220 3852 1287 3909 et
1336 3851 1608 3926 torques
1658 3862 1903 3910 aureas
1952 3839 2034 3909 de
2084 3861 2299 3909 manu
2334 3862 2456 3909 sua
2491 3840 2592 3908 eis
2622 3851 2758 3909 tra-

216 3926 427 3998 dens:
469 3951 504 3995 «
541 3931 789 4017 Ocyu5‚
838 3928 1086 4014 inquit,
1140 3928 1420 3999 asserite
1468 3940 1530 3997 et
1580 3927 1860 3998 liberate
1908 3950 2027 3998 vos
2075 3929 2161 3997 ab
2195 3928 2323 3997 hoc
2368 3927 2599 3997 seculo
2642 3949 2761 3996 ne-

215 4036 421 4100 quam
457 4071 472 4097 ‚
522 4016 817 4106 peccatis
883 4030 948 4086 et
995 4016 1278 4106 flagitiis
1339 4029 1680 4107 coopert0,
1738 4029 1813 4087 ut
1858 4016 2446 4104 quemadmodum
2500 4015 2568 4085 in
2622 4016 2757 4086 hac

214 4103 349 4203 vita
399 4106 586 4207 inter·
616 4127 739 4178 nos
783 4106 1141 4206 conjuncti
1194 4105 1481 4187 fuimuS,
1530 4106 1617 4175 ita
1656 4105 1806 4175 sine
1855 4106 1990 4175 fine
2040 4105 2107 4173 in
2161 4103 2281 4173 illa
2328 4105 2465 4173 vita
2506 4105 2757 4175 beatis-

216 4213 389 4263 sima
445 4207 697 4283 parlter
737 4216 1072 4264 vivamus.
1115 4218 1150 4262 »

303 4283 337 4366 ἓ
383 4289 515 4354 11.
569 4287 815 4354 Octavo
862 4295 1088 4353 autem
1139 4282 1273 4363 die,
1334 4280 1613 4369 quando
1652 4281 1878 4351 albam
1925 4296 2174 4352 vestem
2241 4280 2586 4371 deponere
2632 4280 2754 4349 de·-

217 4366 392 4465 buit‚
451 4383 667 4452 nocte,
710 4373 910 4443 nobis
1007 4394 1241 4441 rorsus
1283 4370 1547 4451 insciis,
1587 4370 1707 4441 illa
1747 4373 2078 4456 surrexit;
2113 4369 2601 4462 deponensque
2635 4369 2757 4439 ba-

221 4458 561 4542 ptismatis
594 4474 868 4544 vestem,
896 4461 958 4531 ci
994 4461 1245 4530 icinam
1280 4459 1548 4541 induit;
1588 4481 1709 4530 nec
1755 4474 1986 4551 postea
2019 4481 2324 4547 unquam
2359 4458 2759 4529 Antiochiae
