3347 4999
649 343 672 404 st
703 343 774 406 18
1422 357 1499 402 ΒΕ
1549 356 1603 401 s.
1660 354 2001 402 anancisco
2050 354 2234 402 conr.
2835 325 3011 402 OCT.
3077 337 3124 400 4

559 443 983 512 Dominicam
1016 447 1344 519 Crucem,
1380 462 1607 510 vocem
1661 439 1746 507 de
1794 439 1944 529 ipsa
1973 444 2183 509 Cruce
2213 439 2552 529 dilapsam
2607 439 2691 507 ad
2728 460 2911 518 eum,
2956 461 3126 508 cor-

560 533 785 622 poreis
831 530 1093 600 audivit
1141 529 1430 599 auribus
1461 543 1561 598 ter
1592 528 1976 598 dicentem:
2020 554 2044 590 α
2087 530 2463 609 Francisce,
2503 528 2694 606 vade,
2747 543 2811 598 et
2859 530 3126 618 repara

559 621 840 689 domum
886 640 1159 699 meam,
1214 640 1413 706 quae,
1468 631 1544 686 ut
1592 618 1858 697 cernis,
1916 629 2048 685 tota
2102 617 2574 686 destruitur.»
2642 617 3125 687 Tremefactus

561 708 990 788 Franciscu3‚
1030 730 1190 777 cum
1240 721 1417 777 esset
1463 707 1534 776 in
1570 706 1860 775 ecclesia
1910 705 2120 783 solus,
2158 719 2387 808 stupet
2425 707 2506 775 ad
2559 720 2692 775 tam
2750 706 3126 776 mirandae

558 798 746 868 vocis
794 797 1151 866 auditum:
1190 796 1530 883 cordeque
1565 795 1954 885 percipiens
1984 794 2197 863 divini
2236 808 2550 867 virtutem
2595 796 2870 883 eloquii,
2918 817 3129 864 men-

560 888 647 955 tis
680 885 1021 955 alienatur
1058 907 1364 957 excessu.
1422 889 1495 953 In
1536 906 1607 954 se
1656 883 1932 952 tandem
1988 905 2319 966 reversuS,
2377 883 2462 954 ad
2515 884 2976 955 obediendum
3043 906 3128 953 se

559 988 779 1065 parat,
817 988 883 1044 et
916 987 1130 1045 totum
1183 996 1256 1044 se
1303 972 1640 1062 recelligit
1687 972 1768 1043 ad
1825 972 2325 1062 perficiendum
2378 974 2780 1043 mandatum
2843 973 2927 1042 de
2964 995 3129 1042 ma-

560 1063 782 1133 teriali
831 1063 1123 1133 ecclesia
1154 1061 1535 1220 reparanda
1579 1061 1736 1132 licet
1778 1061 2227 1152 principalior
2256 1063 2543 1132 intentio
2593 1062 2777 1132 verbi
2827 1062 2910 1130 ad
2957 1084 3126 1130 eam

558 1155 875 1234 ferretur,
929 1174 1137 1240 quam
1182 1157 1224 1220 C
1282 1151 1492 1220 ristus
1525 1173 1652 1221 suo
1685 1150 2024 1241 sanguine
2053 1151 2438 1238 acquisivit,
2479 1153 2658 1222 sicut
2689 1174 2846 1221 eum
2893 1152 3127 1240 Spiri-

559 1257 670 1311 tus
723 1247 1015 1311 Sanctus
1048 1241 1346 1321 edocuit,
1384 1254 1450 1309 et
1500 1240 1648 1328 ipse
1685 1239 2120 1330 postmodum
2172 1239 2502 1311 fratribus
2568 1240 2906 1309 revelavit.
2949 1244 3129 1308 Sur·

558 1330 730 1399 rexit
764 1329 1299 1420 proinde‚⁵signo
1332 1329 1568 1398 Crucis
1599 1350 1672 1397 se
1708 1329 2051 1408 munienS,
2080 1342 2142 1398 et
2171 1330 2550 1420 assumptis
2585 1330 2832 1419 pannis
2852 1328 3126 1397 venali-

559 1421 738 1497 bus,
794 1419 880 1487 ad
931 1418 1326 1488 civitatem.
1385 1439 1561 1504 quae
1617 1417 2025 1507 Fulgineum
2071 1418 2100 1452 ⁸¹
2138 1418 2430 1497 dicitur,
2499 1419 2823 1488 accessit:
2879 1418 3132 1502 ibique

560 1508 881 1588 venditis,
934 1528 1110 1593 quae
1164 1519 1567 1597 portaverat,
1621 1527 1875 1592 equum
1910 1507 2021 1575 cui
2076 1519 2238 1576 tunc
2287 1507 2655 1589 insederat,
2724 1506 2883 1576 felix
2931 1527 3130 1575 mer-

560 1609 771 1678 cator,
838 1609 1195 1687 assumpto
1245 1596 1496 1686 preti0‚
1550 1594 1940 1681 dereliquit.
2006 1595 2436 1684 Rediensque
2483 1596 2842 1676 Assisium,
2896 1594 3130 1664 eccle-

561 1687 761 1765 siam,
818 1685 902 1754 de
949 1686 1150 1773 cujus
1235 1684 1662 1843 reparatione
1702 1683 2105 1754 mandatum
2154 1697 2531 1777 acceperat,
2584 1697 2971 1755 reverenter
3010 1684 3130 1753 in-

562 1774 782 1855 travit,
837 1786 902 1844 et
950 1774 1224 1844 invento
1290 1774 1431 1843 ilic
1481 1772 1829 1842 sacerdote
1880 1776 2336 1862 paupercu10‚
2390 1776 2451 1844 ei
2501 1774 2945 1844 reverentiam
3003 1772 3134 1841 de-

565 1876 833 1932 centem
874 1863 1209 1943 exhibuit,
1247 1878 1313 1933 et
1359 1862 1444 1932 ad
1479 1861 1980 1952 reparationem
2007 1863 2332 1934 ecclesiae
2366 1877 2431 1932 et
2457 1885 2842 1953 pauperum
2872 1884 3126 1938 usum.

611 1953 932 2022 ecuniam
985 1951 1256 2032 obtulit,
1310 1965 1375 2021 et
1409 1964 1483 2021 ut
1531 1972 1765 2021 secum
1824 1972 1896 2018 se
1944 1952 2197 2020 morari
2263 1964 2605 2042 pateretur
2652 1952 2737 2021 ad
2787 1965 2920 2020 tem
2984 1973 3072 2020 us
3111 2007 3126 2029 ,

560 1976 920 2110 bumiliter
956 2041 1333 2127 requisivit.
1387 2040 1736 2127 Acquievit
1783 2040 2103 2114 sacerdos
2150 2041 2234 2108 de
2288 2062 2478 2111 mora
2527 2042 2786 2130 ipsiuS,
2841 2061 2914 2108 se
3035 2040 3134 2107 ti-

566 2151 751 2199 more
826 2143 1188 2219 parentum
1273 2129 1632 2218 pecuniam
1691 2130 2050 2198 recusavit.
2111 2136 2326 2211 Quam
2394 2153 2595 2200 verus
2659 2129 3133 2220 pecuniarum

559 2231 988 2308 contemptor
1049 2218 1117 2286 in
1182 2218 1558 2305 quamdam
1627 2216 1994 2286 fenestram
2068 2219 2471 2309 projiciens,
2528 2219 2859 2309 abJectam
2927 2217 3134 2286 velut

560 2307 910 2397 pulverem
965 2305 1350 2397 vilipendit.

650 2399 685 2482 ξ
734 2398 813 2466 S.
871 2400 1123 2464 Moram
1177 2408 1403 2466 autem
1455 2393 1744 2464 faciente
1818 2402 2022 2466 Servo
2063 2397 2176 2465 Dei
2225 2418 2383 2465 cum
2438 2396 2785 2466 sacerdote
2836 2394 3126 2484 praedi-

559 2498 690 2566 cto,
729 2507 887 2555 cum
941 2485 1069 2554 hoc
1119 2485 1563 2555 intellexisset
1625 2498 1814 2574 pater
1876 2486 2120 2575 ipsiuS,
2183 2486 2622 2576 perturbatus
2671 2485 2941 2565 animo,
3000 2507 3135 2554 cu—

559 2576 777 2643 currit
826 2574 911 2642 ad
961 2574 1219 2644 locum.
1257 2580 1334 2644 At
1395 2575 1565 2664 ipse,
1619 2575 1782 2661 quia
1841 2596 2057 2645 novus
2116 2575 2358 2645 Christi
2426 2591 2570 2645 erat
2616 2574 2895 2652 athleta,
2950 2595 3128 2642 cum

560 2664 830 2732 audiret
865 2665 1423 2751 persequentium
1476 2664 1722 2742 minaS,
1778 2677 1842 2733 et
1888 2687 2124 2734 eorum
2191 2667 2635 2754 praesentiret
2681 2663 3060 2732 adventum
3097 2717 3120 2742 ‚

559 2752 723 2821 dare
773 2753 1001 2823 locum
1053 2753 1193 2822 irae
1243 2752 1498 2832 volens,
1552 2753 1622 2821 in
1672 2752 1972 2837 quadam
2022 2755 2290 2823 occulta
2337 2753 2524 2823 fovea
2578 2775 2651 2823 se
2712 2750 3126 2831 abscondit:

558 2842 631 2909 in
677 2864 814 2929 qua
862 2840 1110 2911 diebus
1147 2840 1500 2928 aliquibus
1536 2840 1890 2921 latitandO,
1929 2842 2211 2932 rogabat
2247 2843 2611 2912 Dominum
2649 2843 3125 2920 incessanter,

560 2930 1027 3019 lacrymarum
1081 2930 1299 3000 imbre
1340 2928 1688 3019 perfusus,
1723 2943 1799 3000 ut
1837 2930 2156 3000 liberaret
2194 2931 2278 3000 de
2314 2931 2640 3001 manibus
2690 2950 3128 3021 persequen-

563 3020 732 3086 tium
785 3020 1088 3088 animam
1123 3042 1348 3099 suam,
1404 3031 1469 3087 et
1521 3019 1653 3108 pia,
1708 3040 1885 3105 quae
1933 3022 2411 3109 inspiraverat,
2466 3033 2615 3089 vota
2666 3019 2968 3109 benigno
3023 3017 3130 3086 fa·

559 3129 717 3175 vore
750 3108 1145 3197 compleret.
1202 3108 1422 3211 Igitur
1468 3109 1813 3179 excessiva
1860 3108 2156 3196 quadam
2194 3110 2581 3199 completus
2631 3108 2913 3188 laetitia,
2960 3128 3129 3176 coe-

558 3196 664 3351 pit
711 3195 795 3264 de
844 3196 1439 3285 pusillanimitatis
1491 3197 1764 3287 ignavia
1825 3199 2272 3287 semetipsum
2334 3219 2667 3289 arguere:
2739 3196 3130 3282 relictaque

585 3288 795 3365 ovea,
849 3297 914 3354 et
961 3284 1224 3372 abJ'ecto
1284 3307 1551 3374 pavore,
1591 3286 1934 3356 civitatem
1985 3287 2221 3356 Assisii
2272 3310 2510 3357 versus
2561 3288 2688 3357 iter
2735 3307 3124 3377 aggressus

518 3387 685 3443 est.
724 3377 939 3455 Quem
980 3395 1139 3442 cum
1190 3373 1372 3443 cives
1419 3388 1778 3445 cernerent
1826 3374 1999 3445 facie
2033 3375 2455 3463 squalidum,
2502 3388 2567 3446 et
2618 3389 2839 3445 mente
2888 3386 3124 3443 muta·

563 3476 734 3540 tum,
793 3483 872 3529 ac
914 3483 1034 3550 per
1064 3462 1191 3532 hoc
1240 3462 1614 3532 alienatum
1666 3478 1988 3551 putarent
2052 3487 2087 3532 a
2140 3486 2370 3545 sensu,
2427 3466 2568 3534 luto
2619 3463 3005 3554 platearum
3060 3476 3130 3531 et

563 3549 914 3639 lapidibus
950 3551 1389 3639 impetebant,
1443 3556 1918 3640 ettamquam
1995 3554 2240 3623 insano
2286 3567 2350 3622 et
2424 3554 2727 3623 dementi
2790 3552 3129 3621 clamosis

561 3639 846 3709 vocibus
895 3640 1348 3710 insultabant.
1405 3642 1735 3710 Famulus
1785 3656 2013 3710 autem
2070 3643 2339 3711 Domini
2396 3642 2590 3712 nulla
2668 3640 2929 3710 fractus
3000 3655 3128 3709 aut

562 3740 871 3798 mutatus
918 3729 1201 3819 injuria,
1256 3743 1330 3798 ut
1399 3727 1656 3798 surdus
1724 3730 1791 3797 in
1857 3730 2189 3800 omnibus
2274 3731 2755 3821 pertransibat.
2812 3732 3129 3815 Cumque

561 3816 932 3886 clamorem
1002 3817 1401 3906 hujusmodi
1454 3831 1643 3906 pater
1692 3818 2045 3899 audisset,
2113 3819 2341 3889 statim
2419 3840 2792 3890 accurrens
2844 3839 2980 3885 non
3036 3817 3128 3887 ad

562 3904 998 3975 liberandum
1058 3927 1244 3987 eum,
1326 3905 1443 3975 sed
1497 3907 1727 3997 potius
1784 3907 1870 3976 ad
1923 3908 2378 3998 perdendum,
2432 3910 2625 3978 omni
2676 3906 3131 3976 miseratione

563 3994 934 4076 subtracta,
990 4007 1435 4085 pertractum,
1490 3996 1679 4064 domi
1782 3998 1956 4065 rimo
2007 3997 2255 4078 verbis,
2310 3997 2560 4068 deinde
2608 3995 3017 4067 verberibus
3063 4008 3132 4065 et

562 4083 861 4154 vinculis
892 4085 1105 4175 angit.
1165 4089 1319 4175 Ipse
1374 4096 1602 4154 autem
1666 4107 1706 4154 a
1803 4085 2282 4173 exequendum
2340 4088 2665 4166 Domino,
2726 4084 2913 4172 quod
2968 4106 3130 4155 coe-

462 4176 469 4191 ²
544 4184 779 4260 perat,
837 4174 1217 4264 promptior
1263 4186 1328 4243 et
1363 4173 1656 4243 validior
1687 4174 2136 4255 reddebatur,
2184 4176 2492 4247 recolens
2543 4173 2717 4245 illud
2765 4174 3135 4276 Evangeli-

563 4281 721 4329 cum
761 4261 1042 4331 verbum
1080 4286 1093 4329 :
1141 4265 1336 4332 Beati
1357 4265 1480 4353 qui
1501 4266 2026 4353 persecutionem
2052 4267 2412 4354 patiuntur
2439 4275 2716 4357 propter
2737 4256 3126 4354 justiliam.

562 4352 884 4440 quoniam
934 4352 1228 4442 ipsorum
1259 4363 1354 4421 est
1399 4374 1683 4442 requam
1733 4356 2091 4423 coelorum.

620 4476 645 4503 ¹*
675 4477 777 4517 Ital.
806 4479 1001 4527 Fole'gmo.
