3347 4999
205 351 379 417 OCT.
433 353 475 417 2
856 369 936 415 nr,
982 369 1038 416 s.
1094 368 1486 415 LEODEGARIO
1537 370 1735 415 muse.
1791 372 1865 416 Εἰ·
1915 371 2105 418 MART.
2580 355 2662 419 67

204 452 511 525 antistite
544 473 868 543 magnam
905 474 1145 544 pacem
1171 452 1555 523 Pictavensi
1585 453 1754 535 solo,
1781 455 2143 545 regiminis
2176 456 2287 524 sui
2321 455 2751 546 providentia

204 541 623 615 conciliavit.
700 596 707 605 .

291 634 443 719 §a
481 636 648 700 Cum
689 642 917 699 autem
956 639 1146 719 pater
1196 631 1616 710 monasterii,
1658 631 1729 699 in
1769 634 1830 699 S.
1867 631 2181 701 Maxentii
2219 632 2545 704 honorem
2584 655 2751 704 con-

198 721 353 801 diti,
404 719 712 800 obiisset,
755 718 962 809 jussu
1010 717 1320 876 efusdem
1358 719 1729 809 pontificiS‚
1769 719 1944 788 illud
1995 721 2368 811 regendum
2414 724 2746 812 suscepit.

198 809 398 893 Quod
430 831 545 878 sex
571 807 709 877 fere
748 807 951 876 annis
985 807 1030 875 il
1064 830 1102 876 e
1130 808 1554 897 gubernans,
1584 821 1649 877 et
1685 809 2052 879 structuris
2084 822 2150 879 et
2186 812 2455 900 magnis
2489 813 2741 901 opibus

200 898 467 968 ditavit.
502 902 767 966 Interea
789 918 945 966 vero
973 909 1038 964 et
1068 896 1404 986 Episcopo
1427 918 1553 965 suo
1581 897 1854 987 egregie
1877 898 2225 979 probatuS,
2248 913 2311 968 et
2338 922 2497 987 prae
2524 901 2749 969 omni-

199 988 337 1058 bus
375 987 607 1056 clarus
648 986 926 1055 habitus
957 997 1080 1066 est,
1124 997 1448 1072 tantaque
1489 986 1793 1055 nominis
1827 985 1981 1074 ejus
2011 984 2389 1076 fragrantia
2413 988 2484 1059 in
2522 1002 2752 1079 partes

205 1098 448 1146 omnes
494 1074 896 1151 dimanavit,
951 1085 1025 1142 ut
1070 1074 1141 1143 in
1194 1074 1425 1163 ipsum
1475 1075 1678 1143 etiarn
1731 1075 1935 1164 Regis
1978 1076 2310 1164 palatium
2349 1078 2744 1167 penetrarit.

206 1171 335 1236 Per
373 1165 440 1234 id
475 1178 604 1234 tem
664 1187 770 1243 us,
803 1163 1031 1232 minor
1061 1162 1395 1233 Clotarius
1425 1184 1540 1232 rex
1570 1186 1730 1233 cum
1759 1163 2019 1233 Batilde
2050 1177 2287 1246 matre,
2321 1167 2515 1257 regni
2543 1172 2754 1237 Fran-

207 1276 446 1325 corum
515 1253 603 1322 ha
656 1254 822 1322 enas
886 1251 1392 1321 moderabatur.
1464 1253 1594 1335 Qui
1643 1274 1803 1321 cum
1855 1253 2005 1342 ejus
2058 1252 2494 1342 prudentiam
2547 1256 2750 1325 audi-

209 1345 391 1414 tione
438 1342 888 1432 accepissent,
942 1353 1409 1431 cuperentque
1454 1362 1611 1410 eum
1664 1341 1853 1431 apud
1920 1364 1989 1412 se
2039 1341 2107 1411 in
2164 1342 2415 1442 palatio
2465 1344 2743 1427 habere,

208 1433 553 1523 petierunt
600 1431 687 1500 ab
736 1430 1095 1519 Episcopo,
1149 1441 1226 1498 ut
1271 1430 1333 1498 ei
1382 1429 1632 1500 faceret
1663 1431 1930 1519 copiam
1965 1451 2126 1500 cum
2167 1432 2338 1519 ipsis
2378 1433 2448 1501 in
2494 1434 2748 1534 palatio

208 1520 561 1590 manendi.
601 1519 984 1609 Episcopus
1019 1518 1246 1587 statim
1274 1519 1470 1608 jussa
1504 1520 1885 1608 complenS,
1943 1520 2214 1609 magnis
2256 1522 2465 1590 rebus
2492 1535 2753 1592 instru-

207 1624 424 1690 ctum,
476 1621 541 1677 et
588 1608 965 1698 sapientiae
1014 1607 1303 1677 floribus
1352 1607 1777 1688 redimitum,
1816 1629 1976 1677 eum
2030 1609 2217 1677 misit
2263 1609 2347 1677 ad
2402 1610 2594 1679 illos:
2632 1611 2753 1697 qui

207 1721 366 1769 eum
403 1718 569 1767 sane
617 1696 994 1766 honorifice
1040 1709 1473 1786 acceperunt.
1529 1696 1648 1765 Ille
1698 1718 1854 1765 vero
1903 1697 2082 1767 intra
2136 1720 2393 1787 paucos
2434 1698 2584 1767 dies
2615 1700 2754 1768 vir-

209 1800 353 1858 tute
400 1799 464 1855 et
512 1786 900 1875 integritate
948 1807 1097 1867 sua,
1152 1785 1628 1871 sermonisque
1678 1785 1996 1855 comitate
2047 1783 2113 1853 id
2164 1800 2575 1857 consecutus
2620 1800 2745 1871 est,

205 1890 285 1947 ut
334 1881 473 1944 Rex
518 1890 584 1943 et
637 1874 897 1964 Regina
960 1887 1024 1942 et
1072 1873 1383 1964 plerique
1446 1874 1807 1964 pontifices
1845 1896 2002 1943 eum
2043 1876 2409 1965 praecipue
2458 1877 2749 1945 charum

208 1965 567 2043 haberent,
621 1985 1099 2048 consensuque
1147 1963 1461 2032 omnium
1495 2017 1510 2044 ,
1565 1963 1861 2031 maxime
1912 1967 2327 2033 Francorum
2364 2020 2378 2045 ,
2432 1965 2755 2055 Episcopi

209 2052 565 2123 functione
611 2051 869 2142 dignus
916 2051 1486 2141 proclamaretur.
1541 2056 1777 2138 Itaque
1817 2051 1904 2121 ab
1938 2053 2264 2122 omnibus
2294 2053 2588 2123 electum
2622 2058 2755 2124 Au-

261 2139 591 2211 ustoduni
622 2141 677 2222 *,
715 2163 892 2228 quae
937 2154 1037 2210 est
1074 2141 1461 2210 Aeduorum
1498 2140 1761 2220 civitas,
1801 2140 2046 2230 Episco
2100 2165 2217 2211 um
2261 2156 2596 2213 curarunt
2640 2165 2753 2212 or-

262 2227 629 2298 inandum.
683 2235 829 2312 Quo
880 2251 1164 2303 munere
1203 2229 1438 2299 dec-em
1468 2230 1672 2297 annis
1714 2243 1992 2298 strenue
2063 2245 2312 2300 unctus
2353 2253 2514 2302 cum
2546 2243 2748 2313 esset,

217 2317 554 2388 Clotarius
606 2339 739 2401 rex,
791 2320 914 2405 qui
962 2341 1122 2388 eum
1172 2329 1623 2409 promoverat,
1678 2319 1964 2388 excessit
2011 2341 2047 2387 e
2096 2320 2289 2387 vivis,

300 2410 336 2494 ἓ
378 2410 461 2477 4.
517 2412 687 2476 Tum
736 2429 895 2476 vero
942 2408 1183 2476 beatus
1234 2405 1692 2496 Leodegarius
1737 2408 2108 2497 episcopus
2157 2408 2224 2476 id
2276 2408 2593 2490 audiens,
2646 2430 2752 2479 ce·

208 2496 444 2567 leriter
491 2494 575 2564 ad
632 2495 964 2586 palatium
1020 2495 1366 2586 profectus
1411 2509 1557 2576 est,
1601 2508 1667 2565 et
1720 2518 1879 2565 cum
1930 2495 2087 2567 aliis
2138 2497 2223 2567 de
2271 2502 2452 2600 Rege
2499 2498 2754 2569 consti·-

208 2585 470 2655 tuendo
523 2598 810 2654 tractare
856 2586 1123 2674 coepit:
1178 2606 1478 2671 cumque
1525 2585 2046 2675 comperissent,
2115 2586 2574 2657 Childericum
2625 2592 2752 2658 Au·

207 2675 617 2745 strasiorum
664 2696 892 2765 regem
943 2673 1441 2744 adolescentem
1470 2728 1484 2755 ,
1542 2696 1665 2763 pro
1716 2698 1841 2745 sua
1889 2688 2105 2744 aetate
2152 2698 2445 2766 regnum
2497 2676 2754 2764 optime

207 2763 760 2843 administrasse,
813 2764 1154 2849 quaedam
1207 2767 1624 2832 Francorum
1667 2786 1829 2852 pars
1875 2786 2034 2833 eum
2088 2765 2302 2834 voluit
2343 2764 2594 2834 habere
2628 2770 2754 2835 Re-

208 2874 390 2942 gem.
445 2856 651 2922 Porro
698 2853 1079 2932 Ebrolnus,
1132 2852 1251 2938 qui
1295 2854 1425 2921 sub
1460 2852 1750 2922 Clotario
1782 2874 1855 2921 re
1906 2875 1942 2921 e
1977 2853 2188 2941 Major
2225 2852 2476 2922 domus
2502 2852 2744 2935 fuerat,

206 2940 709 3010 'theodoricum
743 2941 1022 3011 fratrem
1056 2940 1418 3010 Childerici
1449 2940 1793 3010 nitebatur
1821 2945 1863 3010 C
1894 2943 2111 3010 otario
2150 2942 2361 3011 subro
2414 2963 2551 3010 are.
2589 2943 2752 3032 Ejus

209 3042 438 3099 autem
492 3052 741 3099 nomen
793 3044 938 3100 tum
974 3040 1120 3099 erat
1152 3028 1469 3098 odiosum
1501 3029 1686 3118 apud
1722 3035 2051 3112 Francos,
2088 3042 2161 3099 ut
2198 3031 2319 3116 qui
2354 3032 2372 3098 i
2409 3030 2472 3100 lo
2511 3053 2755 3100 rursus

201 3119 379 3210 jugo
429 3119 838 3207 premendos
886 3141 959 3188 se
990 3130 1409 3198 vererentur,
1446 3118 1640 3205 quod
1662 3118 1795 3187 sub
1829 3118 2118 3188 Clotario
2152 3141 2273 3207 per
2302 3142 2460 3189 eum
2496 3119 2754 3210 experti

210 3221 462 3287 essent.
504 3213 739 3295 Itaque
770 3208 1048 3277 Ebrolni
1081 3207 1370 3277 consilio
1395 3207 1808 3297 posthabito,
1841 3205 2302 3277 childericum
2335 3213 2752 3278 Francorum

212 3301 468 3386 Regem
536 3296 911 3387 elegerunt.
976 3301 1272 3383 Cernens
1320 3317 1482 3386 ergo
1530 3295 1872 3364 Ebrolnus
1921 3317 1990 3366 se
2039 3297 2472 3378 destitutum,
2529 3297 2756 3367 consi-

211 3384 531 3470 liumque
578 3407 782 3455 suum
826 3408 1110 3476 prorsus
1149 3407 1233 3454 ne
1286 3384 1431 3475 ligi,
1489 3384 1707 3453 multo
1758 3384 2001 3454 timore
2047 3398 2427 3477 correptus,
2484 3387 2680 3476 petiit
2713 3408 2754 3454 a

212 3479 422 3563 Rege,
475 3486 550 3543 ut
598 3474 805 3543 rebus
853 3473 1180 3544 omnibus
1266 3474 1587 3554 erelictiS,
1630 3473 2050 3563 permitteret
2081 3474 2217 3564 ipsi
2249 3475 2386 3545 vita
2420 3474 2756 3545 incolumi

212 3562 463 3653 degere
513 3562 582 3630 in
634 3564 1070 3633 monasterio.
1129 3562 1254 3632 Illo
1302 3563 1402 3631 sic
1433 3575 1740 3651 rogante,
1778 3574 1844 3632 et
1874 3562 2286 3652 Leodegario
2320 3586 2595 3651 quoque
2628 3584 2752 3653 pro

209 3673 291 3721 eo
333 3651 835 3732 intercedente,
894 3657 1035 3722 Rex
1081 3651 1395 3732 assensit,
1450 3663 1515 3719 et
1554 3651 1743 3721 illico
1789 3674 1945 3721 eum
1997 3653 2083 3721 ad
2135 3654 2558 3723 Luxoviense
2606 3673 2751 3721 mo-

208 3740 592 3810 nasterium
644 3740 1006 3831 ablegavit,
1062 3754 1138 3810 ut
1193 3739 1337 3808 illic
1390 3741 1847 3810 monasticum
1902 3741 2295 3811 institutum
2342 3740 2754 3831 complecte-

207 3841 425 3899 retur.
481 3829 736 3898 Deinde
784 3831 854 3897 in
908 3851 1118 3920 regno
1166 3827 1618 3898 confirmatus
1668 3829 2096 3899 Childericus
2146 3852 2286 3912 rex,
2341 3851 2753 3920 germanum

209 3940 417 3988 suum
472 3917 967 3988 Theodoricum
1018 3917 1297 3989 cuidam
1350 3939 1542 3986 servo
1589 3918 1701 3987 Dei
1748 3917 2298 3988 conservandum
2335 3941 2414 3988 ac
2447 3917 2757 3988 nutrien-

210 4007 380 4076 dum
433 4007 821 4077 commisit:
870 4028 1069 4096 porro
1113 4005 1602 4094 Leodegarium
1639 4008 2047 4098 episcopum
2086 4008 2276 4076 omni
2308 4007 2547 4077 domui
2587 4028 2756 4077 suae

212 4093 563 4188 praefecit,
620 4109 684 4165 et
734 4096 803 4165 in
854 4097 1180 4166 omnibus
1222 4095 1539 4184 Majorem
1591 4094 1842 4166 domus
1888 4096 2320 4170 essevoluit.

301 4188 338 4271 ἓ
385 4190 471 4256 ὅ.
513 4189 578 4254 Is
610 4206 775 4277 ergo
815 4207 894 4254 ea
929 4198 1205 4274 accepta
1239 4197 1590 4275 potestate,
1625 4185 1959 4272 quicquid
2000 4184 2329 4256 adversus
2364 4184 2750 4275 priscorum

213 4281 475 4364 Regum
528 4285 594 4343 et
645 4296 1057 4366 magnorum
1110 4277 1469 4365 procerum
1524 4274 1709 4364 leges
1767 4274 2103 4364 comperit
2164 4274 2387 4362 inepte
2438 4273 2754 4342 introdu*

214 4376 429 4443 ctum,
484 4384 642 4434 cum
692 4377 870 4435 esset
900 4364 1036 4436 vita
1068 4376 1133 4434 et
1170 4364 1483 4435 moribus
1532 4362 1929 4453 inculpatiS,
1960 4362 2046 4433 ad
2081 4363 2448 4455 pristinum
2485 4361 2754 4432 reduxit

266 4491 293 4518 ⁸
323 4494 483 4534 Autem.
