3347 4999
165 306 331 373 OCT.
386 304 467 369 ⁴8
997 320 1074 365 ne
1122 320 1176 366 s.
1223 317 1381 366 Luc».
1428 314 1854 365 ssvANGEmsrA
2474 301 2602 366 529

165 406 551 478 Timotheus
581 404 863 493 quidem
899 402 1309 493 hujusmodi
1350 402 1590 472 habuit
1622 401 1928 493 corporis
1963 400 2454 475 reductionem.
2490 408 2694 473 Porro

168 500 231 567 in
280 495 495 568 sancti
547 499 763 564 Lucae
813 492 1204 563 reductione
1274 491 1401 561 tale
1440 491 1667 562 editur
1746 490 2196 573 miraculum,
2249 514 2563 563 sermone
2617 515 2696 563 ac

171 584 501 671 memoria,
538 583 852 673 dignum.

249 678 283 763 ξ
332 678 412 745 8.
457 672 809 742 Anatolius
837 669 1117 759 quidam
1153 669 1530 740 Eunuchus
1564 691 1746 740 unus
1784 692 2047 750 eorum,
2091 668 2210 757 qui
2249 681 2412 739 tunc
2439 693 2475 741 e
2511 670 2695 762 regio

167 774 352 835 erant
399 761 747 841 cubicum,
806 761 1053 829 misero
1123 759 1427 849 corporis
1476 759 1714 829 morbo
1761 758 2073 831 detentus
2120 771 2285 833 erat.
2342 760 2466 828 Ubi
2532 781 2694 850 ergo

173 853 493 942 majorem
546 850 736 920 novit
780 870 928 920 esse
978 848 1319 929 morbum,
1374 870 1582 936 quam
1633 847 1752 934 qui
1804 846 2226 917 medicorum
2283 862 2508 938 posset
2555 862 2697 919 arte

171 943 419 1022 curari,
477 939 685 1031 probe
719 940 943 1008 sciens
991 935 1128 1017 ille,
1181 936 1362 1027 quod
1415 958 1589 1025 quae
1631 936 2088 1027 impossibilia
2131 950 2290 1006 sunt
2338 959 2378 1005 a
2430 939 2522 1008 ud
2579 939 2698 1007 ho-

175 1032 414 1111 mines,
474 1035 600 1099 Deo
654 1025 1004 1118 possibilia
1074 1039 1280 1107 sunt,
1352 1026 1678 1096 omnibus
1725 1025 1880 1094 aliis
1951 1024 2238 1107 relictiS,
2314 1049 2349 1095 a
2454 1032 2699 1097 Lucam

174 1118 412 1190 Christi
460 1116 882 1207 discipulum
956 1114 1296 1205 confugit,
1351 1132 1416 1184 et
1466 1115 1592 1184 hoc
1640 1115 2041 1184 auxiliatore
2089 1115 2307 1185 utitur
2367 1115 2698 1187 adversus

176 1209 512 1279 morbum.
556 1206 680 1276 Ubi
728 1205 910 1274 enim
956 1226 1153 1286 urna,
1189 1227 1364 1291 quae
1416 1205 1784 1294 pretiosum
1841 1204 2231 1273 continebat
2292 1203 2511 1294 ipsius
2549 1227 2701 1275 cor-

178 1321 324 1389 pus,
371 1296 454 1366 ad
485 1317 758 1366 sacrum
805 1293 1135 1384 templum
1188 1293 1329 1381 jam
1372 1306 1547 1364 esset
1593 1292 1853 1373 delata,
1920 1291 2099 1382 quod
2143 1315 2184 1362 a
2231 1290 2702 1364 fundamentis

176 1386 605 1457 Constantius
652 1396 975 1463 erexerat,
1036 1382 1366 1454 accedens
1445 1382 1556 1451 hic
1604 1381 1832 1451 dictus
1885 1381 2258 1462 Anatolius,
2350 1383 2697 1472 simulque

179 1476 493 1563 bajulans
557 1497 715 1543 cum
781 1472 890 1541 his
951 1472 1070 1559 qui
1135 1470 1319 1540 illam
1388 1470 1786 1561 portabant,
1854 1470 2207 1541 confestim
2274 1470 2701 1562 deprimente

182 1564 415 1635 morbo
462 1562 875 1642 absolvitur3
917 1574 981 1631 et
1031 1560 1259 1637 vivens
1306 1582 1384 1630 ex
1436 1573 1702 1630 mortuo
1745 1559 1874 1629 tale
1920 1559 2210 1650 adeptus
2258 1560 2696 1641 beneficium,

181 1659 309 1725 tota
358 1657 484 1723 sua
534 1652 666 1721 vita
716 1673 851 1721 non
901 1649 1265 1720 intermisit
1314 1649 1566 1737 gratias
1615 1672 1651 1718 a
1704 1671 1815 1718 ere
1855 1648 2167 1739 Apostolo
2215 1672 2294 1718 ac
2359 1655 2525 1731 Deo,
2581 1650 2702 1739 qui

182 1766 295 1833 per
342 1744 569 1831 ipsum
638 1738 1034 1829 hujusmodi
1109 1738 1348 1807 edebat
1398 1738 1659 1808 miracu
1693 1761 1755 1808 a.
1832 1743 1930 1807 Ita
1991 1738 2201 1840 igitur
2261 1740 2564 1829 primurn
2616 1761 2698 1808 ex

179 1831 421 1902 Thebis
468 1830 752 1899 relatum
804 1827 1217 1897 divinissimi
1246 1832 1463 1896 Lucae
1495 1849 1770 1917 corpus,
1815 1826 2187 1897 honorifice
2219 1827 2591 1897 admodum
2621 1850 2701 1898 ac

183 1920 544 2010 magnifice
594 1940 733 1988 una
780 1940 937 1986 cum
1005 1916 1268 1986 Andrea
1314 1939 1393 1986 ac
1442 1916 1790 1987 Timotheo
1853 1917 1921 1985 in
1989 1914 2241 2007 templo
2307 1917 2698 2007 reponitur,

180 2009 361 2099 quod
422 2031 461 2077 a
511 2006 898 2076 Constantio
948 2004 1381 2075 aedificatum
1431 2020 1612 2074 erat:
1667 2026 1823 2077 cum
1886 2006 2067 2076 circa
2128 2027 2479 2075 sacrarum
2545 2004 2704 2075 reli-

234 2100 503 2169 uiarum
558 2095 1034 2185 repositionem
1080 2093 1237 2163 fidei
1300 2116 1503 2183 opera
1552 2116 1630 2163 ac
1707 2093 2041 2166 fervidum
2095 2094 2464 2165 Constantii
2530 2094 2706 2165 desi-

183 2123 449 2257 llerium
492 2184 866 2274 plurimum
918 2183 1377 2254 demonstrata
1426 2196 1608 2254 sunt.
1663 2188 2094 2271 Quamquam
2140 2183 2247 2253 hic
2286 2196 2513 2274 postea
2561 2207 2705 2253 ma-

187 2276 355 2366 ligni
407 2274 667 2362 laqueis
714 2271 1220 2360 aliquantulum
1262 2289 1503 2362 captus
1548 2272 1619 2361 (o
1675 2295 1909 2343 casum
1966 2274 2333 2355 miserum,
2387 2273 2521 2344 heu
2563 2287 2703 2343 tur-

187 2365 531 2435 bulentam
583 2362 1091 2432 subversionem
1123 2362 1173 2451 1)
1210 2361 1646 2432 Arrianorum
1701 2362 1950 2451 dogma
1983 2362 2216 2433 ebibit.

273 2456 309 2542 ξ
354 2458 446 2526 9.
503 2451 731 2523 Multis
778 2464 1004 2522 autem
1060 2450 1492 2540 postmodum
1561 2451 2016 2542 temporibuS,
2056 2452 2541 2530 Justinianus‚
2596 2475 2707 2523 as-

185 2543 481 2634 sumptis
521 2541 799 2631 Imperii
849 2542 1157 2631 sceptris,
1214 2540 1427 2611 multo
1475 2540 1705 2624 adhuc
1738 2540 2274 2632 amplificentius
2322 2542 2504 2612 circa
2540 2541 2707 2612 haec

186 2655 378 2704 sacra
426 2631 893 2721 Apostolorum
944 2652 1059 2699 cor
1110 2652 1228 2700 ora
1276 2628 1593 2710 afficitur,
1632 2643 1697 2699 et
1733 2631 1923 2700 theca
1963 2634 2282 2720 argentea
2335 2631 2500 2700 haec
2549 2654 2708 2702 con-

183 2722 493 2802 cludens,
529 2721 711 2790 circa
751 2720 980 2809 ipsum
1031 2744 1071 2788 a
1105 2733 1244 2788 tare
1291 2717 1672 2789 vehementi
1710 2720 1821 2789 Dei
1862 2741 2093 2789 amore
2130 2720 2417 2809 reponit,
2464 2741 2710 2810 nempe

192 2812 480 2902 pretiosa
533 2810 598 2879 in
654 2809 947 2898 pretioso
996 2808 1400 2878 conditorio.
1446 2809 1829 2895 thuidem
1875 2808 2087 2881 sacris
2134 2808 2367 2877 altaris
2406 2829 2709 2878 mensam

188 2902 381 2970 theca
429 2897 820 2970 constituit:
877 2919 1076 2988 porro
1127 2897 1480 2967 communi
1529 2897 2000 2988 Apostolorum
2057 2897 2334 2966 nomine
2378 2896 2708 2986 templum

182 2989 593 3079 appellatur.
649 2986 739 3056 Ad
791 2986 972 3074 quod
1011 3009 1175 3057 sane
1221 3008 1461 3057 omnes
1508 2987 1627 3073 qui
1678 2987 2092 3056 conveniunt
2124 2984 2383 3068 fideleS,
2431 2984 2713 3055 laudant

190 3081 377 3147 hunc
428 3090 774 3164 tamquam
827 3075 1275 3166 discipulum,
1330 3074 1678 3145 celebrant
1715 3087 1790 3145 ut
1857 3080 2035 3144 Evan
2088 3075 2398 3157 elimam,
2452 3073 2713 3144 beatifi-

183 3180 343 3236 cant
377 3179 725 3252 tamquam
777 3187 959 3244 eum,
1007 3165 1124 3252 qui
1179 3165 1243 3234 in
1298 3163 1514 3233 sacris
1552 3164 1926 3234 sudoribus
1960 3185 2038 3232 ac
2100 3164 2427 3233 aboribus
2477 3163 2710 3232 divino

192 3254 401 3326 Paulo
450 3275 721 3343 semper
766 3253 895 3322 fuit
942 3254 1195 3323 sociuS.
1235 3258 1310 3323 Et
1339 3252 1502 3322 inde
1549 3252 2161 3322 sanctificationem
2204 3253 2711 3342 participanteS‚

185 3342 535 3434 spirituali
587 3341 964 3430 implentur
1011 3342 1301 3432 gaudio:
1358 3341 1563 3428 idque
1611 3341 1830 3431 gratia
1864 3364 1942 3411 ac
1993 3341 2410 3432 benignitate
2451 3340 2717 3411 Domini

189 3432 404 3503 nostri
452 3431 611 3500 Jesu
653 3430 922 3512 Christi,
976 3431 1088 3501 cui
1137 3443 1239 3500 est
1276 3429 1494 3519 gloria
1537 3430 1605 3498 in
1642 3429 1874 3501 secula
1909 3429 2325 3511 seculorum,
2361 3436 2595 3504 Amen.

1084 3673 1153 3736 B.
1209 3672 1446 3738 PETRI
1496 3671 1833 3758 ΒΑΜΙᾼΝΙ

557 3829 903 3910 SERMO
970 3830 1107 3910 DE
1164 3831 1239 3910 S.
1294 3831 1576 3913 LUOA
1639 3832 2361 3913 EVANGELISTA

278 4049 315 4132 ξ
365 4051 437 4118 1.
492 4045 664 4129 Quia
714 4067 833 4135 per
879 4044 1350 4136 Evangelium,
1406 4045 1862 4128 dilectissimi,
1903 4047 1986 4117 de
2038 4048 2337 4118 tenebris
2385 4049 2468 4117 ad
2503 4048 2722 4124 lucem

194 4137 524 4204 reductus
571 4148 671 4205 est
723 4134 1063 4214 munduS‚
1141 4135 1381 4205 merito
1447 4136 2032 4226 Evangelistarum
2087 4137 2377 4227 gloriam
2431 4138 2726 4208 celebrat

191 4224 494 4315 populus
542 4224 990 4295 Christianus.
1038 4223 1162 4294 Sed
1217 4224 1390 4293 inter
1436 4237 1738 4295 caeteros
1788 4226 2024 4296 beatus
2075 4230 2317 4308 LucaS,
2371 4228 2482 4298 cui
2538 4249 2727 4317 prae-

189 4335 356 4413 sen-s
403 4313 865 4383 famulaturus
926 4325 1027 4385 est
1082 4334 1329 4394 Serme,
1385 4313 1555 4384 dum
1604 4314 1879 4415 gemina
1915 4314 2076 4405 styli
2124 4317 2352 4408 specie
2402 4329 2466 4387 et
2514 4322 2730 4386 Evan-

188 4400 512 4492 geltcam,
563 4416 629 4473 et
673 4402 1123 4494 Apostolicam
1198 4404 1490 4473 contexit
1565 4403 1945 4488 historiam,
2024 4417 2373 4494 tamquam
2436 4406 2727 4476 diversis

360 4521 601 4581 surius
630 4550 654 4564 ·
693 4521 858 4585 Vuae
887 4519 993 4585 SS.
1022 4554 1046 4568 -
1074 4519 1198 4585 Vol.
1229 4519 1300 4580 X.
2158 4599 2162 4603 ,
2493 4522 2571 4584 34
