3347 4999
178 321 357 388 OCT.
412 321 451 385 4
1056 337 1133 383 na
1181 337 1237 383 s.
1291 335 1632 384 manusco
1682 335 1864 384 coxa.
2515 321 2635 383 1515

175 425 259 494 ad
316 435 542 511 partes
592 422 827 510 Syriae
859 440 1177 508 pergens,
1217 419 1452 489 multis
1477 442 1547 488 se
1591 420 1915 508 periculis
1947 434 2337 489 constanter
2376 420 2721 509 exposuit,

176 526 250 584 ut
299 510 612 581 Sulthani
654 508 1069 597 Babyloniae
1118 522 1346 597 posset
1392 507 1581 576 adire
1635 509 2114 596 praesentiam.
2169 513 2352 578 Inter
2393 509 2723 578 Christia-

180 622 304 670 nos
337 600 523 668 enim
559 620 638 667 ac
674 602 1048 667 Saracenos
1099 608 1262 666 tunc
1310 595 1570 665 bellum
1595 597 1628 630 ¹*
1663 609 1801 665 tam
1837 596 2273 686 implacabile
2321 612 2489 679 erat,
2533 619 2724 666 exer-

174 691 438 760 cituum
489 687 733 757 castris
770 684 1097 757 hincinde
1144 685 1216 754 in
1267 706 1513 772 campo
1561 686 1880 755 cominus
1927 684 2293 755 exadverso
2332 685 2594 764 locatis,
2647 698 2725 755 ut

181 780 288 847 via
338 776 562 846 mutui
617 776 953 845 transitus
992 774 1143 843 sine
1184 774 1423 843 mortis
1470 772 1873 842 discrimine
1932 795 2068 842 non
2122 787 2398 864 pateret.
2461 775 2725 843 Exierat

180 865 523 953 siquidem
590 887 627 933 a
669 864 1003 933 Sulthano
1063 861 1363 932 edictum
1414 862 1718 940 crudele,
1775 876 1849 930 ut
1894 864 2317 950 quicumque
2350 878 2554 952 caput
2605 864 2726 931 ati-

178 956 384 1044 cujus
417 954 785 1023 Christiani
835 951 1127 1025 afferret,
1183 951 1581 1040 Byzantium
1632 951 1702 985 *³*
1748 972 2037 1020 aureum
2084 973 2205 1040 pro
2254 949 2566 1021 mercede
2617 973 2723 1021 re-

176 1046 457 1134 ciperet.
498 1048 576 1111 At
622 1040 1012 1132 intrepidus
1060 1040 1305 1109 Christi
1366 1039 1562 1109 miles
1612 1041 2056 1116 Franciscus,
2110 1061 2398 1128 sperans
2447 1040 2516 1108 in
2571 1061 2725 1129 pro-

176 1134 363 1203 ximo
411 1153 616 1201 suum
670 1130 964 1221 adipisci
1013 1150 1212 1218 posse
1287 1128 1759 1217 propositum,
1812 1127 2134 1198 diffinivit
2183 1130 2308 1199 iter
2368 1129 2718 1217 arripere,

180 1221 420 1290 mortis
459 1241 704 1309 pavore
756 1241 888 1289 non
944 1218 1257 1294 territus,
1328 1217 1445 1286 sed
1501 1216 1842 1287 desiderio
1894 1230 2322 1307 provocatus.
2406 1218 2723 1287 Oratione

180 1331 478 1396 namque
534 1309 934 1398 praemissa,
989 1303 1480 1375 confortatusa
1529 1306 1837 1386 Domin0,
1892 1304 2316 1376 confidenter
2348 1305 2522 1375 illud
2561 1328 2713 1395 pro-

185 1399 531 1489 pheticum
585 1396 1024 1467 decantabat:
1096 1400 1267 1465 Nam
1343 1396 1471 1463 etsi
1514 1394 1941 1464 ambulavero
1975 1449 1990 1475 ,
2058 1397 2128 1463 in
2180 1396 2396 1464 medio
2446 1396 2723 1464 umbrae

177 1489 433 1566 mortis,
491 1509 619 1556 non
652 1486 888 1555 timebo
933 1487 1146 1564 mala,
1185 1485 1503 1573 quoniam
1548 1493 1623 1551 tu
1653 1505 1912 1552 mecum
1965 1505 2053 1553 es.
2094 1487 2459 1573 Assumpto
2509 1484 2722 1573 igitur

178 1576 366 1646 socio
415 1576 644 1655 tratre,
684 1574 1085 1643 Illuminato
1142 1571 1444 1652 nomine,
1492 1571 1633 1640 viro
1690 1573 1930 1659 utique
1975 1571 2264 1641 luminis
2308 1584 2373 1641 et
2422 1571 2719 1650 virtutis,

175 1688 335 1734 cum
389 1664 515 1733 iter
559 1665 875 1753 cepisset,
930 1661 1166 1731 obvias
1217 1660 1456 1729 habuit
1502 1660 1810 1732 oviculas
1848 1660 2047 1741 duaS,
2101 1661 2357 1747 quibus
2404 1660 2566 1731 visis
2605 1682 2722 1729 ex-

178 1753 521 1822 hilaratus
569 1754 681 1821 Vir
729 1762 1036 1829 sanctuS,
1089 1749 1259 1817 dixit
1309 1749 1393 1817 ad
1434 1749 1750 1819 socium:
1804 1773 1839 1816 «
1878 1749 2174 1827 Confide,
2206 1749 2436 1827 frater,
2469 1750 2536 1817 in
2593 1754 2719 1818 Do-

180 1843 399 1920 mino,
457 1863 612 1909 nam
653 1842 723 1908 in
762 1839 958 1908 nobis
991 1836 1474 1935 Evangelicum
1529 1837 1700 1906 illud
1753 1838 2119 1937 impletur:
2157 1843 2318 1907 Ecce
2371 1861 2490 1928 eqo
2528 1841 2720 1906 mitto

174 1953 291 1998 vos
332 1932 399 1997 in
427 1930 646 1997 medio
678 1932 751 1997 lu
798 1950 1061 1996 orum.»
1112 1931 1278 1995 Cum
1316 1941 1543 1995 autem
1578 1939 2069 2015 processtssent
2109 1926 2423 2006 ulterius,
2478 1949 2716 1996 occur·

178 2033 417 2086 rerunt
463 2018 525 2084 ei
575 2016 741 2086 satel
775 2017 901 2086 ites
940 2016 1305 2088 Saraceni,
1358 2015 1478 2101 qui
1533 2031 1881 2102 tamquam
1933 2015 2077 2104 lupi
2138 2015 2431 2085 celerius
2478 2036 2720 2086 accur-

182 2119 409 2174 rentes
457 2105 540 2174 ad
583 2127 766 2185 oves,
825 2126 1055 2174 servos
1103 2104 1219 2173 Dei
1270 2103 1569 2173 feraliter
1613 2103 2186 2194 comprehenSOS,
2241 2102 2611 2174 crudeliter
2658 2115 2723 2172 et

177 2207 445 2263 contem
508 2193 787 2264 tibiliter
866 2206 1422 2283 pertractarunt,
1478 2191 1854 2263 afficientes
1916 2193 2282 2273 convicii5‚
2343 2192 2478 2262 affli
2533 2206 2723 2261 entes

177 2216 604 2360 verberibus,
655 2297 720 2351 et
775 2280 1068 2351 vinculis
1117 2280 1505 2371 alligantes.
1559 2280 1857 2350 Tandem
1911 2281 2197 2351 afflictos
2250 2281 2496 2371 multip
2531 2282 2723 2351 iciter

176 2387 243 2440 et
292 2373 580 2450 attritos,
634 2370 716 2440 ad
764 2370 1205 2448 Sulthanum,
1260 2369 1491 2439 divina
1540 2369 1949 2459 disponente
1999 2369 2465 2461 providentia,
2522 2372 2720 2460 Juxta

176 2460 318 2529 Viri
372 2460 483 2530 Dei
534 2459 981 2541 desiderium,
1038 2457 1525 2550 perduxerunt.
1573 2463 1742 2529 Cum
1775 2459 1988 2549 igitur
2036 2460 2356 2550 princeps
2408 2459 2521 2529 ille
2582 2481 2723 2549 per·

174 2549 482 2636 quireret
521 2572 556 2618 a
605 2549 887 2636 quibus,
940 2563 1004 2617 et
1050 2547 1136 2617 ad
1187 2547 1377 2633 quid,
1413 2561 1479 2617 et
1506 2549 1803 2635 qualiter
1852 2548 2047 2619 missi
2094 2563 2344 2628 essent,
2378 2549 2720 2639 intrepido

177 2638 385 2707 corde
436 2637 790 2726 respondit
836 2637 1085 2707 Christi
1134 2641 1381 2706 Servus
1428 2638 1861 2708 Franciscus:
1917 2642 2058 2708 Non
2109 2637 2196 2707 ab
2242 2637 2545 2716 homine,
2600 2637 2719 2705 sed

172 2749 211 2794 a
267 2730 399 2795 Deo
431 2726 770 2796 altissimo
818 2748 891 2795 se
928 2725 1143 2795 fuisse
1191 2726 1707 2807 transmissum,
1746 2740 1818 2795 ut
1866 2727 1927 2795 ei
1961 2742 2027 2797 et
2076 2727 2331 2816 populo
2380 2748 2507 2796 suo
2538 2726 2718 2793 viam

170 2814 419 2884 salutis
458 2814 869 2895 ostenderet,
907 2827 971 2884 et
1018 2814 1476 2885 annunciaret
1524 2814 1973 2906 Evangelium
2024 2815 2350 2884 veritatis

260 2906 296 2990 ἓ
334 2909 490 2976 04.
544 2909 755 2974 Tanta
808 2925 963 2973 vero
1015 2903 1264 2973 mentis
1311 2905 1726 2985 constanti&
1762 2917 1946 2974 tanta
1998 2904 2244 2972 virtute
2289 2903 2531 2981 animi,
2573 2916 2718 2970 tan-

171 3005 378 3079 toque
428 2992 691 3063 fervore
738 2992 1025 3082 spiritus
1072 2991 1422 3082 praedicto
1464 2994 1799 3063 Sulthano
1859 2991 2274 3083 praedicavit
2339 2996 2549 3060 Deum
2602 2992 2719 3059 tri-

166 3102 339 3150 num
374 3095 440 3150 et
469 3103 717 3163 unum,
769 3092 837 3150 et
884 3079 1300 3151 Salvatorem
1352 3081 1667 3151 omnium
1706 3082 1940 3151 Jesum
1982 3080 2354 3160 Christum,
2388 3093 2464 3149 ut
2497 3084 2717 3148 Evan-

162 3169 468 3259 gelicum
523 3170 692 3241 illud
738 3171 807 3239 in
844 3170 994 3260 ipso
1042 3168 1445 3240 claresceret
1502 3170 1830 3239 veraciter
1870 3190 2017 3240 esse
2065 3166 2524 3258 completum:
2584 3173 2717 3325 Ego

164 3259 338 3327 dabo
376 3260 553 3328 vobis
590 3282 659 3329 os
693 3270 754 3327 et
791 3260 1222 3349 sapientiam,
1261 3261 1371 3327 cui
1409 3281 1537 3328 non
1559 3268 1868 3348 poterunt
1920 3259 2247 3336 resistere,
2284 3268 2346 3327 et
2385 3268 2614 3326 cont-ra
2682 3260 2720 3307 ’-

164 3370 318 3416 cere
344 3369 564 3417 omnes
595 3348 976 3417 adversarii
1000 3348 1209 3415 vestri
1240 3345 1427 3435 (Luc.
1480 3368 1610 3426 xxl,
1668 3347 1805 3436 ⁴5).
1857 3351 2023 3416 Nam
2074 3359 2138 3415 et
2180 3345 2558 3416 Sulthanus
2599 3346 2719 3414 ad-

165 3434 571 3505 mirandum
624 3436 692 3504 in
742 3436 900 3505 Viro
935 3435 1050 3504 Dei
1090 3433 1421 3504 fervorem
1473 3435 1761 3525 spiritus
1808 3434 2244 3525 conspiciens
2276 3449 2340 3505 et
2368 3435 2712 3512 virtutem,

162 3523 462 3593 libenter
512 3524 743 3613 ipsum
805 3523 1152 3603 audiebat,
1204 3537 1271 3593 et
1318 3522 1405 3592 ad
1458 3544 1719 3594 moram
1788 3523 2328 3594 contrahendam
2381 3545 2537 3593 cum
2590 3545 2712 3601 eo,

164 3613 548 3682 instantius
596 3612 949 3682 invitabat.
1004 3611 1247 3681 Christi
1281 3632 1434 3680 vero
1486 3615 1759 3694 Servus,
1798 3632 2101 3703 superno
2152 3612 2538 3687 illustratus
2567 3633 2719 3680 ora-

162 3699 375 3770 culo:
430 3724 466 3766 «
505 3701 572 3770 Si
624 3700 749 3780 vis,
787 3701 1037 3787 inquit,
1090 3699 1394 3770 converti
1445 3711 1518 3768 tu
1558 3722 1720 3770 cum
1770 3701 2026 3792 populo
2076 3714 2192 3772 tuo
2225 3701 2310 3770 ad
2341 3701 2712 3779 Christum,

159 3790 258 3860 ob
306 3788 499 3859 illius
546 3811 849 3859 amorem
903 3789 1194 3859 libenter
1242 3787 1595 3858 vobiscum
1646 3790 2152 3860 commorabor.
2213 3790 2406 3872 Quod
2468 3790 2525 3858 si
2559 3790 2720 3858 hae-

167 3878 367 3957 sitas,
426 3890 702 3969 propter
766 3877 970 3947 fidem
1034 3876 1329 3956 Christi,
1398 3876 1615 3967 legem
1684 3878 2051 3949 Mahometi
2115 3878 2506 3958 dimittere,
2552 3877 2720 3963 jube

160 3967 401 4057 ignem
453 3965 737 4036 accendi
769 3966 1301 4057 permaximum,
1341 3979 1408 4035 et
1454 3988 1580 4056 ego
1600 3989 1758 4036 cum
1798 3967 2271 4038 sacerdotibus
2312 3968 2451 4037 tuis
2486 3968 2720 4056 ignem

164 4055 521 4145 ingrediar
554 4110 569 4137 ,
622 4068 699 4123 ut
749 4055 847 4123 vel
899 4054 998 4122 sic
1046 4074 1466 4153 cognoscas,
1518 4077 1697 4142 quae
1756 4055 1926 4125 fides
1997 4057 2246 4126 certior
2305 4070 2370 4125 et
2418 4056 2722 4126 sanctior

167 4165 307 4213 non
351 4143 698 4214 immerito
747 4142 1040 4212 tenenda
1091 4157 1202 4211 sit.
1237 4167 1262 4204 n
1317 4142 1408 4211 Ad
1460 4164 1664 4231 quem
1724 4144 2149 4214 Sulthanus:
2197 4166 2231 4210 «
2277 4149 2416 4214 Non
2472 4142 2713 4223 credo,

220 4343 243 4364 ⁴·
273 4339 436 4391 Agitur
464 4340 538 4383 hic
568 4342 626 4382 de
655 4344 822 4391 quinto
847 4343 1321 4393 cruce-signatorum,
1362 4346 1414 4382 ut
1456 4348 1667 4388 vocatur.
1687 4342 1812 4383 bello
1844 4340 1938 4390 (an.
1973 4341 2233 4391 12194221),
2267 4342 2392 4391 quod
2429 4343 2479 4381 tn
2511 4342 2718 4391 Aegypto

138 4396 355 4446 -gestum
376 4392 481 4441 fuit,
499 4405 606 4437 cum
630 4393 774 4444 gravi.
794 4396 1093 4445 nefandsque
1111 4396 1325 4446 ipsorum
1343 4398 1497 4438 ruma.

225 4448 278 4476 ⁶*
308 4449 533 4488 Nummus
554 4459 638 4490 seu
659 4453 847 4490 moneta
866 4450 1098 4498 quaedam
1116 4450 1459 4501 Imperatorum
1478 4447 2056 4497 constantinopotttnmm.
