3347 4999
198 326 370 393 OCT.
427 327 511 393 18
1035 345 1112 391 ηε
1161 344 1217 392 S.
1270 342 1426 391 Luca
1460 343 1888 393 nvANossmsrA
2512 329 2641 395 533

199 429 346 499 suis
392 427 647 498 dixisse
693 440 1056 499 narratur:
1111 428 1511 518 Septuplum
1560 429 1730 498 ultio
1778 429 2055 500 dabitur
2099 429 2183 499 de
2232 432 2416 512 Cain,
2470 431 2554 501 de
2604 437 2727 501 La-

210 517 407 589 mech
454 538 611 587 vero
660 516 1047 608 septuagies
1095 518 1368 606 septies.
1439 516 1615 587 Ultio
1670 517 1927 608 quippe
1975 517 2058 587 de
2107 520 2397 589 Lamech
2446 531 2727 611 septua-

259 607 356 677 ies
406 606 654 697 septies
702 605 931 675 danda
977 605 1252 687 dicitur,
1305 606 1467 694 quia
1515 606 1947 696 septuaginta
1978 619 2233 697 septem
2285 608 2597 678 homines
2644 610 2730 680 de

206 631 580 766 {moribus
637 695 785 785 ejus
850 695 1296 785 perhibentur
1342 695 1640 785 egressi,
1696 718 1774 764 ac
1823 694 2257 786 postmodum
2309 694 2567 766 diluvio
2615 720 2728 769 vo-

210 797 398 854 rante
449 783 834 854 referuntur
881 784 1206 885 absorpti.
1255 783 1377 853 Sed
1429 784 1588 870 quia
1640 784 1926 853 Lamech
1962 784 2371 874 percutienS,
2404 785 2542 854 sive
2576 808 2728 876 per-

207 896 457 944 cussus
504 873 948 963 exprimitur,
987 872 1151 961 quid
1203 894 1323 963 per
1371 873 1578 953 hunc,
1616 873 1766 965 wnisi
1817 874 2082 962 primus
2131 894 2378 964 parens
2434 873 2725 945 humani

208 963 480 1052 generis
528 963 887 1063 figuratur,
940 962 1436 1063 qui-nimirum
1488 963 1744 1052 peccati
1795 961 2028 1043 telum,
2082 984 2219 1050 quo
2267 963 2535 1053 primus
2583 964 2728 1054 ipse

211 1073 579 1142 percussus
629 1064 904 1127 interut,
969 1074 1289 1121 universo
1336 1058 1608 1139 quoque
1668 1052 1898 1141 generi
1949 1073 2393 1123 successurae
2443 1053 2727 1140 posteri-

211 1142 366 1211 tatis
415 1140 679 1210 infixit?
751 1145 837 1210 De
885 1141 1012 1210 hoc
1060 1162 1220 1231 ergo
1268 1141 1557 1210 Lamech
1606 1141 1993 1230 septuagies
2042 1142 2289 1231 septies
2338 1140 2505 1211 ultio
2569 1142 2726 1213 data

208 1243 330 1311 est,
384 1230 549 1319 quia
595 1241 950 1319 peccatum
992 1284 1007 1310 ,
1059 1229 1238 1318 quod
1295 1230 1559 1318 primus
1615 1229 1818 1300 homo
1866 1231 2220 1312 contraxit,
2283 1252 2403 1321 per
2450 1243 2725 1321 septua-

209 1320 400 1409 ginta
447 1332 701 1408 septem
755 1319 1225 1421 generationes
1275 1320 1340 1387 in
1393 1319 1699 1388 humano
1759 1340 2003 1410 genere
2049 1319 2287 1409 viguit.
2363 1325 2586 1407 Usque
2633 1321 2719 1391 ad

208 1409 547 1479 Christum
601 1408 941 1495 siquidem
992 1418 1344 1498 peccatum
1395 1407 1728 1499 originale
1778 1408 2171 1498 permansit,
2208 1407 2385 1495 quod
2425 1410 2570 1498 ipse
2606 1432 2725 1499 per

212 1497 533 1587 baptismi
583 1497 692 1566 sui
736 1495 954 1587 (unde
1002 1502 1216 1567 Lucas
1260 1497 1524 1587 incipit)
1573 1509 2000 1566 sacramenta
2047 1496 2312 1567 delevit.
2361 1498 2485 1567 Ubi
2541 1498 2723 1567 vide—

208 1586 366 1656 licet
398 1585 483 1655 de
518 1585 634 1655 illo
675 1585 963 1655 dicitur:
995 1591 1404 1677 Ecce‚a9nus
1442 1587 1599 1655 Dei.-
1635 1609 1778 1655 ecce
1823 1588 1945 1678 qui
1988 1589 2163 1656 tollit
2187 1598 2467 1678 peccata
2489 1589 2728 1658 mundi

209 1681 428 1760 (Joan.
483 1678 558 1760 1).

296 1767 474 1852 §st
528 1764 1042 1854 Redemptionis
1110 1787 1183 1833 er
1230 1787 1270 1834 o
1340 1778 1608 1835 nostrae
1681 1766 2030 1834 materiam
2097 1777 2381 1854 uterque
2444 1779 2722 1837 sanctus

208 1853 635 1943 Evangelista
686 1854 782 1923 sic
834 1854 1119 1923 invicem
1223 1854 1512 1935 ividunt‚
1548 1866 1611 1923 et
1643 1854 2053 1924 narrationis
2078 1867 2334 1943 partem
2373 1855 2504 1925 sibi
2535 1857 2721 1943 quis-

205 1964 337 2028 quc
385 1964 760 2032 congruam
815 1957 1133 2024 sumunt,
1190 1956 1261 2012 ut
1311 1943 1686 2013 Matthaeus
1733 1965 1854 2033 per
1899 1944 2416 2034 generationum
2468 1944 2716 2014 lineam

206 2030 729 2112 descendendo,
786 2032 1123 2103 Christum
1186 2033 1269 2101 ad
1333 2055 1454 2103 nos
1518 2046 1900 2122 peccatores
1969 2034 2053 2102 de
2107 2034 2313 2105 coelis
2361 2034 2719 2103 advenisse

210 2120 601 2210 perhibeat;
655 2125 867 2190 Lucas
914 2124 1150 2192 ‘autem
1214 2144 1249 2190 a
1310 2134 1736 2192 sacramento
1797 2123 1878 2192 ba
1938 2122 2227 2194 tismatis
2296 2122 2380 2192 ad
2456 2135 2715 2214 patrem

207 2231 450 2296 usque,
504 2214 992 2292 conscendens,
1051 2212 1328 2281 traxisse
1377 2234 1499 2281 nos
1548 2232 1779 2281 secum
1832 2235 1865 2280 a
1966 2211 2323 2283 coelestem
2374 2212 2660 2303 gloriam
2698 2269 2713 2296 ,

213 2310 640 2388 peccatorum
694 2299 1013 2372 sordibus
1060 2300 1369 2381 ablutos,
1421 2300 1752 2372 ostendat.
1832 2301 1952 2370 Ille
2017 2301 2353 2389 siquidem
2427 2302 2721 2373 adstruit

206 2387 543 2457 Christum
582 2387 663 2456 ad
705 2401 948 2458 terram
982 2390 1509 2460 misericorditer
1533 2389 2093 2472 descendentem;
2130 2392 2258 2462 iste
2284 2391 2528 2461 fatetur
2559 2414 2717 2461 eum

206 2498 330 2547 nos
377 2476 459 2546 ad
513 2476 823 2549 coelestia
886 2478 1377 2549 sublevantem.
1432 2479 1739 2550 Ostendit
1787 2479 1901 2550 ille
1950 2492 2287 2572 pastorem
2344 2481 2719 2573 nonaginta

205 2588 444 2636 novem
493 2589 648 2637 oves
695 2567 764 2635 in
816 2568 1062 2638 deserti
1115 2570 1389 2659 pascuis
1439 2569 1978 2658 relinquentem:
2044 2570 2238 2640 docet
2285 2572 2453 2652 iste,
2506 2593 2716 2660 quam

207 2656 594 2746 perdiderat
641 2679 856 2737 ovem,
914 2658 1216 2748 scapulis
1279 2659 1696 2748 impositam,
1749 2660 1831 2729 ad
1883 2660 2056 2730 ovile
2124 2661 2477 2750 proprium
2530 2682 2718 2730 revo-

201 2758 495 2815 cantem.
551 2745 670 2816 Ille
719 2748 1025 2836 perhibet
1074 2748 1505 2818 descendisse
1554 2749 1896 2818 medicum
1948 2749 2030 2817 ad
2082 2762 2427 2839 aegrotos;
2472 2748 2719 2819 fatetur

202 2836 326 2904 iste
388 2835 472 2904 ad
536 2835 1029 2907 incolumitatis
1087 2850 1398 2907 aeternae
1459 2839 1710 2927 gaudia
1760 2861 1988 2909 secum
2042 2859 2165 2908 nos
2215 2838 2565 2907 reduxisse
2612 2861 2719 2907 sa-

203 2936 419 2994 natos.
459 2925 764 2994 Ostendit
812 2926 926 2994 ille
977 2926 1194 2996 solum
1248 2928 1688 3018 Unigenitum
1738 2951 1772 2995 a
1827 2933 2015 2996 Patre
2064 2927 2145 2995 ad
2203 2949 2323 2997 nos
2373 2927 2711 3012 missum;

200 3013 396 3083 docet
445 3014 613 3095 iste,
667 3015 991 3102 quoniam
1044 3017 1125 3084 ad
1177 3017 1530 3087 coelestem
1588 3017 1878 3106 patriam
1933 3015 2441 3085 multitudinem
2500 3028 2716 3085 trans—

203 3103 358 3173 tulit
420 3102 814 3173 electorum.
895 3110 1097 3175 Porro
1159 3108 1380 3176 utrius
1431 3127 1513 3175 ue
1571 3104 2033 3194 Evangelistae
2082 3103 2524 3173 intentionem
2575 3126 2715 3176 una

204 3195 441 3261 beatus
488 3192 740 3261 Paulus
788 3195 1329 3285 comprehendit,
1383 3128 1654 3263 gicens:
1710 3196 1884 3262 Misit
1918 3195 2098 3262 Deus
2133 3195 2382 3263 Filium
2413 3217 2610 3263 suum
2641 3197 2713 3263 in

197 3282 642 3350 similitudine
691 3285 914 3352 carnis
957 3287 1238 3373 peccati,
1276 3294 1351 3352 ut
1391 3286 1471 3353 de
1514 3294 1782 3374 peccato
1841 3284 2190 3352 damnaret
2245 3293 2591 3374 peccatum
2640 3285 2712 3351 in

200 3393 400 3439 earne
435 3371 649 3455 (Rom.
706 3371 872 3460 vm).
918 3378 1077 3442 Nam
1131 3396 1287 3442 cum
1338 3372 1537 3441 dicit:
1572 3375 1744 3441 Misit
1792 3373 1973 3440 Deus
2005 3374 2258 3441 Filium
2300 3395 2493 3440 suum
2527 3375 2598 3441 in
2628 3375 2711 3441 si·

198 3459 646 3529 militudinem
702 3464 924 3530 carnis
985 3464 1288 3552 pcccati:
1352 3461 1645 3531 ostendit
1715 3461 2211 3552 susceptionem
2288 3462 2716 3542 mortali-tatis

202 3559 494 3629 nostrae,
534 3569 738 3635 quam
793 3551 1169 3620 Matthaeus
1217 3562 1444 3640 aperte
1492 3549 1814 3631 declarat,
1870 3573 2024 3620 cum
2081 3555 2166 3620 ab
2214 3551 2552 3620 Abraham
2604 3550 2716 3621 de-

200 3636 617 3718 scendend0‚
671 3638 1126 3730 quadraginta
1176 3640 1644 3730 generationes
1692 3652 2066 3710 enumerat.
2133 3644 2295 3709 Cum
2348 3662 2503 3710 vero
2551 3640 2716 3710 sub-

185 3728 461 3818 jungit:
516 3732 593 3795 Et
641 3728 719 3795 de
762 3740 1030 3818 peccato
1079 3730 1422 3798 damnavit
1467 3741 1811 3819 peccatum
1864 3732 1926 3798 in
1977 3753 2218 3799 carne:
2278 3730 2714 3799 abolitionem

199 3816 510 3908 perhibet
561 3829 990 3906 peccatorum
1027 3873 1041 3898 ‚
1096 3841 1300 3905 quam
1356 3823 1569 3887 Lucas
1618 3819 2087 3887 indubitanter
2132 3819 2498 3908 exprimit,
2552 3840 2711 3887 cum

194 3907 625 3996 septuaginta
696 3918 949 3994 septem
1021 3908 1502 3977 connationum
1559 3907 1806 3976 lineam
1862 3909 2040 3977 texit.
2122 3913 2335 3990 Quam
2406 3907 2716 3976 videlicet

195 4009 561 4084 utramque
610 3995 1016 4064 sententiam
1071 3963 1246 4065 idem
1288 3996 1539 4066 Paulus
1574 4019 1714 4066 uno
1745 3996 1910 4065 alibi
1943 3997 2277 4066 versiculo
2316 3997 2714 4086 complexus

191 4097 317 4162 est,
371 4084 631 4154 dicens:
682 4091 885 4154 Jesus
937 4086 1236 4155 Christ-us
1286 4087 1573 4155 traditus
1621 4097 1716 4154 est
1761 4098 2031 4177 propter
2063 4088 2307 4155 delicta
2346 4097 2595 4165 nostra,
2653 4097 2714 4154 et

196 4177 567 4243 resur-remit
631 4185 901 4265 propter
950 4177 1498 4265 justificationem
1562 4186 1854 4244 nostram
1916 4176 2131 4265 (Rom.
2186 4175 2298 4264 tv).
2359 4174 2715 4245 Descendit

189 4263 375 4330 enim
428 4264 784 4344 ChristuS‚
840 4277 914 4333 ut
980 4287 1101 4332 nos
1150 4288 1188 4333 a
1238 4265 1531 4355 peccatis
1580 4265 1911 4354 eriperet;
1966 4265 2256 4334 surrexit
2314 4277 2583 4345 autem,
2635 4277 2712 4334 ut

190 4350 489 4420 candore
528 4353 838 4441 ‚iustitiae
894 4353 1143 4423 nitidos
1183 4353 1550 4423 exhiheret.

285 4442 441 4525 §2
517 4447 701 4524 Quae
766 4443 1092 4512 nimirum
1168 4444 1526 4531 utriusque
1582 4443 1755 4513 beati
1823 4443 2285 4534 Evangelistae
2358 4444 2712 4514 diversitas
