3347 4999
166 351 347 418 OCT.
404 352 428 415 l
471 426 475 433 ⁶
1026 369 1103 413 na
1152 367 1206 414 s.
1265 366 1520 413 tiammo
1569 364 1866 413 ARCHtEP.
2540 348 2613 413 Η

164 447 392 538 (tales
439 448 623 516 enim
675 447 939 517 incolae
988 446 1174 516 olcas
1225 454 1543 531 vocant),
1613 459 1677 514 et
1743 446 1853 515 hic
1915 445 2117 518 datus
2186 446 2404 517 sancti
2471 446 2714 515 basili-

163 561 287 607 cae
332 535 574 607 suerat.
628 540 841 617 Quem
894 558 1076 606 unus
1124 557 1160 604 e
1208 534 1474 604 civibus
1509 535 1839 624 pervadit,
1883 534 2272 625 despiciens
2325 535 2702 617 bominem,

162 627 289 714 qui
337 647 493 694 eum
547 640 782 693 sancto
853 624 1002 694 loco
1062 622 1464 693 contulerat.
1520 625 1648 706 Qui
1699 646 1854 693 cum
1910 624 1996 692 ab
2063 624 2398 714 Episcopo
2449 646 2527 693 ac
2577 624 2710 694 loci

162 713 559 805 praeposito
596 716 838 783 crebro
884 725 1260 783 conventus
1310 710 1572 793 fuisset,
1611 726 1688 782 ut
1721 734 1896 799 quae
1946 713 2200 803 injuste
2243 727 2702 801 persuaserat,

162 803 524 873 redderet:
572 802 1076 892 parvipendens
1126 801 1365 881 verba,
1418 822 1595 888 quae
1653 801 1998 882 audiebat,
2058 802 2389 889 pertinaci
2439 801 2709 892 direpta

164 892 1017 962 defensabat-intentione.
1073 892 1374 977 Denique
1414 912 1625 959 causa
1672 891 1930 970 extitit,
1973 904 2038 960 et
2097 912 2230 960 non
2294 889 2580 971 devotio,
2636 903 2716 960 ut

161 993 565 1072 properaret
611 980 695 1048 ad
749 982 972 1049 Sancti
1028 980 1406 1049 basilicam.
1461 979 1789 1079 Arguitur
1837 980 2082 1048 iterum
2137 1002 2175 1048 a
2226 979 2356 1048 loci
2420 1001 2707 1069 praepo·

167 1072 303 1139 sito
354 1091 475 1159 pro
537 1070 939 1159 pervasione
970 1068 1222 1158 campi,
1262 1067 1375 1138 sed
1444 1068 1613 1136 nibil
1668 1067 1957 1158 dignum
2005 1068 2268 1138 ratione
2326 1067 2705 1156 respondit.

162 1165 260 1229 Ex
319 1158 659 1245 licitisque
708 1158 1021 1246 negotiiS,
1077 1180 1360 1226 ascenso
1407 1178 1583 1243 equo
1632 1157 1715 1225 ad
1755 1156 2040 1226 domum
2083 1157 2304 1226 redire
2352 1155 2704 1247 disponit:

164 1270 242 1317 se
322 1248 545 1317 obstat
581 1247 762 1315 nisui
797 1247 950 1334 ejus
981 1245 1351 1316 sacerdotis
1382 1246 1658 1335 injuria.
1693 1251 1857 1314 Nam
1891 1246 2242 1315 sauciatus
2269 1268 2308 1314 a
2337 1246 2700 1335 sanguine,

166 1336 386 1406 diruit
427 1337 493 1404 in
549 1349 821 1405 terram.
882 1335 1241 1426 Obligatur
1287 1334 1547 1425 lingua,
1608 1355 1786 1421 quae
1832 1336 2057 1404 locuta
2106 1336 2330 1404 suerat
2376 1356 2701 1423 campum

166 1426 443 1495 tollere:
497 1424 922 1494 clauduntur
965 1424 1149 1495 oculi
1183 1425 1302 1511 qui
1352 1423 1885 1513 concupierant:
1928 1445 2176 1493 manus
2206 1422 2713 1493 contrabuntur

166 1537 349 1602 quae
397 1526 791 1604 rapuerant.
1799 1556 1820 1574 s

264 1610 301 1683 ἓ
340 1607 503 1676 ὅθ.
544 1608 731 1671 Tunc
782 1601 1197 1682 balbutienS,
1240 1613 1306 1670 et
1342 1601 1445 1669 vix
1478 1622 1866 1670 sermonem
1904 1599 2246 1690 explicare
2281 1598 2540 1680 valenS,
2572 1600 2704 1669 ait:

170 1691 432 1761 Deferte
481 1713 586 1760 me
635 1690 719 1759 ad
772 1690 1125 1760 basilicam
1194 1690 1469 1770 Sancti,
1524 1703 1587 1758 et
1634 1701 2278 1777 quantumcumque
2335 1711 2547 1777 super
2602 1711 2714 1758 me

170 1782 324 1849 auri
372 1795 495 1861 est,
549 1779 633 1849 ad
686 1779 1080 1867 sepulcrum
1138 1780 1286 1867 ejus
1338 1777 1688 1867 projicite:
1740 1779 2014 1867 peccavi
2056 1779 2267 1859 enim,
2331 1778 2710 1847 auferendo

171 1891 280 1939 res
328 1871 500 1960 eJus.
545 1868 896 1956 Aspiciens
926 1881 1149 1937 autem
1202 1867 1399 1936 dator
1434 1868 1661 1956 campi
1707 1867 1892 1936 hunc
1940 1889 2098 1937 cum
2143 1867 2555 1937 muneribus
2593 1866 2708 1935 de-

170 1958 357 2036 ferri,
397 1958 526 2025 ait:
576 1962 668 2027 Ne
716 1957 1037 2046 accipiaS‚
1089 1978 1382 2043 quaeso,
1438 1969 1672 2025 sancte
1725 1956 1884 2036 Dei,
1942 1977 2229 2025 munera
2278 1957 2470 2045 eine,
2531 1976 2710 2042 quae

171 2067 532 2132 nunquam
584 2045 834 2131 cupide
879 2047 1188 2135 accipere
1227 2045 1666 2115 consuevisti.
1715 2050 1805 2115 Ne
1856 2045 1974 2125 εἰς,
2038 2044 2392 2135 deprecor,
2433 2044 2710 2134 adjutor

167 2135 365 2224 ejuS‚
425 2134 543 2220 qui
592 2135 1065 2204 inflammante
1121 2133 1726 2223 concupiscentia,
1795 2155 2021 2202 rerum
2080 2147 2350 2203 tuarum
2405 2154 2700 2221 nequam

169 2243 526 2311 possessor
570 2224 808 2291 extitit.
848 2228 976 2293 Nec
1024 2222 1293 2292 distulit
1340 2235 1622 2292 sanctus
1673 2222 1918 2291 audire
1967 2242 2195 2291 vocem
2242 2223 2529 2312 pauperi
2566 2223 2699 2291 sui.

162 2316 335 2380 Nam
383 2311 584 2379 bomo
626 2311 740 2381 ille
773 2311 1281 2402 licetjussisset
1328 2311 1475 2380 dari
1534 2333 1846 2391 munera,
1901 2311 2199 2380 ostendit
2248 2323 2529 2381 sanctus
2584 2316 2710 2379 Do-

168 2399 371 2481 mini,
401 2422 472 2468 se
500 2400 615 2469 illa
652 2422 784 2469 non
816 2413 1229 2490 acceptasse.
1262 2400 1452 2470 Unde
1485 2400 1757 2470 rediens
1792 2422 2112 2490 pervasor
2138 2400 2447 2482 domum,
2476 2400 2710 2470 amisit

174 2488 524 2578 spiritum,
567 2491 954 2579 recepitque
986 2488 1271 2560 ecclesia
1314 2513 1418 2559 res
1452 2512 1637 2562 suas.

808 2689 911 2753 DE
961 2689 1570 2755 TRANSLATIONE
1621 2689 1688 2754 S.
1744 2689 2073 2755 REMIGII

254 2844 285 2930 ἓ
332 2848 406 2914 Ι.
455 2842 756 2932 sepulto,
803 2856 879 2913 ut
909 2843 1403 2934 praediximuS,
1447 2866 1732 2935 corpore
1765 2845 1943 2914 beati
1980 2845 2275 2935 Remigii
2310 2845 2377 2914 in
2419 2845 2704 2916 ecclesia

166 2933 386 3002 sancti
438 2932 929 3023 Christopbori‚
975 2955 1134 3002 cum
1188 2934 1402 3003 multa
1452 2947 1514 3003 et
1565 2934 1902 3023 stupenda
1960 2934 2295 3002 miracula
2343 2934 2411 3002 in
2464 2933 2699 3003 eadem

162 3021 453 3091 ecclesia
496 3043 616 3122 per
664 3022 904 3091 merita
939 3021 1112 3112 ejuS,
1157 3023 1424 3091 Domini
1463 3024 1683 3113 gratia
1730 3023 1992 3102 fierent,
2046 3021 2375 3112 ampliata
2423 3036 2486 3092 et
2519 3023 2731 3092 exal--

164 3122 302 3179 tata
350 3124 452 3181 est
499 3133 649 3198 ipsa
695 3110 1007 3179 ecclesia.
1049 3116 1127 3179 Et
1156 3110 1332 3180 facta
1367 3116 1608 3199 crypta
1639 3124 1817 3180 retro
1852 3108 2086 3191 altare,
2124 3111 2192 3178 in
2229 3116 2434 3198 q‘uam
2482 3125 2705 3181 trans-

160 3199 458 3269 ferretur
499 3221 751 3289 corpus
801 3199 1314 3269 sanctissimum
1348 3253 1363 3280 ,
1410 3201 1733 3270 effossum
1786 3212 1886 3268 est
1933 3198 2016 3267 de
2063 3198 2210 3270 loco
2255 3202 2324 3269 in
2357 3222 2493 3288 quo
2532 3215 2698 3284 erat,

159 3302 242 3357 ut
290 3288 358 3356 in
410 3286 689 3369 fossam,
745 3286 993 3357 factam
1031 3288 1097 3356 in
1139 3302 1514 3358 memorata
1546 3300 1811 3376 crypta,
1844 3287 2322 3378 deponeretur,
2363 3289 2478 3359 sed
2512 3290 2708 3372 nullo

160 3375 369 3445 modo
421 3377 669 3446 moveri
724 3376 966 3465 potuit.
1032 3378 1564 3466 Superveniente
1613 3389 1840 3446 autem
1895 3389 2112 3457 nocte,
2176 3391 2240 3447 et
2291 3392 2701 3467 pernoctan-

158 3465 350 3535 tibus
398 3463 726 3534 fratribus
776 3466 842 3533 in
895 3465 1172 3552 hymnis
1212 3481 1272 3535 et
1322 3467 1633 3544 canticiS,
1686 3465 1923 3535 multis
1983 3467 2291 3536 accensis
2342 3467 2704 3535 luminari-

157 3555 319 3635 buS,
372 3554 554 3622 circa
584 3552 883 3622 mediam
923 3565 1188 3623 noctem
1231 3576 1436 3644 sopor
1468 3555 1536 3622 in
1566 3573 1807 3622 omnes
1837 3555 2061 3624 irruit.
2103 3561 2178 3624 Et
2212 3555 2706 3646 evigilantibus

154 3643 284 3722 eis,
340 3641 648 3711 calendis
677 3643 975 3712 octobris
1012 3664 1172 3713 cum
1215 3643 1652 3713 sanctissimo
1685 3664 1969 3733 corpore
2011 3644 2409 3732 sepulcrum
2463 3645 2699 3713 inven-

156 3745 306 3800 tum
359 3744 460 3800 est
521 3729 589 3798 in
655 3728 832 3800 fossa
897 3745 1216 3821 cryptae,
1277 3746 1453 3801 retro
1500 3731 1713 3801 altare
1763 3732 1997 3801 factae.
2076 3736 2425 3819 Tantaque
2486 3733 2702 3823 evigi-

156 3819 382 3890 lantes
420 3818 651 3890 odoris
690 3821 1022 3889 suavitate
1071 3820 1309 3909 repleti
1358 3833 1519 3891 sunt
1563 3842 1802 3891 omnes
1849 3821 1969 3908 qui
2009 3820 2400 3902 adsuerunt,
2444 3834 2522 3891 ut
2572 3822 2701 3890 bu-

155 3927 369 3978 mana
419 3908 663 3998 lingua
698 3908 826 3977 hoc
871 3909 1065 3978 effari
1113 3930 1248 3977 non
1294 3910 1549 3978 valeat:
1595 3922 1660 3979 et
1708 3910 1806 3979 sic
1860 3931 1979 4000 per
2028 3922 2232 3980 totam
2284 3909 2464 3978 diem
2518 3925 2582 3981 et
2626 3911 2694 3978 in

154 3997 539 4067 crastinum
593 3998 740 4087 ipse
786 3997 956 4067 odor
1003 3998 1071 4065 in
1123 3997 1359 4066 eadem
1411 3997 1702 4068 ecclesia
1751 3999 2224 4089 perseveravit.
2261 4003 2415 4088 Ipsa
2470 4021 2557 4068 ue
2585 3999 2701 4069 die

159 4086 631 4157 translationis
670 4086 859 4176 ejuS‚
900 4108 1058 4155 cum
1112 4085 1364 4156 divinis
1412 4087 1741 4157 laudibus
1790 4100 2107 4176 sumptae
2155 4102 2317 4158 sunt
2366 4109 2436 4158 re
2468 4088 2700 4175 iquiae

159 4198 196 4244 a
248 4197 535 4265 corpore
582 4174 795 4255 itlius,
858 4174 941 4244 de
988 4173 1259 4264 capillis
1310 4175 1621 4245 videlicet
1683 4176 1879 4265 ejus,
1933 4188 1998 4246 et
2045 4177 2282 4246 casula
2343 4199 2423 4246 ac
2464 4177 2696 4245 tunica

161 4264 421 4353 ipsius:
460 4277 524 4333 et
557 4263 941 4333 involutum
971 4276 1072 4332 est
1103 4285 1354 4354 corpus
1387 4265 1578 4334 illius
1614 4266 1985 4354 integrum,
2022 4264 2137 4334 sed
2169 4264 2580 4335 exsiccatum
2612 4264 2701 4335 de

161 4350 466 4421 brandeo
517 4353 752 4422 rubeo.

251 4444 286 4529 §
355 4445 444 4510 2.
515 4447 840 4512 Processu
896 4441 1193 4529 denique
1249 4442 1579 4531 temporis
1636 4440 1925 4530 Pipinus
1974 4462 2130 4524 rex,
2199 4441 2419 4512 Caroli
2468 4443 2694 4531 Magni
