3347 4999
188 311 391 380 oc'tf„
429 312 516 377 92
957 332 1035 378 me
1083 332 1138 378 s.
1191 328 1459 379 ananelo
1503 332 1602 378 ΕΡ.
1642 326 1979 378 mennon.
2515 316 2643 383 659

185 417 388 485 mille
419 436 679 484 aureos.
714 417 989 484 »Inscri
1053 415 1139 486 tio
1186 416 1460 502 quidem
1516 416 1614 484 sic
1664 438 1735 485 se
1785 416 2076 485 habebat
2108 416 2191 484 ad
2246 416 2557 499 verbum,
2613 420 2730 491 sed

182 517 469 661 heinpus
506 525 615 627 ex*
634 524 719 572 ea‘
755 505 967 591 aliqui
1016 547 1017 550 =
1067 505 1380 587 detraxit,
1418 517 1484 575 et
1519 505 1763 587 effecit,
1801 519 1875 575 ut
1912 505 2222 575 nonnihil
2271 521 2500 598 postea
2548 507 2729 578 desi·

234 607 552 662 eraretttr
622 641 637 659 .

274 684 312 768 ξ
352 683 478 752 ⁰28
548 685 702 769 Ipse
739 680 1007 750 tandem
1048 704 1203 751 num
1241 683 1677 771 Presbyteros
1706 677 1913 752 simul
1947 695 2011 752 et
2046 683 2398 763 Diaconos,
2436 696 2501 753 et
2533 706 2730 771 quos·

179 768 694 839 dam-vocasset
732 792 810 839 ex
864 770 1149 859 populo:
1190 794 1225 836 «
1261 772 1504 847 Filioli,
1545 773 1792 856 inquit,
1845 772 2022 840 mihi·
2050 772 2326 858 quidem
2356 774 2499 862 jain
2540 775 2731 844 adest

181 861 369 927 vitae
404 858 589 940 finis,
624 871 685 927 et
735 861 926 932 abeo,
971 882 1011 928 o
1045 884 1203 950 grex
1249 862 1417 928 milti
1460 861 1739 940 dilecte;
1784 861 1952 930 abeo
1986 861 2068 930 ad
2112 861 2174 929 id
2205 915 2219 940 ,
2264 862 2444 948 quod
2492 863 2588 932 vel
2641 864 2727 933 ab

180 949 473 1024 ineunte
504 963 719 1018 aetate
752 948 1254 1028 desiderabam,
1301 952 1474 1019 vitae
1514 971 1767 1038 genus:
1799 963 1864 1018 et
1895 950 1976 1020 ad
2015 972 2198 1029 eum,
2234 951 2435 1035 cujus
2466 971 2591 1041 ego
2624 973 2728 1020 so-

176 1036 322 1107 lius
364 1054 593 1120 teneor
630 1037 988 1107 desiderio.
1026 1056 1090 1107 et
1124 1039 1325 1127 cujus
1355 1038 1587 1109 divino
1627 1060 1860 1106 amore
1895 1039 2324 1108 vehementer
2361 1040 2721 1121 incendor;

177 1131 357 1197 abeo
393 1149 550 1194 eum
593 1127 884 1196 visurus.
926 1128 1125 1197 Vobis
1155 1141 1380 1198 autem
1410 1127 1988 1211 considerandum
2019 1142 2142 1207 est,
2177 1150 2545 1213 quemnam
2579 1129 2728 1198 sitis

177 1217 383 1285 vobis
408 1215 684 1285 electuri
718 1217 1155 1305 Episcopum,
1187 1216 1305 1302 qui
1334 1231 1398 1284 et
1424 1239 1540 1286 vos
1574 1231 1723 1305 post
1755 1239 1857 1284 me
1894 1229 2144 1306 pascet,
2175 1218 2462 1304 etcujus
2496 1238 2726 1287 vocem

178 1306 431 1391 pulcre
478 1304 760 1374 audient
813 1327 998 1374 meae
1035 1328 1217 1384 oves,
1263 1327 1461 1391 quae,
1504 1320 1576 1373 ut
1608 1311 1737 1373 Deo
1773 1305 2013 1392 placet,
2055 1305 2140 1373 ab
2171 1328 2248 1374 eo
2288 1322 2724 1394 pascentur.»

176 1399 370 1464 Haec
403 1418 557 1462 cuin
592 1399 879 1462 Sanctus
913 1394 970 1461 ai
1013 1395 1316 1474 dixisset,
1359 1394 1455 1462 illi
1496 1418 1653 1462 cnm
1700 1415 1913 1482 pauca
1955 1395 2134 1462 inter
2167 1416 2239 1463 se
2267 1396 2728 1463 communiter

179 1484 399 1552 locuti
451 1497 699 1561 essent,
753 1482 1430 1570 Archipresbyterum
1487 1483 1851 1562 Ecclesiae,
1905 1484 2016 1550 cui
2051 1483 2253 1551 etiam
2296 1505 2540 1551 nomen
2578 1496 2725 1552 erat

175 1572 541 1650 Abercius‘,
580 1573 1038 1641 communiter
1074 1572 1449 1660 elegerunt.
1496 1572 1886 1653 Quinetiam
1934 1593 2091 1640 cuin
2147 1573 2292 1660 ipse
2349 1593 2625 1658 quoque
2662 1573 2726 1641 ei

176 1667 311 1731 sua
366 1663 696 1730 sententia
747 1659 1223 1730 confirmasset
1292 1662 1799 1747 Episcopatum,
1863 1661 1922 1728 ei
1977 1660 2271 1747 imponit
2326 1671 2727 1740 manus;·et

176 1773 347 1819 cum
391 1748 883 1818 benedixisset:
921 1772 957 1815 «
996 1755 1116 1829 Tu,
1159 1750 1401 1836 inquit,
1441 1771 1482 1816 o
1523 1749 1784 1827 Aberci,
1826 1770 2011 1818 nunc
2049 1750 2427 1839 Episcopus
2474 1750 2725 1819 consti·

180 1841 425 1915 ttwriS,
472 1842 600 1906 Deo
646 1839 871 1913 dante,
906 1851 971 1907 et
1006 1860 1111 1907 me
1149 1860 1446 1924 quoqne,
1479 1853 1816 1925 quantum
1859 1851 1963 1906 est
2009 1838 2078 1905 in
2119 1860 2265 1906 mea
2312 1851 2722 1926 potestate.»

181 1927 447 1996 Deinde
495 1949 650 1994 cum
715 1926 923 1995 simul
979 1950 1136 1995 cum
1200 1927 1421 1997 oculis
1475 1949 1723 1996 manus
1773 1927 1837 1993 in
1900 1926 2125 1997 coelos
2173 1926 2607 2006 sustulisset,
2658 1936 2724 1996 et

178 2021 398 2084 Deum
427 2027 710 2094 orasset,
754 2016 1001 2102 spiritu
1037 2016 1194 2084 hinc
1230 2015 1500 2093 recedit,
1536 2029 1603 2084 et
1637 2014 1878 2084 transit
1904 2015 1988 2084 ad
2029 2015 2399 2095 Christum,
2436 2015 2518 2084 ad
2558 2015 2724 2085 cho-

180 2127 300 2173 ros
352 2104 758 2193 Angelorum
805 2105 1273 2183 transmissus,
1317 2105 1433 2190 qni
1489 2127 1557 2173 re
1620 2109 1776 2176 ,vera
1820 2104 2072 2172 vixerat
2114 2117 2186 2173 ut
2234 2109 2325 2172 An
2384 2103 2556 2172 eluS.
2599 2108 2721 2173 Po-

181 2192 403 2293 pulus
450 2209 703 2269 autem,
756 2193 872 2278 qui
944 2194 1292 2261 habitabat
1329 2194 1698 2273 civitatem,
1772 2207 2232 2282 congregatus
2289 2215 2324 2261 a
2442 2215 2719 2262 sacrum

180 2279 360 2348 illud
418 2282 537 2348 viri
578 2303 851 2366 corpus,
890 2304 1047 2350 cum
1098 2282 1191 2349 illi
1244 2303 1435 2350 sacra
1491 2280 1848 2350 cecinisset
1918 2282 2206 2361 cantica,
2252 2297 2315 2349 et
2366 2295 2717 2366 tamqnam

181 2390 630 2437 communem
683 2368 981 2454 aliquem
1037 2369 1430 2439 thesaurum
1484 2369 1918 2449 sustulisset,
1961 2370 2290 2460 »deposuit
2341 2369 2406 2438 in
2462 2369 2715 2459 lapide,

182 2457 828 2548 vigesimosecundo
881 2459 1134 2527 mensis
1164 2459 1495 2528 Octobris.
1539 2460 1787 2528 Deinde
1824 2482 1981 2529 cum
2018 2482 2204 2540 eum,
2257 2459 2375 2546 qui
2427 2460 2514 2529 ab
2573 2459 2720 2547 ipso

181 2561 541 2632 act-eperat
570 2548 1077 2634 Episcopatum‚
1112 2549 1178 2615 in
1208 2550 1357 2633 ejus
1393 2548 1709 2617 thronum
1747 2548 2214 2628 deduxissent,
2258 2548 2721 2619 communiter

185 2635 722 2726 magnificat-unt
774 2641 1007 2711 Deum,
1044 2637 1162 2722 qui
1214 2654 1313 2705 est
1347 2660 1554 2721 super
1590 2638 1907 2707 thronum
1948 2638 2203 2728 gloriae
2241 2637 2474 2727 regni:
2508 2656 2717 2722 quein

181 2724 382 2793 deceat
414 2724 642 2793 omnis
676 2726 911 2807 honor,
939 2726 1158 2815 gloria
1189 2741 1253 2795 et
1281 2724 1611 2809 adoratio,
1651 2749 1837 2797 nunc
1869 2739 1935 2797 et
1966 2749 2258 2817 semper,
2290 2742 2355 2795 et
2389 2726 2455 2792 in
2489 2723 2722 2795 secula

181 2813 608 2894 seculorum,
645 2819 878 2883 Amen.

177 2976 430 3069 “gumane
450 2976 634 3068 diebus,
652 2977 852 3017 multum
872 2974 997 3017 inter
1014 2973 1253 3025 len-aditos,
1269 2977 1329 3018 de
1348 2976 1437 3017 hoc
1455 2973 1706 3030 Epitaphio
1725 2976 2021 3027 disputatum
2039 2972 2155 3023 tuin
2186 2984 2272 3018 nec
2290 2973 2426 3016 litem
2444 2981 2725 3029 componere

295 3040 322 3069 Θ
351 3039 402 3070 Θ.
429 3041 454 3069 Θ
480 3057 490 3070 .
