3347 4999
686 316 816 380 720
1170 328 1253 379 na
1305 332 1397 380 ss.
1452 333 1641 379 nar.
1695 332 1983 380 caisano
2033 333 2106 379 ar
2151 331 2557 380 calsrmiano
2825 313 3004 380 OCT.
3060 315 3149 384 25

597 418 830 500 miser,
886 416 1264 508 benignum
1318 422 1554 497 Deum,
1598 416 1721 504 qui
1764 429 1827 486 te
1868 416 2237 506 indignum
2295 416 2612 507 permisit
2655 415 2847 486 evehi
2882 416 2970 486 ad
3015 416 3150 486 im-

599 507 906 608 perium:
981 527 1143 576 cum
1196 517 1272 576 tu
1320 504 1510 574 illius
1557 504 1950 576 immortale
2008 527 2298 597 regnum
2364 506 2433 574 in
2481 506 2680 575 terris
2724 505 2983 576 frustra
3035 527 3157 576 co-

599 617 785 668 neris
831 608 1152 665 evertere.
1202 620 1227 656 ι
1472 606 1480 614 ·

683 687 723 772 ἃ
767 687 861 756 8.
923 690 1096 754 Tum
1139 682 1597 753 Maximianus
1646 683 1883 754 furore
1929 705 2292 764 accensus,
2339 682 2548 752 tradit
2585 702 2703 754 eos
2737 683 3153 761 Rictiovaro‚

595 776 1139 860 obtestaturque,
1196 785 1272 842 ut
1303 771 1452 846 dire
1483 793 1600 841 eos
1631 771 2154 853 excruciandos,
2194 773 2682 859 teterrimaque
2730 784 2946 843 morte
3004 794 3160 862 per-

596 861 862 934 dendos
915 873 1136 933 curet.
1173 866 1320 931 Mox
1381 860 1691 932 crudelis
1754 862 2083 931 immanis
2134 861 2411 950 tyranni
2472 861 2906 940 administer,
2963 860 3162 949 iubet

596 958 888 1023 Sanctos
923 952 1104 1022 viros
1152 950 1239 1020 ad
1285 950 1656 1021 trochleam
1703 964 2017 1022 extensos
2061 949 2363 1021 fustibus
2401 950 2620 1020 caedi.
2663 949 2771 1019 Illi
2811 971 2971 1020 vero
3004 951 3158 1019 ani-

601 1041 733 1111 mis
771 1040 1093 1110 coelestia
1122 1039 1701 1131 contemplanteS,
1737 1040 1986 1110 Christi
2033 1061 2232 1128 opem
2276 1052 2340 1108 et
2368 1039 2708 1109 auxilium
2744 1038 3148 1129 implorant.

596 1129 899 1200 Audiens
946 1129 1379 1200 Rictiovarus
1416 1150 1534 1199 eos
1598 1150 1835 1220 preces
1876 1128 2140 1199 Christo
2189 1129 2551 1198 offerentes
2580 1182 2595 1208 ,
2640 1149 2814 1215 quos
2867 1129 3158 1218 putabat

597 1240 761 1308 prae
807 1217 1067 1288 doloris
1106 1218 1477 1288 acerbitate
1515 1217 1921 1307 ejulaturos,
1978 1216 2108 1286 fert
2156 1217 2670 1307 indignissime,
2726 1217 3154 1304 mandatque

595 1306 804 1378 sudes
839 1307 1015 1378 inter
1041 1306 1418 1396 digitorum
1456 1329 1728 1398 ungues
1758 1321 1823 1376 et
1852 1329 2130 1377 earnem
2165 1307 2399 1397 defigi,
2438 1329 2519 1376 ex
2556 1305 2731 1394 pelle
2770 1305 2961 1376 dorsi
2999 1328 3149 1376 cor-

598 1396 808 1486 rigias
855 1396 1148 1465 excindi.
1192 1400 1436 1465 Parent
1484 1396 1834 1475 satellites,
1873 1397 2123 1467 acriter
2164 1396 2231 1464 in
2275 1395 2531 1486 digitos
2562 1394 2859 1484 adigunt
2910 1410 3150 1465 acutas

469 1563 474 1568 ‚
589 1485 843 1565 sudes;
889 1490 1217 1575 Martyres
1267 1484 1445 1555 inter
1490 1485 1874 1555 horrendos
1917 1486 2270 1556 cruciatus
2316 1507 2437 1574 spe
2456 1484 2876 1586 gaudentes,
2920 1483 2993 1553 in
3031 1485 3150 1554 tri·

598 1573 950 1644 bulatione
981 1575 1336 1665 patientes„
1376 1586 1573 1644 orant
1614 1574 2010 1655 Dominum,
2050 1588 2127 1645 ut
2158 1576 2247 1643 ab
2282 1572 2565 1643 homine
2626 1572 2867 1658 iniquo
2915 1586 2986 1642 et
3028 1573 3148 1643 do·

597 1661 743 1733 loso
792 1663 979 1753 ipsos
1028 1663 1291 1732 liberet.
1329 1667 1470 1732 Non
1521 1676 1895 1734 cunctatur
1942 1662 2167 1733 bonus
2218 1663 2592 1742 Dominus;
2636 1661 2930 1731 exiliunt
2970 1685 3009 1730 e
3052 1663 3152 1731 di-

593 1751 759 1843 gitis
806 1754 1015 1823 sudes
1066 1762 1252 1822 tanta
1300 1752 1387 1831 vi,
1455 1764 1528 1820 ut
1577 1751 1918 1838 quosdam
1987 1773 2023 1820 e
2086 1751 2423 1821 ministris
2472 1750 2914 1831 interfecisse,
2981 1751 3151 1822 alios

593 1841 995 1913 vulnerasse
1043 1841 1375 1910 ferantur.
1432 1846 1507 1909 At
1558 1841 1993 1910 Rictiovarus
2052 1863 2213 1930 prae
2262 1840 2491 1910 furore
2542 1840 2898 1910 insaniens
2928 1893 2949 1920 ,
3012 1863 3149 1910 mo·

597 1928 776 2001 lares
826 1929 1091 2020 lapides
1143 1928 1476 2020 praecipit
1525 1929 1612 1998 ad
1660 1936 2036 2019 Martyrum
2087 1928 2265 2000 colla
2304 1929 2604 2019 alligari,
2664 1941 2731 1999 et
2780 1930 2845 1996 in
2886 1930 3145 1999 flumen

591 2039 711 2089 eos
744 2023 1044 2089 Axonam
1075 2018 1111 2053 ³*
1143 2018 1477 2110 demergi,
1519 2032 1591 2089 ut
1625 2018 1848 2108 glacie
1887 2019 2308 2089 crucientur.
2351 2024 2679 2107 Martyres
2711 2017 2867 2088 laeti
2901 2031 2972 2086 et
3011 2018 3147 2088 ala·

595 2128 769 2189 eree,
809 2108 1081 2177 divinae
1131 2107 1400 2177 virtutis
1450 2120 1647 2177 scuto
1686 2107 1993 2198 protecti,
2061 2111 2377 2178 creatura
2428 2107 2762 2177 serviente
2795 2128 2922 2175 suo
2957 2111 3149 2176 Crea-

598 2196 750 2276 tori,
796 2219 918 2267 nec
951 2196 1152 2283 aquis
1189 2212 1621 2288 merguntur,
1683 2217 1806 2264 nec
1840 2196 2024 2265 saxis
2062 2209 2498 2284 premuntur,
2541 2216 2663 2265 nec
2699 2194 2954 2286 frigore
2985 2216 3148 2265 con-

596 2285 1078 2374 stringuntur:
1133 2285 1347 2354 immo
1401 2285 1626 2374 potius
1679 2307 1808 2354 eeu
1856 2284 2134 2354 aestivis
2181 2285 2440 2370 quibus
2490 2284 2780 2354 lavacris
2830 2285 3141 2358 recreati.

591 2372 862 2531 {biecto
914 2372 1155 2443 molari
1199 2372 1524 2463 pondere,
1562 2373 1649 2443 ad
1688 2373 2081 2443 ulteriorem
2133 2374 2448 2443 fluminis
2490 2374 2714 2463 ripam
2761 2372 3146 2444 incolumes

642 2475 901 2533 natant.

683 2553 719 2637 ἓ
761 2557 843 2625 Ι.
896 2557 988 2621 Eo
1050 2564 1417 2641 conspecto
1468 2551 1808 2622 miraculo
1859 2551 2289 2622 Rictiovarus
2337 2574 2375 2621 a
2428 2552 2611 2621 malo
2661 2551 3001 2621 daemone
3050 2552 3144 2621 ira

595 2640 1094 2719 inflammatus,
1124 2641 1325 2728 jubet
1368 2641 1469 2711 eis
1518 2641 1797 2710 vincula
1837 2640 2061 2729 injici,
2104 2642 2501 2728 vinctosque
2530 2640 2892 2716 custodiri,
2931 2639 3144 2709 donec

598 2728 963 2819 plumbum
1014 2729 1482 2816 colliquescat.
1536 2735 1627 2799 Eo
1679 2729 2069 2818 liquefacto,
2118 2735 2448 2818 Martyres
2478 2729 2677 2820 jubet
2709 2731 2777 2798 in
2818 2729 2990 2800 illud
3025 2728 3143 2797 de-

597 2818 782 2909 poni.
835 2817 958 2888 Sed
1020 2818 1193 2888 nihil
1248 2818 1454 2888 laedit
1504 2818 1715 2908 igniS‚
1775 2839 1950 2904 quos
2003 2819 2249 2889 Christi
2302 2819 2557 2888 invicta
2605 2819 2925 2889 servabat
2988 2817 3149 2887 dex·

596 2911 755 2975 tera.
798 2911 1007 2977 Orant
1055 2908 1122 2976 in
1177 2907 1399 2977 medio
1453 2907 1737 2996 plumbo
1786 2908 2004 2976 sancti
2058 2913 2409 2997 Martyres,
2463 2919 2527 2977 et
2571 2921 2705 2977 tres
2769 2929 3025 2996 pueros
3077 2909 3145 2976 in

585 2995 863 3065 camino
912 2995 1275 3066 chaldaico
1329 2996 1690 3067 Dominum
1747 2995 2130 3076 laudantes»,
2188 2996 2570 3075 imitantur,
2637 3009 3147 3084 cantantesque

592 3082 878 3153 dicunt:
915 3086 1185 3175 Adjuva
1215 3109 1354 3164 nos,
1397 3090 1588 3166 Deus,
1627 3087 1959 3154 salutaris
1980 3095 2222 3165 noster,
2260 3095 2324 3154 et
2359 3095 2638 3176 propter
2677 3087 3003 3156 honorem
3037 3108 3150 3156 no·

591 3174 792 3242 minis
826 3175 949 3253 tui,
989 3176 1284 3256 Domine,
1325 3176 1538 3244 libera
1565 3198 1705 3253 nos,
1738 3183 1800 3244 et
1830 3176 2164 3264 propitius
2197 3185 2331 3244 esto
2412 3177 2657 3244 ceratis
2703 3177 2952 3244 nostris
2983 3198 3145 3266 pro·

582 3271 740 3351 pter
772 3285 1005 3330 nomen
1038 3273 1271 3331 tuum:
1330 3286 1413 3334 ne
1464 3266 1637 3351 sorte
1683 3264 1911 3332 dicant
1957 3274 2231 3353 pentes:
2298 3269 2350 3333 U
2393 3265 2420 3332 i
2462 3274 2557 3333 est
2615 3269 2787 3332 Deus
2848 3265 3149 3334 eorum?

581 3349 800 3437 (Psal.
854 3349 989 3438 78).
1047 3352 1186 3420 Sub
1236 3351 1344 3422 his
1397 3352 1719 3440 precibus
1755 3352 1943 3421 exilit
1976 3366 2165 3441 gutta
2197 3350 2519 3422 ferventis
2556 3351 2821 3442 plumbi
2863 3354 2931 3421 in
2970 3375 3137 3422 ocu-

591 3437 736 3506 lum
790 3438 1175 3513 Rictiovari.
1213 3451 1278 3508 et
1319 3462 1567 3530 magno
1608 3439 1841 3510 dolore
1875 3442 2343 3510 excruciatum
2393 3454 2731 3511 occaecat.
2798 3446 2876 3510 At
2922 3443 3139 3511 miser

592 3524 706 3595 ille
756 3525 983 3596 surore
1035 3528 1356 3615 percitus.
1409 3551 1567 3598 cum
1619 3528 1895 3599 deberet
1941 3528 2249 3619 corporis
2283 3541 2347 3599 et
2385 3530 2604 3599 animi
2644 3543 2961 3618 expetere
2997 3552 3144 3601 me-

588 3614 919 3695 dicinam,
972 3616 1217 3703 picem,
1257 3616 1531 3707 adipem
1568 3631 1633 3686 et
1665 3619 1893 3687 oleum
1931 3618 2354 3687 commixtim
2390 3619 2592 3709 jubet
2656 3619 3019 3697 fervefieri,
3082 3631 3145 3687 et

591 3709 921 3794 Martyres
956 3704 1021 3772 in
1058 3726 1138 3775 ea
1183 3706 1566 3795 praecitari.
1613 3710 1841 3790 Ocyus
1896 3707 1971 3776 fn
2016 3706 2195 3793 quod
2239 3708 2551 3797 jubetur,
2591 3708 2709 3776 sed
2774 3708 2953 3778 beati
3005 3707 3145 3775 Viri

591 3794 878 3863 immota
926 3794 1145 3863 animi
1202 3816 1322 3885 spe
1370 3795 1654 3875 alacre3‚
1694 3795 1984 3866 fidenter
2016 3796 2213 3884 ajunt
2261 3796 2343 3865 ad
2400 3796 2817 3866 Dominum:
2872 3820 2907 3861 «
2948 3800 3141 3864 Potes

591 3883 877 3953 Domine
928 3883 1219 3953 liberare
1269 3906 1392 3953 nos
1441 3885 1528 3954 ab
1579 3884 1689 3953 his
1721 3885 1917 3971 impii
1955 3885 2314 3954 Rictiovari
2352 3885 2871 3955 cruciamentis.
2904 3888 3138 3968 Itaque

587 3971 769 4041 sicut
818 3971 1094 4043 voluisti
1145 3994 1267 4042 nos
1322 3974 1459 4060 pati
1514 3994 1633 4064 pro
1681 3973 2113 4043 consessione
2160 3975 2381 4042 sancti
2427 3973 2731 4045 nominis
2768 3974 2891 4049 tui,
2927 3973 3015 4041 ita
3051 3970 3141 4040 ad

592 4058 1048 4148 ignominiam
1093 4061 1350 4131 diaboli
1401 4076 1467 4132 et
1513 4061 1885 4132 satellitum
1925 4062 2101 4150 ejuS‚
2156 4062 2244 4131 ab
2286 4062 2394 4133 his
2447 4063 2684 4153 poenis
2716 4062 2987 4132 illaesos
3017 4083 3148 4130 nos

588 4147 884 4218 educere
920 4149 1232 4239 digneris
1298 4174 1335 4218 »
1371 4152 1493 4221 His
1540 4150 1768 4235 dictis,
1804 4174 1959 4221 mox
1995 4151 2187 4223 adest
2218 4164 2500 4223 sanctus
2540 4150 2865 4242 Angelus,
2903 4166 2969 4222 et
2996 4152 3149 4221 sine

589 4233 830 4305 dolore
877 4240 1173 4308 extrahit
1211 4262 1328 4312 eos
1376 4242 1463 4311 ab
1513 4242 1696 4331 igne.

641 4448 668 4475 ²⁸
698 4447 891 4497 Gallice,
912 4450 1060 4493 Arm.
