3347 4999
698 328 825 393 492
1492 344 1570 390 mr
1620 344 1676 391 s.
1731 343 2023 390 nenwma
2073 342 2265 390 vium
2836 322 2999 390 OCT.
3049 327 3119 390 ⁴7

612 441 812 506 esset.
882 430 1001 518 qui
1067 427 1326 515 aliquid
1391 428 1452 496 ei
1515 427 1866 498 molestiae
1904 440 2023 498 aut
2060 426 2243 515 quod
2283 426 2856 517 perturbationem
2904 428 3121 497 afferre

620 530 870 607 posset,
924 517 1166 604 quavis
1216 517 1477 586 ratione
1533 516 1911 595 intulisset,
1993 515 2164 586 nihil
2214 516 2302 585 ab
2347 538 2425 586 ea
2475 516 2785 597 audivit,
2839 516 2967 585 nisi
3010 516 3121 586 hoc

617 607 996 693 dumtaxat,
1035 619 1153 676 aut
1199 606 1555 696 quippiam
1607 606 1976 692 eiusmodi,
2033 604 2299 695 placide
2344 618 2408 675 et
2460 605 2700 675 leniter
2745 605 2833 674 ab
2878 626 2954 675 ea
2989 626 3123 691 pro·

616 694 880 764 latum:
935 700 1069 766 Cur
1116 695 1243 764 hoc
1293 693 1557 764 fecisti?
1599 698 1625 763 Ι
1729 707 1916 763 oscat
1947 695 2070 764 tibi
2120 698 2318 763 Deus.
2376 699 2464 763 Ea
2501 693 2690 764 illius
2740 694 2925 763 fuere
2973 714 3116 784 erga

610 805 749 864 eos,
814 784 932 870 qui
1001 782 1384 853 molestiam
1437 782 1499 851 ei
1552 804 1630 851 ex
1689 784 1970 861 iberent‚
2009 783 2317 852 convicia
2363 796 2428 852 et
2473 783 2909 873 improperia,
2945 795 3122 868 atque

611 872 798 943 hunc
851 872 917 941 in
972 871 1257 942 modum
1310 872 1466 941 illos
1514 871 2000 942 ulciscebatur.
2070 871 2325 941 Accidit
2383 872 2821 959 quandoque,
2858 884 2931 941 ut
2956 892 3121 941 unus

609 982 689 1029 ex
741 961 1076 1031 ministris
1123 962 1275 1050 ejus
1307 960 1665 1030 dicebatur
1705 961 1763 1030 is
1795 958 2253 1041 ChualizlauS,
2300 974 2528 1049 postea
2562 960 2778 1031 sancti
2814 959 3122 1029 Dominici

609 1049 1004 1120 institutum
1033 1048 1455 1140 complexus,
1485 1061 1620 1117 tres
1641 1049 1791 1138 ejus
1810 1048 2155 1139 elegantes
2188 1049 2485 1205 scf'phos
2524 1061 2883 1139 argenteos
2906 1047 3119 1149 perde·

609 1149 732 1207 ret.
760 1143 835 1207 At
870 1138 983 1207 illa
1016 1159 1370 1226 nunquam
1404 1136 1472 1206 id
1505 1138 1567 1206 ei
1596 1138 2106 1227 improperavit,
2141 1137 2260 1207 nul
2292 1139 2676 1207 acommoti
2707 1139 2921 1207 animi
2945 1136 3120 1226 signa

612 1228 933 1306 ostendit,
991 1248 1111 1295 nec
1160 1225 1350 1296 aliud
1401 1226 1594 1304 dixit,
1636 1226 1812 1296 nisi:
1858 1227 2001 1306 Abi,
2046 1239 2111 1294 et
2139 1247 2390 1312 quaere
2420 1226 2846 1317 diligentius,
2889 1225 2946 1295 si
2977 1224 3121 1294 forte

617 1316 841 1406 possis
872 1315 1178 1385 invenire
1204 1313 1386 1402 quod
1421 1313 1846 1405 negligenter
1868 1314 2290 1385 custodivisti
2319 1339 2333 1396 3
2369 1314 2575 1402 idque
2600 1328 2788 1385 tanta
2818 1313 3119 1384 modestia

616 1403 1123 1494 pronunciavit,
1175 1417 1252 1474 ut
1298 1425 1499 1493 aegre
1545 1402 1720 1473 ferre
1768 1425 1902 1473 non
1948 1416 2171 1493 posset
2222 1403 2426 1473 homo
2466 1406 2617 1493 ejus
2661 1403 2907 1494 culpae
2954 1423 3112 1480 reus,

614 1492 1203 1580 quemadmodum
1259 1493 1276 1560 i
1334 1514 1405 1562 se
1467 1503 1699 1582 postea
1750 1503 2035 1562 testatus
2086 1505 2208 1561 est.
2248 1497 2322 1561 ln
2385 1493 2471 1561 iis
2516 1494 2750 1574 rebus,
2788 1513 2960 1580 quae
2998 1511 3119 1558 ma·

614 1603 818 1671 gnam
883 1592 1156 1671 possent
1204 1515 1444 1650 afligi-re
1479 1580 2088 1682 perturbationem,
2127 1580 2389 1649 virilem
2435 1602 2708 1671 semper
2750 1594 2951 1668 atque
2979 1599 3118 1649 con·

613 1683 901 1739 stantem
955 1671 1295 1750 animum,
1366 1681 1429 1738 et
1469 1669 1854 1759 Jucundam
1908 1669 2145 1738 faciem
2201 1670 2584 1750 exhibebat,
2622 1671 2749 1739 hoc
2814 1671 2961 1759 ipso
3015 1667 3116 1735 do-

614 1781 800 1837 cens,
857 1759 1179 1848 patientia
1238 1758 1617 1828 molestiam
1669 1780 1941 1828 omnem
1995 1758 2484 1847 superandam.
2558 1764 2722 1828 Cum
2802 1756 3106 1826 nuncium

615 1847 988 1935 accepisset
1048 1847 1230 1937 capti
1294 1860 1357 1916 et
1406 1848 1701 1938 graviter
1736 1846 2068 1918 vulnerati
2125 1847 2350 1915 mariti
2415 1848 2526 1916 sui
2589 1848 2794 1917 Ducis
2841 1843 3108 1921 Henrici,

614 1958 819 2024 quem
871 1935 1261 2015 conradus,
1319 1937 1750 2006 Cirnensium
1804 1940 1946 2004 Dux
1993 1935 2073 2015 *,
2134 1947 2427 2025 ceperat,
2496 1934 2868 2023 tranquillo
2913 1934 3112 2004 animo

615 2025 981 2095 mitissime
1032 2025 1427 2114 respondit:
1466 2048 1500 2090 «
1541 2029 1749 2112 Spero
1797 2024 1984 2094 brevi
2032 2046 2190 2093 eum
2230 2023 2592 2094 liberatum
2637 2024 2717 2093 iri
2757 2047 2797 2093 a
2832 2022 3105 2099 Domin0,

611 2126 676 2182 et
727 2112 1128 2182 vulneribus
1174 2113 1327 2201 ejus
1368 2114 1700 2203 integram
1752 2112 2146 2182 adfuturam
2199 2113 2600 2182 sanitatem:
2635 2136 2672 2179 »
2721 2112 2905 2201 quod
2944 2122 3002 2181 et
3033 2108 3110 2207 sa·

612 2213 799 2270 ctum
862 2214 984 2270 est.
1058 2206 1220 2271 Cum
1286 2203 1468 2271 enim
1542 2207 1791 2271 Ducem
1857 2201 2053 2270 illum
2105 2201 2490 2270 Conradum
2566 2200 2781 2272 nullis
2826 2217 3109 2289 quamvts

613 2290 850 2376 aequis
900 2289 1416 2360 conditionibus
1465 2304 1615 2381 post
1664 2289 1917 2360 multos
1966 2302 2293 2360 tractatus
2329 2290 2697 2377 quisquam
2753 2305 3112 2380 permovere

615 2390 882 2468 posset,
940 2390 1015 2447 ut
1079 2379 1426 2468 captivum
1493 2380 1873 2469 principem
1933 2378 2347 2457 dimitteret,
2409 2378 2681 2448 tandem
2730 2380 2951 2449 visum
3004 2386 3106 2450 est,

612 2466 825 2536 armis
873 2465 1307 2537 subditorum
1367 2488 1647 2539 suorum
1696 2468 1760 2538 vi
1819 2466 2014 2537 illum
2077 2480 2263 2537 extor
2312 2468 2496 2548 uere,
2552 2480 2615 2538 et
2653 2468 2723 2536 in
2764 2466 3106 2538 libertatem

610 2555 984 2624 vindicare.
1019 2556 1142 2626 Sed
1191 2556 1436 2626 Christi
1486 2556 1762 2638 ancilla,
1800 2556 2163 2645 Hedwigis,
2199 2578 2277 2626 ex
2332 2578 2683 2627 orrescens
2716 2558 2804 2626 ad
2837 2556 3103 2625 futuram

609 2644 1151 2715 Christianorum
1197 2655 1519 2735 stragem,
1571 2644 2143 2731 fundendumque
2194 2645 2627 2735 sanguinem,
2667 2668 2792 2736 pro
2824 2643 3104 2715 omnium

612 2733 829 2803 salute
882 2756 1027 2804 sese
1060 2755 1431 2824 exponens,
1484 2734 1568 2803 ad
1619 2739 1873 2804 Ducem
1927 2734 2314 2803 Conradum
2416 2734 2664 2804 rofecta
2711 2747 2840 2804 est.
2879 2731 3019 2816 Qui,
3049 2737 3111 2796 ut

609 2843 760 2891 eam
810 2823 1186 2913 conspexit,
1228 2821 1509 2912 perinde
1543 2844 1621 2892 ac
1673 2824 1731 2893 si
1765 2821 2096 2913 Angelum
2142 2822 2255 2892 Dei
2293 2823 2354 2891 vi
2409 2823 2593 2904 isset,
2634 2822 2863 2893 subito
2897 2836 3108 2922 pavore

609 2911 1000 3000 corripitur,
1040 2911 1328 2981 ferocem
1397 2912 1734 2992 animum,
1797 2912 2130 2982 hactenus
2161 2911 2631 2992 inflexibilem,
2668 2910 2968 3001 deponit,
3001 2906 3108 3004 init

607 3001 1071 3081 concordiam,
1128 3013 1193 3069 et
1256 3005 1502 3070 Ducem
1563 3000 1937 3069 Henricum
1988 2999 2291 3068 dimittit.
2339 3001 2448 3069 Sic
2489 2998 2606 3068 illa
2646 3001 3104 3089 omnipotentis

608 3089 725 3157 Dei
764 3090 1010 3170 amica,
1047 3089 1213 3158 dum
1273 3089 1338 3157 in
1407 3090 1633 3179 seipsa
1688 3088 2038 3179 praeclaro
2075 3100 2326 3158 conatu
2363 3089 2835 3179 impatientiae
2864 3099 2926 3155 et
2955 3081 3104 3152 indi·

608 3178 953 3267 gnationis
991 3190 1216 3248 motus
1257 3200 1539 3268 prorsus
1572 3178 1867 3258 edomat,
1920 3178 1987 3245 in
2051 3176 2206 3247 aliis
2264 3177 2465 3247 etiam
2536 3177 2783 3247 virtute
2847 3170 3105 3244 mirifica

610 3286 726 3334 eos
773 3266 1189 3355 comprimit.
1251 3271 1419 3337 Sunt
1474 3267 1675 3336 etiam
1736 3267 1870 3335 alia
1923 3265 2289 3355 patientiae
2345 3267 2497 3355 ejus
2564 3287 2753 3335 exem
2812 3264 2920 3345 la,
2982 3271 3101 3329 tum

612 3368 883 3422 nostrae
932 3353 1450 3435 aedificationis,
1520 3369 1661 3425 tum
1728 3356 1879 3445 eJus
1919 3353 2214 3423 encomii
2274 3358 2523 3435 causa,
2591 3353 2730 3424 hau
2784 3365 3097 3441 quaquam

610 3441 1008 3511 omittenda.
3043 3522 3053 3534 ι

698 3532 735 3616 ξ
781 3535 926 3602 12.
993 3533 1253 3600 Mortuo
1312 3535 1489 3601 Duce
1553 3531 1871 3611 Henrico,
1926 3532 2076 3620 ejus
2126 3531 2408 3612 marito,
2456 3552 2639 3600 anno
2687 3529 2928 3600 Christi
2974 3520 3101 3594 mtl·

610 3617 852 3688 lesimo
915 3617 1383 3688 ducentesimo
1437 3621 1788 3709 trigesimo
1838 3633 2112 3700 octavo,
2175 3631 2334 3689 cum
2392 3641 2658 3689 sorores
2715 3641 2837 3690 seu
2895 3631 3100 3686 mona-

606 3706 775 3776 chae
835 3729 1076 3778 omncs
1123 3708 1623 3778 Trebniciensis
1670 3707 2006 3788 coenobii,
2047 3721 2232 3778 tanto
2291 3720 2575 3799 patrono
2633 3708 2909 3786 amisse,
2943 3718 3103 3772 acer-

608 3795 889 3866 bissime
961 3795 1314 3885 lugerent,
1365 3809 1440 3866 ut
1499 3818 1662 3885 prae
1722 3795 2045 3886 lacrymis
2115 3796 2610 3887 propemodum
2675 3795 3003 3868 deficere,
3049 3795 3103 3854 θῑ

604 3884 860 3955 multae
908 3907 988 3955 ex
1033 3885 1132 3953 eis
1182 3884 1364 3955 velut
1410 3886 1758 3954 exanimes
1807 3884 2199 3955 viderentur
2229 3938 2245 3965 ,
2296 3884 2414 3956 illa
2461 3886 2664 3955 siccis
2709 3883 2925 3955 oculis
2970 3897 3103 3975 mu-

605 3972 839 4045 liebris
887 3973 1104 4043 animi
1154 3974 1222 4043 in
1274 3975 1371 4045 eis
1422 3973 1775 4043 mollitiem
1829 3974 2404 4063 reprehendebat:
2442 3998 2478 4040 «
2508 3973 2682 4057 Quid
2722 3973 2835 4053 ita,
2879 3972 3096 4054 inquit,

603 4061 1032 4131 turbamini?
1077 4062 1344 4132 Adeone
1409 4062 1682 4131 divinae
1751 4084 1868 4133 vos
1930 4060 2135 4131 vultis
2203 4063 2513 4132 resistere
2560 4060 2931 4132 voluntati?
2977 4058 3095 4124 Non

604 4171 768 4220 sane
817 4149 883 4217 id
934 4151 1203 4239 expedit
1254 4150 1472 4234 nobis,
1541 4151 1980 4222 carissimae:
2047 4150 2325 4239 quando
2374 4155 2644 4221 Creator
2689 4165 2754 4220 et
2800 4155 3002 4239 potest
3040 4146 3095 4207 et

603 4238 802 4308 debet
870 4237 1090 4322 facere
1156 4239 1238 4309 de
1297 4262 1420 4309 sua
1469 4251 1781 4310 creatura
1830 4239 2089 4326 absque
2138 4240 2280 4312 ullo
2328 4240 2550 4310 taedio
2620 4250 2889 4317 nostro,
2937 4223 3096 4320 quod

601 4327 752 4418 ejus
800 4324 1200 4396 clementiae
1248 4328 1468 4398 visum
1523 4329 1646 4409 sit;
1700 4341 1764 4398 et
1810 4328 2139 4417 quicquid
2193 4328 2308 4398 ille
2341 4328 2424 4398 de
2459 4328 2660 4398 nobis
2693 4343 2757 4397 et
2783 4326 2956 4397 circa
2990 4334 3096 4386 nos

653 4453 680 4481 ¹⁸
707 4454 763 4494 In
781 4451 996 4494 Chronica
1014 4450 1281 4503 Principum
1301 4455 1596 4503 polonorum,
1616 4455 1857 4496 conradus
1876 4454 2072 4495 vocatur
2089 4457 2191 4496 Dux
2212 4455 2436 4506 cuj-vtae
2457 4456 2507 4497 et
2523 4455 2773 4496 Musonium
