3347 4999
183 311 355 378 OCT.
413 316 491 379 ,17
1063 332 1142 378 m:
1190 332 1245 379 s.
1299 328 1594 378 nnnwmss
1642 332 1832 378 vmuA
2499 312 2624 377 503

183 417 369 485 enim
418 431 483 485 et
530 415 671 498 illa,
709 428 775 484 et
805 438 885 485 ex
918 415 1202 485 adverso
1229 415 1437 485 frater
1474 416 1893 495 Herbordus,
1935 437 2133 506 saepe
2184 438 2306 505 pro
2352 415 2711 491 devotione

181 525 404 590 usque
454 505 622 574 adeo
656 517 919 595 raptam
971 505 1243 594 spiritu,
1279 517 1355 573 ut
1407 518 1584 574 esset
1622 505 2070 574 insensibilis.
2119 510 2393 574 Cosmas
2439 525 2714 591 quoque

182 604 513 663 strenuus
548 593 768 673 miles,
808 594 876 661 in
913 594 1063 682 ejus
1110 592 1489 662 ministerio
1523 592 1830 672 sedulus,
1885 593 2108 662 dicere
2158 592 2457 663 solebat:
2494 616 2530 658 «
2564 597 2718 662 Sae-

183 701 566 769 penumero
604 704 761 752 cum
805 681 1087 751 domina
1138 702 1289 750 mea
1328 681 1671 771 Hedwigis
1727 694 1902 750 esset
1943 682 2012 750 in
2049 681 2390 771 precibUS,
2447 681 2721 770 negotia

178 770 521 855 quaedam
562 792 668 839 me
700 769 887 839 illam
922 770 1109 839 adire
1143 770 1496 859 cogebant,
1538 770 1897 859 reperique
1935 791 2082 839 eam
2120 769 2288 839 adeo
2322 792 2361 838 a
2395 770 2720 838 sensibus

186 858 629 940 abstractam,
681 870 759 928 ut
794 879 900 927 me
938 880 1169 929 coram
1203 859 1351 948 ipsa
1401 870 1693 928 stantem
1733 881 1866 927 non
1902 872 2250 937 cerneret,
2299 857 2516 927 donec
2568 868 2722 946 post

180 944 470 1036 longum
514 960 644 1016 tem
702 947 840 1016 oris
890 947 1190 1037 spatium
1240 947 1323 1016 ad
1375 968 1446 1018 se
1500 948 1774 1017 rediret.
1801 970 1845 1031 ‚»
1889 947 2221 1036 Surgebat
2254 946 2531 1015 animus
2569 946 2720 1033 ejus

180 1055 223 1102 a
254 1037 551 1124 cognitis
583 1058 622 1104 a
701 1036 1073 1125 incognita,
1110 1057 1317 1123 seque
1350 1035 1434 1104 de
1467 1037 1752 1105 terrenis
1778 1036 1858 1103 ad
1895 1034 2212 1104 coelestia
2244 1034 2714 1114 transferebat,

186 1134 392 1209 atque
433 1147 468 1193 a
513 1123 899 1195 visibilibus
945 1125 1029 1193 ad
1081 1124 1450 1194 invisibilia
1487 1146 1557 1195 se
1594 1123 1996 1205 conferenS,
2050 1124 2117 1192 in
2171 1123 2431 1213 pulcris
2464 1143 2722 1213 cogno-

183 1212 417 1282 scebat
434 1213 1008 1293 Pulcherrimum,
1039 1234 1163 1282 nec
1185 1213 1348 1282 satis
1382 1214 1729 1302 poteratin
1765 1213 2097 1282 creaturis
2133 1211 2717 1302 magnificentiam

186 1302 523 1371 Creatoris
557 1302 908 1370 admirari.
965 1306 1176 1391 Saepe
1208 1301 1429 1371 oculis
1466 1303 1534 1371 in
1586 1302 1852 1372 coelum
1894 1301 2175 1371 intentis
2206 1356 2221 1382 ,
2278 1300 2595 1370 studebat
2640 1322 2720 1369 ex

182 1388 327 1457 visa
372 1389 729 1461 stellarum
780 1389 1085 1459 claritate
1132 1403 1196 1459 et
1234 1390 1404 1459 coeli
1454 1391 1701 1480 specie,
1748 1390 2050 1459 vivacius
2106 1390 2414 1460 coelestis
2465 1389 2721 1478 patriae

184 1497 420 1547 amore
460 1492 524 1548 et
556 1478 896 1548 desiderio
930 1479 1373 1548 inflammari.
1414 1485 1492 1548 Et
1534 1479 1943 1570 plerumque
1977 1500 2140 1547 sane
2178 1502 2255 1548 ex
2303 1478 2605 1547 siderum
2655 1489 2722 1547 et

183 1585 556 1668 corporum
589 1566 981 1636 coelestium
1034 1568 1628 1658 contemplatione,
1682 1568 1896 1636 animi
1952 1568 2231 1637 obtutus
2285 1567 2352 1634 in
2398 1571 2720 1635 Summae

189 1656 564 1741 MaJestatis
607 1655 929 1725 thronum
980 1655 1340 1746 defigebat,
1407 1657 1760 1742 divinique
1815 1655 2200 1745 splendoris
2258 1654 2487 1724 radios
2535 1658 2723 1724 tanta

185 1740 377 1812 intus
417 1746 617 1834 copia
650 1745 1092 1835 percipiebat,
1142 1758 1222 1814 ut
1259 1746 1459 1814 etiam
1496 1745 1920 1814 extrinsecus
1957 1757 2186 1834 posset
2223 1743 2716 1813 animadverti:

188 1830 537 1918 siquidem
578 1854 831 1922 corpus
872 1834 1025 1920 ejus
1057 1834 1245 1903 clara
1292 1834 1443 1903 luce
1481 1833 1982 1903 circumfusum
2020 1887 2034 1913 ,
2098 1846 2162 1902 et
2223 1847 2396 1903 terra
2451 1833 2521 1901 in
2561 1835 2723 1900 aera

190 1920 545 1991 sublatum
612 1922 1041 2003 cernebatur,
1098 1934 1174 1992 ut
1215 1921 1342 1991 fuit
1397 1922 1829 1992 observatum
1886 1943 1921 1989 a
1974 1921 2420 2009 quibusdam.
2477 1926 2576 1990 Ita
2618 1921 2722 1987 ni-

190 2008 453 2078 mirum
490 2009 607 2079 lux
657 2010 775 2079 illa
810 2012 1099 2081 exterior
1126 2023 1192 2080 et
1222 2011 1515 2081 visibilis
1549 2010 2001 2100 praesentiam
2046 2010 2222 2079 lucis
2260 2021 2594 2090 aeternae,
2649 2009 2720 2077 in

184 2096 430 2165 anima
463 2098 819 2177 radiantis,
871 2112 936 2168 et
981 2099 1287 2190 corporis
1320 2099 1699 2169 sublevatio
1732 2099 1977 2167 mentis
2016 2099 2083 2166 in
2129 2104 2337 2168 Deum
2376 2108 2723 2188 porrectae

187 2182 638 2254 elevationem
674 2187 1085 2258 declarabat.
1142 2189 1281 2258 Sub
1329 2188 1581 2258 divinis
1614 2186 1859 2257 officiis
1909 2187 2082 2255 nulli
2130 2187 2418 2257 faciebat
2450 2187 2720 2276 copiam

187 2291 429 2341 secum
467 2273 815 2361 loquendi,
861 2276 995 2344 nisi
1033 2276 1202 2345 forte
1250 2297 1452 2345 casus
1502 2276 1753 2364 aliquis
1808 2276 2227 2365 inopinatuS,
2281 2288 2399 2345 aut
2440 2274 2723 2344 inevita-

186 2357 352 2429 bilis
411 2363 777 2431 necessitas
836 2363 1235 2434 incidisset:
1289 2364 1686 2434 indecorum
1741 2363 1944 2454 plane
1991 2379 2054 2434 et
2091 2365 2449 2455 indignum
2494 2364 2723 2433 existi-

188 2467 396 2547 mans
434 2449 685 2521 divinis
732 2451 1023 2540 eloquiis
1065 2452 1404 2523 humanos
1438 2454 1905 2524 intermiscere
1937 2475 2312 2534 sermoneS,
2371 2452 2584 2523 nulla
2611 2475 2722 2523 ra-

191 2538 512 2608 tionabili
560 2539 660 2609 vel
717 2555 1000 2630 urgente
1039 2545 1248 2611 causa
1295 2541 1636 2611 diversum
1704 2554 2087 2632 opportune
2141 2544 2496 2633 exigente:
2559 2564 2719 2611 cum

192 2645 330 2694 non
366 2627 608 2698 debeat
639 2629 1005 2716 quisquam
1044 2629 1452 2719 permittere,
1489 2644 1567 2700 ut
1613 2652 1734 2720 per
1772 2631 1986 2701 alium
2040 2631 2402 2701 frustretur
2433 2652 2510 2700 ea
2558 2651 2723 2700 con-

189 2713 547 2797 solatione,
589 2739 797 2804 quam
851 2730 1066 2808 potest
1095 2740 1175 2788 ex
1210 2723 1340 2787 Deo
1369 2740 1635 2809 capere.

281 2807 319 2891 §
369 2811 532 2877 28.
585 2807 721 2875 Etsi
756 2828 911 2876 vero
945 2808 1139 2877 beata
1173 2809 1337 2876 haec
1372 2829 1443 2879 se
1476 2808 1841 2899 diligenter
1878 2808 2166 2888 celaret,
2231 2829 2316 2876 ne
2355 2819 2717 2887 secretum,

188 2893 377 2978 quod
430 2894 604 2963 inter
656 2900 863 2965 Deum
897 2909 961 2965 et
996 2896 1213 2986 ipsam
1252 2897 1601 2987 agebatur,
1640 2897 1782 2966 ullo
1833 2910 2029 2987 pacto
2075 2897 2399 2982 cuiquam
2457 2896 2723 2964 innote-

194 2993 435 3063 sceret,
489 2995 557 3052 at
599 3006 717 3073 per
763 2984 1034 3074 rugitus
1088 2998 1312 3054 tamen
1371 2999 1436 3055 et
1494 2985 1818 3075 suspiria,
1861 3006 2038 3070 quae
2084 2985 2536 3073 comprimere
2587 3004 2719 3051 non

193 3082 480 3158 poterat,
533 3094 697 3162 pr-ae
742 3074 998 3143 amoris
1031 3075 1092 3142 vi
1126 3086 1191 3143 et
1237 3074 1613 3143 devotionis
1647 3072 2034 3152 dulcedine,
2080 3073 2355 3162 saepius
2390 3071 2725 3161 prodeba-

193 3169 332 3227 tur.
376 3164 452 3228 Et
481 3162 794 3247 quamvis
827 3162 908 3231 ad
945 3162 1310 3243 orandum,
1359 3163 1503 3232 loca
1544 3174 1824 3241 secreta,
1861 3174 2197 3249 quantum
2237 3160 2341 3231 fas
2372 3172 2569 3242 esset,
2608 3159 2724 3228 de·

193 3243 438 3345 ligeret
469 3264 534 3317 et
562 3261 846 3339 optaret,
883 3263 962 3320 ut
990 3251 1417 3330 suavitatem,
1454 3271 1659 3336 quam
1703 3248 2035 3318 divinitus
2076 3249 2513 3338 percipiebat,
2552 3248 2727 3318 citra

193 3335 772 3427 impedimentum
828 3338 1097 3410 avidius
1157 3338 1433 3408 haurire
1490 3350 1763 3427 posset:
1818 3348 1885 3406 at
1932 3337 2149 3407 nihilo
2205 3339 2441 3408 minus
2490 3337 2726 3406 divina

191 3423 446 3505 officia,
509 3446 685 3510 quae
738 3425 1012 3515 publice
1058 3438 1524 3515 peraguntur,
1573 3424 1846 3495 nolebat
1905 3426 2220 3515 privatim
2263 3427 2449 3496 domi
2487 3437 2606 3496 aut
2651 3425 2725 3493 in

187 3512 506 3582 conclavi
540 3535 665 3583 suo
695 3514 959 3595 audire,
989 3526 1067 3584 ut
1091 3514 1309 3583 solent
1335 3535 1833 3601 nonnunquam
1870 3515 2217 3604 principes
2246 3529 2309 3585 et
2345 3526 2720 3606 magnates:

191 3602 308 3671 sed
353 3623 623 3691 semper
662 3602 733 3670 in
763 3602 1051 3671 ecclesia
1103 3623 1335 3691 preces
1369 3615 1763 3684 nocturnas,
1801 3624 1975 3689 quas
2023 3604 2387 3673 Matutinas
2434 3613 2721 3683 vocant,

186 3688 494 3778 itemque
526 3691 979 3780 vespertinas,
1022 3701 1088 3759 et
1119 3691 1419 3770 Missam,
1470 3701 1673 3777 atque
1721 3691 1892 3761 alias
1934 3693 2047 3761 Dei
2096 3691 2335 3762 laudes
2372 3714 2604 3761 coram
2655 3711 2728 3760 se

190 3779 463 3849 volebat
496 3800 656 3848 cum
691 3790 898 3847 cantu
929 3778 1324 3848 solemniter
1351 3778 1708 3849 celebrari.
1745 3785 1980 3867 Itaque
2012 3780 2097 3850 ad
2134 3781 2411 3870 signum
2446 3800 2726 3870 precum

194 3880 694 3938 nocturnarum
754 3889 910 3936 mox
947 3890 1103 3937 cum
1150 3869 1394 3956 juncta
1450 3867 1578 3937 sibi
1625 3868 1889 3938 familia
1934 3869 2018 3937 ad
2067 3869 2422 3939 ecclesiam
2489 3887 2731 3958 prope-

195 3959 417 4038 rabat,
459 3978 594 4027 non
648 3955 815 4037 luto,
877 3977 1012 4025 non
1050 3955 1348 4038 nivibus,
1388 3978 1522 4025 non
1558 3956 1832 4047 frigore,
1873 3978 2008 4027 non
2046 3957 2300 4048 pluvia,
2350 3977 2485 4026 non
2538 3977 2733 4045 aspe-

195 4043 396 4114 ritate
435 4045 599 4127 ulla,
645 4044 747 4114 vel
792 4045 971 4116 aeris
1023 4044 1447 4135 intemperie,
1488 4045 1682 4114 nulla
1722 4045 2017 4132 denique
2055 4046 2414 4115 occasione
2444 4064 2595 4114 eam
2629 4064 2734 4113 re-

200 4132 508 4203 tardante
541 4189 558 4217 ,
613 4134 745 4203 nisi
793 4132 963 4203 forte
1010 4133 1294 4203 adversa
1342 4134 1681 4203 laboraret
1725 4133 2138 4216 valetudine,
2176 4156 2313 4222 quo
2363 4134 2600 4203 minus
2645 4132 2732 4202 ad

198 4222 532 4311 templum
564 4243 636 4292 se
659 4221 1013 4304 conferret,
1052 4222 1363 4292 divinum
1400 4222 1541 4292 illic
1567 4222 1872 4293 officium
1903 4223 2248 4303 auditura,
2289 4222 2733 4312 quantumvis

197 4308 401 4377 etiam
456 4310 540 4379 ab
586 4312 735 4400 ejus
777 4312 1071 4402 hospitio
1128 4310 1366 4401 procul
1415 4312 1704 4381 abesset.
1770 4316 2110 4398 Quotquot
2168 4312 2424 4383 babere
2472 4323 2734 4402 poterat

198 4398 606 4481 sacerdotes,
643 4400 762 4488 qui
793 4401 1031 4471 Missas
1056 4400 1382 4482 dicerent,
1403 4422 1639 4471 eorum
1668 4399 1980 4470 omnium
2008 4401 2373 4473 sacrificiis
2395 4400 2733 4492 singulari
