3347 4999
753 324 882 387 540
1363 341 1440 388 na
1488 341 1544 388 s,
1595 340 1783 389 susro
1834 339 1949 388 sau
1995 333 2253 387 susrmo
2301 340 2494 387 mr.
2883 322 3072 388 OCT.
3129 324 3206 389 ta

666 435 1053 495 novitatem.
1127 424 1659 496 Gratulabantur
1708 423 1988 506 fideles,
2053 423 2122 493 in
2183 424 2470 494 Domino
2529 424 2904 507 laetanteS,
2960 439 3031 495 et
3083 449 3202 516 pro

666 526 849 584 tanta
881 515 1126 584 virtute
1174 519 1304 584 Deo
1351 514 1605 605 gratias
1646 525 1947 604 agentes.

750 606 925 689 §a
976 601 1267 674 Aderant
1336 615 1481 672 tum
1554 602 1861 673 fortassis
1929 600 2214 689 quidam
2281 602 2647 674 Rictiovari
2705 603 3044 691 praefecti
3095 626 3200 673 re·

666 692 881 761 tiarii:
933 692 1052 779 qui
1093 706 1169 762 ut
1199 714 1313 762 eos
1362 691 1779 763 Christianos
1825 713 1973 761 esse
2013 712 2309 773 sensere,
2357 713 2646 782 propere
2684 691 2770 761 ad
2824 691 3199 763 dominum

663 802 865 850 suum
918 780 1240 850 referunt.
1295 780 1760 850 Is.confestim
1833 780 2055 860 mittit,
2128 782 2245 868 qui
2324 802 2441 851 eos
2510 780 2899 850 adducant:
2973 795 3099 851 aut
3144 784 3197 851 si

664 870 880 939 nolint
943 871 1157 958 sequi,
1215 871 1282 940 in
1332 870 1713 940 custodiam
1773 869 2143 951 abducant,
2220 869 2437 940 donec
2488 870 2751 960 possint
2796 884 3198 960 opportune

661 981 887 1028 coram
956 961 1102 1048 ipso
1151 960 1322 1029 sisti.
1363 963 1596 1049 Lupus
1638 979 1817 1037 vero,
1873 958 1988 1045 qui
2031 981 2145 1027 eos
2207 958 2503 1049 hospitio
2549 972 2937 1049 exceperat,
2989 974 3197 1030 noctu

661 1071 775 1118 eos
834 1050 1099 1129 excitat,
1153 1049 1462 1119 hortatur
1508 1061 1584 1118 ut
1643 1060 1802 1117 ante
1850 1047 2233 1118 diluculum
2289 1061 2556 1119 mature
2620 1048 3188 1149 proficiscantur.

664 1162 699 1204 «
737 1136 1110 1207 Adfuerunt
1157 1139 1364 1217 enim,
1404 1138 1624 1225 inquit
1685 1137 1795 1207 hic
1836 1137 2197 1207 Rictiovari
2255 1137 2671 1218 administri,
2725 1138 2849 1225 qui
2883 1151 2966 1207 ut
3003 1139 3192 1208 Chri·

665 1226 921 1296 stianos
951 1249 1068 1297 vos
1101 1250 1250 1299 esse
1287 1227 1935 1308 animadverterunt,
1993 1247 2148 1296 mox
2196 1226 2296 1296 illi
2338 1226 2845 1317 significarunt.
2887 1231 3193 1297 Fratrem

663 1338 823 1406 ergo
870 1328 1168 1387 vestrum
1207 1317 1557 1387 vobiscum
1594 1315 1952 1386 abducite:
2007 1315 2276 1386 nullum
2312 1337 2440 1406 ego
2499 1315 3010 1407 redemptionis
3047 1340 3193 1408 pre-

665 1406 833 1474 tium
884 1418 1136 1496 expeto.
1193 1412 1477 1476 Tantum
1514 1428 1727 1494 ocyus
1777 1405 1937 1475 hinc
1984 1405 2350 1486 abscedite,
2420 1427 2500 1475 ne
2541 1427 2658 1475 vos
2795 1419 3193 1476 rsecutores

663 1494 1263 1585 comprehendant.
1305 1519 1341 1563 »
1393 1495 1536 1564 lllis
1570 1495 1797 1583 itaque
1829 1494 2168 1584 prosectiS,
2208 1506 2484 1584 repente
2534 1493 2706 1564 advo
2738 1506 2864 1563 ant
2904 1495 3118 1578 missi
3160 1519 3194 1564 a

652 1583 926 1672 judice:
972 1583 1087 1653 sed
1160 1606 1293 1654 non
1345 1584 1764 1655 invenientes
1810 1606 1947 1666 θος,
2003 1583 2290 1655 redeunt
2347 1584 2433 1653 ad
2497 1583 2723 1664 illum,
2794 1583 3018 1672 ajunt
3061 1586 3194 1672 jam

663 1673 912 1743 abiisse
961 1673 1293 1744 homines.
1352 1679 1495 1743 Mox
1567 1673 1678 1742 ille
1721 1674 1920 1764 jubet
1966 1686 2260 1760 quatuor
2313 1674 2575 1761 equites
2621 1694 2903 1743 summo
2969 1674 3196 1743 studio

661 1784 777 1831 eos
817 1763 1107 1850 insequi,
1151 1776 1216 1832 et
1278 1762 1361 1832 ad
1406 1785 1609 1833 suum
1678 1762 1976 1831 tribunal
2048 1784 2196 1831 com
2257 1762 2580 1832 rehensos
2636 1763 3096 1853 pertrahere:
3144 1763 3200 1831 si

661 1874 816 1920 vero
881 1853 1315 1934 reluctentur,
1389 1851 1743 1921 confestim
1815 1873 1930 1920 eos
2006 1852 2180 1921 truci
2234 1874 2370 1921 are.
2447 1858 2818 1942 Properant
2891 1854 3190 1939 equites,

660 1941 1058 2011 abeuntium
1100 1955 1603 2031 persequuntur
1634 1941 1940 2030 vestigia:
1973 1942 2092 2028 qui
2126 1962 2285 2011 cum
2328 1942 2474 2029 jam
2525 1940 2662 2010 fere
2709 1940 3084 2013 venissent
3116 1941 3194 2011 ad

665 2030 911 2111 locum,
956 2053 1154 2118 quem
1210 2037 1539 2121 Luperam
1593 2031 1623 2064 '⁵
1660 2043 1920 2110 vocant,
1977 2051 2110 2099 non
2183 2031 2380 2122 longe
2419 2031 2701 2100 aberant
2746 2029 2880 2111 illi,
2917 2031 3056 2118 qui
3095 2053 3200 2101 eos

664 2119 1217 2207 insequebantur,
1268 2120 1578 2190 crudeles
1617 2118 1997 2188 carnifices.
2051 2120 2152 2189 Ait
2190 2133 2416 2189 autem
2457 2119 2905 2189 Justinianus
2957 2120 3052 2189 ad
3087 2121 3195 2190 Ju-

665 2209 942 2277 stinum:
985 2232 1018 2275 «
1073 2214 1317 2278 Locum
1369 2209 1555 2279 hunc
1593 2221 2054 2299 opportunum
2093 2209 2318 2278 cernis
2363 2222 2428 2278 et
2463 2208 2888 2278 hauriendae
2939 2231 3190 2298 aquae,

662 2310 727 2367 et
785 2298 935 2367 cibo
971 2298 1329 2373 sumendo,
1377 2299 1440 2367 Si
1515 2298 1700 2368 lubet
1744 2298 1956 2388 igitur
1995 2297 2345 2387 paulisper
2404 2299 2514 2367 hic
2584 2297 3062 2379 assideamus,
3129 2312 3198 2367 ut

664 2386 816 2455 cibo
874 2401 936 2457 et
985 2400 1149 2477 potu
1219 2388 1593 2469 refocillati,
1668 2386 2114 2476 expeditiores
2176 2387 2398 2457 simus
2469 2387 2554 2457 ad
2622 2388 3192 2477 prosequendum

665 2477 811 2544 iter.
859 2499 893 2542 >³
927 2477 1242 2546 lustinus
1263 2475 1409 2568 jam
1458 2477 1846 2548 futurorum
1897 2475 2270 2566 praescius,
2334 2475 2732 2567 respondet:
2772 2499 2808 2543 «
2866 2477 2937 2547 Si
2996 2479 3198 2568 quip-

666 2565 847 2656 piam
909 2581 1184 2657 gustare
1246 2566 1357 2636 hic
1399 2565 1625 2647 vultiS,
1670 2566 2061 2636 faciendum
2105 2566 2169 2634 id
2233 2579 2337 2636 est
2396 2566 2725 2637 celeriter.
2795 2573 2898 2658 Ap
2961 2590 3044 2638 ro
3099 2569 3200 2636 in·

663 2667 878 2743 quant
923 2656 1103 2726 enim
1159 2656 1349 2728 missi
1398 2656 1723 2746 ajudice,
1780 2656 1898 2742 qui
1951 2677 2098 2737 noS,
2147 2655 2344 2726 modo
2383 2656 2449 2725 id
2496 2657 2781 2746 possint,
2836 2679 2878 2726 a
2998 2657 3195 2727 ilum

663 2745 1007 2816 adducant
1072 2767 1322 2835 poenas
1385 2746 1698 2816 luituros.
1754 2749 1978 2834 Ocyus
2024 2766 2185 2835 ergo
2246 2747 2478 2815 cibum
2545 2746 2804 2836 capite:
2861 2769 3001 2837 ego
3047 2769 3200 2815 vero

664 2836 930 2904 interim
974 2835 1509 2925 contemplabor,
1557 2858 1723 2905 num
1758 2835 1915 2922 quis
1957 2833 2092 2903 huc
2142 2835 2387 2915 veniat,
2442 2855 2522 2904 ex
2554 2834 2818 2923 judicis
2854 2835 3195 2905 mandato

665 2924 859 2993 nobis
925 2924 1398 2994 insidiaturus.
1454 2924 1642 3008 Quod
1696 2925 1752 2994 si
1813 2944 2016 3010 quem
2069 2945 2465 3013 persensero
2504 2945 2582 2993 eo
2615 2925 2851 2993 animo
2893 2925 3012 2993 -ad
3081 2946 3202 2993 nos

662 3013 1003 3094 accedere,
1041 3036 1166 3105 ego
1196 3037 1351 3083 cum
1392 3014 1509 3083 illo
1542 3013 2088 3102 colloquar,⁴vos
2135 3025 2362 3082 autem
2397 3014 2465 3081 in
2518 3013 2695 3083 hanc
2729 3035 3034 3104 specum
3085 3036 3199 3083 vos

662 3101 1044 3173 subducite.
1100 3127 1134 3170 »

749 3195 784 3278 ἕ
830 3196 904 3263 θ’.
944 3198 1119 3261 Haec
1151 3214 1305 3262 cum
1363 3192 1754 3282 prophetico
1809 3195 1848 3259 S
1904 3191 2066 3261 iritu
2131 3196 2420 3260 Sanctus
2458 3191 2738 3262 dixisset
2788 3213 2995 3282 puer,
3043 3214 3199 3262 mox

664 3279 915 3349 adsunt
959 3282 1338 3363 carnifices,
1384 3304 1555 3370 quos
1603 3281 1718 3350 ille
1757 3279 1840 3351 ad
1878 3293 2114 3351 uturos
2152 3280 2592 3369 praedixerat.
2632 3281 2725 3350 lis
2763 3281 3198 3371 conspectis,

663 3370 908 3437 caeteri
956 3371 1024 3438 in
1067 3393 1099 3438 s
1151 3370 1467 3440 eluncam
1517 3393 1662 3442 sese
1696 3369 1995 3440 abdunt:
2060 3369 2301 3440 beatus
2339 3392 2492 3439 vero
2547 3370 2867 3441 Justinus
2903 3383 3048 3440 stat
3097 3372 3202 3439 in·

666 3457 994 3557 trepidus,
1040 3481 1073 3527 a
1164 3459 1468 3549 martyrii
1519 3459 1807 3551 gloriam
1842 3481 1882 3527 a
1917 3459 2178 3529 Christo
2249 3458 2821 3549 praedestinatus.
2878 3459 2976 3528 Ad
3035 3482 3197 3529 eum

666 3547 874 3635 igitur
910 3547 1244 3617 accedunt
1288 3561 1581 3636 quatuor
1644 3549 1744 3618 illi
1793 3548 2077 3636 equiteS‚
2140 3548 2574 3619 sciscitantur
2632 3549 2790 3634 quis
2838 3549 2957 3630 sit,
3020 3570 3201 3637 quae

663 3637 812 3794 effus
846 3637 932 3705 sit
968 3636 1313 3727 professiO,
1353 3638 1632 3725 quinam
1685 3638 1785 3707 illi
1819 3649 1938 3707 aut
1967 3637 2089 3708 ubi
2124 3637 2283 3718 sint,
2318 3658 2492 3724 quos
2532 3637 2890 3708 habuisset
2939 3639 3198 3709 socios.

664 3731 689 3793 l
726 3726 783 3794 le
816 3749 933 3816 per
964 3727 1272 3796 ordinem
1307 3727 1540 3796 omnia
1596 3728 1984 3817 explicans:
2022 3749 2058 3792 «
2090 3731 2228 3816 Ego
2269 3726 2513 3814 inquit,
2580 3726 2902 3796 Justinus
2963 3727 3198 3806 dicor,

665 3816 1122 3887 Christianum
1204 3838 1310 3886 me
1378 3816 1587 3886 libere
1664 3817 2001 3906 profiteor.
2077 3821 2156 3885 Et
2223 3815 2386 3903 quia
2456 3815 2822 3885 Christiani
2884 3817 3202 3886 nominis

666 3922 1130 3997 persecutores
1205 3928 1323 3975 vos
1388 3906 1592 3986 estiS,
1648 3927 1783 3975 non
1859 3905 2014 3975 licet
2086 3905 2252 3974 mihi
2304 3903 2496 3975 vobis
2545 3904 2834 3995 prodere
2904 3908 3202 3977 comites

610 4024 620 4035 ·
665 4019 872 4078 meos,
928 4019 1010 4066 ne
1059 3997 1183 4065 hac
1237 3996 1493 4065 ratione
1549 3996 1788 4085 poenis
1844 3993 1946 4064 illi
1995 3994 2471 4081 subjiciantur.
2518 4016 2554 4060 »
2604 3999 2682 4064 At
2730 3994 2880 4063 illi:
2937 4017 2976 4060 a
3030 3995 3201 4075 Nisi,

663 4087 881 4172 ajunt,
936 4086 1090 4156 illos
1135 4086 1269 4155 cito
1303 4084 1710 4175 prodideris,
1755 4107 1877 4154 nos
1910 4095 1973 4152 te
2000 4084 2516 4173 quamprimum
2556 4083 2788 4183 gladio
2823 4082 3198 4163 feriemus,

660 4188 804 4245 tum
837 4175 1017 4262 quod
1054 4175 1356 4244 indicare
1389 4197 1503 4244 eos
1554 4195 1688 4242 non
1741 4174 1862 4255 viS,
1916 4184 2060 4242 tum
2110 4172 2292 4259 quod
2341 4172 2806 4244 Christianum
2857 4186 2926 4242 te
2981 4173 3202 4276 profi-

663 4264 840 4333 teris.
885 4286 920 4328 »
954 4264 1338 4354 Respondet
1383 4263 1719 4333 lustinus:
1775 4286 1811 4329 «
1846 4268 2171 4332 Sanctum
2221 4262 2664 4352 Evangelium
2699 4264 3206 4352 promittitno-

664 4353 791 4433 bis,
845 4354 902 4421 si
962 4353 1118 4439 quis
1184 4366 1456 4443 propter
1504 4351 1846 4424 Christum
1897 4351 2135 4443 perdat
2183 4351 2485 4421 animam
2558 4373 2783 4434 suam,
2855 4353 2936 4423 in
2989 4355 3207 4426 vitam

721 4481 745 4507 ²⁸
776 4477 968 4526 Gallice,
994 4481 1174 4521 Louvre.
