3347 4999
675 357 801 421 616
1422 373 1499 419 ΒΕ
1547 373 1602 419 s,
1642 371 1984 419 marimens
2031 372 2270 419 Annam
2806 353 2979 419 OCT.
3033 354 3108 417 2⁴

584 457 1019 529 retinendum
1072 478 1231 526 eum
1281 470 1695 548 congregata
1744 468 1926 528 sunt.
1995 456 2379 525 Imrnobilis
2428 455 2541 525 ille
2589 456 2673 525 ad
2730 478 3002 546 prece5‚
3056 468 3125 525 et

584 547 838 618 baculo
868 568 1112 615 arenas
1142 545 1546 627 discutien5‚
1589 546 2018 633 loquebatur:
2051 568 2085 612 «
2115 545 2444 615 Fallacem
2491 547 2853 615 Dominum
2893 566 3127 613 meum

589 659 727 706 non
797 636 1085 705 faciam:
1142 657 1275 703 non
1342 657 1622 725 possum
1702 634 1931 704 videre
1994 635 2359 703 subversas
2428 634 2794 714 ecclesias,
2863 633 3121 702 calcata

589 725 838 795 Christi
886 724 1153 806 altaria,
1209 723 1511 793 filiorum
1568 745 1876 794 meorum
1929 724 2366 813 sanguinem.
2409 746 2444 790 »
2496 724 2803 792 Universi
2864 734 3116 800 autem,

586 814 707 902 qui
735 813 1043 891 aderant,
1080 812 1557 903 intelligebant
1588 813 1953 881 revelatum
1988 816 2046 880 ei
2083 812 2411 898 quiddam
2449 834 2596 881 esse
2628 812 2889 890 secreti,
2935 810 3115 896 quod

588 901 799 972 nollet
845 902 1200 971 confiteri:
1257 914 1320 971 et
1371 902 1829 971 nihilominus
1875 901 2354 972 custodiebant
2385 923 2569 980 eum,
2618 923 2702 969 ne
2737 899 3123 990 proficisce-

587 1004 798 1062 retur.
870 991 1171 1060 Decrevit
1218 1012 1416 1081 ergo,
1473 990 1751 1081 publica
1798 1010 2038 1059 omnes
2105 1013 2264 1059 voce
2334 1005 2745 1070 contestans,
2804 1011 2936 1057 non
2990 987 3122 1057 cibi

591 1103 684 1161 se,
741 1102 875 1149 non
932 1092 1132 1168 potus
1179 1081 1550 1167 quicquam
1619 1100 1927 1159 sumere,
1988 1079 2117 1147 nisi
2166 1079 2641 1148 dimitteretur.
2699 1084 2774 1147 Et
2827 1090 2973 1168 post
3020 1098 3126 1146 se-

590 1182 773 1260 ptem
843 1168 989 1237 dies
1055 1168 1366 1249 inediae,
1424 1168 1695 1238 tandem
1750 1168 2131 1249 relaxatuS,
2186 1190 2264 1237 ac
2316 1167 2701 1236 valedicens
2752 1166 3116 1258 plurimis,

594 1281 753 1328 curn
826 1256 1095 1326 infinito
1157 1258 1432 1347 agmine
1484 1258 2040 1347 prosequentium
2111 1256 2292 1325 venit
2357 1256 2718 1326 Betilium:
2790 1257 2906 1324 ubi
2974 1276 3126 1344 per-

596 1346 823 1416 suasis
863 1346 1084 1415 turbis
1125 1358 1201 1414 ut
1241 1358 1756 1426 reverterentur,
1798 1345 1999 1435 elegit
2047 1345 2505 1434 quadraginta
2557 1344 2949 1425 monachOS,
3002 1343 3122 1430 qui

591 1436 923 1504 haberent
992 1434 1350 1515 viaticum,
1406 1448 1469 1503 et
1541 1448 1815 1524 possent
1855 1436 2247 1523 jejunantes
2290 1434 2597 1514 incredi,
2655 1432 2720 1502 id
2771 1444 2912 1513 est,
2972 1444 3121 1520 post

594 1524 760 1595 solis
808 1545 1127 1592 occasum
1180 1523 1408 1591 eibum
1463 1545 1760 1592 sumere.
1814 1525 2061 1605 Quinto
2114 1524 2323 1613 igitur
2361 1489 2470 1592 {ite
2520 1523 2699 1592 venit
2747 1521 3113 1600 Pelusium,

594 1613 1022 1698 visitatisque
1071 1612 1420 1693 fratribus,
1475 1613 1593 1699 qui
1647 1613 1712 1680 in
1769 1613 1986 1681 vicina
2021 1633 2248 1680 eremo
2293 1624 2508 1691 erant,
2561 1622 2624 1680 et
2673 1612 2739 1678 in
2789 1611 2954 1684 loco,
2998 1609 3121 1695 qui

598 1701 856 1770 dicitur
905 1701 1237 1790 LychnOS,
1279 1702 1751 1780 morabantur,
1809 1702 2097 1789 perrexit
2146 1712 2296 1789 post
2346 1700 2649 1770 triduum
2688 1699 2768 1768 ad
2821 1714 3124 1767 castrum

595 1790 1050 1870 Theubatum,
1115 1802 1190 1858 ut
1239 1790 1493 1859 videret
1547 1790 1978 1858 Dracontium
2032 1790 2443 1879 Episcopum
2494 1802 2559 1857 et
2612 1787 3065 1858 confessorem
3105 1841 3121 1867 ,

592 1879 713 1965 qui
750 1878 842 1946 ibi
891 1878 1265 1947 exsulabat.
1322 1882 1468 1961 Quo
1519 1878 2012 1947 incredibiliter
2035 1877 2382 1947 consolato
2416 1879 2581 1946 tanti
2632 1879 2755 1945 viri
2805 1896 3129 1966 praesen-

594 1969 729 2047 tia,
796 1980 942 2056 post
992 1967 1177 2035 aliud
1257 1967 1561 2036 triduum
1617 1967 1831 2035 multo
1900 1966 2314 2055 Babylonem
2369 1966 2597 2035 labore
2649 1966 2997 2056 pervenit,
3050 1976 3129 2032 ut

593 2055 851 2125 videret
884 2055 1234 2125 Philonem
1286 2056 1726 2146 Episcopum,
1779 2069 1845 2124 et
1879 2056 2105 2145 ipsum
2156 2055 2636 2125 consessorem.
2693 2053 3129 2124 Constantius

596 2145 777 2212 enim
834 2165 969 2224 rex,
1022 2145 1459 2213 Arrianorum
1509 2144 1742 2213 favens
1790 2144 2090 2225 haeresi,
2145 2157 2516 2230 utrumque
2567 2144 2634 2212 in
2688 2165 2765 2213 ea
2818 2143 2963 2211 loca
3011 2141 3130 2209 de-

598 2245 1005 2322 portaverat.
1033 2234 1199 2300 Inde
1226 2233 1609 2321 egrediens,
1657 2246 1806 2323 post
1840 2233 2141 2301 triduum
2181 2233 2357 2302 venit
2391 2232 2472 2301 ad
2502 2232 2832 2323 oppidum
2865 2231 3127 2319 Aphro-

599 2320 815 2399 diton,
869 2320 988 2389 ubi
1039 2336 1369 2391 convento
1421 2323 1716 2392 Diacono
1744 2323 2047 2402 Baisane,
2086 2322 2226 2408 qui.
2269 2321 2505 2390 locatis
2554 2320 2835 2391 camelis
2882 2332 2947 2388 et
2982 2319 3122 2387 dro·

599 2408 843 2489 medis,
898 2408 983 2477 ob
1032 2431 1249 2495 aquae
1300 2411 1366 2478 in
1409 2412 1636 2481 eremo
1687 2412 2072 2499 penuriam,
2118 2423 2559 2480 consueverat
2591 2423 2829 2479 euntes
2879 2408 2962 2476 ad
2997 2413 3126 2476 An-

597 2497 861 2567 tonium
915 2496 1187 2577 ducere,
1244 2496 1599 2567 consessus
1632 2513 1732 2568 est
1780 2498 2105 2569 fratribus
2160 2501 2411 2571 instare
2458 2498 2637 2569 diem
2691 2496 3127 2567 dormitionis

591 2587 772 2656 beati
805 2587 1098 2668 Antonii,
1137 2600 1201 2655 et
1244 2588 1635 2676 pervigilem
1673 2602 1933 2658 noctem
1981 2589 2045 2656 in
2086 2589 2258 2679 ipse,
2294 2610 2428 2676 quo
2477 2587 2843 2658 defunctus
2884 2587 3124 2665 fuerat,

592 2674 741 2744 loco
775 2698 812 2743 a
862 2698 933 2744 se
975 2675 1072 2744 illi
1123 2675 1370 2744 debere
1429 2676 1785 2746 celebrari.
1840 2678 2085 2746 Tribus
2137 2678 2346 2767 igitur
2404 2677 2648 2747 diebus
2699 2698 2819 2765 per
2868 2687 3126 2744 vastam

592 2776 656 2833 et
715 2764 1112 2833 horribilem
1167 2764 1634 2847 solitudinem,
1694 2766 1963 2833 tandem
2015 2764 2098 2833 ad
2154 2780 2448 2835 montem
2514 2765 2926 2836 altissimum
2982 2784 3132 2853 per-

592 2865 948 2934 venerunt,
1003 2854 1290 2942 repertis
1352 2853 1445 2923 ibi
1515 2854 1788 2924 duobus
1841 2854 2246 2936 monachis,
2322 2859 2507 2924 Isaac
2570 2876 2649 2923 ac
2712 2852 3123 2932 PelusianO,

590 2962 883 3029 quorum
938 2947 1126 3011 Isaac
1177 2944 1513 3033 interpres
1563 2943 1828 3012 Antonii
1880 2942 2120 3011 suerat.

677 3032 713 3117 ἓ
766 3037 906 3104 21.
964 3032 1228 3117 thuia
1276 3053 1346 3099 se
1385 3033 1657 3120 praebet
1715 3032 2016 3110 occasi0,
2073 3043 2137 3100 et
2184 3030 2268 3100 ad
2321 3029 2386 3098 id
2442 3029 2568 3098 loci
2622 3030 2961 3110 venimuS‚
3017 3027 3122 3096 di-

641 3140 803 3186 num
859 3118 1125 3187 videtur
1173 3120 1357 3188 brevi
1420 3141 1733 3190 sermone
1795 3119 2264 3190 habitaculum
2321 3119 2483 3188 tanti
2536 3119 2660 3187 viri
2711 3117 3123 3188 describere.

591 3141 848 3275 {atreus
881 3217 945 3276 et
995 3207 1318 3277 sublimis
1375 3231 1617 3290 monS‚
1680 3231 1799 3299 per
1861 3209 2045 3277 mille
2092 3209 2362 3277 circiter
2459 3229 2658 3278 assus
2713 3206 2795 3276 ad
2861 3206 3130 3275 radices

593 3315 756 3365 suas
790 3316 1004 3381 aquas
1042 3297 1405 3386 exprimit:
1445 3304 1741 3384 quarum
1795 3298 1964 3368 alias
2012 3319 2258 3365 arenae
2304 3297 2414 3367 ehi
2469 3310 2614 3376 unt,
2659 3296 2834 3364 aliae
2884 3295 2969 3364 ad
3015 3295 3126 3362 in-

591 3380 835 3450 feriora
886 3382 1229 3471 delapsae,
1289 3386 1614 3475 paulatim
1654 3387 1874 3454 rivum
1926 3385 2271 3455 efficiunt:
2330 3407 2538 3475 super
2569 3406 2771 3471 quem
2825 3406 2905 3453 ex
2939 3395 3126 3452 utra-

592 3491 727 3556 que
769 3471 912 3559 ripa
953 3471 1216 3560 palmae
1268 3474 1832 3556 innumerabileS,
1881 3473 2171 3543 multum
2226 3474 2373 3543 loco
2407 3485 2472 3543 et
2531 3473 3000 3552 amoenitatis,
3053 3481 3122 3540 et

592 3559 936 3628 commodi
981 3562 1315 3630 tribuunt.
1353 3563 1628 3632 Videres
1672 3584 1899 3632 senem
1940 3563 2075 3631 huc
2127 3577 2328 3649 atque
2364 3563 2527 3632 illuc
2558 3584 2714 3631 cum
2760 3559 3130 3650 discipulis

589 3647 768 3718 beati
819 3651 1086 3718 Antonii
1128 3650 1533 3720 discurrere.
1579 3653 1727 3733 Hic,
1793 3652 2087 3737 ajebant,
2157 3652 2480 3740 psallere,
2537 3651 2647 3719 hle
2707 3669 2935 3729 orare,
3011 3649 3128 3717 hic

590 3737 884 3826 operari,
932 3738 1041 3807 hic
1075 3737 1295 3807 fessus
1347 3740 1644 3810 residere
1677 3739 1920 3809 solitus
1958 3752 2122 3809 erat.
2164 3745 2300 3809 Has
2334 3741 2522 3820 vites,
2558 3741 2679 3809 has
2719 3737 3133 3808 arbusculas

589 3827 736 3917 ipse
788 3826 1153 3915 plantavit:
1201 3827 1386 3896 illam
1421 3829 1716 3898 areolam
1774 3829 2094 3898 manibus
2122 3830 2266 3898 suis
2297 3829 2443 3919 ipse
2492 3851 2636 3898 com
2694 3828 2898 3897 osuit.
2935 3831 3131 3895 Hanc

588 3916 929 4006 piscinam
981 3916 1064 3984 ad
1118 3917 1546 4008 irrigandum
1602 3917 1948 3987 hortulum
2013 3917 2228 3987 multo
2285 3917 2532 3987 sudore
2580 3916 2640 3985 sa
2699 3917 2955 3986 ricatus
2994 3924 3123 3984 est.

587 4009 801 4074 Istum
855 4005 1203 4075 sarculum
1239 4004 1321 4073 ad
1366 4005 1765 4075 fodiendum
1809 4020 2051 4076 terram
2155 4006 2425 4076 lul-ibus
2459 4008 2657 4076 annis
2706 4005 2973 4074 habuit.
3009 4009 3132 4073 Ja-

590 4094 786 4163 cebat
834 4094 903 4162 in
940 4106 1157 4164 stratu
1206 4093 1379 4181 erS,
1418 4107 1481 4164 et
1529 4095 1725 4180 quasi
1768 4095 1999 4164 calens
2048 4118 2082 4163 a
2143 4097 2276 4164 huc
2309 4095 2536 4165 cubile
2568 4092 3126 4163 deosculabatur.

587 4185 747 4250 Erat
778 4195 1003 4252 autem
1038 4183 1285 4252 cellula
1319 4205 1453 4253 non
1490 4183 1648 4273 plus
1685 4203 2048 4253 mensurae
2081 4201 2200 4274 per
2239 4184 2579 4271 quadrum
2618 4196 2875 4261 tenens,
2912 4201 3132 4268 quam

587 4269 796 4339 homo
845 4271 1194 4342 dormiens
1248 4271 1518 4341 extendi
1586 4284 1905 4364 potereat.
1980 4277 2329 4342 Praeterea
2379 4274 2445 4341 in
2513 4271 2795 4341 sublimi
2870 4269 3136 4339 montis

591 4358 861 4442 vertice,
900 4361 1098 4446 quasi
1130 4382 1249 4449 per
1272 4361 1619 4430 cochleam
1666 4361 2198 4431 ascendentibus
2239 4361 2456 4431 arduo
2487 4360 2677 4429 valde
2727 4360 2908 4438 nisu,
2948 4359 3137 4428 duae

586 4446 896 4537 ejusdem
969 4469 1331 4519 mensurae
1399 4449 1688 4519 cellulae
1757 4450 2197 4520 visebantur:
2264 4450 2333 4518 in
2382 4450 2639 4537 quibus
2702 4447 3133 4517 venientium
