3347 4999
271 262 445 328 OCT.
501 263 540 325 5
1035 278 1111 323 m:
1145 277 1236 323 ss,
1280 276 1542 324 rotomo
1584 279 1658 324 ΕΤ
1709 277 1907 326 socns
1958 279 2070 325 Mu.
2617 265 2743 330 ⁴95

268 377 346 433 ut
390 364 652 440 vincas,
691 373 756 430 ct
787 382 1113 430 coronam
1159 360 1701 430 immortalitatis
1732 362 2106 450 accipias.»
2141 362 2439 433 Audiens
2470 366 2637 435 haec
2674 367 2834 436 bea-

270 453 584 522 tissimus
619 449 977 528 Placidus,
1033 450 1292 538 gratias
1324 450 1463 539 egit
1516 449 1958 539 Redemptori
2012 451 2323 520 omnium
2380 458 2534 522 Deo.
2577 456 2832 526 Deinde

268 562 640 612 conversus
667 539 749 608 ad
785 537 1234 618 Gordianum,
1276 537 1478 607 dixit:
1516 538 1882 618 «omissis,
1914 538 2141 618 frater,
2188 542 2553 611 verborum
2590 544 2830 614 amba·-

317 631 498 709 ibus,
520 630 911 698 Vincentem
936 626 1276 696 mundum
1303 627 1728 708 invocemuS,
1763 639 2103 728 roganteS,
2125 639 2224 708 ut,
2256 630 2377 715 qui
2409 630 2599 701 dedit
2622 632 2817 714 velle,

268 654 477 788 donet
522 730 587 786 et
637 739 859 807 posse.
914 715 1119 784 Illum
1171 717 1356 785 enim
1422 716 1790 796 desidero,
1851 716 2054 785 illum
2104 718 2377 807 suspiro
2411 772 2426 798 ,
2481 718 2566 787 ad
2619 719 2820 791 illum

273 829 555 899 pergere
601 807 830 895 cupi0,
886 804 1002 873 cui
1048 805 1354 874 animam
1407 827 1631 875 meam
1684 804 1946 886 devovi,
1999 805 2122 892 qui
2175 828 2283 874 me
2331 806 2621 897 dignum
2667 808 2828 879 fecit

274 918 396 987 pro
445 918 571 965 suo
619 895 900 964 nomine
953 894 1114 982 pati.
1155 917 1190 960 »
1242 899 1317 963 Et
1366 907 1516 983 post
1549 895 1739 971 haec.
1795 893 2035 974 «Vide,
2080 894 2326 981 inquit,
2379 910 2456 966 ut
2488 897 2823 984 quicquid

271 1008 435 1076 erga
487 1006 593 1053 me
640 985 912 1053 evenire
945 982 1400 1073 prospexeris,
1451 985 1517 1051 in
1562 983 1841 1073 scriptis
1875 983 2185 1052 notifices
2222 984 2552 1073 magistro
2596 1000 2829 1057 nostro

272 1073 658 1152 Benedicto‚
717 1094 981 1142 necnon
1033 1070 1533 1160 condiscipulis
1578 1085 1645 1142 et
1692 1072 2233 1162 consanguineis
2273 1074 2445 1144 meis
2480 1079 2715 1144 Mauro
2764 1088 2830 1146 et

274 1163 717 1234 Felicissimo.
772 1166 909 1251 Ego
958 1160 1141 1229 enim
1185 1161 1329 1250 jam
1382 1160 1699 1241 delibor,
1760 1161 1907 1251 jam
1959 1160 2285 1250 alligatus
2331 1184 2667 1252 corpore,
2724 1164 2827 1234 al-

272 1253 528 1344 ligatus
558 1265 624 1321 et
654 1251 902 1341 spiritu
928 1249 1200 1329 vadam,
1238 1270 1375 1336 quo
1404 1270 1512 1318 me
1544 1250 1817 1319 duxerit
1847 1250 2178 1319 Dominus
2207 1255 2409 1320 Jesus
2441 1252 2824 1322 Christus.»

360 1345 396 1428 ξ
443 1346 575 1413 n.
630 1346 824 1409 Mane
872 1340 1100 1426 itaque
1148 1337 1325 1407 facto
1355 1393 1370 1418 ,
1422 1337 1563 1407 dux
1614 1338 2001 1419 Mamucha‚
2058 1338 2297 1408 rabido
2345 1339 2822 1411 inflammatus

270 1431 503 1500 furore
533 1484 549 1511 ‚
593 1430 806 1519 jussit
873 1440 1187 1496 sanctum
1255 1427 1610 1496 Placidum
1661 1450 1822 1497 cum
1873 1428 2080 1497 sociis
2128 1428 2275 1498 suis
2323 1429 2456 1497 sibi
2507 1452 2828 1519 praesen-

272 1521 423 1589 tari.
462 1524 768 1606 Cumque
798 1531 955 1587 ante
984 1515 1478 1605 impiissimum
1515 1516 1765 1586 ducem
1802 1517 2124 1586 manibus
2158 1530 2333 1586 retro
2361 1516 2590 1608 ligatis
2628 1541 2824 1608 prae-

272 1608 517 1678 sentati
568 1607 882 1687 fuissent,
938 1605 1195 1674 indicto
1245 1603 1539 1685 silentio,
1592 1605 1809 1674 dixit:
1879 1611 2103 1675 Testes
2150 1607 2393 1676 invoco
2441 1607 2645 1689 deos,
2711 1630 2826 1677 ex-

270 1696 985 1782 cellentissimumque
1031 1695 1343 1762 omnium
1398 1693 1826 1775 Luciferum,
1880 1695 2048 1781 quia
2120 1716 2242 1764 nec
2293 1695 2826 1788 interrogatione

271 1787 522 1885 dignos
571 1806 686 1853 vos
740 1796 968 1853 nostra
1016 1782 1415 1861 excellentia
1456 1783 1821 1871 Judicavit.
1875 1784 2052 1852 Hinc
2099 1796 2356 1865 autem,
2413 1807 2545 1854 non
2587 1800 2663 1856 ut
2694 1787 2825 1855 cri-

274 1875 485 1942 minis
534 1872 887 1956 obnoxiOS‚
944 1872 1061 1941 sed
1112 1885 1188 1940 ut
1234 1871 1477 1941 fratres
1525 1895 1644 1941 vos
1693 1871 2031 1959 alloquor,
2084 1886 2162 1942 ut
2208 1872 2629 1963 deponentes
2663 1897 2820 1965 per-

275 1963 599 2031 tinaciam
666 1982 882 2031 vanae
930 1960 1439 2050 superstitionis
1470 2016 1484 2042 ,
1538 1961 1994 2047 acquiescatis
2042 1961 2463 2032 salutaribus
2515 1964 2819 2045 monitiS,

269 2051 820 2139 obtemperantes
886 2050 1265 2139 praeceptis
1314 2052 1519 2141 Regis
1569 2051 1787 2118 nostri
1847 2048 2193 2130 Abdalae,
2248 2064 2314 2120 et
2364 2053 2818 2143 magnificum

271 2139 673 2231 prophetam
730 2153 1039 2208 nostrum
1101 2136 1366 2207 Moloch
1434 2150 1856 2208 venerantes,
1910 2143 2052 2208 Hoc
2101 2138 2158 2207 si
2207 2137 2502 2209 feceritis
2539 2194 2554 2221 ‚
2610 2142 2821 2231 hujus

271 2230 448 2298 vitae
496 2227 771 2318 gaudiis
819 2227 1108 2297 feliciter
1154 2227 1527 2308 fruemini,
1581 2240 1646 2297 et
1695 2226 2023 2297 dabimus
2072 2227 2265 2297 vobis
2313 2229 2620 2299 infinitas
2669 2252 2824 2321 pos-

271 2317 608 2387 sessiones
655 2329 720 2386 et
767 2338 1047 2387 uxores:
1101 2315 1282 2403 quod
1335 2317 1392 2385 si
1442 2337 1577 2385 non
1628 2316 1948 2399 feceritiS,
1994 2315 2284 2387 diversis
2318 2318 2685 2408 suppliciis
2720 2319 2824 2388 in-

271 2405 582 2475 teribitis.
645 2406 871 2475 Sancti
937 2412 1259 2494 Martyres
1308 2404 1663 2475 dixerunt:
1723 2428 1760 2470 «
1796 2411 2024 2492 Neque
2075 2406 2274 2476 nobis
2322 2405 2821 2478 blandimentis

268 2494 556 2566 suadere
622 2494 917 2585 poteriS,
974 2518 1098 2564 nec
1173 2494 1518 2563 minarum
1591 2494 2083 2584 asperitatibus
2132 2507 2456 2565 terrorem
2510 2496 2822 2567 incutere

267 2585 550 2654 valebis.
609 2608 644 2650 »
680 2591 870 2654 Tunc
921 2583 1263 2653 nefandus
1312 2584 1566 2653 arbiter
1612 2584 1843 2653 furore
1882 2597 1948 2653 et
2001 2584 2103 2652 ira
2154 2606 2405 2675 magna
2453 2607 2811 2666 accensuS,

260 2674 473 2764 jussit
533 2688 847 2745 sanctum
902 2673 1253 2743 Placidum
1305 2694 1465 2741 cum
1517 2673 1725 2743 sociis
1773 2674 1921 2742 suis
1968 2672 2361 2763 exspoliari,
2400 2686 2464 2743 et
2517 2673 2821 2744 fustibus

265 2762 504 2844 caedi,
558 2776 622 2832 et
672 2762 997 2832 membris
1044 2761 1374 2831 omnibus
1419 2760 1901 2831 crudelissime
1948 2762 2274 2847 torqueri.
2332 2766 2639 2850 Cumque
2690 2763 2818 2832 mi—

267 2851 467 2921 nistri
518 2851 905 2939 iniquitatis
953 2850 1154 2920 ducis
1187 2851 1386 2937 jussa
1421 2851 1848 2940 perficerent,
1885 2850 2275 2920 Gordianus
2300 2871 2460 2920 cum
2487 2852 2818 2921 omnibus

267 2940 695 3020 ChristianiS,
748 2940 869 3027 qui
918 2939 1117 3010 ducis
1166 2940 1568 3009 Mamuchae
1619 2961 1868 3008 manus
1916 2952 2296 3019 evaserant,
2328 2961 2486 3008 eum
2516 2941 2679 3009 fletu
2714 2941 2822 3008 in-

265 3031 453 3119 genti
501 3028 936 3099 clamabant:
988 3051 1025 3095 «
1066 3030 1346 3098 Domine
1390 3035 1559 3098 Jesu
1609 3027 1893 3108 Christe,
1952 3039 2332 3116 martyrum
2385 3027 2714 3098 fortitudo
2753 3043 2818 3100 et

265 3118 520 3208 palma,
573 3118 727 3186 veni
778 3119 845 3186 in
898 3116 1320 3207 adjutorium
1372 3117 1637 3193 Placidi
1682 3116 1858 3186 servi
1909 3116 2010 3184 tui
2060 3116 2129 3184 in
2172 3116 2386 3205 hujus
2434 3140 2469 3186 a
2523 3118 2677 3187 onis
2710 3117 2813 3186 di-

263 3206 592 3276 scrimine
637 3206 1032 3287 constituti;
1065 3229 1102 3273 »
1133 3219 1197 3276 et
1228 3206 1379 3287 hoc,
1416 3205 1662 3275 diebus
1711 3227 1789 3274 ac
1838 3204 2182 3285 noctibus,
2268 3205 2495 3275 ostula
2546 3220 2614 3276 at
2663 3206 2814 3276 sine

260 3294 775 3365 intermissione
846 3317 969 3386 pro
1016 3317 1095 3365 eo
1146 3295 1613 3385 lacrymarum
1663 3307 1729 3363 et
1776 3294 2168 3364 orationum
2271 3295 2481 3365 ostias
2533 3296 2818 3365 Domino

258 3384 658 3453 immolans.

355 3475 392 3559 ξ
441 3476 576 3544 18.
645 3472 834 3541 Idem
903 3485 1132 3542 autem
1197 3484 1478 3542 sanctus
1530 3470 1801 3540 Domini
1849 3470 2172 3539 Placidus
2220 3493 2379 3541 cum
2432 3495 2467 3541 a
2521 3495 2604 3563 pa
2659 3472 2815 3541 anis

258 3562 443 3630 ultra
494 3560 775 3630 modum
827 3583 986 3631 cum
1040 3561 1245 3631 sociis
1278 3561 1628 3630 cruciatus
1660 3558 1926 3641 fuisset,
1959 3559 2165 3647 jussu
2197 3561 2581 3630 saevissimi
2663 3562 2815 3633 ucis

259 3672 299 3719 a
348 3649 716 3740 suppliciis
766 3662 1037 3719 amotus
1085 3662 1208 3731 est,
1242 3663 1307 3719 et
1354 3649 1752 3720 beatissima
1787 3649 1979 3740 virgo
2013 3648 2241 3718 Flavia
2277 3650 2668 3720 incredibili
2699 3649 2815 3719 de-

257 3740 415 3808 core
463 3739 754 3819 micans,
812 3739 1279 3808 tribunalibus
1324 3751 1426 3808 est
1473 3750 1930 3828 praesentata.
1985 3743 2203 3821 Quam
2256 3738 2643 3808 truculenta
2696 3740 2813 3809 he-

257 3827 385 3898 stia
436 3826 604 3897 dum
659 3827 1136 3917 perspexisset,
1189 3828 1357 3897 dixit
1396 3827 1482 3896 ad
1531 3848 1722 3896 eam:
1781 3828 1931 3908 Dic,
1988 3827 2315 3897 scelerata
2346 3839 2411 3896 et
2442 3828 2632 3896 omni
2686 3828 2814 3895 mi-

255 3916 630 3986 sericordia
684 3935 966 4007 prorsus
1023 3915 1358 4007 indigna:
1413 3916 1806 4003 adquiescis
1857 3915 2239 4006 praeceptis
2287 3915 2676 4005 regalibuS‚
2723 3938 2812 3985 an

253 4006 327 4074 in
404 4006 695 4075 stultitia
768 4027 1170 4094 permanere
1228 4005 1636 4076 decrevisti?
1705 4005 1797 4075 Ad
1870 4026 2077 4093 quem
2151 4003 2551 4073 beatissima
2620 4005 2813 4096 virgo

255 4092 506 4163 Christi
557 4095 783 4163 Flavia
833 4094 1225 4184 respondit:
1267 4117 1303 4161 «
1337 4100 1477 4186 Ego
1524 4095 1885 4164 stultitiam
1937 4114 2300 4180 nunquam
2349 4092 2588 4173 habui,
2645 4096 2810 4181 quia

261 4202 535 4270 semper
582 4184 927 4253 Christum
972 4196 1222 4254 cuncta
1272 4197 1620 4274 regentem
1672 4183 1912 4253 dilexi:
1968 4194 2330 4273 praecepta
2391 4204 2548 4252 vero
2607 4185 2811 4272 Regis

258 4269 385 4350 tui,
432 4270 614 4342 velut
653 4273 877 4343 lutum
927 4272 1113 4362 quod
1155 4272 1970 4364 pedibusconculcatur,
2024 4272 2297 4362 abjicio,
2331 4294 2366 4336 »
2401 4276 2543 4340 Dux
2577 4284 2808 4340 autem

254 4359 585 4431 adversus
635 4362 969 4453 virginem
1022 4363 1319 4433 Flaviam
1356 4363 1618 4454 ingenti
1655 4362 1757 4431 ira
1786 4382 2187 4444 succensus,
2228 4361 2400 4430 dixit
2433 4360 2804 4430 ministris:
