3347 4999
726 335 812 400 80
1238 352 1316 397 nr.
1365 350 1421 397 s.
1472 349 1687 396 raon
1733 349 2027 397 arrscoro
2078 351 2553 399 assassroammsr
2909 334 3108 401 OCT.
3175 337 3218 400 2

636 436 927 507 ecclesia
976 435 1011 472 ⁴⁸
1059 456 1184 506 suo
1232 448 1409 504 esset
1454 435 1690 504 orbata
1746 448 2035 522 pastore,
2095 436 2409 505 omnium
2463 435 2634 505 votis
2680 436 2966 518 electus,
3006 460 3219 509 anno

637 527 883 596 Christi
955 524 1321 594 millesimo
1385 523 1858 593 ducentesimo
1923 525 2433 614 septuagesimo
2498 526 2741 611 quinto
2799 526 3218 616 Episcopus

632 628 1074 684 consecratus
1119 628 1241 682 est.
1296 619 1465 681 Tum
1520 634 1676 681 vero
1718 612 1920 701 longe
1957 613 2160 681 etiam
2218 614 2484 703 magis,
2537 635 2745 699 quam
2797 628 3033 696 antea,
3093 616 3214 685 fa-

632 719 786 776 ctus
835 717 938 772 est
984 701 1147 793 vigil
1196 701 1281 771 ad
1333 724 1601 780 curam,
1651 723 1784 768 non
1838 702 2071 788 segnis
2119 702 2202 770 ad
2254 723 2454 791 opuS,
2510 703 2744 772 suavis
2791 703 2876 771 ad
2931 726 3208 774 mores.

520 790 531 802 ’
636 794 847 882 Major
893 806 1037 861 tum
1079 790 1173 859 illi
1224 791 1514 860 accessit
1553 811 1718 858 cura
1759 811 2168 889 pauperum,
2205 804 2439 877 gestus
2469 804 2533 860 et
2566 813 2791 860 sermo
2823 792 3208 873 humilior,

633 883 702 950 in
759 881 1355 969 persecutionibus
1410 878 1831 968 perferendis
1877 901 2156 947 animus
2205 879 2486 961 fortior,
2562 880 2646 949 ad
2710 882 3210 968 exequendam

631 970 972 1059 justitiam
1002 990 1295 1038 censura
1323 967 1642 1045 severior,
1675 968 1744 1035 in
1778 968 2098 1054 precibus
2123 967 2489 1038 ferventior
2517 968 2829 1057 spiritus,
2868 969 2956 1039 ad
2992 994 3212 1060 prae-

635 1059 917 1129 standas
965 1057 1439 1144 eleemosynas
1492 1055 1850 1145 perfectior
1908 1056 2297 1146 benignitas
2343 1071 2406 1126 et
2457 1056 2869 1138 liberalitas,
2915 1059 2986 1127 in
3035 1082 3208 1148 pro-

637 1149 786 1238 prio
834 1146 1237 1236 castigando
1283 1166 1571 1233 corpore
1611 1145 1829 1234 major
1875 1145 2084 1235 rigor.
2140 1151 2383 1235 Magna
2436 1145 2689 1216 laboris
2730 1146 3073 1216 instantia
3131 1151 3204 1217 in

634 1259 783 1305 eam
840 1235 1283 1304 incumbebat
1329 1256 1594 1315 curam,
1644 1246 1719 1304 ut
1764 1233 2091 1303 ecclesiae
2129 1235 2293 1324 jura
2343 1248 2669 1315 tueretur,
2723 1248 2788 1304 et
2834 1258 3022 1323 quae
3074 1237 3205 1306 alii

637 1325 768 1394 sibi
844 1339 1113 1414 praeter
1168 1323 1284 1407 jus
1352 1321 1588 1407 fasque
1652 1323 2132 1403 vendicarant,
2189 1324 2276 1392 ab
2339 1323 2615 1411 injustis
2665 1322 3204 1412 possessoribus

636 1413 887 1494 ablata,
940 1412 1268 1481 ecclesiae
1316 1413 1721 1479 restitueret.
1777 1416 1867 1480 Ea
1915 1417 2124 1480 causa
2172 1434 2330 1480 cum
2383 1412 2611 1501 gravis
2643 1413 2977 1482 extitisset
3029 1437 3205 1484 con-

634 1502 844 1571 tentio
882 1512 1155 1590 propter
1200 1498 1528 1569 ecclesiae
1569 1499 2082 1569 Herefordensis
2120 1500 2307 1590 jura,
2343 1506 2731 1571 Romanum
2783 1503 3202 1572 Pontificem

636 1591 829 1658 adire
877 1589 1197 1669 decrevit,
1245 1604 1319 1658 ut
1369 1590 1455 1657 ab
1508 1588 1623 1657 ilto
1675 1589 1880 1657 tantis
1930 1588 2262 1658 moiestiis
2293 1602 2682 1689 opportuna
2717 1590 3030 1660 remedia
3070 1593 3204 1660 irn-

685 1691 955 1748 etraret.
1010 1684 1101 1747 Eo
1151 1679 1361 1766 igitur
1410 1691 1542 1745 tam
1601 1676 1801 1764 longo
1848 1690 1913 1746 et
1962 1677 2230 1745 difficili
2283 1678 2522 1747 itinere
2575 1699 2706 1746 non
2760 1679 2910 1747 sine
2960 1680 3202 1749 multo

636 1701 868 1836 {abore
914 1780 978 1836 et
1011 1766 1319 1855 corporis
1352 1767 1457 1834 sui
1496 1765 1904 1834 detrimento
1935 1780 2255 1855 susc-epto
2285 1779 2491 1852 atque
2522 1766 2852 1847 consect0‚
2891 1773 3201 1838 Romam

636 1857 840 1939 venit,
894 1870 959 1926 et
1004 1879 1041 1925 a
1087 1856 1373 1924 Martino
1420 1854 1745 1943 pontifice
1795 1854 2170 1924 honorifice
2203 1869 2527 1943 acceptus
2561 1868 2698 1925 est:
2735 1854 3099 1945 rebusque
3135 1873 3200 1927 et

638 1946 953 2034 negotiis,
1006 1966 1299 2031 quorum
1350 1946 1559 2011 causa
1606 1965 1685 2012 eo
1735 1958 2028 2022 venerat,
2088 1965 2208 2032 pro
2260 1956 2408 2012 voto
2457 1943 2825 2032 expeditis,
2882 1945 3066 2016 dum
3127 1949 3197 2016 in

638 2034 927 2122 patriam
962 2033 1183 2103 redire
1214 2032 1588 2112 contendit,
1624 2032 1862 2100 morbo
1888 2053 2284 2120 oppressu5‚
2321 2033 2504 2120 apud
2537 2033 2965 2105 Florentinos
2988 2033 3203 2122 juxta

640 2122 987 2191 Flasconis
1023 2134 1318 2190 montem
1356 2120 1646 2189 decessit
1671 2143 1706 2189 a
1740 2122 1870 2189 vita
1898 2135 2083 2189 sexto
2109 2126 2333 2190 Nonas
2360 2121 2691 2202 OctobriS,
2722 2144 2905 2192 anno
2933 2124 3200 2194 salutis

640 2211 1011 2280 millesimo
1071 2210 1540 2278 ducentesimo
1598 2223 1750 2278 octo
1799 2208 2017 2278 esimo
2077 2211 2392 2297 septimO.
2448 2214 2712 2279 Interea
2770 2232 2885 2280 sex
2929 2211 3198 2282 diebus

639 2321 894 2388 corpus
940 2300 1091 2389 ejus
1138 2299 1452 2367 exanime
1482 2320 1754 2367 asserva
1810 2311 1986 2378 atur,
2024 2298 2302 2366 odorem
2340 2299 2614 2386 spirans
2650 2300 3193 2371 suavissimum.

641 2388 896 2456 Deinde
941 2410 1101 2457 caro
1147 2388 1236 2456 ab
1283 2386 1557 2456 ossibus
1606 2399 1941 2475 separata,
2000 2386 2064 2453 in
2108 2385 2398 2456 ecclesia
2435 2392 2497 2456 S.
2541 2388 2764 2457 Severi
2800 2389 3200 2459 honorifice

638 2477 906 2567 sepulta
940 2489 1078 2546 est:
1116 2497 1269 2545 ossa
1299 2496 1452 2544 vero
1483 2497 1599 2564 per
1637 2490 1769 2545 tam
1813 2475 2184 2564 longinqua
2225 2489 2557 2546 terrarum
2595 2498 2676 2545 ac
2711 2476 2923 2548 maris
2959 2480 3199 2568 spatia

640 2565 708 2632 in
761 2566 1070 2656 Angliam
1124 2566 1205 2633 ad
1259 2564 1487 2633 sedem
1538 2565 1690 2654 ejus
1738 2578 2095 2654 apportata
2147 2578 2330 2633 sun-t.

726 2656 762 2741 ἓ
808 2659 902 2725 6.
958 2660 1263 2740 Cumque
1302 2653 1570 2722 obviam
1626 2653 1765 2722 iltis
1819 2655 2110 2721 venisset
2156 2653 2502 2722 Gilbertus
2550 2653 2636 2723 de
2684 2654 2900 2736 Clara,
2941 2660 3197 2728 Comes

638 2744 1060 2820 Gloverniae,
1114 2744 1233 2828 qui
1283 2740 1370 2811 ob
1402 2742 1565 2828 jura
1611 2741 1941 2811 ecclesiae
1990 2742 2262 2810 beatum
2302 2742 2522 2810 virum
2563 2742 2987 2833 fatigaverat,
3030 2767 3196 2816 mox

637 2832 724 2901 ab
764 2833 862 2901 eis
912 2833 1198 2921 sanguis
1247 2831 1772 2920 copiosissimus
1808 2831 2130 2909 manavit,
2189 2831 2277 2898 ita
2316 2845 2389 2899 ut
2440 2854 2620 2910 vasa,
2675 2833 2744 2899 in
2795 2833 3065 2918 quibus
3100 2834 3195 2903 fe-

641 2921 986 3000 rebantur,
1040 2921 1380 3010 sanguine
1434 2920 1639 2988 tincta
1690 2919 2107 2988 viderentur.
2164 2919 2239 2987 Id
2278 2924 2514 2988 Comes
2561 2919 2677 2988 ille
2716 2943 3036 3003 cernenS,
3110 2925 3194 2992 ti·

641 3031 828 3079 more
874 3025 938 3079 et
988 3011 1266 3077 horrore
1314 3028 1718 3089 concussuS‚
1755 3008 1915 3097 jura
1957 3008 2192 3076 omnia
2231 3007 2558 3077 ecclesiae
2610 3009 2947 3091 restituit,
2989 3023 3058 3079 et
3103 3013 3191 3081 ob

640 3118 743 3175 ea,
782 3120 959 3184 quae
1010 3110 1260 3166 temere
1300 3095 1697 3176 admiserat,
1735 3099 1872 3186 egit
1909 3097 2421 3185 poenitentiam.
2473 3102 2676 3166 Porro
2710 3097 2986 3167 beatum
3028 3101 3192 3189 Epi-

639 3207 925 3274 scopum
993 3192 1293 3254 tloannes
1358 3191 1533 3274 Papa
1585 3190 1760 3253 xxlt
1814 3190 2216 3259 Sanctorum
2270 3184 2489 3254 catalo
2540 3207 2579 3253 o
2649 3187 3068 3276 adscripsit,
3127 3203 3190 3257 et

639 3290 824 3343 sexto
872 3279 1093 3342 Nonas
1142 3275 1451 3343 Octobris
1500 3273 1746 3343 festum
1795 3274 1945 3362 ejus
1987 3273 2384 3343 solemniter
2430 3296 2506 3341 ce
2537 3274 2920 3344 ebrandum
2985 3276 3189 3346 insti·

639 3363 790 3431 tuit.
848 3361 1172 3430 Miracula
1226 3382 1402 3440 vero,
1459 3383 1636 3448 quae
1689 3376 1836 3450 post
1867 3362 2127 3430 obitum
2165 3362 2314 3445 eius
2346 3362 2428 3431 ad
2469 3362 2740 3431 laudem
2777 3376 2843 3432 et
2883 3363 3181 3453 gloriam
3290 3392 3292 3505 ἱ

641 3452 944 3518 nominis
1003 3451 1112 3519 sui
1166 3451 1576 3540 perpetravit
1621 3451 2057 3538 omnipotens
2111 3455 2308 3530 Deus,
2363 3452 2430 3518 in
2483 3450 2772 3521 diversis
2817 3452 3186 3524 codicibus
3291 3514 3292 3549 ᾖ

638 3540 788 3626 ejus
840 3538 992 3617 loci,
1046 3539 1164 3608 ubi
1216 3560 1410 3607 sacra
1448 3538 1598 3625 ejus
1645 3559 1797 3606 ossa
1847 3540 2213 3625 quiescunt
2248 3560 2418 3627 pene
2466 3538 2736 3609 infinita
2787 3544 3050 3631 reperi:
3111 3548 3187 3613 In
3291 3596 3292 3621 ,

638 3628 894 3715 quibus
943 3626 1156 3696 fertur
1190 3627 1546 3715 sexaginta
1590 3641 1896 3696 mortuos
1943 3628 2296 3710 excitasse,
2349 3626 2815 3718 quadraginta
2852 3643 2916 3698 et
2950 3654 3182 3700 unum

640 3717 1055 3807 paralyticos
1107 3716 1512 3792 restituisse,
1564 3716 1788 3784 caecis
1835 3729 1899 3784 et
1950 3716 2160 3785 mutis
2194 3717 2661 3805 vigintitribus
2697 3717 2932 3788 lumen
2968 3733 3038 3788 et
3071 3743 3187 3789 vo·

639 3827 785 3875 cem
843 3804 1245 3874 reddidisse.
1300 3810 1375 3873 ln
1427 3803 1725 3890 quodam
1778 3806 1928 3892 ejus
1979 3803 2104 3873 loci
2158 3804 2507 3874 volumine
2543 3806 2679 3906 legi
2713 3820 3042 3878 annotata
3077 3809 3188 3877 di-

638 3914 833 3963 versa
883 3893 1216 3962 miracula
1278 3894 1427 3981 ejus
1472 3892 1978 3983 quadringenta
2034 3894 2342 3980 quinque
2388 3907 2453 3962 et
2503 3896 2791 3985 viginti,
2838 3897 2909 3963 in
2963 3899 3175 3968 variis

639 3983 970 4051 curandis
1024 3983 1282 4051 morbis
1330 3981 1661 4050 divinitus
1710 3981 2095 4051 declarata:
2164 3995 2549 4072 praestante
2615 3984 2900 4053 Domino
2951 4000 3186 4055 nostro

637 4077 803 4140 Jesu
854 4071 1138 4152 Christ0,
1195 4071 1307 4141 cui
1357 4084 1459 4141 est
1507 4071 1728 4140 honor
1758 4084 1822 4140 et
1855 4070 2071 4161 gloria
2106 4071 2172 4140 in
2207 4071 2437 4142 secula
2484 4073 2900 4155 seculorum,
2940 4080 3183 4145 Amen.

692 4288 719 4316 ¹⁸
749 4288 843 4329 Sub
862 4284 1109 4337 Metropoli
1132 4288 1475 4329 cantuariensi.
