3347 4999
718 341 847 406 666
1306 357 1385 402 ns
1432 356 1489 403 s.
1542 354 1847 402 sssvznmo
1893 353 2221 403 commen.
2275 354 2473 402 nrtsc.
2856 337 3049 403 OCT.
3107 340 3200 405 23

631 441 936 533 profectu
970 440 1287 510 firmavit.
1320 446 1460 510 Non
1503 462 1715 531 pauca
1757 461 2029 527 quoque
2063 439 2395 508 miracula
2433 439 2498 508 in
2540 437 2775 509 eadem
2815 443 3198 527 provincia

630 533 965 600 Dominus
998 552 1117 619 per
1164 552 1435 600 servum
1473 552 1676 599 suum
1729 545 2050 617 operatus
2094 541 2219 597 est.
2262 533 2334 596 Et
2364 529 2528 616 quia
2580 528 2673 596 ibi
2720 528 3192 600 dissolvenda

630 621 940 708 corporis
997 620 1147 708 ejus
1204 617 1476 686 vincula
1526 618 1760 686 divina
1830 617 2358 705 praedestinavit
2403 618 2732 696 scientia,
2785 618 3033 688 subito
3088 623 3197 688 vir

632 710 745 777 Dei
779 722 1101 798 gravatus
1145 707 1567 786 infirmitate,
1609 708 1997 776 convocatis
2049 705 2394 785 fratribus,
2460 706 2791 792 praedixit
2829 728 2907 775 se
2962 709 3038 774 in
3085 731 3195 777 eo·

633 796 786 865 dem
835 797 979 865 loco
1017 798 1252 864 mortis
1291 796 1597 866 debitum
1630 795 2043 874 soluturum,
2077 809 2141 862 et
2179 794 2399 863 locum
2444 795 2626 863 sedis
2671 796 2998 883 propriae
3026 819 3187 865 cor·

634 887 958 975 poraliter
1021 885 1324 971 amplius
1391 906 1524 952 non
1578 883 1912 953 visurum.
1974 887 2217 969 Sicque
2282 883 2763 954 sanctissimus
2828 884 3176 971 pontifex,

634 987 785 1063 post
832 976 1059 1043 datam
1109 973 1640 1042 exhortationem
1678 986 1744 1042 et
1780 972 2346 1049 benedictionem,
2382 973 2650 1040 cunctis
2698 987 3002 1042 onustus
3045 975 3182 1042 vir-

632 1063 945 1140 tutibus,
1026 1063 1281 1149 quibus
1343 1076 1767 1150 promeretur
1819 1066 2034 1140 θεας,
2090 1076 2567 1129 consummato
2627 1059 2918 1130 feliciter
3000 1063 3186 1132 vitae

634 1151 1013 1242 praesentis
1058 1172 1294 1227 cursu,
1349 1151 1684 1218 intentum
1736 1151 2055 1238 supernis
2100 1149 2460 1218 desideriis
2522 1150 2813 1220 Creatori
2868 1150 3187 1219 reddidit

632 1241 979 1326 spiritum,
1033 1238 1472 1308 coronandus
1527 1260 1686 1306 cum
1736 1238 2243 1308 confessoribus
2292 1238 2547 1308 sanctis
2594 1238 3180 1309 immarcescibili

632 1329 867 1398 bravio
911 1342 1271 1415 perpetuae
1306 1327 1792 1396 retributionis.

720 1420 757 1504 ξ
811 1422 960 1488 ss).
1014 1422 1202 1485 Tunc
1254 1416 1657 1485 venerabilis
1690 1414 2039 1484 Amandus
2074 1414 2474 1503 Episcopus,
2527 1414 2977 1484 conveniente
3001 1418 3174 1485 utri·

630 1527 853 1592 usque
886 1528 1088 1575 sexus
1135 1504 1622 1572 innumerabili
1680 1503 2140 1582 multitudine,
2183 1516 2580 1592 susceptum
2613 1505 3175 1574 sacratissimum

631 1617 883 1684 corpus
929 1616 1085 1663 cum
1136 1593 1405 1662 clericis
1457 1595 1519 1661 in
1573 1607 1809 1682 crypta
1860 1614 2027 1661 suae
2086 1591 2415 1661 ecclesiae
2460 1591 2616 1660 fecit
2674 1592 3182 1662 honorabiliter

632 1681 928 1772 sepeliri.
1000 1682 1117 1751 Ubi
1166 1703 1245 1751 ex
1302 1682 1420 1752 illo
1476 1695 1777 1758 tempore
1819 1694 2038 1750 tantas
2093 1681 2420 1750 Dominus
2470 1681 2749 1750 virtutes
2814 1704 2934 1767 per
2987 1682 3176 1750 beati

633 1771 938 1841 Severini
976 1771 1209 1839 merita
1272 1771 1537 1860 operari
1589 1771 1913 1861 dignatus
1951 1781 2073 1847 est,
2130 1783 2204 1838 ut
2269 1769 2898 1838 videreturincolis
2953 1769 3168 1839 fidem

633 1876 947 1930 mortuus
994 1859 1360 1935 custodire,
1412 1881 1617 1945 quam
1682 1859 1873 1928 vivus
1919 1858 2175 1926 dicitur
2223 1878 2683 1940 recuperasse.
2747 1864 2834 1927 Ex
2897 1860 3171 1944 quibus

630 1970 848 2017 unum
909 1948 1176 2037 insigne
1226 1948 1634 2015 miraculum
1686 1947 2075 2035 explicabo,
2130 1947 2309 2032 quod
2365 1946 2513 2014 ideo
2575 1945 2906 2016 famosius
2972 1969 3173 2035 prae·

630 2036 901 2105 dicatur
948 2059 987 2104 a
1033 2037 1322 2114 cunctis,
1376 2037 1535 2123 quia
1573 2037 1965 2104 communis
2003 2048 2147 2103 erat
2191 2057 2402 2104 causa
2449 2033 2715 2103 salutis,
2772 2041 2936 2104 Nam
2991 2035 3168 2105 dum

633 2125 932 2212 quodam
987 2138 1287 2213 tempore
1319 2125 1401 2192 ad
1456 2126 1753 2198 annuale
1805 2124 2181 2193 festivitatis
2222 2124 2372 2212 ejus
2421 2123 2756 2212 gaudium
2813 2123 3012 2210 plebs
3063 2141 3166 2193 to-

635 2216 769 2282 tius
807 2212 1191 2302 provinciae
1228 2214 1577 2302 religionis
1611 2235 1840 2281 amore
1895 2213 2292 2291 conflueret,
2357 2212 2703 2298 inopinata
2748 2213 3162 2281 Gottborum

632 2303 858 2370 rabies
897 2323 1054 2370 cum
1105 2303 1401 2370 exercitu
1463 2303 1739 2389 copioso
1786 2303 2203 2390 supervenit.
2259 2306 2562 2387 Cumque
2625 2321 2696 2368 se
2757 2301 3159 2381 multitudo,

632 2412 808 2477 quae
837 2403 1265 2469 convenerat,
1311 2391 1636 2458 inermem
1688 2405 1752 2457 et
1777 2390 2130 2459 resistendi
2170 2389 2488 2477 impotem
2523 2403 2850 2469 cerneret,
2888 2389 2974 2458 ad
3012 2391 3170 2472 ejus

630 2479 997 2548 consilium
1051 2476 1380 2568 confugit,
1417 2478 1618 2562 cujus
1654 2498 1804 2547 eam
1856 2478 2149 2569 gloriosa
2212 2478 2610 2547 solemnitas
2659 2478 2993 2548 invitavit.
3033 2483 3169 2548 Nec

632 2589 847 2646 mora,
904 2566 1143 2647 isdem,
1188 2570 1305 2654 qui
1360 2567 1833 2657 praedaturuS,
1874 2583 2208 2655 quantum
2242 2566 2430 2635 caedi
2467 2581 2877 2656 superesset,
2939 2568 3162 2638 hostis

634 2656 1022 2735 advenerat,
1070 2657 1328 2726 meritis
1361 2656 1575 2725 sancti
1627 2658 1923 2726 Severini
1969 2657 2304 2725 immenso
2332 2678 2413 2723 ex
2449 2656 2692 2725 virtute
2745 2658 2857 2725 Dei
2913 2678 3167 2744 pavore

632 2746 1053 2835 perterritus,
1115 2743 1279 2834 fuga
1340 2766 1412 2813 se
1461 2745 1934 2814 tantummodo
1982 2744 2081 2813 vel
2137 2744 2485 2824 latibulis,
2548 2744 2806 2830 quibus
2865 2749 3169 2832 quisque

632 2835 873 2922 potuit,
916 2833 1178 2903 salvare
1223 2834 1555 2919 quaesivit
1588 2857 1601 2901 ε
1641 2834 1881 2919 hisque
1927 2855 2100 2920 quos
2135 2834 2444 2919 praedari
2490 2847 2785 2913 venerat,
2824 2856 2983 2903 cum
3016 2856 3170 2900 oiri-

633 2923 841 2993 nibus
890 2943 1066 3009 quae
1113 2923 1452 2999 attulerat,
1512 2923 1758 3024 praeda
1818 2922 1965 2991 fuit.
2016 2922 2202 2991 Unde
2242 2921 2492 2990 factum
2542 2936 2665 2998 est,
2720 2938 2794 2990 ut
2843 2924 3167 3010 omnipo·

632 3012 796 3081 tenti
850 3017 977 3080 Deo
1010 3010 1298 3099 ejusque
1333 3012 1531 3080 militt
1582 3011 1898 3080 Severino
1958 3009 2198 3079 laudes
2247 3011 2603 3095 Aquitania
2646 3023 2780 3079 tota
2834 3013 3168 3098 repende-

631 3121 754 3180 ret,
808 3113 871 3169 et
911 3100 1205 3188 singulis
1264 3100 1508 3168 exinde
1554 3100 1759 3168 annis
1810 3102 1985 3169 banc
2052 3099 2549 3171 solemnitatem
2616 3121 2776 3168 curn
2844 3099 3052 3170 donis
3097 3111 3166 3169 et

632 3188 1040 3257 muneribus
1087 3188 1432 3277 copiosius
1485 3188 1964 3276 frequentaret.

718 3278 756 3363 ξ
807 3284 934 3348 n.
989 3280 1282 3356 Caetera,
1334 3299 1510 3363 quae
1563 3277 1784 3345 tamen
1825 3299 1946 3347 nec
1991 3276 2280 3355 modica,
2335 3298 2459 3346 nec
2511 3297 2724 3366 pauca
2778 3297 2935 3347 esse
2979 3298 3165 3347 com·

630 3366 962 3453 perimuS,
1015 3365 1361 3433 breviandi
1413 3367 1626 3455 gratia
1678 3365 2125 3436 dimittimus:
2161 3365 2322 3452 quia
2370 3387 2508 3441 eos,
2562 3367 2739 3436 inter
2770 3388 2950 3452 quos
2990 3365 3163 3433 facta

629 3464 815 3531 sunt,
865 3452 1057 3520 nullo
1095 3453 1294 3524 modo
1326 3453 1410 3523 de
1461 3456 1567 3523 bis
1605 3454 1805 3523 silere
1859 3470 2203 3541 putamus.
2242 3460 2412 3524 Nam
2442 3456 2616 3533 sicut
2661 3466 3155 3524 sacramentam

625 3543 808 3631 reqt's
875 3543 1271 3612 abscondere
1337 3544 1575 3612 bonum
1625 3553 1756 3622 esc,
1813 3545 1912 3612 ita
1966 3566 2169 3633 opera
2219 3545 2340 3613 Dei
2397 3546 2690 3613 revelare
2736 3554 2796 3611 et
2860 3541 3157 3633 confiteri

625 3629 1060 3721 honorificum
1106 3641 1200 3699 est
1243 3631 1272 3720 (
1311 3633 1453 3700 Tob.
1498 3653 1584 3701 xtt
1612 3631 1661 3718 ).
1713 3637 1868 3720 Ipse
1916 3633 2097 3700 enim
2143 3633 2208 3700 in
2269 3634 2535 3702 Sanctis
2592 3648 2656 3700 et
2707 3652 2828 3720 per
2875 3637 3157 3701 Sanctus

626 3719 911 3788 virtutes
951 3719 1291 3807 quaslibet
1338 3737 1682 3807 operatur,
1736 3722 1852 3807 qui
1902 3720 2134 3789 electis
2180 3722 2327 3790 suis
2373 3719 2740 3809 discipulis
2770 3720 3165 3790 dicitzSine

624 3830 732 3877 me
764 3809 939 3878 m‘lzit
982 3809 1254 3899 potestis
1300 3812 1522 3897 facere
1565 3810 1714 3897 (Job
1770 3809 1903 3896 xv):
1942 3810 2027 3878 de
2071 3831 2208 3896 quo
2261 3809 2511 3879 Paulus
2556 3809 2762 3888 dicit,
2818 3810 3161 3881 Christum

620 3898 742 3966 Dei
767 3899 1083 3966 virtutem
1109 3908 1171 3966 ει
1203 3899 1327 3966 Dei
1365 3900 1773 3988 sapientiam
1817 3900 1913 3988 (l.
1949 3903 2094 3970 Cor.
2133 3898 2208 3987 1).
2262 3899 2379 3967 Cui
2420 3920 2543 3967 nos
2570 3919 2869 3984 quoque,
2919 3898 3163 3967 fratres

617 3986 987 4063 carissimi,
1044 4008 1162 4075 pro
1200 3986 1477 4056 modulo
1531 4001 1759 4056 nostro
1811 3988 2048 4057 laudes
2081 4002 2144 4056 et
2178 3988 2554 4076 gratiarum
2605 3987 2909 4056 actiones
2949 3989 3015 4055 in
3059 3985 3165 4054 bis

620 4073 1099 4161 gloriosissimi
1139 4076 1247 4144 sui
1288 4076 1698 4146 confessoris
1734 4077 2034 4146 Severini
2070 4076 2425 4145 solemniis
2456 4074 2874 4144 deferamus:
2917 4089 3000 4143 ut
3037 4073 3160 4160 qui

627 4162 821 4230 illum
878 4164 943 4232 in
989 4165 1254 4234 Sanctis
1288 4166 1433 4235 suis
1485 4164 1867 4234 mirabilem
1931 4165 2444 4253 praedicamus,
2497 4162 2754 4232 eisdem
2806 4162 3164 4250 opitulan-

627 4251 835 4327 tibus,
887 4254 1083 4321 nobis
1131 4274 1286 4323 eum
1348 4253 1488 4324 fore
1549 4254 1920 4342 propitium
1987 4255 2405 4323 sentiamus:
2467 4253 2593 4336 Qui
2644 4274 2803 4321 cum
2855 4256 3056 4322 Patre
3101 4262 3171 4321 et

629 4339 888 4429 Spiritu
930 4344 1175 4411 Sancto
1209 4342 1369 4412 vivit
1412 4356 1475 4411 et
1505 4343 1841 4432 gloriatur
1879 4348 2057 4414 Deus
2093 4344 2158 4412 in
2195 4342 2427 4412 secula
2465 4339 2884 4422 seculorum,
2920 4345 3165 4411 Amen.
