3347 4999
385 346 587 412 OCT.
646 346 724 411 14
1153 365 1232 411 ΒΕ
1280 365 1335 411 s.
1389 362 1763 411 nnnannno
1813 366 2064 412 naama.
2118 363 2221 412 ΕΡ.
2739 350 2865 414 397

382 471 484 517 ne
519 449 741 530 vobiS,
779 448 960 534 quod
991 448 1193 527 absit,
1228 450 1657 538 torpentibus
1692 449 1789 517 vel
1825 449 2358 531 dormientibus,
2393 451 2459 517 in
2498 473 2663 541 agro
2696 451 2952 519 summi

382 536 931 628 patrisfamilias
963 538 1222 607 zizania
1281 538 1781 628 superseminet
1833 537 2182 607 inimicus.
2232 540 2569 608 Continuo
2622 539 2953 608 intendite

384 640 539 696 tem
606 651 687 697 us
729 627 993 707 messis,
1045 627 1321 714 quando
1388 626 1721 715 manipuli
1777 626 2091 696 laborum
2153 640 2531 696 vestrorum
2574 628 2951 697 Dominicis

384 650 799 785 condantur
833 718 900 785 in
937 716 1197 787 horreis
1235 717 1483 807 potiuS‚
1521 737 1727 803 quam
1773 713 2082 784 fasciculi
2119 715 2538 784 zizaniorum
2589 715 2954 786 tradantur

386 805 777 874 incendiis.
819 807 1188 875 Comitetur
1239 827 1360 875 vos·
1403 827 1672 894 semper
1704 803 2062 893 Angelicae
2114 804 2553 894 protectionis
2587 805 2947 886 auxilium,

386 917 550 981 quo
589 894 910 984 perficere
960 894 1234 985 possitis
1279 895 1466 963 omni
1512 907 1814 981 tempore.
1849 906 2247 981 susceptum
2294 892 2714 962 sacerdotale
2746 894 2952 960 mini-

391 984 728 1053 sterium.
753 985 1176 1074 Suffragetur
1211 984 1540 1052 instanter
1565 994 1629 1051 et
1661 982 1730 1050 in
1760 981 1905 1050 dies
1929 993 2187 1051 vestrae
2218 980 2674 1051 sollicitudini
2695 982 2955 1071 janitor

388 1071 725 1142 coelestis
759 1073 977 1152 aulae,
1017 1096 1057 1142 a
1090 1074 1291 1160 cujus
1325 1071 1787 1142 sacratissima
1836 1069 2158 1139 cathedra
2198 1069 2509 1141 officium
2545 1070 2952 1160 suscepistis

392 1160 780 1251 pastoralis
840 1183 1068 1231 curae.
1122 1161 1350 1250 Ipsius
1406 1174 1469 1231 et
1526 1181 1759 1249 preces
1818 1158 2023 1227 vitam
2084 1172 2376 1228 vestram
2430 1172 2775 1240 tueantur,
2829 1158 2952 1245 qui

395 1262 723 1338 tempore
772 1250 1184 1330 tentationis,
1249 1249 1613 1319 Salvatoris
1673 1247 1879 1317 tutela
1936 1246 2262 1318 defensus
2317 1260 2440 1330 est,
2494 1269 2576 1316 ne
2633 1253 2956 1318 aSatana

396 1338 603 1408 velut
638 1338 934 1408 triticum
973 1338 1413 1409 cribraretur.

501 1430 541 1514 ἓ
590 1433 683 1499 fl.
737 1428 1167 1497 ‘transmissa
1214 1427 1497 1506 dehinc,
1553 1426 1773 1516 gratia
1824 1423 2069 1494 Christi
2116 1446 2231 1493 eos
2297 1437 2730 1515 protegente,
2798 1427 2954 1495 abs-

394 1539 551 1605 que
600 1516 814 1585 ullius
844 1516 1170 1586 laesionis
1201 1516 1717 1607 impedimentO,
1761 1513 2028 1602 Alpium
2064 1513 2491 1593 difficultate,
2536 1516 2645 1582 Dei
2683 1534 2954 1601 quoque

396 1627 576 1676 cum
621 1604 949 1675 laudibus
995 1618 1060 1673 et
1106 1605 1391 1675 canticis
1439 1602 1944 1693 spiritualibus,
2001 1615 2152 1691 post
2202 1602 2407 1691 longa
2457 1604 2776 1672 Bavariae
2812 1624 2957 1691 pro·

399 1693 683 1764 vinciae
730 1694 873 1763 sive
919 1693 1356 1764 Alemanniae
1403 1693 1624 1781 spatia
1670 1712 1995 1771 emensa,
2057 1703 2285 1779 gratos
2334 1692 2701 1762 Orientalis
2751 1697 2956 1760 Fran-

401 1783 565 1852 ciae
614 1781 786 1854 fines
834 1784 1201 1871 attingunt,
1256 1782 1327 1851 in
1376 1782 1576 1871 cujus
1626 1802 1801 1871 pene
1852 1778 2076 1848 medio
2130 1779 2426 1868 positum
2478 1780 2559 1848 ad
2614 1780 2952 1871 oppidum

404 1871 989 1961 Wirceburgense
1019 1872 1444 1959 perveniunt.
1476 1869 1745 1952 Quibus
1772 1881 1906 1937 tam
1939 1867 2113 1938 inibi
2149 1867 2707 1950 inhabitantium,
2743 1891 2951 1955 quam

406 1982 501 2029 ex
552 1959 797 2029 vicinis
832 1960 1000 2030 locis
1036 1959 1401 2029 multitudo
1435 1959 1796 2028 hominum
1831 1958 2078 2045 ingens
2112 1958 2547 2027 occurrebat:
2587 1980 2743 2027 nam
2773 1957 2956 2027 sama

412 2049 897 2139 praeveniens,
937 2049 1074 2118 huc
1124 2048 1277 2118 illos
1323 2056 1877 2138 congregaverat.
1917 2045 2044 2127 Qui
2095 2067 2334 2116 omnes
2369 2046 2452 2115 ad
2498 2046 2750 2117 fontem
2780 2048 2955 2115 vitae

408 2136 630 2207 corda
678 2137 978 2207 sitientia
1025 2136 1269 2207 Christi
1309 2135 1782 2208 sacerdotibus
1816 2134 2214 2215 offerebant,
2255 2156 2334 2203 ac
2366 2135 2802 2225 supplicibus
2832 2134 2952 2203 ad—

412 2224 704 2296 modum
757 2226 1178 2295 clamoribus
1227 2226 1457 2314 ipsum
1508 2227 1733 2294 aerem
1783 2245 2004 2310 usque
2044 2223 2129 2291 ad
2172 2223 2420 2305 sidera,
2463 2225 2657 2294 utita
2690 2224 2953 2294 dictum

412 2314 532 2392 sit,
580 2312 995 2404 implebant:
1050 2338 1087 2380 «
1119 2320 1315 2398 Bene,
1371 2314 1718 2400 inquiunt,
1775 2313 2017 2391 venite,
2079 2325 2302 2399 patres
2352 2313 2696 2383 benedicti
2739 2337 2776 2383 a
2829 2319 2956 2382 Do—

412 2402 637 2482 mino,
684 2403 927 2483 venite,
968 2403 1142 2473 servi
1180 2404 1293 2473 Dei
1335 2402 1606 2483 excelsi,
1644 2400 1889 2483 venite,
1942 2401 2359 2471 laboratores
2392 2403 2784 2472 animarum
2839 2424 2955 2470 no·

411 2503 761 2573 strarum;
800 2503 1234 2582 augmentata
1282 2491 1517 2561 divina
1564 2489 1833 2561 semina
1881 2488 2091 2571 verbi,
2155 2513 2193 2559 a
2241 2490 2438 2561 beato
2481 2492 2747 2562 Kiliano
2786 2490 2950 2560 olim

414 2579 626 2650 nobis
675 2581 1083 2660 ministrata,
1131 2603 1266 2666 quo
1300 2583 1568 2650 vomere
1597 2601 1994 2649 sermonum
2037 2592 2414 2650 vestrorum
2452 2581 2719 2651 exculta
2754 2580 2957 2649 tellus

413 2684 816 2739 nostrarum
885 2670 1218 2739 mentium
1249 2724 1264 2746 ‚
1318 2670 1566 2758 dignos
1614 2681 1821 2755 queat
1870 2667 2043 2736 ferre
2092 2667 2357 2737 fructus
2408 2668 2564 2737 fidei
2617 2670 2953 2737 bonorum

412 2779 732 2847 operum.
760 2782 795 2825 »
844 2758 1110 2840 Quibus
1157 2758 1436 2840 auditis,
1491 2771 1776 2844 uterque
1829 2756 2100 2846 praesul
2137 2779 2298 2848 prae
2329 2757 2583 2846 gaudio
2615 2756 2956 2845 lacrymas

411 2846 786 2927 fuderunt;
842 2847 1123 2934 suisque
1169 2846 1766 2916 benedictionibus
1817 2845 2064 2915 Christi
2114 2866 2388 2935 gregem
2439 2845 2949 2934 consignanteS,

410 2934 642 3004 eidem
685 2936 939 3025 pastori
984 2947 1335 3025 pastorum
1374 2949 1508 3004 tam
1544 2934 1822 3004 devotas
1870 2955 2029 3002 oves
2076 2933 2341 3002 intimis
2394 2934 2714 3018 precibus
2763 2956 2956 3003 com-

413 3022 858 3092 mendarunt.
900 3029 1085 3094 Inter
1117 3024 1307 3105 haec,
1340 3025 1660 3124 egregius
1687 3021 2169 3111 Archipraesul
2205 3021 2621 3102 BonifaciuS,
2661 3022 2730 3090 in
2766 3021 2956 3092 exul·

418 3112 677 3181 tatione
712 3112 1007 3202 Spiritus
1036 3114 1425 3202 Sanctijam
1461 3112 1746 3181 hilarior
1775 3110 1997 3180 factus
2041 3111 2105 3178 in
2141 3110 2438 3180 auribus
2468 3112 2784 3181 omnium
2819 3111 2950 3180 hu-

408 3199 727 3290 jusmodi
779 3201 1275 3272 benedictionis
1321 3214 1385 3270 et
1420 3200 1728 3270 vaticinii
1761 3220 2149 3268 sermonem
2187 3200 2503 3289 protulit:
2538 3223 2573 3267 «
2605 3200 2785 3269 Felix
2818 3200 2955 3269 eris

416 3287 668 3358 amodo
716 3290 1265 3379 wirceburgum,
1320 3303 1384 3359 et
1434 3290 1609 3358 inter
1675 3288 2079 3358 Germaniae
2129 3309 2263 3358 non
2314 3288 2643 3379 ignobilis
2693 3290 2949 3358 urbes:

416 3388 485 3446 et
519 3379 833 3462 quamvis
885 3379 1307 3469 temporibus
1338 3376 1803 3465 quarumdam
1835 3376 2184 3446 civitatum
2233 3391 2576 3467 postrema
2608 3378 2949 3459 habeariS,

420 3479 650 3535 tamen
703 3480 1023 3536 exornata
1071 3467 1477 3556 corporibus
1519 3477 1926 3555 martyrum,
1985 3464 2269 3536 inferior
2315 3467 2496 3536 ultra
2558 3489 2689 3536 non
2744 3467 2955 3537 habe-

421 3553 631 3623 beris,
700 3559 774 3623 In
830 3578 1116 3624 numero
1167 3555 1515 3626 Trinitatis
1563 3553 1987 3644 martyribus
2037 3555 2258 3625 tribus
2304 3555 2598 3638 fulciris,
2651 3557 2735 3626 ad
2788 3577 2954 3645 sup-

424 3641 790 3732 pletionem
849 3657 908 3712 te
957 3644 1207 3715 tradis:
1262 3666 1418 3713 ecce
1470 3643 1775 3733 probitas
1815 3643 1960 3729 jam
2013 3645 2301 3714 accessit
2356 3645 2734 3714 Burchardi
2787 3666 2955 3734 pon-

420 3730 650 3801 tificis.
691 3755 726 3797 »
776 3736 1041 3802 Interea
1110 3744 1514 3822 perventum
1577 3746 1681 3801 est
1728 3732 1814 3801 ad
1867 3732 2095 3801 locum
2147 3733 2525 3814 orationis;
2569 3734 2690 3803 ubi
2720 3789 2736 3816 ,
2781 3733 2956 3805 fusis

419 3820 769 3920 precibuS‚
823 3833 1174 3909 arreptum
1225 3843 1436 3890 manu
1486 3841 1739 3890 novum
1793 3820 2211 3910 pontificem,
2243 3827 2597 3893 Romanus
2635 3827 2951 3913 LegatuS‚

418 3908 488 3977 1d
540 3919 664 3990 est,
722 3930 1018 3998 magnus
1065 3908 1481 3990 BonisaciuS,
1536 3909 2024 3998 conspectibus
2072 3911 2527 4067 praesentavit
2576 3913 2789 3983 totius
2834 3933 2958 4003 po-

426 3997 578 4087 puli
625 3997 1162 4068 circumstantis.
1199 4021 1235 4064 «
1268 4003 1391 4080 En,
1430 3997 1677 4086 inquit,
1726 4000 1958 4068 nostra
1991 4021 2066 4069 so
2097 3999 2457 4069 licitudine
2492 4000 2685 4072 vobis
2714 4001 2958 4070 fratres

421 4086 867 4172 acquisitum,
924 4109 963 4155 a
1003 4092 1312 4156 Romana
1358 4097 1424 4156 et
1469 4085 1855 4178 Apostolica
1904 4087 2063 4157 sede
2101 4100 2575 4159 consecratum
2612 4102 2814 4176 atque
2854 4088 2958 4165 die

420 4187 685 4245 rectum
724 4186 1156 4263 repraesento
1255 4175 1624 4257 ontificem,
1665 4176 2130 4246 necessarium
2170 4177 2473 4247 novellae
2507 4178 2667 4248 fidei
2697 4191 2958 4249 vestrae

421 4283 463 4330 a
512 4263 842 4353 magistro
891 4287 1041 4335 meo
1088 4269 1211 4333 Zac
1267 4265 1413 4334 aria
1486 4264 1656 4333 mihi
1704 4265 2263 4336 commendatum
2301 4267 2613 4347 ,exhibeo
2665 4281 2953 4358 patrem.

421 4350 598 4421 Huic
647 4373 782 4421 non
846 4352 1309 4424 adulatorium
1386 4353 1483 4422 vel
1541 4353 1826 4434 fictum,
1882 4353 1997 4424 sed
2053 4377 2287 4424 verum
2337 4369 2403 4426 et
2470 4357 2956 4447 experimentis

423 4439 790 4527 probatum
842 4441 911 4511 in
962 4452 1334 4534 conspectu
1379 4454 1443 4512 et
1490 4442 1559 4511 in
1615 4442 1902 4513 auribus
1958 4444 2269 4515 omnium
2321 4458 2623 4516 vestrum
2673 4445 2955 4516 exhibeo
