3347 4999
246 327 421 393 OCT.
475 328 515 391 9
929 346 1007 392 nn
1054 346 1108 393 s.
1163 343 1472 392 Luoovico
1521 345 1888 393 neuram-mo
1935 346 2118 393 conr.
2575 329 2691 395 3021

335 433 371 516 ξ
423 435 590 501 ²⁰.
639 428 847 497 Enixe
900 430 1158 519 petiita
1192 430 1811 498 circumstantibus
1846 442 1924 498 ut
1974 430 2182 500 simul
2226 453 2383 499 cum
2437 454 2516 500 eo
2567 432 2795 501 Domi-

242 540 414 587 num
467 517 1003 608 deprecarentur
1053 540 1135 586 ne
1210 518 1446 586 mortis
1517 518 1928 587 sententiam
1980 533 2371 602 revocaret,
2426 533 2491 588 et
2536 521 2799 589 Joanni

241 608 415 688 Boil,
463 607 794 677 moerenti
827 607 911 675 de
945 608 1136 697 gravi
1171 628 1337 676 suae
1376 605 1558 675 filiae
1609 606 2036 687 infirmitate,
2075 629 2225 675 eam
2269 620 2432 677 tunc
2485 631 2618 677 non
2674 610 2801 679 mi-

242 709 595 786 graturam
640 720 679 765 a
730 697 866 764 vita
915 718 1066 765 vere
1116 695 1474 784 praedixit.
1517 695 1926 766 Remittente
2009 695 2401 765 ostmodum
2442 697 2797 786 paulisper

241 786 312 853 vi
364 786 635 867 morbi,
709 806 841 853 non
908 785 1059 854 sine
1130 784 1360 854 labore
1408 782 1490 852 ad
1545 806 1821 853 sacrum
1874 805 1950 852 ce
1982 784 2367 854 ebrandum
2436 786 2790 874 surgebat.

245 877 503 943 Iterum
556 874 1069 964 ingravescente
1119 873 1544 952 infirmitate,
1617 874 2052 942 assistentem
2101 887 2167 942 et
2215 874 2619 963 saepissime
2673 876 2801 942 mi-

246 963 686 1041 nistrantem,
744 984 879 1032 non
933 962 1083 1032 sine
1120 965 1368 1052 magna
1402 963 1529 1030 sua
1561 960 1967 1031 confusione
1999 974 2062 1031 et
2104 962 2320 1031 animi
2356 961 2799 1043 demissione,

246 1051 492 1120 habuit
517 1057 854 1120 Joannem
890 1074 929 1120 a
966 1052 1237 1131 Ribera‚
1278 1050 1736 1140 patriarcham
1774 1051 2297 1133 Antiochenum‚
2347 1062 2489 1121 tum
2538 1050 2804 1120 archie-

245 1141 612 1232 piscopum
666 1138 1099 1209 Valentinum
1134 1194 1149 1221 ‚
1204 1140 1362 1225 qui,
1416 1138 1582 1209 dum
1633 1140 1705 1207 in
1756 1140 2181 1209 cruciatibus
2230 1140 2459 1229 ipsum
2496 1138 2578 1209 ad
2636 1141 2804 1208 resi-

246 1223 646 1329 gnationem
699 1229 766 1296 in
819 1228 1093 1297 divinae
1140 1228 1512 1297 voluntatis
1562 1227 2072 1317 beneplacitum
2123 1228 2482 1309 hortatur,
2537 1229 2804 1298 audivit

245 1317 454 1386 illum
517 1316 857 1386 dicentem
908 1340 979 1388 se
1030 1339 1286 1406 poenas
1333 1316 1489 1386 illas
1537 1316 1899 1403 quibusvis
1953 1317 2196 1385 mundi
2245 1317 2458 1405 hujus
2510 1318 2803 1386 terrenis

247 1406 455 1477 bonis
492 1405 713 1494 pluris
746 1404 969 1475 facere
1002 1420 1068 1475 et
1099 1407 1397 1476 cariores
1446 1405 1723 1474 habere.
1784 1405 1879 1474 Ab
1926 1405 2037 1475 his
2087 1407 2537 1486 cruciatibuS,
2579 1427 2805 1492 quan-

249 1494 510 1565 tumvis
559 1494 1105 1576 vehementibus,
1163 1517 1286 1563 nec
1325 1493 1612 1562 detineri
1657 1505 1777 1563 aut
1812 1495 2143 1564 retardari
2187 1496 2408 1584 potuit
2455 1495 2623 1581 quin
2690 1516 2808 1583 per

249 1581 571 1672 singulos
619 1584 767 1652 dies
816 1606 936 1675 per
976 1583 1174 1652 binas
1206 1584 1408 1653 horas
1442 1595 1811 1653 consuetae
1845 1583 2137 1653 orationi
2179 1595 2469 1662 vacaret,
2505 1598 2570 1652 et
2602 1604 2807 1672 saepe

249 1675 454 1742 sacra
501 1672 961 1763 exomologesi
996 1694 1066 1742 se
1100 1671 1503 1761 purificanS,
1548 1671 1784 1740 divino
1821 1671 2060 1741 altaris
2100 1672 2306 1763 epulo
2337 1672 2803 1754 reficiebatur,

249 1759 553 1847 aliisque
620 1760 920 1831 infirmis
969 1761 1215 1830 horum
1268 1773 1858 1830 sacramentorum
1910 1760 2366 1848 frequentiam
2420 1762 2805 1842 suadebat,

251 1871 461 1939 saepe
500 1852 810 1939 repetens
844 1851 1011 1919 haec
1041 1850 1273 1918 divina
1311 1849 1637 1938 mysteria
1680 1870 1815 1918 non
1852 1850 2076 1919 solum
2114 1851 2409 1933 animae,
2449 1850 2565 1919 sed
2601 1849 2807 1918 etiam

252 1938 593 2028 corporiS,
646 1949 722 2007 ut
762 1937 1173 2028 plurimum,
1221 1937 1514 2008 salutem
1563 1938 1860 2027 operari.

347 2029 383 2114 ξ
436 2033 579 2100 ²1.
661 2031 1046 2097 Concentus
1124 2028 1426 2096 musicos
1489 2027 1557 2095 in
1610 2030 1692 2096 ea
1739 2025 2175 2117 aegritudine
2224 2027 2569 2109 audiens,
2626 2041 2808 2098 totus

255 2114 569 2186 elevatus
617 2115 686 2184 in
742 2121 952 2186 Deum
1011 2114 1400 2186 solvebatur
1434 2115 1501 2183 in
1547 2114 1915 2204 lacrymas.
1974 2117 2300 2202 Denique,
2340 2117 2548 2186 variis
2592 2138 2809 2185 reme-

256 2204 395 2274 diis
445 2219 511 2274 et
561 2205 782 2274 morbi
834 2204 1433 2274 vicissitudinibus
1465 2226 1545 2273 ex
1578 2204 1813 2273 animo
1850 2203 2174 2285 toleratiS‚
2207 2206 2810 2295 appropinquante

259 2297 330 2362 S.
389 2293 698 2382 Dionysii
746 2293 1105 2363 festivitate
1135 2347 1150 2374 ,
1206 2298 1345 2380 qua
1393 2292 1505 2361 die
1554 2304 1711 2362 ante
1758 2315 2018 2362 annum
2072 2316 2145 2363 se
2194 2293 2606 2364 moriturum
2659 2316 2810 2363 esse

261 2381 732 2470 praedixerat,
793 2383 1025 2470 plures
1073 2392 1526 2453 occurrerunt
1573 2381 1881 2451 certatim
1933 2383 2289 2472 cupientes
2337 2383 2425 2452 ab
2473 2404 2551 2451 eo
2602 2383 2810 2452 bene-

259 2468 404 2538 dici
440 2524 455 2551 ,
510 2469 614 2539 vel
672 2470 818 2540 suis
886 2470 1166 2540 rosariis
1227 2471 1378 2562 ejus
1435 2470 1839 2541 linteamina
1888 2471 2156 2562 attingi.
2212 2476 2396 2540 Inter
2443 2471 2569 2542 hos
2620 2472 2808 2542 filius

261 2557 467 2628 ducis
516 2558 818 2629 Gandiae
855 2560 1286 2649 genuflexus,
1340 2572 1406 2629 et
1457 2560 1664 2661 pedes
1717 2561 1868 2650 ejus
1918 2560 2506 2650 lacrymabundus
2544 2563 2811 2631 oscula-

261 2659 399 2727 tus,
451 2646 1002 2718 benedictionem
1045 2648 1279 2718 devote
1322 2661 1388 2717 et
1428 2647 1845 2739 singultiens
1883 2650 2447 2739 praestolabatur,
2483 2650 2663 2735 quod
2704 2651 2806 2718 vir

260 2736 406 2817 Dei,
461 2758 532 2805 se
581 2734 862 2823 quidem
907 2737 1285 2806 maximum
1325 2750 1749 2828 peccatorem
1782 2760 1942 2808 cum
1972 2751 2221 2809 sancto
2255 2737 2465 2807 Paulo
2514 2738 2806 2818 dictanS,

261 2836 329 2894 ct
378 2837 604 2895 mente
652 2824 737 2894 ad
789 2825 1086 2895 nihilum
1140 2848 1345 2895 suum
1395 2848 1794 2909 conversuS,
1835 2828 2227 2897 humillime
2279 2827 2637 2917 praestitit.
2671 2832 2812 2896 Hoc

261 2914 468 2983 etiam
520 2913 855 2984 divinitus
903 2914 1120 2984 sorori
1169 2916 1464 3006 Angelae
1511 2939 1551 2986 a
1600 2916 1939 3006 Guglione
1988 2917 2090 2985 vir
2144 2915 2237 2984 ini
2297 2915 2655 3005 religiosae
2690 2924 2814 2984 Or-

262 3003 450 3071 dinis
514 3003 733 3073 sancti
790 3000 1136 3073 Francisci
1197 3004 1268 3073 in
1323 3006 1654 3095 perpetua
1710 3004 2035 3073 clausura
2127 3004 2352 3104 egenti
2402 3026 2811 3074 eoncessum

265 3090 437 3173 fuit,
484 3091 651 3162 dum
711 3115 791 3161 ex
837 3092 1042 3161 corde
1107 3093 1388 3183 optabat
1437 3092 1984 3184 praesentialiter
2032 3092 2279 3161 Christi
2338 3093 2610 3162 Domini
2671 3113 2816 3162 ser-

264 3202 429 3250 vum
481 3181 834 3261 venerari3
889 3180 1077 3252 illico
1146 3182 1331 3251 enim
1380 3182 1819 3282 (ministerio
1884 3179 2189 3251 creditur
2238 3181 2608 3270 angelico)
2657 3193 2815 3251 ante

264 3269 418 3358 ejus
470 3268 676 3357 pedes
723 3270 1096 3340 constituta
1145 3283 1211 3340 et
1277 3285 1411 3339 voti
1480 3292 1763 3359 compos
1835 3268 2034 3351 sacta,
2090 3292 2257 3339 suae
2304 3270 2515 3339 cellae
2566 3271 2814 3339 iterum

266 3356 684 3427 miraculose
725 3357 992 3428 reddita
1041 3358 1194 3429 suit.
1258 3359 1589 3449 Cupiebat
1634 3358 1909 3427 interim
1963 3358 2346 3428 Ludovicus
2409 3358 2692 3429 dissolvi
2752 3370 2818 3427 et

265 3468 418 3515 esse
447 3468 609 3516 cum
661 3446 949 3529 Christo,
999 3469 1120 3518 nec
1169 3447 1367 3516 aliter
1412 3470 1619 3534 quam
1665 3460 1787 3517 aut
1832 3447 2252 3517 sanctissimi
2303 3447 2539 3517 altaris
2588 3469 2818 3517 sacra-

152 3595 164 3610 .
264 3534 479 3605 menti
513 3534 915 3621 quotidiana
955 3537 1372 3627 sumptione,
1407 3548 1527 3605 aut
1556 3558 1718 3605 cum
1755 3535 2076 3606 Cruciflxi
2112 3537 2416 3627 imagine
2448 3536 2816 3623 colloquiis

265 3645 434 3720 suas
483 3644 711 3693 moras
771 3623 1144 3694 solabatur.
1200 3623 1392 3693 Feria
1440 3626 1627 3693 sexta
1675 3637 1831 3694 ante
1878 3625 2143 3695 obitum
2177 3679 2192 3706 ‚
2262 3625 2580 3694 referenti
2630 3626 2815 3694 diem

262 3712 532 3782 veneris
580 3733 754 3793 esse,
805 3714 1200 3783 Benedictus
1251 3718 1419 3782 Deus
1466 3713 1856 3814 (respondit
1892 3713 2059 3801 ille),
2115 3715 2342 3784 adhuc
2374 3725 2668 3806 quatuor
2704 3736 2818 3784 su-

260 3811 538 3891 persunt
584 3801 746 3870 dies.
816 3803 1176 3888 Frequenti
1227 3801 1503 3871 coelesti
1565 3803 1787 3873 sancti
1837 3802 2177 3873 vincentii
2245 3804 2533 3873 Ferrerii
2582 3803 2819 3871 visita-

265 3890 495 3972 tione,
557 3911 761 3976 quem
826 3911 867 3958 a
916 3890 1167 3958 teneris
1226 3891 1431 3959 annis
1479 3895 1756 3961 summa
1804 3892 2260 3974 veneratione,
2315 3905 2381 3962 et
2434 3891 2818 3962 imitatione

266 3978 495 4048 colere
535 3977 930 4059 studuerat,
976 3978 1440 4048 recreabatur.
1802 4015 1805 4018 ·

356 4069 393 4153 ἓ
446 4072 607 4138 2².
674 4066 890 4136 Biduo
937 4078 1095 4136 ante
1141 4066 1499 4138 decessum
1549 4089 1587 4138 e
1635 4068 1769 4138 vita
1802 4122 1817 4148 ,
1872 4089 2140 4139 sacram
2189 4067 2322 4138 olei
2376 4068 2814 4139 infirmorum

268 4156 667 4226 unctionem
702 4154 938 4226 devote
966 4154 1179 4246 petiit,
1221 4168 1286 4227 et
1318 4156 1618 4247 singulis
1652 4157 2084 4226 orationibus
2119 4157 2571 4248 respondens,
2605 4176 2819 4245 seque

273 4244 530 4313 sanctis
578 4245 1007 4316 orationibus
1053 4255 1119 4314 et
1169 4246 1719 4316 mortificationis
1765 4245 2108 4318 exercitiis
2150 4247 2498 4329 muniens,
2538 4246 2823 4316 sanctis·

274 4330 430 4429 simi
481 4334 800 4404 Crucifixi
836 4333 1209 4424 imaginem
1262 4334 1738 4423 frequentibus
1785 4332 2044 4405 osculis
2094 4356 2430 4406 venerans
2467 4350 2531 4406 et
2580 4356 2815 4418 oram,

275 4439 346 4486 1n
397 4418 507 4489 die
554 4420 724 4493 festo
773 4428 839 4494 S.
898 4424 1225 4515 Dionysii,
1265 4436 1342 4495 ut
1390 4446 1591 4515 saepe
1641 4423 2092 4515 praedixerat,
2138 4425 2307 4496 hora
2345 4424 2813 4512 quindecima,
