3347 4999
1234 135 1265 167 Ο

196 372 369 438 OCT.
424 373 464 436 6
608 352 621 368 ’
702 388 783 435 ΒΕ
831 388 888 436 s.
941 388 1234 434 animone
1283 385 1786 434 canrnusmxon.
1845 386 2243 435 ramunculi
2527 369 2643 436 21¹⁴

516 538 670 598 Tum
719 554 960 599 rursum
1006 542 1331 598 exanimus
1377 537 1602 598 feretro
1645 544 1826 614 caput
1867 534 2088 597 extulit
2128 535 2270 611 alt0,

519 619 717 695 Atque
762 617 1069 678 infelicem
1117 632 1180 677 se
1221 616 1713 693 contemplando,
1761 618 2028 685 locutuS,

512 697 614 758 Sic
657 701 749 775 ait.
788 700 1087 757 immenso
1131 695 1323 764 luctu,
1369 696 1709 772 grandique
1754 695 1972 756 boatu:

513 777 746 838 Parcite
788 775 1134 847 funei·ibu8‚
1183 777 1329 836 milii
1376 775 1466 836 nil
1517 775 1797 853 prodesse
1849 774 2081 837 teletis·

514 856 647 918 Heu
680 857 987 920 infelicem
1016 872 1126 916 cur
1167 871 1262 916 me
1294 871 1570 930 genuere
1604 861 1922 931 parentes?

513 936 609 998 Ab
656 937 839 997 miser
883 945 1163 997 aeternos
1209 935 1362 996 vado
1405 935 1723 997 damnatus
1766 934 1838 995 ad
1883 934 2084 1010 igneS.

512 1015 783 1093 Indeque
826 1016 1125 1077 conticuit
1168 1031 1437 1093 semper,
1474 1014 1790 1091 jacuitque
1832 1013 2111 1092 supinus.

280 1188 316 1273 ξ
365 1187 449 1254 4.
514 1183 607 1252 Ad
658 1206 806 1252 eam
872 1203 1102 1252 vocem
1163 1182 1322 1269 quis
1372 1196 1507 1250 tam
1565 1180 1780 1272 possit
1841 1202 1990 1250 esse
2038 1179 2259 1250 ferreo
2308 1194 2619 1272 pectore,
2676 1193 2753 1252 ut

192 1296 327 1343 non
361 1286 543 1343 totus
573 1295 613 1341 a
647 1295 717 1342 se
756 1271 1119 1342 discedat?
1154 1276 1353 1342 Recte
1387 1271 1560 1339 dixit
1594 1271 1973 1360 Propheta:
2010 1271 2288 1339 Judicia
2323 1273 2446 1340 Dei
2468 1273 2748 1361 abyssus

188 1366 435 1432 multa.
487 1368 699 1433 Notus
747 1373 890 1430 erat
925 1361 1026 1429 vir
1063 1359 1174 1428 ille
1221 1360 1412 1428 omni
1465 1358 1672 1449 plebi,
1710 1373 1776 1428 et
1824 1382 1983 1428 cum
2040 1380 2241 1429 nemo
2275 1359 2359 1429 de
2395 1359 2516 1430 illo
2598 1362 2746 1429 uic-

190 1475 399 1539 quam
456 1452 689 1520 minus
731 1451 1224 1539 suspicaretur,
1270 1449 1461 1538 justo
1512 1448 1627 1517 Dei
1668 1447 1939 1538 judicio
1991 1447 2396 1518 damnatum
2442 1471 2514 1518 se
2599 1449 2744 1518 ixit.

188 1541 573 1611 Penetravit
598 1539 714 1608 illa
737 1539 1065 1609 terribilis
1101 1558 1258 1606 vox:
1293 1538 1483 1606 „lusto
1516 1539 1641 1606 Dei
1656 1538 1924 1628 judicio
1965 1538 2327 1607 damnatus
2358 1560 2528 1619 sum,
2558 1539 2750 1629 ipsas

190 1631 453 1699 ossium
496 1628 871 1698 medullas:
929 1627 1472 1713 videbanturque
1511 1626 1862 1695 adstantes
1892 1647 2136 1695 omnes
2165 1648 2337 1716 pene
2366 1627 2743 1696 exanimes.

190 1724 332 1788 Non
385 1719 569 1787 enim
624 1717 902 1807 vulgare
937 1716 1072 1784 illis
1116 1716 1626 1816 proponebatur
1671 1713 2091 1803 exemplum,
2135 1737 2256 1784 nec
2304 1729 2446 1785 erat
2487 1715 2607 1784 illa
2639 1738 2748 1786 res

190 1807 463 1876 Indicra
519 1819 638 1875 aut
689 1805 877 1894 parvi
937 1817 1288 1874 momenti.
1350 1808 1758 1872 Damnatum
1802 1803 1916 1871 ille
1974 1825 2046 1872 se
2088 1804 2277 1891 justo
2314 1806 2428 1873 Dei
2469 1804 2747 1894 judicio

192 1896 563 1974 clamabat,
598 1895 714 1979 qui
750 1894 847 1962 sic
883 1893 1060 1963 inter
1093 1892 1405 1962 homines
1439 1893 1690 1962 vixisse
1720 1892 1912 1961 visus
1938 1906 2137 1973 esset,
2179 1906 2255 1963 ut
2295 1893 2382 1962 ab
2416 1893 2750 1964 omnibus

193 1996 474 2053 sanctus
519 1995 897 2071 putaretur.
944 1982 1269 2051 Dicebant
1316 1981 1435 2050 alii
1476 1981 1561 2050 ad
1594 1981 1803 2050 alios:
1846 1981 1908 2050 Si
1946 1981 2044 2050 sic
2076 1981 2330 2051 accidit
2356 1981 2521 2052 huic
2558 1994 2745 2052 tanto

194 2073 361 2150 viro,
420 2083 559 2140 tam
614 2071 892 2160 insigni,
924 2071 1087 2157 quid
1131 2092 1254 2140 nos
1289 2070 1521 2139 miseri
1569 2083 1962 2159 exspectare
2003 2070 2393 2141 debemus?
2439 2070 2741 2140 Tandem

192 2183 269 2230 ea
324 2173 545 2228 tamen
596 2163 910 2229 omnium
950 2159 1081 2230 fuit
1129 2160 1487 2238 sententia,
1531 2157 2094 2246 quandoquidem
2131 2160 2248 2229 ille
2299 2160 2525 2249 palam
2578 2181 2744 2229 con-

193 2249 421 2319 fessus
467 2261 688 2329 esset,
745 2270 815 2318 se
854 2249 1043 2338 justo
1094 2250 1209 2317 Dei
1248 2248 1515 2336 J'udicio
1564 2248 2103 2317 condemnatum
2153 2261 2217 2317 et
2268 2249 2737 2339 reprobatum,

190 2352 269 2408 ut
315 2338 503 2406 omni
554 2337 892 2407 Ecclesiae
927 2337 1257 2428 suffragio
1290 2349 1354 2406 et
1391 2338 1537 2427 ipsa
1576 2358 1852 2424 quoque
1884 2335 2348 2407 ecclesiastica
2387 2360 2456 2407 se
2511 2338 2743 2407 ulturfi

192 2427 339 2495 indi
397 2448 529 2496 nus
554 2439 968 2509 censeretur,
995 2439 1059 2495 et
1096 2426 1161 2495 in
1201 2426 1348 2496 loco
1391 2425 1676 2516 profano
1708 2426 1776 2495 in
1821 2425 2258 2514 sterquilinio
2290 2448 2448 2518 sepe
2482 2427 2737 2496 iretur:

192 2539 331 2605 quo
431 2517 635 2586 etiam
680 2515 933 2585 factum
988 2528 1112 2585 est.

281 2608 318 2693 ξ
364 2611 452 2677 5.
509 2610 703 2686 Sunt,
757 2606 876 2692 qui
925 2603 1310 2685 affirment,
1382 2604 1468 2673 ob
1521 2617 1919 2694 perpetuam
1973 2603 2192 2693 hujus
2246 2605 2742 2696 expavescendi

175 2694 431 2785 judicii
482 2694 912 2774 memoriam,
967 2693 1053 2762 ab
1102 2715 1181 2762 eo
1233 2705 1559 2782 ternpore,
1594 2694 1662 2761 in
1715 2715 1819 2774 ea,
1860 2715 2066 2781 quam
2121 2693 2317 2763 toties
2356 2694 2500 2784 jam
2556 2714 2742 2761 com-

188 2784 750 2866 memoravimu5‚
791 2782 1104 2863 lectione,
1160 2782 1416 2851 omissa
1465 2802 1613 2851 esse
1646 2782 1787 2852 duo
1822 2784 1989 2852 haec
2024 2785 2253 2863 verba,
2312 2785 2739 2852 RESPONDE

186 2877 401 2942 MIHI.
459 2872 609 2942 Fuit
649 2893 813 2942 sane
851 2871 1087 2941 multis
1121 2869 1358 2940 efficax
1419 2870 1946 2941 incitamentum
1999 2870 2081 2940 ad
2126 2872 2331 2941 vitam
2384 2871 2739 2940 animum-

185 2983 321 3049 que
368 2960 857 3051 corrigendum
911 2973 1044 3029 tam
1100 2959 1489 3029 inauditum
1546 2960 1990 3030 miraculum.
2046 2965 2211 3029 Nam
2261 2971 2327 3028 et
2363 2960 2508 3048 ipse
2541 2980 2745 3027 vene-

184 3049 428 3120 rabilis
477 3054 730 3137 Bruno‚
785 3071 943 3119 cum
999 3069 1325 3139 praesens
1360 3049 1649 3130 adesset,
1689 3062 1753 3119 et
1780 3049 1925 3119 suis
1957 3047 2180 3118 oculis
2212 3059 2415 3135 atque
2453 3048 2745 3118 auribus

186 3139 422 3209 omnia
469 3137 655 3208 dicta
700 3138 1014 3225 factaque
1063 3136 1429 3218 hausisset,
1486 3138 1784 3207 nimium
1852 3135 2293 3207 formidando
2342 3136 2743 3228 obstupefa-

187 3240 340 3297 ctus
387 3228 701 3315 exemplo
730 3281 745 3308 ‚
793 3239 976 3296 totus
1024 3226 1092 3293 in
1147 3226 1489 3316 lacrymas
1537 3227 1906 3307 resolutu3‚
1960 3226 2206 3295 acerbe
2251 3225 2590 3328 plorabat,
2629 3246 2745 3295 co-

187 3316 417 3406 gitans
466 3336 699 3384 secum
750 3315 969 3383 divini
993 3314 1244 3402 judicii
1276 3316 1729 3394 severitatem,
1767 3315 2103 3383 incertum
2142 3313 2359 3402 hujus
2395 3315 2569 3384 vitae
2607 3314 2744 3383 exi-

189 3419 364 3485 tum,
387 3417 453 3474 et
476 3426 685 3492 quam
720 3404 1125 3473 horrendum
1154 3404 1241 3473 sit
1268 3405 1560 3473 incidere
1584 3405 1654 3473 in
1679 3425 1921 3472 manus
1939 3405 2062 3471 Dei
2084 3402 2616 3493 viventis(He'br.
2647 3407 2739 3487 x).

187 3494 489 3563 Territus
519 3514 681 3581 ergo
712 3505 777 3561 et
811 3493 1180 3563 salubriter
1210 3504 1695 3583 compunctus,
1735 3492 2094 3561 accersivit
2127 3491 2212 3561 ad
2248 3514 2320 3562 se
2363 3491 2737 3562 nonnullos

185 3605 265 3651 ex
318 3582 540 3672 magis
589 3580 1051 3652 familiaribus
1092 3582 1296 3652 sociis
1353 3594 1417 3650 et
1465 3580 1833 3671 discipulis
1883 3582 2054 3662 suis,
2102 3581 2517 3673 magistrum
2565 3586 2741 3650 Lau-

187 3671 531 3752 duinum,
583 3670 705 3757 qui
762 3684 911 3759 post
956 3693 1113 3741 eum
1169 3671 1435 3760 primus
1480 3669 1612 3739 fuit
1661 3669 2058 3740 carthusiae
2109 3670 2494 3760 praefectus
2527 3725 2542 3751 ,
2597 3671 2764 3739 sive·

184 3760 402 3841 Prior,
457 3759 632 3830 duos
667 3759 1071 3849 StephanoS‚
1126 3764 1546 3849 Burgensem
1598 3769 1664 3828 et
1713 3759 2055 3840 Diensem,
2090 3763 2332 3830 ambos
2361 3760 2743 3828 Canonicos

184 3849 408 3919 sancti
458 3848 639 3930 Rufi,
679 3852 1036 3937 Hugonem
1071 3903 1086 3929 ,
1141 3870 1347 3934 quem
1407 3847 1728 3918 dicebant
1779 3848 2251 3938 capellanum,
2312 3846 2495 3933 quod
2550 3847 2741 3918 solus

194 3939 376 4007 inter
412 3960 529 4008 eos
579 3934 958 4007 sacerdotio
998 3938 1312 4006 initiatus
1357 3949 1556 4018 esset,
1595 3934 1776 4007 duos
1815 3937 2051 4019 laicos,
2091 3937 2428 4006 Andream
2466 3949 2528 4005 et
2561 3940 2741 4006 Gua-

190 4026 460 4105 rinum‚
499 4026 619 4114 qui
667 4037 731 4095 et
784 4026 918 4116 ipsi
959 4026 1120 4114 huic
1171 4025 1563 4114 spectaculo
1598 4026 2079 4107 interfuerant,
2132 4025 2361 4111 aitque
2398 4024 2744 4114 lacryma-

186 4114 472 4184 bundus
518 4115 603 4183 ad
655 4136 812 4186 eos:
867 4136 903 4181 «
962 4119 1166 4195 Ecce,
1224 4114 1467 4185 fratres
1527 4128 1594 4185 et
1638 4115 1845 4184 amici
1899 4116 2080 4195 mei,
2130 4114 2301 4182 mibi
2350 4113 2417 4182 in
2473 4114 2741 4182 Christo

185 4203 393 4272 unice
439 4204 605 4286 cari,
660 4203 964 4273 vidimus
1014 4225 1133 4293 per
1165 4203 1290 4275 hos
1341 4204 1489 4274 dies
1542 4216 1606 4273 et
1646 4202 2046 4274 audivimus
2086 4202 2493 4271 admiranda
2532 4201 2740 4292 plane

192 4303 394 4377 atque
428 4293 791 4382 stupenda,
823 4315 1000 4381 quae
1034 4305 1259 4362 tamen
1297 4293 1496 4363 nobis
1520 4293 1791 4384 possint
1829 4313 2151 4382 magnam
2183 4290 2448 4360 adferre
2479 4291 2741 4360 utilita-

196 4379 356 4478 tem,
398 4381 454 4448 si
489 4381 603 4464 ita,
657 4394 734 4451 ut
770 4404 892 4472 par
939 4395 1061 4464 est,
1116 4382 1421 4452 defuncti
1471 4382 1707 4467 hujus,
1765 4380 1988 4449 modis
2035 4381 2362 4450 omnibus
2412 4379 2741 4449 infelicis-

192 4467 378 4548 sim1,
436 4490 570 4539 non
624 4471 1012 4561 periculum
1063 4483 1181 4544 aut
1220 4494 1425 4544 casus
1471 4471 1755 4553 dubius,
1801 4469 1918 4540 sed
1965 4469 2350 4540 certissima
2382 4468 2738 4537 damnatio
