3347 4999
669 320 798 383 490
1461 334 1537 380 nr.
1584 333 1635 378 s.
1691 333 1983 380 aanwmr.
2033 333 2221 380 ηοω.
2798 314 2968 381 OCT.
3029 317 3118 380 Π

670 422 705 507 §
755 424 850 490 9.
904 417 1207 502 Quadam
1260 417 1369 487 die
1418 417 2325 506 sanctimonialisquaedam
2361 418 2425 487 in
2473 419 2879 489 monasterio
2909 420 3120 489 Treb-

585 507 875 579 niciensi
923 509 1097 579 scire
1134 507 1445 597 cupiens,
1481 507 2066 594 quemadmodum
2118 506 2362 577 Christi
2411 505 2662 576 ancilla
2710 506 2853 576 sola
2888 509 3121 578 rema-

582 620 753 668 nens
808 599 875 665 in
926 596 1235 676 ecclesia,
1276 618 1344 667 se
1393 596 1459 664 in
1513 596 1747 665 divino
1793 608 2130 666 exerceret
2178 594 2540 676 famulatu,
2591 595 2872 665 caeteris
2927 619 3121 667 soro-

584 688 776 757 ribus
841 685 923 754 ad
996 707 1302 755 mensam
1375 684 2021 765 discumbentibUS,
2077 683 2252 754 clam
2319 684 2596 755 intravit
2644 685 2708 753 in
2779 684 3113 756 chorum:

582 777 813 863 ibique
845 774 1284 851 delitescens,
1323 773 1488 842 vidit
1529 773 1716 844 illam
1754 786 1906 864 post
1943 772 2219 865 singula
2258 773 2429 854 loca,
2474 774 2541 841 in
2584 774 2839 860 quibus
2873 795 3112 844 mona·

581 866 751 935 chae
798 877 977 934 stare
1025 862 1360 944 solebant,
1398 861 1810 944 exosculata,
1854 884 2085 932 coram
2135 861 2331 933 altari
2369 861 2849 932 Sanctissimae
2880 863 3120 934 Matris

582 954 698 1024 Dei
748 952 944 1023 humi
996 962 1427 1041 prostratam,
1481 951 1737 1041 gratias
1797 973 1996 1041 agere
2051 971 2237 1020 more
2284 972 2409 1021 suo
2442 951 2753 1021 omnium
2789 950 3112 1021 Geatori.

582 1044 657 1114 Ei
694 1064 848 1112 vero
882 1040 1082 1112 altari
1114 1039 1430 1109 imminet
1469 1045 1642 1109 Crux
1681 1062 1813 1110 non
1848 1042 2116 1130 exigua,
2155 1061 2544 1130 expressam
2587 1038 2847 1111 habens
2878 1040 3119 1111 Cruci-

581 1132 700 1202 fixi
752 1130 1148 1221 imaginem.
1202 1128 1303 1198 Ibi
1352 1150 1426 1198 er
1473 1126 1513 1197 o
1563 1129 1660 1199 sic
1713 1140 2066 1219 prostrata,
2105 1151 2264 1198 cum
2318 1128 2650 1220 prolixius
2687 1140 2956 1211 oraret,
3011 1131 3118 1199 uti

583 1232 1049 1300 consueverat,
1105 1218 1333 1308 imago
1380 1216 1427 1286 il
1461 1240 1499 1286 a
1557 1218 1898 1300 crucifixi,
1935 1240 1973 1287 a
2009 1222 2216 1288 Cruce
2258 1231 2544 1289 retracta
2595 1239 2804 1288 manu
2850 1230 2915 1287 et
2954 1218 3117 1290 bra·

583 1308 742 1379 chio
797 1308 1077 1388 dextro,
1133 1304 1230 1376 illi
1293 1305 1682 1389 benedixit,
1734 1306 1971 1376 dicens
2032 1305 2220 1376 clara
2278 1328 2479 1377 voce:
2547 1330 2584 1373 «
2634 1306 2965 1377 Exaudita
3014 1320 3150 1387 est,

583 1397 800 1467 oratio
862 1407 1012 1465 tua:
1076 1395 1477 1484 impetrabis
1547 1418 1624 1465 ea
1687 1417 1864 1483 quae
1930 1395 2206 1485 petiisti.
2265 1418 2302 1462 »
2371 1394 2751 1466 Verisimile
2796 1409 2899 1466 est
2961 1418 3112 1466 eam

582 1499 748 1556 tunc
796 1506 1050 1567 orasse,
1103 1497 1179 1554 ut
1224 1497 1288 1553 et
1338 1483 1737 1565 monachae,
1788 1506 2081 1571 quarum
2136 1484 2413 1575 vestigia
2462 1486 2701 1555 crebro
2762 1485 3114 1555 exoscula-

584 1574 829 1655 batur,
878 1575 943 1642 in
997 1571 1197 1643 bonis
1248 1585 1795 1663 perseverarent,
1849 1584 1915 1643 et
1962 1573 2361 1644 meritorum
2411 1572 2892 1663 illarum‘ipsa
2938 1586 3112 1644 esset

634 1663 949 1752 articepS.
1003 1661 1096 1731 Ad
1146 1661 1485 1752 ejusmodi
1536 1661 1943 1732 humilitatis
1991 1662 2330 1742 exercitia,
2382 1662 2636 1749 quibus
2685 1661 2800 1731 illa
2836 1684 2907 1730 se
2941 1663 3108 1732 scie-

583 1687 703 1824 ssat
749 1750 1095 1829 delectari,
1146 1772 1618 1838 quoscumque
1668 1761 1958 1841 poterat,
2012 1763 2075 1819 et
2122 1750 2708 1821 exhortationibus
2765 1765 2831 1821 et
2890 1772 3104 1820 exem-

585 1841 721 1931 plis
769 1840 1007 1909 sedulo
1056 1840 1405 1909 invitabat.
1452 1844 1661 1928 Saepe
1712 1839 1987 1909 veniens
2034 1837 2120 1908 ad
2174 1839 2506 1921 mantilia,
2550 1839 2806 1939 quibus
2846 1859 3098 1909 sorores

587 1953 626 2000 a
676 1930 929 2000 lotione
995 1950 1240 1998 manus
1290 1929 1656 2017 ‚tergebant
1726 1951 1887 1999 suas
1918 1983 1933 2008 ,
1985 1928 2105 1998 ubi
2171 1928 2460 2018 majores
2531 1927 2695 1997 vidit
2742 1928 3103 2018 impressas

586 2019 847 2096 sordes,
904 2017 996 2086 ibi
1051 2039 1208 2107 prae
1258 2038 1491 2086 amore
1535 2031 1599 2086 et
1648 2017 2034 2087 humilitate
2080 2017 2316 2090 oscula
2365 2015 2608 2087 fortius
2654 2015 2996 2106 affigebat,
3045 2030 3108 2086 et

586 2130 745 2178 cum
800 2105 937 2175 illis
986 2104 1391 2174 mantilibus
1440 2105 1671 2175 Crucis
1721 2106 1994 2197 signum
2046 2106 2461 2196 exprimens,
2507 2104 2744 2175 oculos
2777 2120 2842 2175 et
2878 2118 3111 2195 pectus

585 2216 790 2266 suum
845 2209 1191 2281 tamquam
1241 2216 1401 2264 cum
1453 2194 1766 2284 pretiosis
1812 2194 2226 2281 quibusdam
2278 2193 2588 2281 reliquiis
2634 2194 3105 2285 consignabat.

585 2284 715 2353 Illa
761 2283 963 2352 etiam
1015 2287 1217 2369 aqua,
1261 2303 1398 2369 qua
1446 2305 1710 2375 sorores
1757 2281 1913 2352 illae
1954 2283 2158 2374 pedes
2207 2306 2368 2354 suos
2415 2282 2823 2365 abluerant,
2875 2282 3113 2352 crebro

587 2370 1026 2462 contingebat
1089 2370 1327 2441 oculos
1373 2393 1586 2453 suos,
1639 2385 1706 2441 et
1754 2371 2158 2461 plerumque
2205 2371 2445 2442 faciem
2501 2383 2704 2441 totam
2757 2371 2858 2442 vel
2904 2372 3114 2441 etiam

587 2483 668 2532 ca
723 2474 797 2531 ut
846 2473 1059 2531 totum
1108 2472 1172 2531 et
1218 2459 1498 2543 collum,
1552 2460 2173 2552 nepotulorumque
2238 2482 2570 2541 suorum,
2626 2483 2797 2549 quos
2844 2483 2923 2532 ex
2969 2459 3114 2530 filio

585 2484 851 2631 habuit,
897 2548 1103 2619 facies
1150 2564 1214 2619 et
1259 2550 1483 2641 capita
1533 2572 1667 2620 non
1718 2573 1871 2620 raro
1921 2549 2104 2632 lavit,
2162 2549 2362 2641 plane
2410 2550 2541 2621 sibi
2594 2550 3016 2641 persuadens
3048 2563 3111 2621 et

584 2640 874 2709 firmiter
922 2660 1231 2740 speranS,
1285 2661 1598 2709 sororum
1649 2639 2073 2709 sanctitatem
2115 2695 2128 2720 ,
2186 2660 2392 2727 quam
2436 2638 2556 2708 illa
2614 2661 2792 2726 aqua
2849 2639 3114 2730 attigis-

585 2742 708 2810 set,
752 2740 815 2798 et
849 2728 1017 2818 ipsi,
1069 2742 1133 2797 et
1184 2728 1415 2818 pueris
1463 2726 1603 2797 illis
1651 2727 1941 2797 salutem
1991 2727 2382 2798 allaturam.
2413 2732 2674 2798 Nurum
2725 2749 2950 2810 suam,
2995 2727 3116 2797 do·

588 2818 845 2888 minam
892 2824 1177 2895 Annam,
1224 2816 1305 2885 ad
1359 2816 1607 2886 similia
1661 2815 1971 2886 facienda
2034 2829 2347 2886 accurate
2409 2815 2758 2886 adhortari
2811 2815 3110 2888 solebat:

585 2905 1033 2994 exemploque
1093 2905 1389 2994 piissimi
1445 2905 1809 2975 Salvatoris
1872 2906 2131 2987 nostri,
2183 2905 2529 2976 abluentis
2595 2904 2797 2995 pedes
2858 2927 3113 2995 paupe-

585 3017 738 3064 rum
780 2993 1281 3084 discipulorum
1332 3016 1653 3073 suorum,
1705 3015 1836 3063 non
1891 2993 2320 3064 mediocriter
2376 2993 2694 3074 incitata,
2764 2993 2959 3063 flexis
2999 3014 3112 3083 ge·

587 3084 815 3164 nibus,
870 3083 1271 3173 saepissime
1321 3082 1590 3153 lavabat
1638 3104 2021 3172 pauperum
2077 3083 2279 3173 pedes
2327 3083 2506 3170 aqua
2544 3082 2793 3164 calida,
2829 3104 3036 3170 quam
3073 3103 3112 3149 a

589 3172 924 3242 ministris
972 3183 1319 3261 acceptam
1351 3225 1366 3252 ,
1419 3170 1718 3240 famulae
1767 3171 1863 3241 illi
1913 3171 2308 3242 offerebant.
2371 3176 2501 3242 Nec
2568 3170 2695 3240 hoc
2744 3183 3104 3249 contenta,

588 3258 762 3330 lotos
808 3282 1046 3329 eorum
1101 3258 1304 3349 pedes
1350 3272 1415 3330 et
1461 3273 1759 3330 extersos
1795 3259 2024 3341 linte0,
2057 3259 2604 3341 exosculabatur,
2638 3260 2936 3347 itemque
2971 3281 3112 3329 ma-

589 3370 723 3417 nus
757 3357 781 3414 :'
827 3348 1119 3435 dataque
1167 3347 1304 3418 illis
1351 3348 1811 3438 eleemosyna,
1854 3371 2123 3439 semper
2181 3349 2354 3420 bene
2392 3348 2776 3419 consolatos
2813 3372 2854 3418 a
2889 3369 2960 3418 se
3004 3346 3108 3416 di-

590 3437 855 3505 mittere
902 3435 1240 3505 studebat.
1297 3442 1372 3507 In
1410 3442 1626 3506 Coena
1673 3437 1986 3526 Domini„
2011 3459 2242 3508 amore
2274 3436 2428 3526 ejus
2484 3437 2606 3524 qui
2719 3450 2944 3527 ropter
2989 3456 3111 3506 nos

593 3525 805 3594 voluit
837 3538 912 3595 ut
960 3522 1270 3613 leprosus
1321 3525 1580 3606 haberi,
1637 3525 1895 3613 aliquot
1943 3526 2368 3617 leprosorum
2422 3525 2627 3616 pedes
2702 3527 2943 3596 avabat
2981 3580 3012 3606 ,f
3050 3536 3112 3594 et

585 3613 858 3683 eosdem
913 3614 1104 3682 novis
1156 3613 1487 3685 induebat
1535 3615 1863 3685 vestibus.

675 3704 710 3790 ἕ
757 3706 913 3776 1⁰.
958 3707 1159 3772 Porro
1197 3716 1664 3793 paupertatem
1710 3702 1980 3773 Domini
2009 3707 2199 3785 Jesu,
2236 3702 2358 3792 qui
2425 3714 2701 3792 propter
2753 3725 2898 3781 nos,
2951 3725 3112 3773 cum

589 3790 777 3862 dives
824 3805 1026 3872 esset,
1080 3813 1116 3861 e
1167 3815 1338 3863 enus
1393 3791 1613 3861 sactus
1668 3806 1791 3871 est,
1856 3804 2041 3861 tanto
2105 3791 2684 3882 complectebatur
2730 3792 2999 3873 affectu,
3052 3802 3116 3861 et

587 3880 814 3950 studio
866 3903 1111 3950 venera
1164 3893 1342 3962 atur,
1381 3894 1457 3950 ut
1514 3902 1784 3969 semper
1841 3880 2024 3981 apud
2081 3902 2151 3952 se
2187 3901 2522 3971 pauperes
2562 3879 2814 3950 habere
2861 3879 3058 3949 vellet
3095 3933 3112 3959 ‚

584 3970 981 4127 praesertim
1030 3991 1187 4039 cum
1239 3969 1729 4052 discumberet,
1781 3969 2036 4056 quibus
2083 3969 2288 4039 etiam
2340 3972 2596 4059 magna
2632 3968 2848 4038 animi
2884 3967 3117 4038 humi·

620 4059 798 4139 itate,
855 4058 1256 4148 priusquam
1297 4058 1378 4128 ad
1435 4079 1739 4128 mensam
1792 4057 2089 4138 sederet,
2130 4081 2254 4128 sua
2292 4080 2527 4140 manu,
2567 4057 2759 4127 flexis
2794 4057 3114 4146 genibuS,

583 4147 774 4217 cibos
827 4147 1280 4217 ministrabat.
1338 4147 1587 4218 Deinde
1634 4146 1721 4217 ad
1776 4169 2081 4216 mensam
2134 4146 2488 4228 residens,
2546 4147 2816 4218 nolebat
2876 4159 3118 4235 potum

591 4257 888 4316 sumere,
914 4236 1046 4306 nisi
1073 4236 1264 4326 prius
1283 4258 1361 4306 ex
1383 4237 1536 4325 ejus
1564 4234 1825 4327 scypho
1852 4236 2135 4309 bibisset
2163 4260 2424 4340 pauper
2445 4236 2580 4319 ille,
2598 4237 2717 4324 qui
2745 4236 2923 4304 inter
2945 4233 3125 4303 alios

585 4322 957 4394 deformior
1006 4324 1366 4395 videretur.
1439 4330 1606 4395 Loca
1654 4325 1885 4408 etiam,
1953 4327 2018 4396 in
2068 4327 2323 4426 quibus
2385 4346 2716 4423 pauperes
2773 4322 3124 4406 sederant,

585 4412 861 4500 quando
908 4412 972 4481 id
1027 4428 1281 4483 secreto
1323 4414 1464 4482 fieri
1523 4415 1762 4501 potuit,
1799 4436 2145 4502 appressis
2196 4412 2396 4481 labiis
2445 4434 2589 4483 suis
2637 4411 3126 4484 osculabatur:
