3347 4999
190 367 357 432 OCT.
413 367 494 430 ⁴8
1010 384 1085 429 ne
1134 383 1189 429 s,
1244 382 1399 430 LucA
1446 382 1867 432 sumansu
2483 368 2596 433 534

187 470 335 538 aliis
381 467 666 557 degebat
713 466 1068 556 ApostoliS,
1125 467 1288 535 dum
1343 481 1609 538 nostrae
1660 467 2090 539 mortalitatis
2137 468 2361 539 adhuc
2421 469 2696 540 infirma

191 557 539 648 perferret;
594 556 879 625 Paulum
932 556 1062 626 sibi
1111 556 1511 625 familiarem
1551 557 1728 638 fecit,
1764 581 1924 626 cum
1958 560 2215 628 calcato
2263 581 2340 627 ac
2394 571 2697 646 potenter

184 669 411 716 everso
473 646 706 714 mortis
774 645 1103 735 imperi0,
1179 660 1494 734 paternae
1570 647 1940 734 majestatis
2016 646 2189 716 solio
2256 647 2690 737 praesideret.

184 737 351 805 Hinc
398 745 520 814 est,
571 732 752 821 quod
814 734 930 803 ait:
973 740 1211 804 Notum
1248 736 1426 805 vobis
1472 738 1672 825 saeio,
1716 738 1985 825 sratreS,
2027 738 2472 825 evangelium,
2524 737 2700 827 quod

184 826 714 915 evartqelizatum
764 834 857 892 est
904 847 946 893 a
978 846 1103 904 me,
1141 826 1304 907 quia
1334 848 1463 895 non
1510 836 1604 893 est
1661 825 2022 893 secundum
2061 826 2435 894 hominem:
2487 848 2699 915 neque

184 917 351 984 enim
377 937 495 1003 eqo
534 913 614 982 ab
649 913 907 982 homine
940 915 1168 1003 accepi
1196 914 1393 994 ill-ud,
1423 937 1631 1005 neque
1669 914 1896 996 didici,
1933 915 2048 984 sed
2075 938 2196 1005 per
2225 916 2699 984 revelationem

180 1005 334 1072 Jesu
371 1004 622 1074 Christi
660 1001 840 1090 (Gal.
887 1001 960 1090 1).
1013 1002 1307 1089 Ideoque
1343 1003 1497 1072 licet
1529 1003 1744 1073 sancti
1781 1002 2077 1093 Apostoli
2139 1026 2257 1093 per
2314 1003 2701 1093 corporales

181 1096 455 1163 obtutus
487 1107 735 1162 cuncta
776 1091 1136 1160 Salvatoris
1187 1092 1395 1161 nostri
1445 1106 1633 1183 gesta
1694 1093 2177 1183 perspexerint,
2236 1093 2304 1161 in
2374 1093 2563 1163 nullo
2606 1106 2702 1163 ta-

186 1205 333 1253 men
379 1181 552 1251 beati
610 1181 796 1250 Pauli
859 1202 1282 1270 praecessere
1318 1182 1649 1263 notitiam,
1691 1181 1855 1251 dum
1902 1182 2081 1252 idem
2124 1182 2308 1251 hunc
2371 1181 2456 1251 de
2516 1181 2702 1251 coelo

184 1272 500 1373 Magister
533 1269 874 1349 instruxit,
915 1270 1033 1357 qui
1082 1282 1235 1338 ante
1268 1292 1424 1340 cum
1483 1270 1621 1341 illis
1672 1271 1738 1339 in
1784 1283 1960 1340 terra
2015 1271 2458 1361 corporaliter
2508 1270 2702 1341 habi-

185 1375 364 1432 tavit.
432 1358 620 1429 Unde
659 1372 780 1439 est,
833 1359 1017 1446 quod
1077 1358 1160 1427 ad
1230 1359 1608 1429 Corinthios
1673 1381 1790 1448 per
1837 1361 2436 1449 interrogationem
2498 1359 2700 1429 dicit:

182 1457 320 1521 Non
359 1473 509 1518 sum
542 1449 941 1537 Apostolus?
985 1452 1208 1517 Nonne
1252 1454 1479 1517 Jesum
1513 1451 1863 1518 Dominum
1909 1460 2205 1519 nostrum
2237 1450 2381 1518 vidi
2400 1451 2434 1518 ?
2479 1455 2705 1520 Nonne

182 1563 343 1632 opus
404 1561 627 1608 meum
693 1561 804 1607 vos
842 1539 1007 1606 estis*
1060 1539 1130 1606 in
1179 1539 1508 1608 Domino?
1542 1539 1636 1627 (fl.
1706 1542 1849 1609 Cor.
1901 1544 2016 1625 ιχ).
2073 1542 2201 1608 Deo
2250 1538 2478 1626 itaque
2528 1559 2709 1608 reve-

185 1630 387 1708 lante,
425 1626 511 1697 ad
556 1639 808 1696 tantam
865 1626 1162 1717 pervenit
1199 1627 1522 1697 scientiae
1574 1627 2094 1718 plenitudinem,
2149 1640 2353 1715 atque
2411 1628 2502 1697 ita
2558 1649 2708 1717 per-

182 1719 435 1789 ductus
485 1729 585 1786 est
645 1717 711 1785 in
783 1737 1052 1785 omnem
1127 1716 1568 1806 Evangelicae
1630 1716 1903 1806 regulae
1976 1716 2344 1799 veritatem,
2414 1730 2487 1786 ut
2548 1739 2707 1786 cum

183 1829 422 1878 omnes
502 1818 973 1895 superessent,
1041 1805 1510 1894 Apostolorum
1575 1806 1964 1896 magisterio
2028 1828 2163 1875 non
2231 1817 2477 1909 egeret.
2535 1806 2711 1875 Hinc

183 1910 307 1977 est,
344 1894 527 1984 quod
594 1895 678 1963 ad
730 1894 998 1965 Galatas
1034 1894 1221 1963 dicit:
1265 1899 1427 1966 Cum
1475 1906 1699 1964 autem
1728 1896 1990 1998 placuit
2031 1897 2114 1977 ei,
2169 1919 2283 1985 qui
2329 1918 2432 1964 me
2494 1917 2711 1986 seqre·

182 1987 375 2077 quvit
415 2008 506 2054 ea>
549 1994 737 2053 utero
812 1985 1049 2052 matris
1094 2007 1302 2063 meae,
1380 1994 1441 2053 et
1503 1995 1763 2054 vocavit
1807 2008 1928 2075 per
1993 1987 2292 2074 qratiam
2356 2007 2581 2064 suam,
2637 1995 2713 2052 ut

184 2078 521 2145 revelaret
564 2076 783 2162 filium
850 2097 1046 2142 suum
1094 2077 1165 2142 in
1235 2096 1338 2142 me
1370 2128 1385 2154 ,
1438 2085 1514 2143 ut
1552 2076 2092 2164 evanqelizarem
2139 2075 2338 2142 illum
2383 2074 2711 2164 qentibuS,

188 2166 499 2234 continuo
546 2186 675 2232 non
723 2164 1033 2254 acquievi
1077 2165 1269 2232 carni
1305 2173 1367 2231 et
1403 2164 1743 2253 sanquine}
1798 2186 2007 2254 neque
2053 2164 2211 2232 veni
2235 2164 2716 2254 «lerosolymam
2767 2226 2772 2232 .

189 2255 282 2323 acl
322 2263 764 2322 antecessores
810 2273 985 2320 meos
1018 2255 1376 2343 Apostolos.
1433 2250 1719 2334 Quando
1758 2265 1981 2321 autem
2019 2252 2192 2333 ierit,
2245 2274 2281 2320 a
2335 2253 2511 2321 eruit
2557 2274 2715 2321 cum

191 2341 580 2432 subjungit:
621 2341 868 2410 Deinde
899 2351 1043 2432 post
1076 2363 1282 2410 annos
1338 2351 1467 2411 tres
1494 2342 1649 2410 veni
1679 2343 2165 2432 Jerosolymam
2195 2343 2268 2410 vi
2313 2364 2419 2411 ere
2452 2347 2717 2411 Petrum

187 2432 372 2523 (Gal.
426 2430 516 2521 1):
563 2429 810 2511 videre,
863 2451 996 2499 non
1046 2429 1329 2501 discere.

279 2525 315 2610 ξ
360 2525 473 2594 8..
509 2520 635 2591 Sed
682 2520 864 2590 dicat
902 2519 1191 2607 aliquis:
1242 2520 1367 2589 Hic
1426 2542 1648 2591 sermo
1700 2543 1830 2590 non
1892 2525 2140 2593 Lucam
2185 2521 2714 2612 Evangelistam,

189 2613 371 2684 sicut
424 2610 849 2702 promiserat,
925 2608 1247 2696 loquitur,
1317 2608 1436 2679 sed
1505 2609 1573 2678 in
1647 2609 1837 2680 Pauli
1890 2609 2185 2700 Apostoli
2251 2609 2717 2701 disputatione

190 2712 527 2772 versatur.
588 2704 831 2768 Verum
877 2697 1098 2788 plane,
1155 2719 1276 2766 nec
1324 2721 1697 2800 possumus
1735 2698 2032 2769 diffiteri.
2088 2697 2214 2768 Sed
2256 2721 2416 2768 cum
2475 2698 2715 2768 beatus

191 2797 411 2861 Lucas
471 2787 777 2879 ejusdem
839 2787 1135 2877 Apostoli
1196 2786 1595 2859 individuus
1632 2810 1861 2859 comes
1907 2788 2220 2867 extiterit,
2259 2801 2464 2875 atque
2497 2786 2586 2856 ab
2635 2808 2716 2855 eo

187 2878 514 2950 didicerit
549 2899 752 2947 omne
797 2876 976 2964 quod
1035 2875 1329 2967 scripsit,
1375 2877 1492 2947 uhi
1543 2877 1944 2967 dignitatem
2000 2876 2457 2967 praeceptoris
2489 2875 2716 2965 expri-

191 2970 480 3046 mimus,
553 2966 815 3036 alumni
866 2987 1136 3054 quoque
1253 2967 1645 3037 racconium
1701 2989 1833 3036 non
1902 2978 2229 3036 tacemus.
2294 2969 2370 3033 Et
2420 2964 2720 3034 doctoris

190 3060 346 3130 laus
413 3055 749 3127 redundat
817 3056 881 3123 in
925 3055 1193 3143 discipu
1229 3077 1368 3135 um,
1436 3054 1602 3125 dum
1655 3053 2098 3144 Evangelicae
2148 3052 2446 3122 veritatis
2514 3053 2724 3123 histo-

192 3150 397 3225 riam,
442 3167 652 3232 quam
691 3144 802 3212 ille
862 3143 1195 3213 divinitus
1229 3143 1492 3223 didicit,
1537 3144 1647 3212 hic
1705 3166 1784 3213 ex
1830 3145 1981 3233 ejus
2021 3164 2135 3212 ore
2181 3142 2588 3232 percipiens,
2649 3143 2724 3211 fi-

188 3238 439 3307 deliter
470 3233 784 3321 apicibus
824 3233 1145 3302 exaravit.
1198 3238 1501 3316 Quantae
1547 3255 1708 3323 ergo
1744 3232 2122 3322 dignitatiS,
2176 3245 2607 3320 quantaeque
2641 3232 2728 3301 sit

188 3322 637 3397 excellentiae
688 3322 921 3392 beatus
972 3327 1209 3402 LucaS,
1274 3322 1342 3389 in
1413 3322 1544 3391 hoc
1594 3321 1858 3409 liquido
1925 3320 2487 3411 deprehenditur,
2562 3320 2723 3409 quia

189 3437 355 3486 cum
396 3417 664 3481 Marcus
712 3433 750 3479 a
791 3411 983 3480 beato
1028 3416 1214 3480 Petro
1255 3409 1557 3492 edoctuS‚
1622 3425 1688 3480 et
1729 3411 2104 3481 Matthaeus
2145 3423 2346 3497 atque
2400 3417 2722 3489 loannes,
2807 3412 2814 3418 ’

190 3504 316 3592 qui
354 3499 799 3590 Evangelium
835 3500 1367 3589 descripserunt,
1414 3499 1889 3591 Redemptoris
1940 3499 2155 3569 nostri
2207 3512 2393 3599 gesta
2431 3501 2495 3569 in
2554 3512 2730 3568 terra

191 3589 595 3668 didicerint,
652 3588 773 3657 iste
834 3589 1019 3659 solus
1065 3589 1172 3679 (ut
1231 3589 1323 3657 ita
1387 3588 1657 3678 loquar)
1727 3589 1851 3660 hoc
1910 3588 2352 3679 Evangelium
2434 3589 2732 3658 scribere

194 3680 480 3758 meruit,
525 3677 705 3765 quod
747 3678 830 3747 de
877 3677 1062 3748 coelo
1095 3677 1467 3756 descendit,
1520 3677 1686 3747 dum
1726 3679 1986 3748 scilicet
2034 3679 2162 3746 hoc
2205 3678 2497 3766 Spiritus
2563 3682 2731 3746 San-

192 3785 353 3842 ctus
390 3768 594 3838 Paulo
628 3766 909 3838 coelitus
947 3766 1284 3846 revelavit,
1320 3781 1385 3836 et
1423 3767 1853 3857 postmodum
1893 3788 2012 3857 per
2040 3766 2360 3836 eumdem
2414 3766 2728 3844 Paulum,

192 3858 403 3948 quasi
470 3879 588 3946 per
648 3878 981 3946 organum
1027 3878 1257 3934 suum,
1317 3856 1507 3925 beato
1556 3861 1775 3926 Lucae
1817 3856 2126 3925 Christus
2181 3856 2499 3925 innotuit.
2558 3855 2733 3923 Hinc

194 3962 324 4028 est,
362 3946 543 4034 quod
585 3946 727 4034 ipse
776 3945 1028 4015 Paulus
1076 3945 1214 4014 ait:
1285 3949 1385 4013 An
1433 3949 1967 4036 experimentum
2028 3947 2355 4035 quaeritis
2396 3947 2563 4035 ejus,
2620 3945 2741 4035 qui

202 4042 272 4106 in
316 4060 426 4104 me
460 4036 756 4127 loquitur
806 4035 1159 4106 Christus?
1204 4033 1298 4123 (2.
1348 4038 1492 4104 Cor.
1538 4034 1704 4123 xm).
1763 4040 1848 4104 De
1884 4034 2074 4103 coelo
2106 4054 2270 4123 ergo
2305 4034 2613 4102 Christus
2670 4034 2735 4100 in

202 4125 501 4195 Paulum
569 4136 911 4213 gestorum
982 4145 1264 4194 suorum
1317 4138 1743 4192 sacramenta
1811 4122 2135 4213 profudit,
2197 4121 2572 4209 eademque
2625 4143 2742 4212 per

200 4213 503 4283 Paulum
555 4213 622 4281 in
675 4210 1194 4292 Lucam,.velut
1255 4213 1463 4280 aurea
1513 4212 1745 4281 fistula
1796 4212 2161 4291 mediante,
2212 4210 2604 4290 transfudit,
2672 4223 2742 4278 ut

204 4303 376 4372 huic
440 4302 632 4371 beato
682 4302 824 4371 viro
875 4322 1007 4369 non
1074 4300 1414 4370 immerito
1493 4323 1873 4390 congruere
1953 4299 2310 4380 videatur,
2364 4300 2544 4386 quod
2630 4322 2746 4388 per

202 4391 468 4461 Isaiam
510 4391 794 4461 dicitur:
854 4392 1114 4460 Primus
1160 4391 1254 4459 ad
1288 4392 1446 4459 Sion
1505 4390 1699 4470 dicet,
1757 4395 1920 4459 Ecce
1954 4390 2190 4459 adsum
2216 4416 2238 4459 .·
2282 4400 2344 4458 et
2370 4391 2742 4459 Jerusalem

200 4482 715 4568 Evanqelistam
789 4479 953 4548 dabo
998 4479 1119 4569 (Is.
1197 4478 1347 4567 xm).
1411 4477 1705 4566 Ideoque
1781 4500 1915 4547 non
1988 4501 2204 4559 casu,
2282 4477 2399 4548 sed
2451 4476 2745 4567 Spiritus
