3347 4999
77 174 278 241 OCT.
352 174 447 238 14-
917 194 995 239 DE
1043 194 1098 240 s,
1154 192 1524 239 nuncu-inno
1576 195 1823 240 usnam.
1878 197 1974 241 Er.
2499 177 2626 241 389

80 276 744 434 prudentissima,
802 278 997 347 nobis
1055 277 1287 347 lumen
1342 292 1651 347 nostrum
1709 280 2130 367 primitivum
2182 279 2548 349 destinavit
2604 281 2720 349 Ki-

119 367 436 443 ianum,
475 366 902 456 Burgundis
937 366 1464 445 columbanum,
1509 367 1907 436 Alamannis
1935 367 2200 436 Gallum
2236 391 2250 448 ;
2290 374 2379 436 An
2405 368 2529 438 vlia
2564 392 2720 439 vero

82 455 523 523 universae
588 455 997 524 Germaniae
1062 477 1392 544 magnum
1446 455 1868 525 Bonifacium
1910 456 1975 535 ⁸,
2032 468 2094 523 et
2143 456 2455 526 orientai
2508 462 2720 527 Fran-

88 543 257 612 ciae
318 543 675 631 primum
713 598 727 623 ,
805 544 1108 630 satisque
1177 543 1499 612 idoneum
1556 558 1892 633 pastorem
1927 599 1942 624 ,
1995 557 2059 613 et
2112 545 2289 631 quod
2367 546 2720 614 verissime

93 631 488 710 creditur,
557 632 792 701 adhuc
846 632 1143 703 incultae
1179 632 1386 701 nimis
1437 633 1776 702 Ecclesiae
1817 632 2008 701 valde
2059 633 2517 701 necessarium
2571 656 2722 734 spe-

96 719 376 790 culum
403 721 487 755 *²⁴²
529 722 1042 790 Burchardum.
1075 722 1338 803 Quibus
1375 745 1405 790 s
1460 722 1755 792 iritualis
1783 722 2067 790 militiae
2096 721 2392 792 ducibus
2425 722 2716 805 eximiiS,

99 810 394 895 cuique
437 810 572 881 sui
628 810 1001 899 magisterii
1051 832 1304 896 sequax
1354 745 1771 881 adhaerebat
1821 811 1886 879 in
1927 815 2057 881 Deo
2090 809 2283 878 fortis
2331 809 2712 893 exercitus3

100 920 449 985 quorum
516 898 801 986 singula
849 900 1011 985 quia
1062 921 1196 967 non
1239 912 1425 968 vacat
1476 901 1780 969 invenire
1829 899 2182 979 vocabula,
2238 899 2445 967 libeat
2475 920 2712 967 eorum

110 987 502 1076 exemplis
555 988 784 1076 potius
817 989 1092 1057 studere
1143 988 1617 1076 poenitentiae,
1670 1011 1878 1075 quam
1942 987 2364 1057 nominibus.
2401 988 2538 1058 ‚His
2590 987 2716 1056 ita-

111 1098 263 1162 que
314 1097 457 1164 pro
510 1077 810 1145 stamine
850 1076 1019 1146 telae
1051 1078 1434 1165 propositae
1486 1079 1867 1166 praetexti&
1909 1077 2171 1145 Christo
2212 1077 2518 1162 juvante,
2588 1077 2718 1145 'am

116 1176 432 1253 tempus
472 1164 694 1254 exigit
743 1177 1118 1251 utcumque
1168 1166 1299 1235 sub
1346 1177 1610 1255 tegmen
1667 1178 2163 1251 consequenter
2225 1166 2536 1253 innecten
2598 1187 2711 1234 um

118 1254 538 1333 innodare,
594 1252 677 1321 ad
731 1253 1191 1323 renovandam
1230 1253 1487 1324 scilicet
1519 1270 1864 1324 aeternam
1903 1254 2302 1322 memoriam
2355 1254 2563 1343 primi
2601 1274 2719 1321 no-

123 1342 256 1411 stri
334 1341 745 1411 Mandritae
816 1341 1361 1431 praenominati,
1416 1345 1830 1435 saepiusque
1882 1342 2285 1411 nominandi
2335 1342 2720 1412 Burchardi

123 1430 546 1499 PraesuliS.

220 1522 262 1605 ξ
319 1526 405 1591 1.
474 1520 673 1588 Sicut
719 1518 987 1589 diversa
1036 1518 1460 1589 diversorum
1508 1525 1784 1589 Patrum
1841 1532 2172 1588 testantur
2220 1519 2497 1608 scripta,
2552 1519 2719 1587 dum

134 1607 640 1677 Gresrorianae
690 1608 966 1698 signum
1024 1607 1489 1697 plantationis,
1538 1609 1908 1698 Anglorum
1944 1607 2203 1677 novella
2233 1608 2711 1698 germinasset,

134 1662 641 1785 pulfulasset,
681 1711 1012 1765 cresceret
1075 1710 1276 1783 atque
1326 1698 1711 1767 floresceret
1758 1696 2102 1775 Ecclesia,
2159 1718 2460 1784 semper,
2514 1711 2587 1764 ut
2635 1697 2720 1765 de

140 1784 404 1853 eodem
458 1785 718 1853 dicitur
766 1785 1062 1860 doctore.
1121 1786 1502 1855 venerabile
1568 1787 1882 1855 meritum
1957 1787 2105 1874 ejus
2155 1784 2407 1854 ibidem
2460 1785 2723 1873 accepit

141 1873 740 1957 incrementum3
821 1874 1275 1943 fructificante
1346 1874 1673 1943 nimirum
1750 1874 2056 1963 ejusdem
2138 1875 2359 1963 gentis
2407 1874 2541 1942 fide
2651 1896 2724 1942 er

145 1962 429 2030 multas
489 1975 875 2051 temporum
914 1964 1383 2032 successiones
1432 1965 1622 2031 omni
1667 1963 2016 2053 religionis
2075 1963 2453 2042 devotione,
2494 1972 2557 2030 et
2615 1984 2720 2030 er-

144 2050 414 2119 tilitate
472 2050 812 2119 bonorum
865 2073 1175 2141 operum.
1234 2051 1539 2120 Florebat
1590 2053 1841 2121 interea
1907 2051 2141 2119 eadem
2207 2052 2273 2118 in
2331 2050 2554 2119 insula
2620 2050 2717 2119 vel

143 2139 387 2227 patria
443 2138 584 2207 sub
625 2160 781 2229 rege
832 2139 1414 2209 Christianissimo
1461 2142 1831 2209 aromatica
1867 2140 2201 2225 quaedam
2256 2140 2498 2209 Christi
2564 2140 2719 2207 boni

147 2227 396 2297 odoris
461 2227 731 2308 areola,
792 2229 1041 2299 nobilis
1100 2230 1333 2315 utique
1402 2227 1816 2299 nobilissimi
1881 2227 2258 2297 Burcliardi
2321 2228 2717 2329 parentela:

158 2338 346 2401 quae
404 2328 548 2385 tam
595 2317 823 2397 rebuS,
877 2339 1081 2403 quam
1143 2339 1388 2407 genere
1436 2317 1664 2398 clara,
1720 2318 1933 2386 divini
1988 2318 2251 2386 timoris
2323 2318 2454 2386 insi
2514 2317 2723 2387 nibus

159 2406 552 2474 notabatur
600 2405 685 2473 ab
720 2406 1042 2475 omnibus
1078 2405 1448 2495 praeclara;
1504 2427 1789 2493 seseque
1845 2407 2208 2496 praecipue
2260 2428 2379 2495 per
2435 2406 2451 2473 i
2514 2461 2528 2487 ,
2583 2428 2718 2474 non

158 2507 448 2563 tantun)
504 2494 935 2564 convicaneis
971 2508 1033 2564 et
1080 2495 1608 2577 contribulibuS,
1655 2495 1772 2565 sed
1823 2509 1886 2566 et
1919 2496 2236 2565 universo
2266 2517 2474 2583 regno
2525 2517 2721 2585 prae.-

163 2583 322 2653 buit
358 2582 930 2663 famosissimam,
985 2584 1165 2670 quod
1206 2584 1271 2651 in
1324 2584 1523 2653 bonis
1571 2585 1841 2654 actibus
1892 2584 2064 2653 nulli
2114 2584 2535 2673 generationi
2594 2595 2722 2652 ter-

165 2693 283 2740 rae
342 2672 562 2749 illius,
618 2693 687 2739 se
739 2672 1122 2760 patiebatur
1167 2694 1314 2741 esse
1375 2673 1773 2742 secundam.
1831 2679 1974 2756 Qua
2031 2672 2115 2740 de
2166 2695 2236 2741 re
2287 2693 2417 2739 non
2483 2672 2719 2740 incon-

169 2782 344 2849 grue
410 2759 811 2829 Davidicum
863 2760 1034 2829 illud
1090 2761 1388 2851 elogium
1440 2762 1772 2831 divinitus
1822 2763 1915 2831 ibi
1965 2760 2419 2850 implebatur:
2489 2765 2726 2828 Potens

170 2850 241 2917 in
278 2859 471 2918 terra
510 2851 636 2916 erit
682 2872 901 2918 semen
956 2852 1147 2940 ejus:
1195 2854 1539 2941 ⁴qeneratz'o
1588 2862 1915 2920 rectorum
1967 2850 2386 2919 benedicetur
2416 2847 2568 2935 (Ps.
2611 2847 2716 2935 3).

174 2937 431 3006 Ditavit
478 2938 735 3028 quippe
782 2960 898 3007 eos
945 2939 1328 3008 benedictio
1376 2940 1608 3008 divina
1650 2940 1837 3029 prole
1867 2939 2140 3030 gemina
2195 2936 2402 3004 nimis
2443 2936 2715 3016 eximia,

175 3046 355 3111 quae
410 3027 622 3115 patris
658 3026 977 3096 simulac
1022 3029 1283 3109 matris,
1331 3028 1542 3097 immo
1594 3029 1799 3097 totius
1847 3025 2306 3116 generationis
2350 3023 2537 3093 illius
2585 3023 2721 3092 uti-

179 3135 310 3199 que
365 3114 715 3204 praeclara
765 3115 1118 3185 excelleret
1170 3117 1431 3197 merita,
1479 3115 1876 3185 Burchardo
1929 3113 2237 3182 videlicet
2284 3126 2486 3199 atque
2536 3112 2723 3182 swit-

179 3201 398 3284 huno,
455 3217 744 3289 utroque
815 3204 1101 3273 coelitus
1174 3205 1302 3275 sibi
1371 3205 1746 3273 destinatae
1813 3204 1911 3272 vel
1975 3203 2282 3293 provisae
2352 3201 2721 3270 cathedrae

180 3304 418 3389 postea
460 3292 780 3380 pontifice
824 3292 1078 3362 futuro.
1124 3296 1174 3362 O
1207 3315 1411 3379 quam
1452 3293 1852 3362 benedictus
1898 3291 2159 3360 fructus
2193 3291 2447 3360 ventris
2485 3291 2722 3359 matris

184 3378 421 3461 nlius,
480 3381 601 3468 qui
681 3381 1092 3450 medicinam
1161 3393 1472 3450 aeternae
1548 3380 1790 3452 salutis
1841 3380 2258 3451 sufficienter
2310 3380 2724 3449 ministravit

186 3467 463 3538 duabus
512 3490 819 3538 seorsum
874 3469 1293 3552 nationibuS‚
1348 3469 1625 3560 Angliae
1662 3492 1783 3559 per
1831 3470 2223 3560 indigenam
2278 3490 2483 3538 suum
2537 3468 2724 3537 Swit-

187 3549 482 3637 hunum,
533 3557 855 3626 Orientali
889 3558 1342 3627 nihilominus
1371 3559 1695 3628 Franciae
1723 3559 1826 3594 ’Ἣ
1865 3581 1983 3661 per
2022 3558 2356 3627 advenam
2385 3557 2723 3625 Burchar-

188 3644 389 3714 duml
428 3651 634 3715 Porro
684 3659 1049 3748 antequam
1108 3647 1189 3715 de
1250 3646 1559 3733 ejusdem
1615 3660 1882 3736 patroni
1949 3647 2161 3716 nostri
2209 3646 2724 3714 conversatione

191 3734 586 3816 narrationi,
619 3734 826 3822 cujus
858 3757 1000 3822 jam
1044 3734 1492 3804 fundamenta
1516 3736 1841 3823 jecimus,
1876 3748 2289 3807 structuram
2338 3733 2725 3823 praemedi-

189 3832 389 3893 tatam
442 3845 1017 3913 superponamus,
1054 3845 1267 3914 pauca
1304 3845 1481 3910 quae
1530 3824 1613 3893 de
1662 3847 1989 3914 germano
2037 3825 2185 3913 ejus
2228 3821 2715 3912 comperimuS,

191 3931 396 4000 aeque
424 3910 861 3982 sanctissimo
887 3913 1243 4001 Episcop0,
1277 3912 1547 3981 silentio
1586 3914 1859 4002 penitus
1896 3936 2026 3983 non
2067 3911 2715 4001 praetermittamus

193 4002 279 4069 Ex
343 4001 582 4092 Anglia
645 4001 787 4070 nati
835 3999 1076 4070 fratres
1124 4001 1385 4071 Gotwin
1435 4013 1499 4070 et
1544 4001 1904 4084 Adelmar‚
1967 4001 2223 4087 aliique
2271 3998 2724 4087 quamplures

242 4196 264 4217 θ
283 4196 391 4236 Vita
410 4197 451 4236 S.
480 4198 708 4237 ‘Bonifacti
730 4196 786 4236 M.
806 4196 1009 4237 habetur
1026 4197 1075 4235 in
1094 4196 1237 4242 Surio,
1256 4197 1358 4236 Vol.
1381 4196 1455 4242 VI,
1474 4207 1576 4246 pag.
1604 4198 1694 4242 112,
1714 4197 1800 4236 etc.

246 4249 298 4275 ¹¹¹¹*
325 4251 593 4297 Legendum
615 4252 749 4294 forte.
769 4252 1091 4301 speculatorem.

244 4301 323 4330 *Ν
351 4302 549 4343 Francia
566 4304 798 4344 orientalis
817 4307 984 4344 vocata
1002 4305 1075 4344 est
1093 4303 1256 4346 seculo
1276 4305 1457 4349 octavo.
1476 4312 1594 4350 quae
1615 4304 1778 4352 postea
1796 4303 2062 4342 franconia.
