3347 4999
657 312 787 375 582
1452 330 1529 374 nn
1578 330 1634 377 s.
1691 329 1964 378 anri-:mo
2025 327 2221 379 nm.
2802 309 2975 375 OCT.
3030 310 3123 373 ΞΟ

570 413 841 502 imperii
880 411 1432 503 magnitudinem
1485 413 1837 483 defixisset
1868 413 2130 495 oculos,
2186 426 2253 484 et
2298 412 2685 504 caligasset,
2736 425 2813 480 ut
2859 413 2975 499 qui
3007 433 3125 482 es·

568 514 670 571 set
726 502 955 578 bomo.
1018 514 1084 571 et
1145 523 1280 571 non
1334 500 1616 572 baberet
1665 523 1747 572 ex
1794 525 1923 573 suo
1970 525 2258 593 genere,
2313 503 2436 590 qui
2480 523 2641 571 eum
2720 499 3121 569 defenderet

565 591 822 748 {neque
867 590 1052 659 enim
1102 590 1164 659 ei
1202 602 1406 660 natus
1445 590 1668 661 fuerat
1719 591 1930 672 filius,
1982 614 2199 679 neque
2248 602 2669 661 remanserat
2729 588 2982 677 aliquis
3034 610 3127 658 ex

599 679 951 768 ratribus),
1004 691 1069 747 et
1117 679 1406 759 timeret,
1462 701 1546 749 ne
1594 680 1660 748 in
1714 701 1874 750 eum
1928 702 2173 750 rursus
2234 679 2490 767 aliquis
2552 680 2939 769 insurgeret
2983 683 3125 768 Ty-

567 790 858 847 rannus,
913 768 1151 838 statuit
1179 789 1259 836 ex
1299 768 1612 857 cognatis
1643 768 1945 857 aliquem
2004 770 2316 859 accipere
2361 767 2833 850 cohaeredem,
2874 780 2943 836 et
2988 769 3123 835 im·

565 858 742 1014 perii
790 855 1261 926 defensorem:
1337 857 1520 944 quod
1588 858 1793 927 etiam
1845 857 2026 927 fecit.
2070 863 2234 927 Nam
2285 880 2444 927 cum
2504 854 2773 926 Gallum
2839 855 3115 925 Juliani

596 959 841 1016 ratrem
887 945 1120 1015 Sirmii
1161 949 1513 1015 Caesarem
1566 959 1863 1016 creasset
1904 946 1940 980 ¹*
1987 950 2159 1029 (erat
2204 960 2433 1016 autem
2473 946 2534 1013 ei
2562 944 2799 1015 Gallus
2839 958 3123 1035 patrue-

565 1034 677 1115 lis;
723 1035 1162 1104 Constantius
1208 1036 1392 1103 enim
1446 1033 1620 1105 Galli
1667 1047 1733 1104 et
1777 1034 2033 1105 Juliani
2086 1049 2301 1125 pater,
2354 1033 2563 1103 frater
2622 1033 2840 1102 fuerat
2888 1033 3118 1121 Magni

565 1123 1043 1211 Constantini),
1080 1122 1141 1191 ei
1191 1122 1308 1191 dat
1343 1144 1652 1204 uxorem,
1692 1146 1889 1193 suam
1927 1146 2227 1194 sororem
2262 1122 2725 1194 Constantiam
2759 1122 2851 1202 ⁸⁴,
2890 1134 2965 1190 ut
3007 1142 3117 1192 res

565 1224 742 1281 esset
795 1211 1060 1280 firmior
1104 1223 1169 1281 et
1237 1212 1540 1282 cautior:
1592 1224 1658 1283 et
1723 1213 1999 1301 praebet
2067 1214 2128 1283 ei
2194 1213 2675 1303 magistratuS,
2727 1232 2900 1297 quos
2967 1211 3118 1299 ipse

562 1300 1010 1370 constituerat
1054 1305 1222 1384 (non
1256 1302 1438 1369 enim
1478 1301 1671 1371 Gallo
1708 1300 1954 1370 licebat
1994 1302 2058 1371 id
2098 1302 2230 1371 sibi
2278 1321 2657 1382 assumere,
2717 1321 2878 1367 cum
2935 1310 3119 1368 esset

569 1390 866 1477 Caesar),
913 1389 1376 1458 Domitianum
1412 1390 1694 1477 quidem
1753 1404 1818 1458 et
1866 1390 2298 1460 Thalassium
2349 1390 2668 1458 emittens
2736 1387 3118 1457 Praefectos

565 1479 984 1548 Praetorios:
1026 1479 1357 1548 Montium
1409 1492 1637 1548 autem
1708 1480 2175 1568 Imperatoriis
2225 1478 2630 1568 praeficiens
2679 1477 3108 1554 rationibus,

567 1588 773 1654 quem
826 1566 1029 1635 etiam
1064 1566 1369 1636 solemus
1402 1588 1641 1637 vocare
1675 1571 2141 1650 Quaestorem,
2193 1580 2257 1636 et
2306 1566 2512 1636 simul
2549 1588 2707 1635 eum
2756 1564 2961 1634 etiam
3006 1586 3120 1634 or-

570 1677 746 1724 nans
781 1654 1039 1724 honore
1087 1654 1385 1724 Patricii.

654 1747 691 1831 ἕ
737 1748 832 1815 0.
885 1743 1122 1813 Gallus
1171 1756 1426 1825 autem,
1479 1756 1554 1813 ut
1585 1745 1707 1831 qui
1759 1756 1922 1813 tunc
1956 1767 1993 1813 a
2036 1743 2429 1814 Constantio
2480 1743 2738 1813 missus
2784 1754 2964 1811 esset
3026 1739 3119 1810 ad

571 1834 940 1912 Orientem,
991 1846 1136 1902 erat
1178 1833 1484 1902 intentus
1534 1834 1741 1902 rebus
1778 1832 2120 1924 gerendis.
2174 1838 2388 1916 Quem
2439 1854 2596 1901 cum
2645 1830 2944 1919 primum
2998 1851 3122 1898 ac-

567 1923 910 2011 cepissent
945 1926 1184 1991 Persae
1220 1922 1486 1991 venisse
1527 1921 1979 2004 Antiochiam,
2034 1923 2278 1991 timore
2316 1933 2480 1990 sunt
2508 1920 2756 1997 affecti,
2808 1941 2968 1988 cum
3004 1940 3122 1987 au·

566 2010 901 2081 divissent
925 2031 1081 2078 eum
1116 2032 1265 2079 esse
1288 2011 1638 2099 Juvenem,
1681 2023 1745 2079 et
1770 2010 1854 2079 ad
1894 2033 2001 2080 res
2026 2009 2361 2100 gerendas
2396 2030 2623 2079 acrem
2665 2020 2729 2077 et
2764 2006 3123 2076 vehemen-

569 2110 728 2179 tem,
769 2121 891 2167 nec
942 2098 1246 2167 fecerunt
1293 2098 1598 2187 amplius
1630 2100 2073 2168 excursiones
2130 2100 2197 2167 in
2258 2120 2461 2189 agros
2501 2102 2993 2167 Romanorum.
3040 2101 3123 2164 Et

570 2186 682 2256 ille
729 2186 1008 2275 quidem
1060 2201 1203 2256 erat
1252 2188 1644 2257 Antiochiae
1695 2189 1950 2276 Syriae,
1990 2201 2064 2256 ut
2093 2184 2445 2257 ostensum
2495 2198 2632 2265 est;
2671 2185 3124 2255 Constantius

571 2288 800 2345 autem
856 2298 962 2344 res
1009 2276 1467 2345 constituebat
1515 2277 1583 2344 in
1635 2277 2036 2347 Occidente:
2071 2289 2137 2345 et
2184 2288 2350 2346 tunc
2381 2289 2525 2344 erat
2575 2273 2871 2342 maxime
2919 2273 3124 2359 quie·

570 2375 713 2433 tum
767 2369 1231 2433 Romanorum
1285 2364 1694 2454 imperium,
1747 2379 1823 2434 ut
1889 2364 2073 2452 quod
2122 2365 2209 2434 ab
2258 2365 2569 2451 utrisque
2615 2362 3115 2432 custodiretur.

568 2457 646 2522 Et
694 2453 859 2522 haec
906 2452 1185 2539 quidem
1238 2452 1366 2522 hoc
1407 2453 1608 2523 modo
1655 2475 1728 2523 se
1776 2454 2143 2525 habebant.
2183 2453 2421 2525 Gallus
2467 2465 2696 2522 autem
2747 2472 2908 2521 cum
2948 2455 3120 2521 Cae·

568 2542 743 2611 saris
792 2541 1128 2611 induisset
1158 2564 1565 2632 purpuram,
1602 2555 1666 2611 et
1691 2543 1834 2630 jam
1869 2545 2204 2633 coepisset
2236 2543 2607 2614 ascendere
2655 2541 2918 2630 primos
2954 2562 3125 2629 gra-

568 2629 703 2699 dus
752 2629 1047 2720 imperii,
1105 2652 1235 2699 non
1279 2631 1528 2700 mansit
1589 2631 1658 2699 in
1709 2631 1943 2701 eadem
2011 2632 2344 2702 sententia
2391 2645 2457 2700 et
2504 2629 2679 2703 fide.
2731 2650 2941 2716 quam
2995 2628 3126 2699 de-

570 2719 762 2789 derat
788 2719 1204 2800 Constantio,
1244 2719 1450 2788 nimis
1488 2741 1610 2808 pro
1644 2719 1932 2810 imperio
1973 2743 2080 2791 res
2106 2741 2341 2812 gerere
2373 2718 2811 2810 aggrediens,
2851 2728 2917 2785 et
2950 2738 3122 2786 cum

573 2829 818 2897 magna
857 2808 1148 2878 audacia
1196 2820 1259 2876 et
1289 2808 1682 2897 arrogantia
1746 2810 2195 2880 constituens,
2249 2814 2432 2892 Quos
2478 2808 2664 2877 enim
2729 2826 2893 2875 cum
2967 2806 3125 2896 ipso

571 2898 1016 2987 magistratus
1046 2898 1367 2966 emiserat
1401 2898 1861 2978 Constantius,
1902 2899 2020 2983 qui
2066 2898 2527 2988 imperialium
2565 2910 2628 2966 et
2660 2894 2973 2964 civilium
3013 2915 3127 2964 re-

567 3007 722 3054 rum
783 3000 978 3056 erant
1017 2986 1314 3075 judices,
1364 2986 1683 3056 Praetorii
1736 2986 2151 3056 Praefectum
2208 2987 2671 3058 Domitianum
2733 2984 3125 3073 (mortuus

566 3075 751 3142 enim
801 3087 945 3145 erat
989 3075 1422 3164 Thalassius)
1467 3088 1530 3144 et
1578 3080 2020 3158 Quaestorem
2073 3076 2441 3155 Montium,
2490 3073 2673 3161 quod
2730 3093 2865 3141 non
2921 3073 3122 3161 pare-

570 3175 746 3243 rent,
800 3177 864 3232 et
897 3163 1303 3233 inservirent
1335 3185 1371 3233 a
1423 3163 1685 3234 ratione
1740 3164 2009 3247 alienis,
2047 3177 2113 3233 et
2158 3186 2335 3251 quae
2389 3161 2695 3233 cohiberi
2740 3182 2874 3230 non
3023 3173 3124 3230 te·

569 3261 747 3332 rant,
801 3253 950 3342 ejus
984 3252 1549 3342 appetitionibuS‚
1603 3275 1762 3322 cum
1798 3254 2123 3341 jussisset
2174 3253 2515 3324 militibus
2577 3250 2866 3340 alligare
2914 3182 3119 3319 ffies

567 3359 803 3407 eorum
851 3339 1164 3429 pedibus,
1209 3341 1420 3431 jussit
1456 3341 1634 3411 trahi
1679 3364 1798 3432 per
1842 3341 2094 3422 forum,
2149 3354 2213 3411 et
2241 3354 2618 3427 utrumque
2642 3337 2917 3417 occidit,
2954 3358 3112 3406 cum

569 3426 696 3495 viri
730 3426 1020 3497 fuissent
1068 3429 1137 3495 in
1172 3430 1492 3517 gerendis
1530 3431 2049 3521 magistratibus
2096 3430 2379 3521 egregii,
2432 3443 2496 3499 et
2543 3427 2789 3515 quovis
2826 3427 3010 3497 lucro
3049 3435 3119 3492 et

574 3514 1042 3586 emolumento
1090 3516 1346 3586 inventi
1395 3530 1623 3589 essent
1684 3519 2097 3609 superiores.
2162 3523 2345 3601 Quos
2398 3539 2558 3586 cum
2611 3515 3116 3606 composuisset

569 3603 864 3674 civitatis
913 3605 1318 3695 Episcopus,
1372 3607 1662 3696 sepeliit,
1705 3607 2046 3697 insignem
2088 3628 2328 3677 eorum
2382 3605 2701 3676 virtutem
2754 3604 3111 3675 reveritus.

655 3695 815 3849 52.
869 3695 1307 3764 Constantius
1367 3709 1595 3765 autem
1663 3717 1825 3764 cum
1872 3695 2207 3766 audiisset
2267 3694 2335 3764 id
2371 3750 2388 3775 ,
2459 3693 2639 3783 quod
2716 3692 3114 3771 acciderat,

570 3785 664 3853 Ga
697 3781 840 3852 lum
891 3782 975 3851 ad
1024 3805 1097 3853 se
1146 3784 1455 3854 accersit.
1510 3783 1632 3853 Ille
1686 3796 1919 3854 autem
1968 3806 2129 3854 cum
2193 3785 2398 3854 sciret
2457 3782 2740 3871 quidem
2774 3836 2789 3863 ,
2855 3803 2928 3853 se
2979 3801 3120 3849 non

567 3871 794 3941 vocari
841 3871 927 3941 ad
977 3871 1233 3942 bonum
1285 3871 1591 3958 aliquod,
1636 3894 1879 3943 rursus
1925 3886 2156 3943 autem
2205 3873 2556 3974 cogitaret,
2587 3870 2773 3959 quod
2812 3870 2870 3939 si
2908 3867 3124 3938 nollet

570 3962 832 4050 parere,
888 3973 1226 4050 oporteret
1266 3960 1524 4030 bellum
1576 3960 1819 4042 facere,
1873 3962 2086 4031 armis
2137 3974 2451 4051 protinus
2498 3959 2871 4049 correptis,
2925 3956 3129 4048 eligit

568 4049 796 4148 potius
844 4071 1106 4139 pacem.
1161 4054 1238 4118 Et
1287 4049 1665 4140 praemissa
1705 4072 1914 4119 uxore
1963 4049 2046 4118 ad
2097 4048 2559 4141 mitigandum
2611 4046 3118 4125 Constantium,

569 4158 716 4227 lpse
742 4159 1012 4225 quoque
1043 4161 1169 4209 sua
1200 4151 1440 4229 sponte
1473 4137 1710 4208 adibat
1741 4138 2152 4229 periculum.
2179 4143 2392 4226 Atque
2420 4136 2811 4208 Constantia
2889 4134 3139 4204 uidem

574 4225 800 4297 statim
841 4226 1141 4316 profecta
1174 4240 1298 4310 est,
1336 4238 1414 4297 ut
1441 4226 1722 4297 fratrem
1753 4228 1940 4317 prior
1963 4226 2377 4310 conveniret,
2408 4239 2473 4296 et
2499 4226 2569 4294 in
2598 4225 2838 4295 animo
2912 4223 3141 4293 abens

577 4334 819 4405 rogare
871 4337 994 4403 pro
1042 4316 1312 4398 marito,
1364 4329 1442 4386 ut
1488 4315 1663 4386 nihil
1714 4338 1918 4406 grave
1953 4316 2021 4385 in
2072 4338 2230 4387 eum
2282 4327 2627 4387 statueret.
2687 4318 2853 4384 Cum
2897 4323 3143 4382 autem

632 4444 657 4469 ⁴
688 4445 826 4482 Anno
857 4443 947 4482 351.
1655 4443 1713 4471 ⁸*
1741 4444 1869 4492 Quae
1885 4444 2029 4484 vidua
2046 4447 2151 4484 erat
2169 4438 2478 4484 Ambautai.
