3347 4999
712 341 840 407 758
1283 359 1360 405 nt
1406 358 1465 405 s.
1499 354 1889 405 wotrcsnco
1929 358 2027 404 ιι».
2066 357 2479 406 anismam«.
2838 340 3014 405 OCT.
3065 341 3131 405 3t

625 445 791 514 satis
829 465 960 534 sup
1056 456 1290 512 terent.
1327 465 1366 509 »
1398 442 1827 526 Quibusdam
1881 464 2037 512 vero
2087 465 2125 512 e
2156 442 2615 513 familiaribus
2660 444 2815 530 ejus
2860 442 3147 512 dicenti-

622 533 779 614 bus,
836 533 1073 602 mutis
1125 531 1294 602 locis
1345 553 1662 623 magnam
1699 552 1849 603 esse
1902 532 2399 601 monachorum
2457 532 2757 621 copiam,
2793 530 3045 602 dolens
3088 542 3148 602 et

627 620 1017 711 lacrymans
1048 620 1355 691 dicebat:
1393 643 1430 687 α
1461 625 1515 692 Ο
1546 642 1752 708 quam
1803 620 2043 690 defecit
2084 634 2367 690 sanctus
2397 624 2411 688 l
2449 624 2503 691 Ο
2528 643 2737 708 quam
2772 619 3153 691 diminutae

624 723 785 780 sunt
818 711 1128 779 veritates
1176 732 1212 779 a
1249 709 1412 781 siliis
1461 709 1859 779 hominuml
1913 709 2087 792 Quid
2137 710 2412 799 prodest
2465 710 2848 779 sanctitatis
2894 724 3158 800 gestare

621 795 929 868 habitum
963 854 979 880 ,
1030 799 1357 888 operibus
1409 798 1866 869 destitutum?
1938 799 2292 879 monachi,
2345 799 2465 886 qui
2514 797 2597 867 ad
2654 797 2934 888 regulae
2992 819 3157 869 suae

621 886 1120 979 praescriptum
1181 887 1440 968 vivunt,
1488 888 1706 958 beatis
1750 901 2244 976 comparantur
2290 886 2599 977 Angelis:
2651 889 2771 974 qui
2837 909 2997 956 vero
3057 909 3159 957 se·

619 977 891 1046 culares
920 988 987 1046 et
1020 976 1283 1046 mundo
1339 975 1552 1046 dediti
1612 988 1796 1057 sunt,
1833 988 2181 1065 apostatae
2215 992 2663 1046 censentur.»
2710 976 2992 1045 Dicebat
3035 998 3159 1046 au·

619 1077 753 1135 tem
807 1065 973 1135 baec
1011 1080 1292 1135 sanctus
1342 1066 1466 1144 vir,
1519 1063 1701 1152 quod
1756 1079 2062 1135 cerneret
2104 1065 2475 1134 monachos
2525 1066 2592 1133 in
2651 1066 2827 1135 beati
2883 1070 3155 1134 Emme-

621 1155 868 1224 rammi
900 1155 1233 1225 coenobio
1278 1153 1531 1223 Abbate
1576 1175 1831 1232 carere,
1867 1166 1935 1223 et
1987 1154 2077 1223 ita
2130 1153 2313 1224 velut
2348 1175 2508 1225 oves
2538 1153 2690 1223 sine
2729 1168 3006 1244 pastore
3051 1176 3156 1224 er-

616 1263 789 1312 rare.
829 1242 902 1312 Id
945 1264 1100 1313 vero
1152 1242 1313 1313 inde
1350 1242 1713 1323 acciderat,
1751 1242 1934 1329 quod
1979 1244 2294 1344 Episcopi
2329 1242 2417 1312 ab
2466 1244 3013 1333 Imperatoribus
3052 1242 3151 1312 vel

621 1330 923 1422 Regibus
962 1331 1134 1402 illud
1178 1332 1668 1402 monasterium
1727 1331 2192 1420 impetrantes,
2230 1354 2300 1399 ιιι
2344 1354 2538 1401 suam
2582 1330 2913 1400 ditionem
2963 1331 3153 1401 rede—

616 1433 878 1510 gerant,
918 1420 1123 1491 rebus
1175 1442 1261 1491 ue
1296 1420 1451 1508 eJus
1480 1432 1545 1489 et
1595 1419 2038 1490 facultatibus
2073 1442 2196 1510 pro
2242 1441 2368 1489 suo
2398 1421 2735 1490 arbitratu
2778 1422 2891 1490 usi
2924 1434 3145 1490 erant.

617 1509 746 1579 Illo
782 1509 990 1600 igitur
1042 1442 1364 1579 deffuncto
1427 1508 1703 1589 Abbate,
1764 1530 1968 1596 quem
2032 1509 2452 1590 invenerant,
2514 1509 2781 1578 nullutn
2821 1509 3152 1600 deinceps

618 1610 953 1669 curarunt
1006 1598 1445 1679 substituere,
1488 1598 1684 1667 veriti
1743 1597 2023 1678 scilicet,
2072 1619 2178 1676 ne,
2218 1599 2277 1669 si
2324 1598 2779 1680 monasterio„
2809 1613 2887 1668 ut
2950 1599 3154 1668 babet

613 1687 791 1757 vitae
831 1688 1245 1758 monasticae
1294 1708 1465 1757 usus
1516 1700 1583 1756 et
1637 1687 2085 1768 consuetud0,
2141 1687 2365 1758 Abbas
2415 1687 2921 1776 praeficeretur,
2968 1688 3152 1778 ipso·

622 1796 772 1846 rum
823 1789 1158 1866 usurpata
1193 1788 1485 1867 potestas
1518 1774 1617 1844 vel
1652 1775 1979 1863 obsequia
2030 1775 2630 1846 imminuerentur.
2683 1780 2849 1846 Cum
2898 1777 3006 1845 sic
3033 1799 3153 1846 au·

617 1876 747 1934 tem
788 1865 1103 1957 Episcopi
1141 1864 1532 1935 monasterii
1569 1885 1676 1934 res
1702 1876 1769 1933 et
1803 1865 1979 1934 bona
2008 1865 2137 1934 sibi
2177 1865 2603 1934 vindicarent
2646 1878 2852 1953 atque
2896 1855 3153 1936 disf‘tra—

615 1953 877 2036 herent,
932 1975 1056 2025 nec
1109 1953 1466 2024 monacbis
1514 1974 1620 2023 res
1682 1953 2106 2024 necessarias
2173 1954 2735 2043 suppeditarent:
2801 1955 3153 2043 permitte-

614 2042 782 2113 bant
825 2044 926 2112 eis
971 2043 1462 2131 undecumque
1498 2053 1795 2132 possent,
1844 2042 2093 2112 victum
2132 2058 2489 2131 vestesque
2533 2043 2665 2112 sibi
2713 2064 3143 2132 comparare.

703 2134 740 2219 ξ
785 2137 935 2205 16.
990 2131 1114 2202 Sed
1186 2132 1352 2202 baec
1396 2131 1633 2201 omnia
1678 2130 2003 2201 dolebant
2048 2131 2236 2201 cordi
2287 2132 2465 2202 beati
2538 2132 2686 2201 viri.
2750 2136 2992 2219 Itaque
3050 2133 3149 2201 eis

615 2220 848 2291 volens
898 2221 1193 2291 remedia
1226 2220 1576 2302 adbibere,
1630 2220 1818 2290 misit
1859 2220 1944 2289 ad
1997 2225 2402 2291 Treverense
2450 2220 2972 2298 monasterium,
3025 2221 3148 2291 ubi

611 2330 869 2397 corpus
900 2309 1076 2379 beati
1127 2309 1475 2378 Maximini
1522 2309 1839 2396 quiescit,
1904 2321 2106 2396 atque
2154 2309 2314 2379 inde
2352 2311 2592 2380 accivit
2649 2309 3142 2388 Ramuoldum,

615 2397 838 2467 virum
889 2398 959 2468 in
1012 2398 1308 2489 regulari
1359 2397 1727 2488 disciplina
1776 2413 2159 2481 strenuum,
2215 2399 2334 2486 qui
2391 2398 2740 2487 quondam
2790 2420 2956 2468 cum
2998 2399 3147 2488 ipso

618 2486 893 2557 Henrici
948 2486 1455 2577 Archiepiscopi
1525 2487 1978 2578 cappellanus
2026 2487 2268 2558 fuerat.
2321 2493 2491 2559 Eum
2566 2489 2786 2577 primo
2849 2487 3149 2558 instituit

613 2577 1110 2666 Praepositum,
1161 2576 1412 2646 deinde
1474 2576 1796 2647 Abbatem
1850 2576 2173 2667 praefecit
2222 2579 2634 2648 monasterio
2699 2578 2921 2646 sancti
2988 2582 3143 2647 Em·

617 2666 1005 2735 merammi.
1059 2665 1184 2735 Sed
1250 2664 1316 2735 id
1366 2686 1447 2736 ex
1493 2666 1643 2757 ejus
1687 2665 2105 2738 consiliariis
2150 2667 2433 2754 quidam
2494 2666 2780 2756 indigne
2825 2665 3142 2743 ferentes,

611 2753 935 2824 dicebant
971 2755 1074 2825 ei:
1120 2777 1157 2821 α
1190 2754 1365 2837 Quid
1418 2756 1507 2824 ita
1555 2766 1620 2823 et
1665 2755 1987 2845 teipsum,
2036 2767 2104 2824 et
2173 2776 2603 2826 successores
2659 2767 2813 2824 tuos
2859 2753 3141 2825 fraudas

613 2843 833 2912 sancti
884 2844 1373 2913 Emmeramtni
1420 2842 1914 2913 facultatibus?
1959 2843 2152 2914 Multi
2206 2845 2487 2932 quidem
2539 2855 2602 2913 te
2652 2842 2976 2925 laudant,
3028 2843 3144 2914 sed

620 2929 688 2999 in
740 2931 868 3002 hoc
906 2945 1085 3002 certe
1125 2953 1257 3002 non
1312 2931 1635 3003 laudant:
1690 2933 1902 3003 immo
1948 2955 2107 3003 vero
2142 2933 2550 3024 vituperant.
2604 2933 2943 3023 Fungaris
2990 2954 3147 3022 ergo

610 3031 677 3089 et
708 3021 1026 3111 Episcopi
1068 3034 1137 3091 et
1166 3021 1440 3092 Abbatis
1489 3042 1795 3098 munere,
1832 3035 1910 3091 ut
1958 3022 2054 3091 tui
2111 3022 2327 3091 fecere
2373 3021 2788 3102 decessores,
2848 3043 2931 3090 ne
2978 3043 3145 3108 qua-

616 3109 936 3179 rumdam
1000 3130 1228 3179 rerum
1279 3124 1591 3180 carerent
1634 3109 2144 3180 emolumentis.
2212 3111 2475 3181 Istbaec
2524 3123 2641 3180 tua
2702 3110 3141 3197 insipientia,

610 3197 912 3285 quodam
963 3198 1338 3289 sapientiae
1372 3198 1511 3270 sale
1539 3198 1923 3269 condienda
1957 3213 2129 3270 est.»
2181 3201 2273 3270 Iis
2308 3199 2409 3269 vir
2438 3213 2719 3270 sanctus
2755 3199 3140 3289 respondit:

616 3308 654 3352 «
690 3291 830 3355 Non
878 3308 984 3356 me
1033 3286 1243 3377 pudet
1281 3286 1568 3358 stultum
1619 3301 1686 3359 et
1733 3287 2169 3377 insipientem
2221 3288 2359 3358 dici
2415 3301 2689 3378 propter
2736 3292 2976 3357 Deum:
3028 3285 3144 3357 sed

616 3373 889 3444 interim
939 3396 1059 3446 vos
1084 3374 1213 3446 boc
1248 3377 1421 3448 scire
1448 3377 1734 3460 debetiS,
1770 3376 2248 3468 wolfgangum
2294 3398 2650 3464 nunquam
2708 3377 2778 3445 in
2819 3377 3146 3446 humeros

616 3482 779 3533 suos
825 3476 1268 3555 accepturum
1319 3466 1662 3535 sarcinam
1696 3520 1713 3547 ,
1777 3486 1983 3551 quam
2035 3465 2211 3536 ferre
2285 3488 2419 3536 non
2472 3465 2724 3554 possit,
2778 3488 2931 3535 nem
3074 3477 3148 3534 ut

614 3552 999 3655 Episcopus
1074 3554 1326 3643 pariter
1372 3569 1438 3624 et
1483 3554 1707 3624 Abbas
1762 3554 1901 3625 dici
1972 3555 2151 3624 velit.
2207 3554 2396 3625 Sicut
2441 3554 2625 3625 enim
2658 3608 2673 3633 ‚
2729 3566 2894 3624 teste
2997 3567 3144 3623 eato

614 3645 962 3732 Gregorio,
1016 3642 1418 3713 indecorum
1469 3654 1594 3725 est,
1646 3656 1723 3712 ut
1771 3644 1841 3712 in
1890 3664 2173 3734 corpore
2227 3642 2533 3713 humano
2579 3642 2870 3712 alterum
2931 3664 3147 3712 mem-

612 3730 814 3801 brum
879 3731 1161 3802 alterius
1208 3731 1537 3824 fungatur
1581 3730 1834 3816 officim
1886 3733 1977 3801 ita
2029 3732 2359 3803 nimirum
2413 3731 2734 3809 noxium,
2797 3730 3146 3818 simulque

615 3821 1099 3911 turpissimum
1150 3832 1272 3903 est,
1326 3822 1386 3891 si
1433 3820 1706 3911 singula
1760 3842 1989 3891 rerum
2056 3821 2436 3892 ministeria
2496 3821 2806 3910 personis
2866 3821 3143 3890 totidem

613 3930 748 3980 non
798 3909 1054 3979 fuerint
1098 3908 1490 3980 distributa.
1552 3908 1819 3980 Sufficit
1878 3910 2246 4001 Episcopo,
2303 3924 2380 3980 ut
2452 3913 2727 3981 summa
2791 3908 3148 4000 vigilantii

612 3996 972 4069 incumbat
1022 3998 1346 4090 pastorali
1379 3998 1636 4081 officim
1689 4000 1992 4087 satisque
2050 3999 2301 4090 negotii
2353 3999 2556 4068 babet
2609 3998 2857 4077 Abbas,
2908 3999 2968 4069 si
3016 3997 3151 4067 fra-

610 4099 793 4157 trum
829 4100 1024 4157 curet
1071 4087 1386 4169 salutem,
1440 4109 1687 4175 resque
1727 4088 2124 4159 monasterii
2172 4088 2284 4157 sui
2321 4109 2439 4178 per
2481 4086 2715 4158 omnia
2766 4087 2937 4156 bene
2995 4107 3151 4175 pro-

613 4187 830 4246 curet.
884 4181 1101 4259 Quam
1152 4178 1242 4248 ob
1287 4199 1565 4248 causam
1617 4176 1818 4246 debet
1862 4177 2066 4247 etiam
2110 4176 2226 4246 ille
2276 4176 2450 4247 inter
2496 4176 2737 4246 fratres
2781 4174 3008 4244 officia
3040 4174 3153 4244 di—

616 4263 973 4346 stribuere,
1026 4277 1104 4336 ut
1132 4265 1262 4336 bac
1303 4266 1560 4337 ratione
1590 4265 1677 4335 de
1714 4266 1865 4336 suis
1902 4266 2230 4336 oneribus
2269 4264 2528 4352 aliquid
2577 4264 2913 4335 detrahat.
2948 4262 3152 4347 Quod

613 4365 840 4422 autem
883 4374 991 4423 me
1037 4354 1265 4425 dicitis
1302 4368 1367 4425 et
1406 4376 1836 4426 successores
1887 4376 2074 4426 meos
2115 4354 2432 4424 fraudare
2470 4352 2917 4423 facultatibus
2966 4353 3154 4423 beati

614 4443 1105 4513 Emmerammi
1154 4444 1511 4535 martyris:
1581 4444 1900 4533 equidem
1972 4465 2054 4514 ea
2111 4443 2263 4525 illi,
2313 4443 2427 4513 cui
2489 4442 2740 4512 donata
2802 4454 3015 4524 sunt,
3084 4454 3156 4512 et
