<?xml version="1.0" encoding="UTF-8"?>
<!DOCTYPE html PUBLIC "-//W3C//DTD XHTML 1.0 Transitional//EN"
    "http://www.w3.org/TR/xhtml1/DTD/xhtml1-transitional.dtd">
<html xmlns="http://www.w3.org/1999/xhtml" xml:lang="en" lang="en">
 <head>
  <title>
</title>
<meta http-equiv="Content-Type" content="text/html;charset=utf-8" />
  <meta name='ocr-system' content='tesseract 3.04.00' />
  <meta name='ocr-capabilities' content='ocr_page ocr_carea ocr_par ocr_line ocrx_word'/>
</head>
<body>
  <div class='ocr_page' id='page_1' title='image "./historiaeseuvit03lippgoog_0934.png"; bbox 0 0 3347 4999; ppageno 0'>
   <div class='ocr_carea' id='block_1_1' title="bbox 692 325 3132 391">
    <p class='ocr_par' dir='ltr' id='par_1_1' title="bbox 692 325 3132 391">
     <span class='ocr_line' id='line_1_1' title="bbox 692 325 3132 391; baseline 0 0"><span class='ocrx_word' id='word_1_1' title='bbox 692 326 818 391; x_wconf 74' lang='lat'>754</span> <span class='ocrx_word' id='word_1_2' title='bbox 1263 343 1345 391; x_wconf 73' lang='lat' dir='ltr'>nn</span> <span class='ocrx_word' id='word_1_3' title='bbox 1389 343 1448 390; x_wconf 88' lang='lat' dir='ltr'>s.</span> <span class='ocrx_word' id='word_1_4' title='bbox 1487 340 1881 391; x_wconf 66' lang='lat' dir='ltr'>wotremso</span> <span class='ocrx_word' id='word_1_5' title='bbox 1919 344 2018 391; x_wconf 73' lang='grc' dir='ltr'>ιι».</span> <span class='ocrx_word' id='word_1_6' title='bbox 2057 342 2471 391; x_wconf 58' lang='lat' dir='ltr'>anismam«.</span> <span class='ocrx_word' id='word_1_7' title='bbox 2833 325 3008 391; x_wconf 72' lang='lat' dir='ltr'><strong>OCT.</strong></span> <span class='ocrx_word' id='word_1_8' title='bbox 3061 326 3132 391; x_wconf 72' lang='lat'>3⁸</span> 
     </span>
    </p>
   </div>
   <div class='ocr_carea' id='block_1_2' title="bbox 561 425 3155 4157">
    <p class='ocr_par' dir='ltr' id='par_1_2' title="bbox 594 425 3155 1049">
     <span class='ocr_line' id='line_1_2' title="bbox 595 425 3145 518; baseline -0 -19"><span class='ocrx_word' id='word_1_9' title='bbox 595 426 979 518; x_wconf 77' lang='lat' dir='ltr'>accipiebat</span> <span class='ocrx_word' id='word_1_10' title='bbox 1024 425 1339 509; x_wconf 75' lang='lat' dir='ltr'>auribu3‚</span> <span class='ocrx_word' id='word_1_11' title='bbox 1390 438 1457 496; x_wconf 89' lang='lat' dir='ltr'>et</span> <span class='ocrx_word' id='word_1_12' title='bbox 1503 426 1729 517; x_wconf 90' lang='lat' dir='ltr'>ipsius</span> <span class='ocrx_word' id='word_1_13' title='bbox 1776 427 2026 498; x_wconf 84' lang='lat' dir='ltr'>Christi</span> <span class='ocrx_word' id='word_1_14' title='bbox 2064 448 2417 498; x_wconf 87' lang='lat' dir='ltr'>sermones</span> <span class='ocrx_word' id='word_1_15' title='bbox 2447 426 2534 495; x_wconf 91' lang='lat' dir='ltr'>iis</span> <span class='ocrx_word' id='word_1_16' title='bbox 2578 427 2995 517; x_wconf 86' lang='lat' dir='ltr'>opponebat,</span> <span class='ocrx_word' id='word_1_17' title='bbox 3051 428 3145 498; x_wconf 86' lang='lat' dir='ltr'>ita</span> 
     </span>
     <span class='ocr_line' id='line_1_3' title="bbox 596 516 3149 608; baseline 0 -22"><span class='ocrx_word' id='word_1_18' title='bbox 596 516 928 586; x_wconf 87' lang='lat' dir='ltr'>dicentis:</span> <span class='ocrx_word' id='word_1_19' title='bbox 974 517 1106 598; x_wconf 81' lang='lat' dir='ltr'>Qui</span> <span class='ocrx_word' id='word_1_20' title='bbox 1133 526 1319 586; x_wconf 80' lang='lat' dir='ltr'>amat</span> <span class='ocrx_word' id='word_1_21' title='bbox 1348 526 1614 606; x_wconf 80' lang='lat' dir='ltr'>patrem</span> <span class='ocrx_word' id='word_1_22' title='bbox 1652 527 1775 586; x_wconf 83' lang='lat' dir='ltr'>aut</span> <span class='ocrx_word' id='word_1_23' title='bbox 1805 524 2091 587; x_wconf 79' lang='lat' dir='ltr'>matrem</span> <span class='ocrx_word' id='word_1_24' title='bbox 2117 520 2276 607; x_wconf 77' lang='lat' dir='ltr'>plus</span> <span class='ocrx_word' id='word_1_25' title='bbox 2320 538 2527 608; x_wconf 80' lang='lat' dir='ltr'>quam</span> <span class='ocrx_word' id='word_1_26' title='bbox 2573 538 2702 596; x_wconf 83' lang='lat' dir='ltr'>me,</span> <span class='ocrx_word' id='word_1_27' title='bbox 2738 539 2869 586; x_wconf 78' lang='lat' dir='ltr'>non</span> <span class='ocrx_word' id='word_1_28' title='bbox 2905 527 3006 586; x_wconf 76' lang='lat' dir='ltr'>est</span> <span class='ocrx_word' id='word_1_29' title='bbox 3039 540 3149 587; x_wconf 75' lang='lat' dir='ltr'>me</span> 
     </span>
     <span class='ocr_line' id='line_1_4' title="bbox 596 603 3141 696; baseline 0 -21"><span class='ocrx_word' id='word_1_30' title='bbox 596 607 842 696; x_wconf 66' lang='lat' dir='ltr'>dayam</span> <span class='ocrx_word' id='word_1_31' title='bbox 883 603 1174 694; x_wconf 67' lang='lat' dir='ltr'>(Matala.</span> <span class='ocrx_word' id='word_1_32' title='bbox 1228 603 1343 693; x_wconf 83' lang='lat' dir='ltr'>x).</span> <span class='ocrx_word' id='word_1_33' title='bbox 1398 610 1678 695; x_wconf 82' lang='lat' dir='ltr'>Legerat</span> <span class='ocrx_word' id='word_1_34' title='bbox 1724 626 1998 692; x_wconf 87' lang='lat' dir='ltr'>quoque</span> <span class='ocrx_word' id='word_1_35' title='bbox 2046 605 2395 683; x_wconf 77' lang='lat' dir='ltr'>fortassis,</span> <span class='ocrx_word' id='word_1_36' title='bbox 2448 604 2633 692; x_wconf 88' lang='lat' dir='ltr'>quod</span> <span class='ocrx_word' id='word_1_37' title='bbox 2688 605 2929 675; x_wconf 85' lang='lat' dir='ltr'>beatus</span> <span class='ocrx_word' id='word_1_38' title='bbox 2981 607 3141 675; x_wconf 86' lang='lat' dir='ltr'>Hie-</span> 
     </span>
     <span class='ocr_line' id='line_1_5' title="bbox 594 692 3146 784; baseline 0 -20"><span class='ocrx_word' id='word_1_39' title='bbox 594 715 932 784; x_wconf 79' lang='lat' dir='ltr'>ronymus</span> <span class='ocrx_word' id='word_1_40' title='bbox 971 693 1211 763; x_wconf 80' lang='lat' dir='ltr'>scribit</span> <span class='ocrx_word' id='word_1_41' title='bbox 1257 692 1536 763; x_wconf 87' lang='lat' dir='ltr'>cuidam</span> <span class='ocrx_word' id='word_1_42' title='bbox 1585 693 1812 763; x_wconf 88' lang='lat' dir='ltr'>amico</span> <span class='ocrx_word' id='word_1_43' title='bbox 1836 693 1894 762; x_wconf 74' lang='lat' dir='ltr'>*z</span> <span class='ocrx_word' id='word_1_44' title='bbox 1948 717 1985 762; x_wconf 86' lang='grc'><strong>«</strong></span> <span class='ocrx_word' id='word_1_45' title='bbox 2025 695 2204 764; x_wconf 80' lang='lat' dir='ltr'>Licet</span> <span class='ocrx_word' id='word_1_46' title='bbox 2255 694 2589 783; x_wconf 87' lang='lat' dir='ltr'>parvulus</span> <span class='ocrx_word' id='word_1_47' title='bbox 2624 715 2707 763; x_wconf 84' lang='lat' dir='ltr'>ex</span> <span class='ocrx_word' id='word_1_48' title='bbox 2750 693 2930 764; x_wconf 93' lang='lat' dir='ltr'>collo</span> <span class='ocrx_word' id='word_1_49' title='bbox 2980 716 3146 784; x_wconf 89' lang='lat' dir='ltr'>pen·</span> 
     </span>
     <span class='ocr_line' id='line_1_6' title="bbox 594 781 3155 872; baseline 0 -20"><span class='ocrx_word' id='word_1_50' title='bbox 594 782 752 853; x_wconf 84' lang='lat' dir='ltr'>deat</span> <span class='ocrx_word' id='word_1_51' title='bbox 791 802 1026 871; x_wconf 88' lang='lat' dir='ltr'>nepos,</span> <span class='ocrx_word' id='word_1_52' title='bbox 1084 781 1240 851; x_wconf 86' lang='lat' dir='ltr'>licet</span> <span class='ocrx_word' id='word_1_53' title='bbox 1270 803 1512 872; x_wconf 89' lang='lat' dir='ltr'>sparso</span> <span class='ocrx_word' id='word_1_54' title='bbox 1541 782 1732 851; x_wconf 90' lang='lat' dir='ltr'>crine</span> <span class='ocrx_word' id='word_1_55' title='bbox 1776 795 1844 852; x_wconf 92' lang='lat' dir='ltr'>et</span> <span class='ocrx_word' id='word_1_56' title='bbox 1874 783 2112 854; x_wconf 88' lang='lat' dir='ltr'>scissis</span> <span class='ocrx_word' id='word_1_57' title='bbox 2147 781 2450 853; x_wconf 87' lang='lat' dir='ltr'>vestibus</span> <span class='ocrx_word' id='word_1_58' title='bbox 2496 783 2737 864; x_wconf 90' lang='lat' dir='ltr'>ubera,</span> <span class='ocrx_word' id='word_1_59' title='bbox 2780 783 3053 870; x_wconf 82' lang='lat' dir='ltr'>quibus</span> <span class='ocrx_word' id='word_1_60' title='bbox 3088 797 3155 853; x_wconf 85' lang='lat' dir='ltr'>te</span> 
     </span>
     <span class='ocr_line' id='line_1_7' title="bbox 595 870 3146 961; baseline 0.001 -21"><span class='ocrx_word' id='word_1_61' title='bbox 595 870 953 949; x_wconf 87' lang='lat' dir='ltr'>nutrierat,</span> <span class='ocrx_word' id='word_1_62' title='bbox 1011 885 1227 939; x_wconf 89' lang='lat' dir='ltr'>mater</span> <span class='ocrx_word' id='word_1_63' title='bbox 1263 870 1601 952; x_wconf 88' lang='lat' dir='ltr'>ostendat;</span> <span class='ocrx_word' id='word_1_64' title='bbox 1640 870 1799 941; x_wconf 87' lang='lat' dir='ltr'>lieet</span> <span class='ocrx_word' id='word_1_65' title='bbox 1837 873 1905 940; x_wconf 91' lang='lat' dir='ltr'>in</span> <span class='ocrx_word' id='word_1_66' title='bbox 1944 871 2185 941; x_wconf 87' lang='lat' dir='ltr'>limine</span> <span class='ocrx_word' id='word_1_67' title='bbox 2226 886 2416 960; x_wconf 79' lang='lat' dir='ltr'>pater</span> <span class='ocrx_word' id='word_1_68' title='bbox 2444 872 2692 959; x_wconf 86' lang='lat' dir='ltr'>jaceat,</span> <span class='ocrx_word' id='word_1_69' title='bbox 2735 894 2855 961; x_wconf 89' lang='lat' dir='ltr'>per</span> <span class='ocrx_word' id='word_1_70' title='bbox 2907 872 3146 942; x_wconf 87' lang='lat' dir='ltr'>calca-</span> 
     </span>
     <span class='ocr_line' id='line_1_8' title="bbox 598 959 3143 1049; baseline -0 -18"><span class='ocrx_word' id='word_1_71' title='bbox 598 972 740 1030; x_wconf 89' lang='lat' dir='ltr'>tum</span> <span class='ocrx_word' id='word_1_72' title='bbox 798 980 1001 1049; x_wconf 81' lang='lat' dir='ltr'>perge</span> <span class='ocrx_word' id='word_1_73' title='bbox 1039 972 1324 1049; x_wconf 89' lang='lat' dir='ltr'>patrem,</span> <span class='ocrx_word' id='word_1_74' title='bbox 1359 959 1566 1029; x_wconf 86' lang='lat' dir='ltr'>siccis</span> <span class='ocrx_word' id='word_1_75' title='bbox 1610 960 1833 1029; x_wconf 86' lang='lat' dir='ltr'>oculis</span> <span class='ocrx_word' id='word_1_76' title='bbox 1880 961 1965 1029; x_wconf 88' lang='lat' dir='ltr'>ad</span> <span class='ocrx_word' id='word_1_77' title='bbox 2006 960 2325 1030; x_wconf 84' lang='lat' dir='ltr'>vexillum</span> <span class='ocrx_word' id='word_1_78' title='bbox 2365 960 2602 1030; x_wconf 89' lang='lat' dir='ltr'>Crucis</span> <span class='ocrx_word' id='word_1_79' title='bbox 2649 960 2863 1031; x_wconf 90' lang='lat' dir='ltr'>evola.</span> <span class='ocrx_word' id='word_1_80' title='bbox 2904 960 3143 1030; x_wconf 87' lang='lat' dir='ltr'>Solum</span> 
     </span>
    </p>

    <p class='ocr_par' dir='ltr' id='par_1_3' title="bbox 648 1048 3138 1138">
     <span class='ocr_line' id='line_1_9' title="bbox 648 1048 3138 1138; baseline 0.001 -22"><span class='ocrx_word' id='word_1_81' title='bbox 648 1048 870 1118; x_wconf 85' lang='lat' dir='ltr'>ietatis</span> <span class='ocrx_word' id='word_1_82' title='bbox 903 1068 1124 1138; x_wconf 84' lang='lat' dir='ltr'>genus</span> <span class='ocrx_word' id='word_1_83' title='bbox 1170 1059 1295 1127; x_wconf 88' lang='lat' dir='ltr'>est,</span> <span class='ocrx_word' id='word_1_84' title='bbox 1346 1048 1414 1117; x_wconf 94' lang='lat' dir='ltr'>in</span> <span class='ocrx_word' id='word_1_85' title='bbox 1469 1048 1596 1118; x_wconf 84' lang='lat' dir='ltr'>hac</span> <span class='ocrx_word' id='word_1_86' title='bbox 1645 1069 1716 1117; x_wconf 89' lang='lat' dir='ltr'>re</span> <span class='ocrx_word' id='word_1_87' title='bbox 1770 1069 1921 1118; x_wconf 87' lang='lat' dir='ltr'>esse</span> <span class='ocrx_word' id='word_1_88' title='bbox 1967 1048 2343 1119; x_wconf 72' lang='lat' dir='ltr'>crudelem.</span> <span class='ocrx_word' id='word_1_89' title='bbox 2379 1071 2415 1115; x_wconf 86' lang='lat'>»</span> <span class='ocrx_word' id='word_1_90' title='bbox 2466 1049 2884 1138; x_wconf 87' lang='lat' dir='ltr'>Inspiciebat</span> <span class='ocrx_word' id='word_1_91' title='bbox 2928 1050 3138 1119; x_wconf 89' lang='lat' dir='ltr'>etiam</span> 
     </span>
    </p>

    <p class='ocr_par' dir='ltr' id='par_1_4' title="bbox 595 1136 3149 1561">
     <span class='ocr_line' id='line_1_10' title="bbox 683 1136 3145 1226; baseline 0 -19"><span class='ocrx_word' id='word_1_92' title='bbox 683 1136 1074 1207; x_wconf 85' lang='lat' dir='ltr'>atissimum</span> <span class='ocrx_word' id='word_1_93' title='bbox 1128 1136 1373 1206; x_wconf 78' lang='lat' dir='ltr'>Christi</span> <span class='ocrx_word' id='word_1_94' title='bbox 1424 1136 1791 1226; x_wconf 76' lang='lat' dir='ltr'>baptistam</span> <span class='ocrx_word' id='word_1_95' title='bbox 1826 1137 2187 1219; x_wconf 66' lang='lat' dir='ltr'>loannem</span> <span class='ocrx_word' id='word_1_96' title='bbox 2238 1137 2361 1225; x_wconf 87' lang='lat' dir='ltr'>qui</span> <span class='ocrx_word' id='word_1_97' title='bbox 2411 1136 2567 1207; x_wconf 91' lang='lat' dir='ltr'>licet</span> <span class='ocrx_word' id='word_1_98' title='bbox 2604 1138 2790 1208; x_wconf 89' lang='lat' dir='ltr'>domi</span> <span class='ocrx_word' id='word_1_99' title='bbox 2827 1154 3145 1208; x_wconf 85' lang='lat' dir='ltr'>sanctam</span> 
     </span>
     <span class='ocr_line' id='line_1_11' title="bbox 596 1225 3137 1316; baseline 0 -21"><span class='ocrx_word' id='word_1_100' title='bbox 596 1225 881 1296; x_wconf 88' lang='lat' dir='ltr'>haberet</span> <span class='ocrx_word' id='word_1_101' title='bbox 929 1237 1215 1294; x_wconf 86' lang='lat' dir='ltr'>matrem</span> <span class='ocrx_word' id='word_1_102' title='bbox 1263 1238 1331 1294; x_wconf 89' lang='lat' dir='ltr'>et</span> <span class='ocrx_word' id='word_1_103' title='bbox 1378 1243 1637 1316; x_wconf 90' lang='lat' dir='ltr'>patrem</span> <span class='ocrx_word' id='word_1_104' title='bbox 1692 1226 2139 1307; x_wconf 78' lang='lat' dir='ltr'>sacerdotem,</span> <span class='ocrx_word' id='word_1_105' title='bbox 2194 1239 2419 1296; x_wconf 87' lang='lat' dir='ltr'>tamen</span> <span class='ocrx_word' id='word_1_106' title='bbox 2454 1239 2743 1315; x_wconf 89' lang='lat' dir='ltr'>utroque</span> <span class='ocrx_word' id='word_1_107' title='bbox 2781 1225 3137 1307; x_wconf 84' lang='lat' dir='ltr'>derelicto,</span> 
     </span>
     <span class='ocr_line' id='line_1_12' title="bbox 597 1312 3140 1405; baseline 0 -23"><span class='ocrx_word' id='word_1_108' title='bbox 597 1335 683 1384; x_wconf 91' lang='lat' dir='ltr'>ne</span> <span class='ocrx_word' id='word_1_109' title='bbox 732 1314 908 1384; x_wconf 90' lang='lat' dir='ltr'>inter</span> <span class='ocrx_word' id='word_1_110' title='bbox 957 1313 1271 1385; x_wconf 87' lang='lat' dir='ltr'>homines</span> <span class='ocrx_word' id='word_1_111' title='bbox 1319 1312 1577 1404; x_wconf 80' lang='lat' dir='ltr'>degens</span> <span class='ocrx_word' id='word_1_112' title='bbox 1624 1314 1855 1402; x_wconf 87' lang='lat' dir='ltr'>aliqua</span> <span class='ocrx_word' id='word_1_113' title='bbox 1906 1314 2060 1386; x_wconf 89' lang='lat' dir='ltr'>labe</span> <span class='ocrx_word' id='word_1_114' title='bbox 2105 1314 2655 1405; x_wconf 84' lang='lat' dir='ltr'>adspergeretur,</span> <span class='ocrx_word' id='word_1_115' title='bbox 2712 1315 2779 1384; x_wconf 93' lang='lat' dir='ltr'>in</span> <span class='ocrx_word' id='word_1_116' title='bbox 2821 1317 3140 1384; x_wconf 76' lang='lat' dir='ltr'>eremum</span> 
     </span>
     <span class='ocr_line' id='line_1_13' title="bbox 596 1402 3149 1560; baseline -0 -86"><span class='ocrx_word' id='word_1_117' title='bbox 596 1404 897 1560; x_wconf 54' lang='lat' dir='ltr'>sefessit.</span> <span class='ocrx_word' id='word_1_118' title='bbox 928 1403 1004 1471; x_wconf 88' lang='lat' dir='ltr'>ld</span> <span class='ocrx_word' id='word_1_119' title='bbox 1054 1424 1277 1493; x_wconf 83' lang='lat' dir='ltr'>genus</span> <span class='ocrx_word' id='word_1_120' title='bbox 1304 1402 1640 1494; x_wconf 81' lang='lat' dir='ltr'>exemplis</span> <span class='ocrx_word' id='word_1_121' title='bbox 1679 1403 2027 1487; x_wconf 86' lang='lat' dir='ltr'>incitatus,</span> <span class='ocrx_word' id='word_1_122' title='bbox 2076 1418 2389 1494; x_wconf 89' lang='lat' dir='ltr'>parentes</span> <span class='ocrx_word' id='word_1_123' title='bbox 2439 1425 2747 1475; x_wconf 88' lang='lat' dir='ltr'>seorsum</span> <span class='ocrx_word' id='word_1_124' title='bbox 2781 1405 2877 1474; x_wconf 87' lang='lat' dir='ltr'>ita</span> <span class='ocrx_word' id='word_1_125' title='bbox 2921 1404 3149 1474; x_wconf 68' lang='lat' dir='ltr'>fertur</span> 
     </span>
     <span class='ocr_line' id='line_1_14' title="bbox 595 1504 984 1561; baseline -0.008 0"><span class='ocrx_word' id='word_1_126' title='bbox 595 1512 633 1561; x_wconf 89' lang='lat' dir='ltr'>a</span> <span class='ocrx_word' id='word_1_127' title='bbox 694 1504 984 1561; x_wconf 85' lang='lat' dir='ltr'>ocutus:</span> 
     </span>
    </p>

    <p class='ocr_par' dir='ltr' id='par_1_5' title="bbox 561 1579 3143 4157">
     <span class='ocr_line' id='line_1_15' title="bbox 680 1579 3140 1670; baseline -0.001 -17"><span class='ocrx_word' id='word_1_128' title='bbox 680 1582 719 1667; x_wconf 68' lang='grc' dir='ltr'><strong>δ</strong></span> <span class='ocrx_word' id='word_1_129' title='bbox 765 1584 924 1653; x_wconf 76' lang='lat'>10.</span> <span class='ocrx_word' id='word_1_130' title='bbox 977 1603 1014 1648; x_wconf 86' lang='grc'><strong>«</strong></span> <span class='ocrx_word' id='word_1_131' title='bbox 1047 1579 1475 1650; x_wconf 79' lang='lat' dir='ltr'>Facultatum</span> <span class='ocrx_word' id='word_1_132' title='bbox 1529 1592 1905 1650; x_wconf 89' lang='lat' dir='ltr'>vestrarum</span> <span class='ocrx_word' id='word_1_133' title='bbox 1961 1579 2310 1651; x_wconf 86' lang='lat' dir='ltr'>meliorem</span> <span class='ocrx_word' id='word_1_134' title='bbox 2366 1593 2659 1670; x_wconf 89' lang='lat' dir='ltr'>partem,</span> <span class='ocrx_word' id='word_1_135' title='bbox 2707 1602 2916 1669; x_wconf 86' lang='lat' dir='ltr'>quam</span> <span class='ocrx_word' id='word_1_136' title='bbox 2964 1579 3140 1650; x_wconf 89' lang='lat' dir='ltr'>mihi</span> 
     </span>
     <span class='ocr_line' id='line_1_16' title="bbox 595 1667 3142 1760; baseline 0.001 -23"><span class='ocrx_word' id='word_1_137' title='bbox 595 1667 761 1738; x_wconf 84' lang='lat' dir='ltr'>dare</span> <span class='ocrx_word' id='word_1_138' title='bbox 810 1667 1061 1749; x_wconf 86' lang='lat' dir='ltr'>vultis,</span> <span class='ocrx_word' id='word_1_139' title='bbox 1120 1669 1297 1739; x_wconf 91' lang='lat' dir='ltr'>inter</span> <span class='ocrx_word' id='word_1_140' title='bbox 1343 1690 1460 1739; x_wconf 89' lang='lat' dir='ltr'>vos</span> <span class='ocrx_word' id='word_1_141' title='bbox 1506 1668 1814 1739; x_wconf 86' lang='lat' dir='ltr'>dividite.</span> <span class='ocrx_word' id='word_1_142' title='bbox 1870 1675 1985 1739; x_wconf 86' lang='lat' dir='ltr'>Est</span> <span class='ocrx_word' id='word_1_143' title='bbox 2034 1691 2187 1739; x_wconf 88' lang='lat' dir='ltr'>vero</span> <span class='ocrx_word' id='word_1_144' title='bbox 2247 1683 2652 1760; x_wconf 90' lang='lat' dir='ltr'>praepotens</span> <span class='ocrx_word' id='word_1_145' title='bbox 2708 1669 2999 1757; x_wconf 87' lang='lat' dir='ltr'>quidam</span> <span class='ocrx_word' id='word_1_146' title='bbox 3059 1692 3142 1740; x_wconf 89' lang='lat' dir='ltr'>ac</span> 
     </span>
     <span class='ocr_line' id='line_1_17' title="bbox 597 1756 3138 1850; baseline 0.001 -25"><span class='ocrx_word' id='word_1_147' title='bbox 597 1756 951 1846; x_wconf 82' lang='lat' dir='ltr'>praedives</span> <span class='ocrx_word' id='word_1_148' title='bbox 1003 1757 1363 1838; x_wconf 84' lang='lat' dir='ltr'>Dominus,</span> <span class='ocrx_word' id='word_1_149' title='bbox 1432 1757 1554 1845; x_wconf 88' lang='lat' dir='ltr'>qui</span> <span class='ocrx_word' id='word_1_150' title='bbox 1619 1757 2135 1847; x_wconf 85' lang='lat' dir='ltr'>amplissimum</span> <span class='ocrx_word' id='word_1_151' title='bbox 2172 1758 2372 1850; x_wconf 24' lang='lat' dir='ltr'>‘mibi</span> <span class='ocrx_word' id='word_1_152' title='bbox 2425 1758 2738 1849; x_wconf 85' lang='lat' dir='ltr'>promisit</span> <span class='ocrx_word' id='word_1_153' title='bbox 2806 1760 3138 1848; x_wconf 89' lang='lat' dir='ltr'>patrimo·</span> 
     </span>
     <span class='ocr_line' id='line_1_18' title="bbox 593 1844 3143 1935; baseline 0.001 -22"><span class='ocrx_word' id='word_1_154' title='bbox 593 1845 818 1926; x_wconf 90' lang='lat' dir='ltr'>nium,</span> <span class='ocrx_word' id='word_1_155' title='bbox 869 1844 930 1914; x_wconf 91' lang='lat' dir='ltr'>si</span> <span class='ocrx_word' id='word_1_156' title='bbox 978 1867 1087 1914; x_wconf 89' lang='lat' dir='ltr'>me</span> <span class='ocrx_word' id='word_1_157' title='bbox 1111 1845 1172 1915; x_wconf 92' lang='lat' dir='ltr'>ei</span> <span class='ocrx_word' id='word_1_158' title='bbox 1207 1867 1480 1915; x_wconf 88' lang='lat' dir='ltr'>servum</span> <span class='ocrx_word' id='word_1_159' title='bbox 1532 1845 1804 1915; x_wconf 82' lang='lat' dir='ltr'>fidelem</span> <span class='ocrx_word' id='word_1_160' title='bbox 1854 1848 2172 1917; x_wconf 81' lang='lat' dir='ltr'>exhibere</span> <span class='ocrx_word' id='word_1_161' title='bbox 2207 1846 2429 1915; x_wconf 89' lang='lat' dir='ltr'>velim.</span> <span class='ocrx_word' id='word_1_162' title='bbox 2469 1847 2593 1916; x_wconf 91' lang='lat' dir='ltr'>Ille</span> <span class='ocrx_word' id='word_1_163' title='bbox 2637 1869 2800 1935; x_wconf 82' lang='lat' dir='ltr'>ergo</span> <span class='ocrx_word' id='word_1_164' title='bbox 2826 1861 2931 1917; x_wconf 89' lang='lat' dir='ltr'>est</span> <span class='ocrx_word' id='word_1_165' title='bbox 2976 1868 3143 1935; x_wconf 87' lang='lat' dir='ltr'>pars</span> 
     </span>
     <span class='ocr_line' id='line_1_19' title="bbox 590 1933 3137 2015; baseline 0 -12"><span class='ocrx_word' id='word_1_166' title='bbox 590 1933 1031 2005; x_wconf 88' lang='lat' dir='ltr'>haereditatis</span> <span class='ocrx_word' id='word_1_167' title='bbox 1082 1955 1294 2015; x_wconf 86' lang='lat' dir='ltr'>meae,</span> <span class='ocrx_word' id='word_1_168' title='bbox 1349 1933 1465 2004; x_wconf 89' lang='lat' dir='ltr'>ille</span> <span class='ocrx_word' id='word_1_169' title='bbox 1562 1934 1714 2005; x_wconf 91' lang='lat' dir='ltr'>lane</span> <span class='ocrx_word' id='word_1_170' title='bbox 1763 1936 2070 2005; x_wconf 86' lang='lat' dir='ltr'>restituet</span> <span class='ocrx_word' id='word_1_171' title='bbox 2121 1934 2601 2005; x_wconf 83' lang='lat' dir='ltr'>haereditatem</span> <span class='ocrx_word' id='word_1_172' title='bbox 2654 1958 2875 2005; x_wconf 90' lang='lat' dir='ltr'>meam</span> <span class='ocrx_word' id='word_1_173' title='bbox 2932 1936 3137 2005; x_wconf 85' lang='lat' dir='ltr'>mibi.</span> 
     </span>
     <span class='ocr_line' id='line_1_20' title="bbox 587 1957 3143 2113; baseline 0.002 -21"><span class='ocrx_word' id='word_1_174' title='bbox 587 2022 696 2092; x_wconf 92' lang='lat' dir='ltr'>Illi</span> <span class='ocrx_word' id='word_1_175' title='bbox 748 2046 876 2113; x_wconf 86' lang='lat' dir='ltr'>ego</span> <span class='ocrx_word' id='word_1_176' title='bbox 906 2023 1080 2093; x_wconf 85' lang='lat' dir='ltr'>bene</span> <span class='ocrx_word' id='word_1_177' title='bbox 1140 2023 1437 2104; x_wconf 86' lang='lat' dir='ltr'>confido,</span> <span class='ocrx_word' id='word_1_178' title='bbox 1491 1957 1632 2094; x_wconf 55' lang='lat' dir='ltr'>[gre</span> <span class='ocrx_word' id='word_1_179' title='bbox 1680 2037 1756 2094; x_wconf 91' lang='lat' dir='ltr'>ut</span> <span class='ocrx_word' id='word_1_180' title='bbox 1806 2024 1918 2094; x_wconf 87' lang='lat' dir='ltr'>tali</span> <span class='ocrx_word' id='word_1_181' title='bbox 1982 2045 2091 2094; x_wconf 92' lang='lat' dir='ltr'>me</span> <span class='ocrx_word' id='word_1_182' title='bbox 2129 2023 2381 2094; x_wconf 86' lang='lat' dir='ltr'>afficiat</span> <span class='ocrx_word' id='word_1_183' title='bbox 2429 2024 2786 2100; x_wconf 81' lang='lat' dir='ltr'>beneficio.</span> <span class='ocrx_word' id='word_1_184' title='bbox 2835 2023 3027 2095; x_wconf 91' lang='lat' dir='ltr'>unde</span> <span class='ocrx_word' id='word_1_185' title='bbox 3073 2037 3143 2096; x_wconf 88' lang='lat' dir='ltr'>et</span> 
     </span>
     <span class='ocr_line' id='line_1_21' title="bbox 589 2112 3139 2203; baseline 0.001 -23"><span class='ocrx_word' id='word_1_186' title='bbox 589 2112 783 2183; x_wconf 87' lang='lat' dir='ltr'>vobis</span> <span class='ocrx_word' id='word_1_187' title='bbox 844 2112 1099 2201; x_wconf 89' lang='lat' dir='ltr'>possim</span> <span class='ocrx_word' id='word_1_188' title='bbox 1162 2112 1423 2200; x_wconf 89' lang='lat' dir='ltr'>aliquid</span> <span class='ocrx_word' id='word_1_189' title='bbox 1494 2112 1855 2203; x_wconf 88' lang='lat' dir='ltr'>impertiri.</span> <span class='ocrx_word' id='word_1_190' title='bbox 1907 2116 2040 2184; x_wconf 90' lang='lat' dir='ltr'>Oro</span> <span class='ocrx_word' id='word_1_191' title='bbox 2087 2113 2299 2202; x_wconf 82' lang='lat' dir='ltr'>igitur</span> <span class='ocrx_word' id='word_1_192' title='bbox 2356 2134 2494 2192; x_wconf 87' lang='lat' dir='ltr'>vos,</span> <span class='ocrx_word' id='word_1_193' title='bbox 2553 2134 2638 2182; x_wconf 90' lang='lat' dir='ltr'>ne</span> <span class='ocrx_word' id='word_1_194' title='bbox 2685 2126 2909 2184; x_wconf 89' lang='lat' dir='ltr'>tantas</span> <span class='ocrx_word' id='word_1_195' title='bbox 2960 2113 3139 2183; x_wconf 84' lang='lat' dir='ltr'>mihi</span> 
     </span>
     <span class='ocr_line' id='line_1_22' title="bbox 590 2199 3136 2290; baseline 0.001 -21"><span class='ocrx_word' id='word_1_196' title='bbox 590 2200 854 2271; x_wconf 87' lang='lat' dir='ltr'>oblatas</span> <span class='ocrx_word' id='word_1_197' title='bbox 900 2222 1065 2290; x_wconf 87' lang='lat' dir='ltr'>opes</span> <span class='ocrx_word' id='word_1_198' title='bbox 1115 2199 1440 2290; x_wconf 82' lang='lat' dir='ltr'>lacrymis</span> <span class='ocrx_word' id='word_1_199' title='bbox 1470 2214 1536 2271; x_wconf 92' lang='lat' dir='ltr'>et</span> <span class='ocrx_word' id='word_1_200' title='bbox 1565 2202 2019 2289; x_wconf 86' lang='lat' dir='ltr'>querimoniis</span> <span class='ocrx_word' id='word_1_201' title='bbox 2059 2203 2301 2271; x_wconf 88' lang='lat' dir='ltr'>vestris</span> <span class='ocrx_word' id='word_1_202' title='bbox 2352 2201 2728 2283; x_wconf 87' lang='lat' dir='ltr'>retardetis,</span> <span class='ocrx_word' id='word_1_203' title='bbox 2781 2201 2900 2271; x_wconf 91' lang='lat' dir='ltr'>sed</span> <span class='ocrx_word' id='word_1_204' title='bbox 2956 2203 3136 2272; x_wconf 83' lang='lat' dir='ltr'>mibi</span> 
     </span>
     <span class='ocr_line' id='line_1_23' title="bbox 595 2287 3132 2382; baseline 0 -24"><span class='ocrx_word' id='word_1_205' title='bbox 595 2290 822 2379; x_wconf 84' lang='lat' dir='ltr'>potius</span> <span class='ocrx_word' id='word_1_206' title='bbox 869 2310 978 2358; x_wconf 84' lang='lat' dir='ltr'>res</span> <span class='ocrx_word' id='word_1_207' title='bbox 1025 2287 1164 2357; x_wconf 92' lang='lat' dir='ltr'>illis</span> <span class='ocrx_word' id='word_1_208' title='bbox 1201 2289 1596 2359; x_wconf 83' lang='lat' dir='ltr'>obtinendis</span> <span class='ocrx_word' id='word_1_209' title='bbox 1633 2293 2055 2362; x_wconf 90' lang='lat' dir='ltr'>necessarias</span> <span class='ocrx_word' id='word_1_210' title='bbox 2100 2291 2513 2382; x_wconf 80' lang='lat' dir='ltr'>suggeratis.</span> <span class='ocrx_word' id='word_1_211' title='bbox 2566 2296 2708 2361; x_wconf 85' lang='lat' dir='ltr'>Non</span> <span class='ocrx_word' id='word_1_212' title='bbox 2764 2291 2951 2360; x_wconf 88' lang='lat' dir='ltr'>enim</span> <span class='ocrx_word' id='word_1_213' title='bbox 3008 2290 3132 2360; x_wconf 88' lang='lat' dir='ltr'>de-</span> 
     </span>
     <span class='ocr_line' id='line_1_24' title="bbox 586 2376 3137 2467; baseline 0.002 -21"><span class='ocrx_word' id='word_1_214' title='bbox 586 2377 803 2446; x_wconf 90' lang='lat' dir='ltr'>sidem</span> <span class='ocrx_word' id='word_1_215' title='bbox 841 2390 1046 2465; x_wconf 86' lang='lat' dir='ltr'>atque</span> <span class='ocrx_word' id='word_1_216' title='bbox 1095 2376 1578 2467; x_wconf 75' lang='lat' dir='ltr'>negligentem,</span> <span class='ocrx_word' id='word_1_217' title='bbox 1632 2378 1750 2448; x_wconf 89' lang='lat' dir='ltr'>sed</span> <span class='ocrx_word' id='word_1_218' title='bbox 1801 2379 2097 2449; x_wconf 80' lang='lat' dir='ltr'>alacrem</span> <span class='ocrx_word' id='word_1_219' title='bbox 2135 2402 2215 2449; x_wconf 88' lang='lat' dir='ltr'>ac</span> <span class='ocrx_word' id='word_1_220' title='bbox 2253 2379 2638 2449; x_wconf 88' lang='lat' dir='ltr'>studiosum</span> <span class='ocrx_word' id='word_1_221' title='bbox 2677 2379 2822 2448; x_wconf 90' lang='lat' dir='ltr'>vult</span> <span class='ocrx_word' id='word_1_222' title='bbox 2875 2380 3137 2450; x_wconf 82' lang='lat' dir='ltr'>babere</span> 
     </span>
     <span class='ocr_line' id='line_1_25' title="bbox 586 2465 3143 2556; baseline 0.002 -21"><span class='ocrx_word' id='word_1_223' title='bbox 586 2465 983 2536; x_wconf 88' lang='lat' dir='ltr'>ministrum</span> <span class='ocrx_word' id='word_1_224' title='bbox 1024 2466 1230 2536; x_wconf 85' lang='lat' dir='ltr'>herus</span> <span class='ocrx_word' id='word_1_225' title='bbox 1269 2465 1407 2548; x_wconf 90' lang='lat' dir='ltr'>ille,</span> <span class='ocrx_word' id='word_1_226' title='bbox 1459 2466 1544 2537; x_wconf 90' lang='lat' dir='ltr'>de</span> <span class='ocrx_word' id='word_1_227' title='bbox 1589 2489 1730 2555; x_wconf 88' lang='lat' dir='ltr'>quo</span> <span class='ocrx_word' id='word_1_228' title='bbox 1779 2467 2042 2556; x_wconf 89' lang='lat' dir='ltr'>loquor.</span> <span class='ocrx_word' id='word_1_229' title='bbox 2083 2491 2120 2536; x_wconf 84' lang='lat'><strong>»</strong></span> <span class='ocrx_word' id='word_1_230' title='bbox 2164 2469 2259 2539; x_wconf 88' lang='lat' dir='ltr'>Iis</span> <span class='ocrx_word' id='word_1_231' title='bbox 2297 2467 2473 2538; x_wconf 87' lang='lat' dir='ltr'>beati</span> <span class='ocrx_word' id='word_1_232' title='bbox 2515 2468 2640 2537; x_wconf 89' lang='lat' dir='ltr'>viri</span> <span class='ocrx_word' id='word_1_233' title='bbox 2688 2469 3143 2539; x_wconf 81' lang='lat' dir='ltr'>sermonibus</span> 
     </span>
     <span class='ocr_line' id='line_1_26' title="bbox 583 2554 3139 2645; baseline 0.001 -20"><span class='ocrx_word' id='word_1_234' title='bbox 583 2554 943 2625; x_wconf 80' lang='lat' dir='ltr'>exhilarati</span> <span class='ocrx_word' id='word_1_235' title='bbox 986 2570 1325 2644; x_wconf 87' lang='lat' dir='ltr'>parentes,</span> <span class='ocrx_word' id='word_1_236' title='bbox 1382 2577 1628 2626; x_wconf 89' lang='lat' dir='ltr'>nomen</span> <span class='ocrx_word' id='word_1_237' title='bbox 1683 2556 1827 2627; x_wconf 78' lang='lat' dir='ltr'>lieri</span> <span class='ocrx_word' id='word_1_238' title='bbox 1881 2572 1947 2627; x_wconf 92' lang='lat' dir='ltr'>et</span> <span class='ocrx_word' id='word_1_239' title='bbox 1993 2556 2248 2638; x_wconf 88' lang='lat' dir='ltr'>locum,</span> <span class='ocrx_word' id='word_1_240' title='bbox 2309 2579 2447 2645; x_wconf 89' lang='lat' dir='ltr'>quo</span> <span class='ocrx_word' id='word_1_241' title='bbox 2495 2558 2581 2628; x_wconf 90' lang='lat' dir='ltr'>sit</span> <span class='ocrx_word' id='word_1_242' title='bbox 2631 2557 2878 2638; x_wconf 76' lang='lat' dir='ltr'>ituruS,</span> <span class='ocrx_word' id='word_1_243' title='bbox 2922 2579 3008 2627; x_wconf 84' lang='lat' dir='ltr'>ex</span> <span class='ocrx_word' id='word_1_244' title='bbox 3055 2581 3139 2628; x_wconf 86' lang='lat' dir='ltr'>eo</span> 
     </span>
     <span class='ocr_line' id='line_1_27' title="bbox 583 2644 3131 2745; baseline 0.002 -32"><span class='ocrx_word' id='word_1_245' title='bbox 583 2655 1097 2745; x_wconf 86' lang='lat' dir='ltr'>percontantur.</span> <span class='ocrx_word' id='word_1_246' title='bbox 1142 2650 1218 2715; x_wconf 76' lang='lat' dir='ltr'>At</span> <span class='ocrx_word' id='word_1_247' title='bbox 1252 2644 1366 2713; x_wconf 89' lang='lat' dir='ltr'>ille</span> <span class='ocrx_word' id='word_1_248' title='bbox 1415 2645 1801 2735; x_wconf 82' lang='lat' dir='ltr'>respondet,</span> <span class='ocrx_word' id='word_1_249' title='bbox 1841 2646 1908 2714; x_wconf 90' lang='lat' dir='ltr'>in</span> <span class='ocrx_word' id='word_1_250' title='bbox 1948 2647 2492 2735; x_wconf 87' lang='lat' dir='ltr'>praesentiarum</span> <span class='ocrx_word' id='word_1_251' title='bbox 2528 2644 2807 2734; x_wconf 89' lang='lat' dir='ltr'>quidem</span> <span class='ocrx_word' id='word_1_252' title='bbox 2844 2647 3031 2715; x_wconf 90' lang='lat' dir='ltr'>scire</span> <span class='ocrx_word' id='word_1_253' title='bbox 3060 2647 3131 2717; x_wconf 86' lang='lat' dir='ltr'>id</span> 
     </span>
     <span class='ocr_line' id='line_1_28' title="bbox 581 2732 3132 2824; baseline 0.002 -22"><span class='ocrx_word' id='word_1_254' title='bbox 581 2732 741 2803; x_wconf 76' lang='lat' dir='ltr'>illos</span> <span class='ocrx_word' id='word_1_255' title='bbox 775 2754 908 2802; x_wconf 92' lang='lat' dir='ltr'>non</span> <span class='ocrx_word' id='word_1_256' title='bbox 951 2755 1171 2824; x_wconf 90' lang='lat' dir='ltr'>posse,</span> <span class='ocrx_word' id='word_1_257' title='bbox 1204 2735 1499 2804; x_wconf 88' lang='lat' dir='ltr'>scituros</span> <span class='ocrx_word' id='word_1_258' title='bbox 1552 2748 1776 2804; x_wconf 90' lang='lat' dir='ltr'>tamen</span> <span class='ocrx_word' id='word_1_259' title='bbox 1816 2747 2069 2823; x_wconf 89' lang='lat' dir='ltr'>postea.</span> <span class='ocrx_word' id='word_1_260' title='bbox 2114 2739 2321 2804; x_wconf 89' lang='lat' dir='ltr'>Porro</span> <span class='ocrx_word' id='word_1_261' title='bbox 2345 2749 2573 2805; x_wconf 88' lang='lat' dir='ltr'>autem</span> <span class='ocrx_word' id='word_1_262' title='bbox 2608 2734 3132 2806; x_wconf 80' lang='lat' dir='ltr'>sciscitantibus</span> 
     </span>
     <span class='ocr_line' id='line_1_29' title="bbox 580 2821 3133 2910; baseline 0.002 -19"><span class='ocrx_word' id='word_1_263' title='bbox 580 2821 748 2903; x_wconf 83' lang='lat' dir='ltr'>illis,</span> <span class='ocrx_word' id='word_1_264' title='bbox 804 2843 970 2892; x_wconf 91' lang='lat' dir='ltr'>num</span> <span class='ocrx_word' id='word_1_265' title='bbox 1029 2844 1232 2910; x_wconf 89' lang='lat' dir='ltr'>quem</span> <span class='ocrx_word' id='word_1_266' title='bbox 1293 2844 1331 2892; x_wconf 92' lang='lat' dir='ltr'>e</span> <span class='ocrx_word' id='word_1_267' title='bbox 1377 2822 1527 2892; x_wconf 90' lang='lat' dir='ltr'>suis</span> <span class='ocrx_word' id='word_1_268' title='bbox 1574 2822 1735 2892; x_wconf 92' lang='lat' dir='ltr'>velit</span> <span class='ocrx_word' id='word_1_269' title='bbox 1795 2823 2044 2893; x_wconf 82' lang='lat' dir='ltr'>babere</span> <span class='ocrx_word' id='word_1_270' title='bbox 2103 2823 2420 2893; x_wconf 88' lang='lat' dir='ltr'>comitem</span> <span class='ocrx_word' id='word_1_271' title='bbox 2474 2823 2783 2903; x_wconf 89' lang='lat' dir='ltr'>itineris,</span> <span class='ocrx_word' id='word_1_272' title='bbox 2893 2846 3133 2895; x_wconf 84' lang='lat' dir='ltr'>rorsus</span> 
     </span>
     <span class='ocr_line' id='line_1_30' title="bbox 580 2909 3134 3003; baseline 0.001 -23"><span class='ocrx_word' id='word_1_273' title='bbox 580 2909 867 2981; x_wconf 87' lang='lat' dir='ltr'>abnuit:</span> <span class='ocrx_word' id='word_1_274' title='bbox 906 2924 1111 2998; x_wconf 87' lang='lat' dir='ltr'>atque</span> <span class='ocrx_word' id='word_1_275' title='bbox 1159 2910 1342 2992; x_wconf 86' lang='lat' dir='ltr'>inde,</span> <span class='ocrx_word' id='word_1_276' title='bbox 1398 2911 1637 3001; x_wconf 87' lang='lat' dir='ltr'>paucis</span> <span class='ocrx_word' id='word_1_277' title='bbox 1688 2912 2060 3003; x_wconf 87' lang='lat' dir='ltr'>interjectis</span> <span class='ocrx_word' id='word_1_278' title='bbox 2098 2911 2371 2993; x_wconf 84' lang='lat' dir='ltr'>diebus,</span> <span class='ocrx_word' id='word_1_279' title='bbox 2419 2911 2733 2999; x_wconf 74' lang='lat' dir='ltr'>adiunxit</span> <span class='ocrx_word' id='word_1_280' title='bbox 2780 2912 2835 2980; x_wconf 86' lang='lat' dir='ltr'>si</span> <span class='ocrx_word' id='word_1_281' title='bbox 2895 2912 3134 2983; x_wconf 84' lang='lat' dir='ltr'>iduos</span> 
     </span>
     <span class='ocr_line' id='line_1_31' title="bbox 579 2998 3128 3090; baseline 0.001 -22"><span class='ocrx_word' id='word_1_282' title='bbox 579 2998 1070 3080; x_wconf 77' lang='lat' dir='ltr'>adolescentes„</span> <span class='ocrx_word' id='word_1_283' title='bbox 1099 3014 1166 3070; x_wconf 90' lang='lat' dir='ltr'>et</span> <span class='ocrx_word' id='word_1_284' title='bbox 1189 2999 1617 3090; x_wconf 88' lang='lat' dir='ltr'>spiritualem</span> <span class='ocrx_word' id='word_1_285' title='bbox 1663 3000 1886 3071; x_wconf 82' lang='lat' dir='ltr'>filium</span> <span class='ocrx_word' id='word_1_286' title='bbox 1916 3023 2123 3072; x_wconf 87' lang='lat' dir='ltr'>suum</span> <span class='ocrx_word' id='word_1_287' title='bbox 2175 3004 2392 3082; x_wconf 89' lang='lat' dir='ltr'>Isaac,</span> <span class='ocrx_word' id='word_1_288' title='bbox 2430 3014 2590 3089; x_wconf 88' lang='lat' dir='ltr'>puta</span> <span class='ocrx_word' id='word_1_289' title='bbox 2627 3014 2857 3071; x_wconf 89' lang='lat' dir='ltr'>votum</span> <span class='ocrx_word' id='word_1_290' title='bbox 2882 3023 3128 3071; x_wconf 88' lang='lat' dir='ltr'>suum.</span> 
     </span>
     <span class='ocr_line' id='line_1_32' title="bbox 579 3088 3129 3180; baseline 0.001 -23"><span class='ocrx_word' id='word_1_291' title='bbox 579 3088 769 3171; x_wconf 82' lang='lat' dir='ltr'>Quod</span> <span class='ocrx_word' id='word_1_292' title='bbox 822 3101 897 3158; x_wconf 90' lang='lat' dir='ltr'>ut</span> <span class='ocrx_word' id='word_1_293' title='bbox 948 3093 1079 3158; x_wconf 89' lang='lat' dir='ltr'>Deo</span> <span class='ocrx_word' id='word_1_294' title='bbox 1130 3104 1471 3178; x_wconf 81' lang='lat' dir='ltr'>praestare</span> <span class='ocrx_word' id='word_1_295' title='bbox 1519 3102 1770 3180; x_wconf 89' lang='lat' dir='ltr'>posset,</span> <span class='ocrx_word' id='word_1_296' title='bbox 1831 3102 2106 3180; x_wconf 91' lang='lat' dir='ltr'>propter</span> <span class='ocrx_word' id='word_1_297' title='bbox 2149 3089 2509 3160; x_wconf 84' lang='lat' dir='ltr'>arctiorem</span> <span class='ocrx_word' id='word_1_298' title='bbox 2566 3090 2990 3160; x_wconf 82' lang='lat' dir='ltr'>monasticae</span> <span class='ocrx_word' id='word_1_299' title='bbox 3022 3091 3129 3159; x_wconf 87' lang='lat' dir='ltr'>di-</span> 
     </span>
     <span class='ocr_line' id='line_1_33' title="bbox 576 3176 3133 3266; baseline 0.002 -20"><span class='ocrx_word' id='word_1_300' title='bbox 576 3176 913 3266; x_wconf 90' lang='lat' dir='ltr'>sciplinae</span> <span class='ocrx_word' id='word_1_301' title='bbox 959 3177 1490 3258; x_wconf 83' lang='lat' dir='ltr'>observantiam,</span> <span class='ocrx_word' id='word_1_302' title='bbox 1537 3178 1623 3247; x_wconf 90' lang='lat' dir='ltr'>ad</span> <span class='ocrx_word' id='word_1_303' title='bbox 1679 3178 2169 3247; x_wconf 86' lang='lat' dir='ltr'>monasterium</span> <span class='ocrx_word' id='word_1_304' title='bbox 2207 3178 2669 3248; x_wconf 84' lang='lat' dir='ltr'>solitariorum</span> <span class='ocrx_word' id='word_1_305' title='bbox 2705 3178 2801 3258; x_wconf 70' lang='lat'>**‚</span> <span class='ocrx_word' id='word_1_306' title='bbox 2840 3180 2912 3247; x_wconf 90' lang='lat' dir='ltr'>in</span> <span class='ocrx_word' id='word_1_307' title='bbox 2954 3183 3133 3250; x_wconf 84' lang='lat' dir='ltr'>Her—</span> 
     </span>
     <span class='ocr_line' id='line_1_34' title="bbox 577 3265 3133 3356; baseline 0.001 -21"><span class='ocrx_word' id='word_1_308' title='bbox 577 3266 782 3355; x_wconf 84' lang='lat' dir='ltr'>cynia</span> <span class='ocrx_word' id='word_1_309' title='bbox 828 3265 999 3334; x_wconf 85' lang='lat' dir='ltr'>silva</span> <span class='ocrx_word' id='word_1_310' title='bbox 1052 3265 1536 3346; x_wconf 84' lang='lat' dir='ltr'>habitantium,</span> <span class='ocrx_word' id='word_1_311' title='bbox 1643 3266 1938 3337; x_wconf 85' lang='lat' dir='ltr'>rofectus</span> <span class='ocrx_word' id='word_1_312' title='bbox 1982 3280 2108 3336; x_wconf 69' lang='lat' dir='ltr'>aet.</span> <span class='ocrx_word' id='word_1_313' title='bbox 2164 3266 2235 3335; x_wconf 85' lang='lat' dir='ltr'>Ei</span> <span class='ocrx_word' id='word_1_314' title='bbox 2281 3266 2694 3336; x_wconf 86' lang='lat' dir='ltr'>monasterio</span> <span class='ocrx_word' id='word_1_315' title='bbox 2745 3280 2890 3336; x_wconf 89' lang='lat' dir='ltr'>tum</span> <span class='ocrx_word' id='word_1_316' title='bbox 2931 3290 3133 3356; x_wconf 84' lang='lat' dir='ltr'>prae·</span> 
     </span>
     <span class='ocr_line' id='line_1_35' title="bbox 575 3289 3131 3445; baseline 0.001 -22"><span class='ocrx_word' id='word_1_317' title='bbox 575 3367 722 3424; x_wconf 89' lang='lat' dir='ltr'>erat</span> <span class='ocrx_word' id='word_1_318' title='bbox 769 3353 1131 3443; x_wconf 84' lang='lat' dir='ltr'>religiosus</span> <span class='ocrx_word' id='word_1_319' title='bbox 1176 3370 1244 3423; x_wconf 89' lang='lat' dir='ltr'>et</span> <span class='ocrx_word' id='word_1_320' title='bbox 1290 3289 1672 3444; x_wconf 54' lang='lat' dir='ltr'>spirituafis</span> <span class='ocrx_word' id='word_1_321' title='bbox 1739 3370 1931 3444; x_wconf 89' lang='lat' dir='ltr'>pater</span> <span class='ocrx_word' id='word_1_322' title='bbox 1973 3377 2056 3435; x_wconf 75' lang='lat' dir='ltr'>ex</span> <span class='ocrx_word' id='word_1_323' title='bbox 2102 3354 2472 3445; x_wconf 77' lang='lat' dir='ltr'>Anglorum</span> <span class='ocrx_word' id='word_1_324' title='bbox 2524 3355 2737 3445; x_wconf 88' lang='lat' dir='ltr'>stirpe</span> <span class='ocrx_word' id='word_1_325' title='bbox 2852 3378 3131 3425; x_wconf 81' lang='lat' dir='ltr'>recrea·</span> 
     </span>
     <span class='ocr_line' id='line_1_36' title="bbox 577 3442 3125 3533; baseline 0.001 -20"><span class='ocrx_word' id='word_1_326' title='bbox 577 3455 708 3523; x_wconf 89' lang='lat' dir='ltr'>tus,</span> <span class='ocrx_word' id='word_1_327' title='bbox 763 3444 1131 3532; x_wconf 86' lang='lat' dir='ltr'>Gregorius</span> <span class='ocrx_word' id='word_1_328' title='bbox 1159 3443 1286 3511; x_wconf 48' lang='grc' dir='ltr'>’Ψ</span> <span class='ocrx_word' id='word_1_329' title='bbox 1321 3443 1440 3530; x_wconf 87' lang='lat' dir='ltr'>qui</span> <span class='ocrx_word' id='word_1_330' title='bbox 1493 3443 1560 3512; x_wconf 90' lang='lat' dir='ltr'>in</span> <span class='ocrx_word' id='word_1_331' title='bbox 1604 3442 1966 3532; x_wconf 86' lang='lat' dir='ltr'>juventute</span> <span class='ocrx_word' id='word_1_332' title='bbox 2000 3443 2315 3533; x_wconf 86' lang='lat' dir='ltr'>patriam,</span> <span class='ocrx_word' id='word_1_333' title='bbox 2350 3456 2667 3533; x_wconf 87' lang='lat' dir='ltr'>parentes</span> <span class='ocrx_word' id='word_1_334' title='bbox 2694 3458 2762 3514; x_wconf 89' lang='lat' dir='ltr'>et</span> <span class='ocrx_word' id='word_1_335' title='bbox 2815 3445 3125 3515; x_wconf 77' lang='lat' dir='ltr'>eminam</span> 
     </span>
     <span class='ocr_line' id='line_1_37' title="bbox 573 3531 3128 3624; baseline 0.001 -23"><span class='ocrx_word' id='word_1_336' title='bbox 573 3531 707 3619; x_wconf 88' lang='lat' dir='ltr'>ipsi</span> <span class='ocrx_word' id='word_1_337' title='bbox 742 3531 1157 3622; x_wconf 82' lang='lat' dir='ltr'>desponsam</span> <span class='ocrx_word' id='word_1_338' title='bbox 1213 3531 1602 3620; x_wconf 87' lang='lat' dir='ltr'>reliquerat,</span> <span class='ocrx_word' id='word_1_339' title='bbox 1640 3547 1705 3603; x_wconf 91' lang='lat' dir='ltr'>et</span> <span class='ocrx_word' id='word_1_340' title='bbox 1755 3533 2212 3603; x_wconf 87' lang='lat' dir='ltr'>monasticum</span> <span class='ocrx_word' id='word_1_341' title='bbox 2258 3532 2430 3603; x_wconf 86' lang='lat' dir='ltr'>vitae</span> <span class='ocrx_word' id='word_1_342' title='bbox 2462 3553 2685 3624; x_wconf 86' lang='lat' dir='ltr'>genus</span> <span class='ocrx_word' id='word_1_343' title='bbox 2714 3532 3128 3621; x_wconf 85' lang='lat' dir='ltr'>complexus</span> 
     </span>
     <span class='ocr_line' id='line_1_38' title="bbox 573 3620 3135 3710; baseline 0 -20"><span class='ocrx_word' id='word_1_344' title='bbox 573 3620 820 3692; x_wconf 84' lang='lat' dir='ltr'>fuerat.</span> <span class='ocrx_word' id='word_1_345' title='bbox 876 3621 1086 3710; x_wconf 88' lang='lat' dir='ltr'>Cujus</span> <span class='ocrx_word' id='word_1_346' title='bbox 1137 3620 1340 3691; x_wconf 87' lang='lat' dir='ltr'>vitam</span> <span class='ocrx_word' id='word_1_347' title='bbox 1397 3620 1766 3691; x_wconf 88' lang='lat' dir='ltr'>virtutibus</span> <span class='ocrx_word' id='word_1_348' title='bbox 1804 3621 2344 3701; x_wconf 83' lang='lat' dir='ltr'>ornatissimam,</span> <span class='ocrx_word' id='word_1_349' title='bbox 2402 3642 2487 3690; x_wconf 93' lang='lat' dir='ltr'>ne</span> <span class='ocrx_word' id='word_1_350' title='bbox 2518 3620 2606 3691; x_wconf 83' lang='lat' dir='ltr'>ab</span> <span class='ocrx_word' id='word_1_351' title='bbox 2643 3621 2957 3691; x_wconf 83' lang='lat' dir='ltr'>instituto</span> <span class='ocrx_word' id='word_1_352' title='bbox 3007 3621 3135 3691; x_wconf 73' lang='lat' dir='ltr'>de·</span> 
     </span>
     <span class='ocr_line' id='line_1_39' title="bbox 571 3708 3129 3801; baseline 0 -20"><span class='ocrx_word' id='word_1_353' title='bbox 571 3710 955 3781; x_wconf 76' lang='lat' dir='ltr'>flectamus,</span> <span class='ocrx_word' id='word_1_354' title='bbox 1013 3710 1125 3779; x_wconf 77' lang='lat' dir='ltr'>hic</span> <span class='ocrx_word' id='word_1_355' title='bbox 1249 3724 1505 3780; x_wconf 86' lang='lat' dir='ltr'>rtexere</span> <span class='ocrx_word' id='word_1_356' title='bbox 1539 3709 1893 3782; x_wconf 89' lang='lat' dir='ltr'>nolumus.</span> <span class='ocrx_word' id='word_1_357' title='bbox 1952 3712 2173 3801; x_wconf 78' lang='lat' dir='ltr'>Hujus</span> <span class='ocrx_word' id='word_1_358' title='bbox 2219 3708 2496 3780; x_wconf 77' lang='lat' dir='ltr'>Abbatis</span> <span class='ocrx_word' id='word_1_359' title='bbox 2546 3710 2945 3800; x_wconf 82' lang='lat' dir='ltr'>magisterio</span> <span class='ocrx_word' id='word_1_360' title='bbox 2993 3732 3129 3781; x_wconf 84' lang='lat' dir='ltr'>ser·</span> 
     </span>
     <span class='ocr_line' id='line_1_40' title="bbox 569 3732 3127 3890; baseline 0 -21"><span class='ocrx_word' id='word_1_361' title='bbox 569 3821 699 3870; x_wconf 81' lang='lat' dir='ltr'>vus</span> <span class='ocrx_word' id='word_1_362' title='bbox 730 3799 982 3871; x_wconf 83' lang='lat' dir='ltr'>Christi</span> <span class='ocrx_word' id='word_1_363' title='bbox 1034 3732 1478 3890; x_wconf 55' lang='lat' dir='ltr'>Woffgangus</span> <span class='ocrx_word' id='word_1_364' title='bbox 1526 3820 1599 3869; x_wconf 88' lang='lat' dir='ltr'>se</span> <span class='ocrx_word' id='word_1_365' title='bbox 1637 3798 2158 3878; x_wconf 81' lang='lat' dir='ltr'>commendans,</span> <span class='ocrx_word' id='word_1_366' title='bbox 2214 3811 2504 3869; x_wconf 88' lang='lat' dir='ltr'>veterem</span> <span class='ocrx_word' id='word_1_367' title='bbox 2544 3821 2704 3869; x_wconf 89' lang='lat' dir='ltr'>cum</span> <span class='ocrx_word' id='word_1_368' title='bbox 2755 3798 2906 3869; x_wconf 87' lang='lat' dir='ltr'>suis</span> <span class='ocrx_word' id='word_1_369' title='bbox 2949 3799 3127 3869; x_wconf 79' lang='lat' dir='ltr'>acti-</span> 
     </span>
     <span class='ocr_line' id='line_1_41' title="bbox 565 3885 3140 3980; baseline -0.002 -19"><span class='ocrx_word' id='word_1_370' title='bbox 565 3889 699 3961; x_wconf 88' lang='lat' dir='ltr'>bus</span> <span class='ocrx_word' id='word_1_371' title='bbox 728 3888 1077 3959; x_wconf 84' lang='lat' dir='ltr'>hominem</span> <span class='ocrx_word' id='word_1_372' title='bbox 1115 3887 1458 3980; x_wconf 90' lang='lat' dir='ltr'>deposuit,</span> <span class='ocrx_word' id='word_1_373' title='bbox 1498 3909 1889 3975; x_wconf 85' lang='lat' dir='ltr'>novumque</span> <span class='ocrx_word' id='word_1_374' title='bbox 1921 3887 2338 3959; x_wconf 87' lang='lat' dir='ltr'>monasticae</span> <span class='ocrx_word' id='word_1_375' title='bbox 2372 3888 2545 3958; x_wconf 87' lang='lat' dir='ltr'>vitae</span> <span class='ocrx_word' id='word_1_376' title='bbox 2576 3900 2643 3958; x_wconf 92' lang='lat' dir='ltr'>et</span> <span class='ocrx_word' id='word_1_377' title='bbox 2676 3885 3140 3976; x_wconf 75' lang='lat' dir='ltr'>professionis·</span> 
     </span>
     <span class='ocr_line' id='line_1_42' title="bbox 563 3976 3128 4080; baseline -0.001 -31"><span class='ocrx_word' id='word_1_378' title='bbox 563 3977 880 4049; x_wconf 89' lang='lat' dir='ltr'>habitum</span> <span class='ocrx_word' id='word_1_379' title='bbox 934 3977 1183 4048; x_wconf 91' lang='lat' dir='ltr'>induit.</span> <span class='ocrx_word' id='word_1_380' title='bbox 1222 3983 1298 4048; x_wconf 93' lang='lat' dir='ltr'>In</span> <span class='ocrx_word' id='word_1_381' title='bbox 1328 4000 1469 4065; x_wconf 85' lang='lat' dir='ltr'>quo</span> <span class='ocrx_word' id='word_1_382' title='bbox 1494 3999 1662 4050; x_wconf 90' lang='lat' dir='ltr'>sane</span> <span class='ocrx_word' id='word_1_383' title='bbox 1699 3977 1819 4080; x_wconf 84' lang='lat' dir='ltr'>qui</span> <span class='ocrx_word' id='word_1_384' title='bbox 1867 3977 2018 4069; x_wconf 85' lang='lat' dir='ltr'>ejus</span> <span class='ocrx_word' id='word_1_385' title='bbox 2066 3978 2242 4048; x_wconf 90' lang='lat' dir='ltr'>vitae</span> <span class='ocrx_word' id='word_1_386' title='bbox 2276 3976 2483 4067; x_wconf 85' lang='lat' dir='ltr'>rigor,</span> <span class='ocrx_word' id='word_1_387' title='bbox 2531 3997 2742 4064; x_wconf 85' lang='lat' dir='ltr'>quam</span> <span class='ocrx_word' id='word_1_388' title='bbox 2792 3989 3128 4046; x_wconf 84' lang='lat' dir='ltr'>accurata</span> 
     </span>
     <span class='ocr_line' id='line_1_43' title="bbox 561 4064 3135 4157; baseline 0 -21"><span class='ocrx_word' id='word_1_389' title='bbox 561 4067 934 4138; x_wconf 86' lang='lat' dir='ltr'>monastici</span> <span class='ocrx_word' id='word_1_390' title='bbox 1002 4066 1298 4138; x_wconf 88' lang='lat' dir='ltr'>instituti</span> <span class='ocrx_word' id='word_1_391' title='bbox 1347 4067 1783 4139; x_wconf 77' lang='lat' dir='ltr'>observantia</span> <span class='ocrx_word' id='word_1_392' title='bbox 1828 4080 1893 4137; x_wconf 92' lang='lat' dir='ltr'>et</span> <span class='ocrx_word' id='word_1_393' title='bbox 1946 4065 2177 4137; x_wconf 90' lang='lat' dir='ltr'>cultus</span> <span class='ocrx_word' id='word_1_394' title='bbox 2238 4064 2466 4147; x_wconf 79' lang='lat' dir='ltr'>fuerit,</span> <span class='ocrx_word' id='word_1_395' title='bbox 2521 4065 2673 4156; x_wconf 87' lang='lat' dir='ltr'>ejus</span> <span class='ocrx_word' id='word_1_396' title='bbox 2722 4065 3135 4157; x_wconf 82' lang='lat' dir='ltr'>praeclarae</span> 
     </span>
    </p>
   </div>
   <div class='ocr_carea' id='block_1_3' title="bbox 610 4244 3130 4354">
    <p class='ocr_par' dir='ltr' id='par_1_6' title="bbox 610 4244 3130 4354">
     <span class='ocr_line' id='line_1_44' title="bbox 610 4244 2981 4296; baseline 0.005 -9"><span class='ocrx_word' id='word_1_397' title='bbox 610 4244 638 4272; x_wconf 71' lang='lat'>0</span> <span class='ocrx_word' id='word_1_398' title='bbox 665 4247 815 4296; x_wconf 61' lang='lat' dir='ltr'>nutet.</span> <span class='ocrx_word' id='word_1_399' title='bbox 838 4248 858 4288; x_wconf 85' lang='lat'>1</span> <span class='ocrx_word' id='word_1_400' title='bbox 879 4248 936 4289; x_wconf 70' lang='lat' dir='ltr'>ad</span> <span class='ocrx_word' id='word_1_401' title='bbox 963 4249 1287 4291; x_wconf 72' lang='lat' dir='ltr'>Heliodorum.</span> <span class='ocrx_word' id='word_1_402' title='bbox 2078 4278 2081 4281; x_wconf 32' lang='grc' dir='ltr'><strong><em>ι</em></strong></span> <span class='ocrx_word' id='word_1_403' title='bbox 2978 4292 2981 4295; x_wconf 97' lang='grc'>.</span> 
     </span>
     <span class='ocr_line' id='line_1_45' title="bbox 613 4297 3130 4354; baseline 0.001 -15"><span class='ocrx_word' id='word_1_404' title='bbox 613 4299 670 4328; x_wconf 71' lang='grc'>0*</span> <span class='ocrx_word' id='word_1_405' title='bbox 698 4299 1052 4349; x_wconf 68' lang='lat' dir='ltr'>uon-utorium,</span> <span class='ocrx_word' id='word_1_406' title='bbox 1080 4305 1138 4344; x_wconf 78' lang='lat' dir='ltr'>da</span> <span class='ocrx_word' id='word_1_407' title='bbox 1171 4313 1266 4352; x_wconf 86' lang='lat' dir='ltr'>quo</span> <span class='ocrx_word' id='word_1_408' title='bbox 1298 4302 1589 4354; x_wconf 68' lang='lat' dir='ltr'>biographus</span> <span class='ocrx_word' id='word_1_409' title='bbox 1616 4301 1778 4343; x_wconf 76' lang='lat' dir='ltr'>noster</span> <span class='ocrx_word' id='word_1_410' title='bbox 1797 4297 2025 4351; x_wconf 79' lang='lat' dir='ltr'>loquitur,</span> <span class='ocrx_word' id='word_1_411' title='bbox 2042 4302 2118 4341; x_wconf 75' lang='lat' dir='ltr'>est</span> <span class='ocrx_word' id='word_1_412' title='bbox 2135 4299 2258 4341; x_wconf 79' lang='lat' dir='ltr'>mad</span> <span class='ocrx_word' id='word_1_413' title='bbox 2284 4301 2410 4349; x_wconf 83' lang='lat' dir='ltr'>quod</span> <span class='ocrx_word' id='word_1_414' title='bbox 2432 4298 2693 4346; x_wconf 66' lang='grc' dir='ltr'>Βδηείαόηι.</span> <span class='ocrx_word' id='word_1_415' title='bbox 2710 4309 2794 4341; x_wconf 84' lang='lat' dir='ltr'>seu</span> <span class='ocrx_word' id='word_1_416' title='bbox 2810 4299 3130 4342; x_wconf 61' lang='lat' dir='ltr'>Bra-niteram</span> 
     </span>
    </p>
   </div>
   <div class='ocr_carea' id='block_1_4' title="bbox 553 4352 3131 4513">
    <p class='ocr_par' dir='ltr' id='par_1_7' title="bbox 553 4352 3131 4513">
     <span class='ocr_line' id='line_1_46' title="bbox 553 4352 3131 4407; baseline 0 -11"><span class='ocrx_word' id='word_1_417' title='bbox 553 4354 801 4396; x_wconf 58' lang='lat' dir='ltr'>manat-tm</span> <span class='ocrx_word' id='word_1_418' title='bbox 822 4359 1136 4405; x_wconf 65' lang='lat' dir='ltr'>nuncupatur.</span> <span class='ocrx_word' id='word_1_419' title='bbox 1165 4357 1219 4397; x_wconf 82' lang='lat' dir='ltr'>lu</span> <span class='ocrx_word' id='word_1_420' title='bbox 1239 4354 1473 4404; x_wconf 64' lang='lat' dir='ltr'>Helvetia.</span> <span class='ocrx_word' id='word_1_421' title='bbox 1490 4354 1539 4396; x_wconf 82' lang='lat' dir='ltr'>ln</span> <span class='ocrx_word' id='word_1_422' title='bbox 1560 4353 1741 4397; x_wconf 57' lang='lat' dir='ltr'>avitia</span> <span class='ocrx_word' id='word_1_423' title='bbox 1760 4353 1975 4407; x_wconf 71' lang='lat' dir='ltr'>(sert-viu&gt;</span> <span class='ocrx_word' id='word_1_424' title='bbox 1993 4362 2131 4405; x_wconf 62' lang='lat' dir='ltr'>pugo.</span> <span class='ocrx_word' id='word_1_425' title='bbox 2148 4353 2294 4394; x_wconf 66' lang='lat' dir='ltr'>situm</span> <span class='ocrx_word' id='word_1_426' title='bbox 2313 4356 2411 4399; x_wconf 70' lang='lat' dir='ltr'>eata</span> <span class='ocrx_word' id='word_1_427' title='bbox 2428 4354 2588 4403; x_wconf 72' lang='lat' dir='ltr'>ibique</span> <span class='ocrx_word' id='word_1_428' title='bbox 2606 4353 2915 4397; x_wconf 65' lang='lat' dir='ltr'>celeberrima</span> <span class='ocrx_word' id='word_1_429' title='bbox 2933 4355 2985 4395; x_wconf 83' lang='lat' dir='ltr'>B.</span> <span class='ocrx_word' id='word_1_430' title='bbox 3016 4352 3131 4397; x_wconf 70' lang='lat' dir='ltr'>Vit-</span> 
     </span>
     <span class='ocr_line' id='line_1_47' title="bbox 562 4406 1672 4457; baseline 0.005 -10"><span class='ocrx_word' id='word_1_431' title='bbox 562 4406 692 4457; x_wconf 58' lang='lat' dir='ltr'>tinln</span> <span class='ocrx_word' id='word_1_432' title='bbox 710 4407 864 4457; x_wconf 66' lang='lat' dir='ltr'>imago</span> <span class='ocrx_word' id='word_1_433' title='bbox 883 4417 1069 4449; x_wconf 66' lang='lat' dir='ltr'>summa</span> <span class='ocrx_word' id='word_1_434' title='bbox 1085 4419 1193 4450; x_wconf 86' lang='lat' dir='ltr'>cum</span> <span class='ocrx_word' id='word_1_435' title='bbox 1213 4410 1464 4451; x_wconf 72' lang='lat' dir='ltr'>devotione</span> <span class='ocrx_word' id='word_1_436' title='bbox 1484 4410 1672 4452; x_wconf 76' lang='lat' dir='ltr'>colitur.</span> 
     </span>
     <span class='ocr_line' id='line_1_48' title="bbox 616 4454 2662 4513; baseline 0 -12"><span class='ocrx_word' id='word_1_437' title='bbox 616 4454 696 4487; x_wconf 68' lang='lat'>⁸⁹⁶</span> <span class='ocrx_word' id='word_1_438' title='bbox 725 4459 792 4501; x_wconf 72' lang='lat' dir='ltr'>Ab</span> <span class='ocrx_word' id='word_1_439' title='bbox 810 4470 934 4502; x_wconf 67' lang='lat' dir='ltr'>anuo</span> <span class='ocrx_word' id='word_1_440' title='bbox 953 4456 1031 4502; x_wconf 72' lang='lat' dir='ltr'>m</span> <span class='ocrx_word' id='word_1_441' title='bbox 1050 4472 1200 4513; x_wconf 77' lang='lat' dir='ltr'>usque</span> <span class='ocrx_word' id='word_1_442' title='bbox 1218 4464 1278 4504; x_wconf 72' lang='lat' dir='ltr'>ad</span> <span class='ocrx_word' id='word_1_443' title='bbox 1298 4473 1420 4504; x_wconf 74' lang='lat' dir='ltr'>auno</span> <span class='ocrx_word' id='word_1_444' title='bbox 1442 4463 1521 4504; x_wconf 72' lang='lat'>99⁰</span> <span class='ocrx_word' id='word_1_445' title='bbox 1538 4460 1854 4505; x_wconf 64' lang='lat' dir='ltr'>Eventurum</span> <span class='ocrx_word' id='word_1_446' title='bbox 1874 4462 2101 4503; x_wconf 77' lang='lat' dir='ltr'>coenobio</span> <span class='ocrx_word' id='word_1_447' title='bbox 2122 4456 2423 4502; x_wconf 65' lang='lat' dir='ltr'>metianum</span> <span class='ocrx_word' id='word_1_448' title='bbox 2442 4460 2662 4511; x_wconf 70' lang='lat' dir='ltr'>praemit.</span> 
     </span>
    </p>
   </div>
  </div>
 </body>
</html>
