3347 4999
233 334 406 401 OCT.
461 336 501 400 9
927 354 1002 399 m:
1052 354 1143 399 ss.
1197 352 1554 399 Annaomco
1603 353 1678 398 m·
1725 354 2083 401 ArnANAsiA
2558 334 2675 397 281

319 439 355 524 ξ
404 441 496 507 θ.
550 442 705 506 Post
751 435 1113 506 duodecim
1164 450 1389 505 autem
1441 456 1658 507 annos
1709 440 1971 526 rogavit
2016 457 2272 515 senem,
2312 449 2389 506 ut
2424 457 2495 505 se
2544 436 2778 505 dimit-

233 538 399 595 teret
445 525 528 594 ad
582 538 815 594 sancta
868 525 1040 594 loca.
1087 524 1208 594 Ille
1244 547 1397 594 vero
1434 526 1603 594 bene
1654 537 1993 614 precatus,
2032 547 2190 595 eum
2228 524 2514 594 dimisit.
2555 526 2777 596 Abbas

230 628 457 685 autern
516 614 967 694 AndronicuS,
1007 613 1134 682 iter
1164 613 1422 684 faciens
1457 636 1576 704 per
1608 619 2012 705 Aegyptum,
2060 613 2233 683 sedit
2267 615 2397 683 sub
2437 614 2661 701 spina,
2705 627 2780 683 ut

232 704 539 774 animam
593 716 924 772 recrearet
972 703 1058 772 ab
1106 716 1321 773 aestu.
1374 707 1542 772 Ecce
1576 715 1801 772 autem
1847 725 1925 772 ex
1968 703 2082 770 Dei
2122 703 2633 791 dispensatione
2666 724 2777 771 ve-

230 794 429 862 niens
479 792 546 861 in
600 792 842 860 habitu
893 791 1069 860 virili
1120 794 1266 878 ejus
1299 814 1492 873 uxor,
1529 814 1706 878 quae
1745 793 1895 880 ipsa
1927 813 2201 879 quoque
2248 792 2391 861 ibat
2419 790 2500 858 ad
2540 804 2777 859 sancta

232 882 406 952 loca.
447 886 751 967 Cumque
785 903 856 949 se
889 881 1179 950 invicem
1219 881 1655 960 salutassent,
1689 880 2004 969 cognovit
2029 879 2347 949 columba
2380 879 2772 968 conjugem.

232 976 388 1060 Ipse
422 992 579 1039 vero
612 970 958 1056 quomodo
1009 970 1338 1059 potuisset
1387 991 1797 1060 cognoscere
1846 967 2043 1038 talem
2097 990 2272 1055 quae
2320 980 2771 1046 emarcuerat,

231 1058 772 1150 pulcritudinem
817 1113 831 1139 ‚
886 1071 946 1127 et
994 1080 1171 1146 quae
1237 1058 1613 1127 videbatur·
1655 1070 1732 1128 ut
1798 1057 2169 1157 Aethiops?
2219 1057 2389 1126 Dicit
2454 1077 2614 1146 ergo
2662 1057 2770 1123 ei:

232 1153 450 1231 «Quo
499 1146 737 1227 vadiS,
804 1147 1080 1217 domine
1127 1147 1368 1216 Abba?
1411 1172 1444 1214 »
1511 1147 1630 1215 Ille
1695 1169 1852 1216 vero
1914 1145 2081 1215 dicit
2129 1147 2236 1216 ei:
2314 1169 2348 1211 «
2392 1145 2481 1215 Ad
2538 1158 2772 1214 sancta

232 1235 472 1305 loca.»
523 1241 682 1324 Ipsa
730 1249 954 1305 autem
1008 1236 1173 1305 dicit
1219 1237 1276 1304 ei
1317 1259 1331 1303 ε
1388 1241 1596 1326 «Ego
1628 1257 1902 1322 quoque
1950 1235 2099 1304 volo
2156 1234 2323 1304 illuc
2372 1235 2492 1303 ire.
2533 1258 2569 1300 »
2617 1238 2775 1322 Ipsa

230 1348 393 1416 ergo
442 1346 688 1393 rursus
745 1325 911 1393 dicit
950 1326 1056 1393 ei:
1113 1325 1245 1393 «Si
1297 1325 1512 1405 veliS‚
1566 1346 1807 1393 eamus
1854 1323 2341 1393 ambosimul.
2412 1323 2538 1393 Sed
2603 1337 2775 1391 tam-

232 1437 439 1501 quam
495 1435 628 1482 non
665 1412 869 1482 simul
909 1413 1151 1493 simuS,
1195 1414 1670 1514 ingrediamur
1700 1413 1993 1484 silentio.
2030 1436 2064 1480 »
2102 1413 2273 1482 Dicit
2304 1411 2770 1481 Andronicus:

231 1526 267 1570 «
301 1509 381 1573 Ut
405 1503 637 1593 jubes.
671 1526 706 1569 »
762 1501 1012 1571 Deinde
1050 1503 1197 1592 ipsa
1233 1502 1398 1572 dicit
1445 1502 1545 1570 ei:
1601 1525 1635 1568 «
1665 1508 1805 1572 Non
1843 1525 1915 1571 es
1947 1523 2177 1571 revera
2227 1500 2618 1591 discipulus
2649 1500 2772 1569 Ab·

228 1592 407 1661 batis
437 1591 779 1660 Danielis?
803 1614 838 1657 »
874 1596 1029 1681 Ipse
1065 1613 1217 1661 vero
1247 1591 1412 1660 dicit
1444 1591 1503 1659 ei
1538 1614 1549 1655 τ
1593 1614 1626 1656 «
1664 1590 2023 1659 Maxime.»
2059 1590 2229 1659 Dicit
2257 1590 2438 1680 ipsa:
2480 1595 2774 1658 «Preces

232 1681 419 1750 senis
470 1702 596 1749 nos
636 1679 1171 1750 comitabuntur.
1207 1703 1243 1747 »
1296 1680 1466 1749 Dicit
1504 1679 1973 1749 Andronicus:
2027 1702 2062 1745 «
2091 1684 2331 1748 Amen.
2361 1701 2397 1745 »
2449 1682 2612 1748 Cum
2655 1700 2775 1747 au-

231 1782 364 1838 tem
418 1768 627 1837 simul
676 1768 967 1859 ingressi
1018 1782 1266 1848 essent,
1304 1782 1367 1838 et
1407 1768 1808 1837 adorassent
1856 1780 2087 1837 sancta
2123 1767 2291 1847 loca,
2331 1767 2578 1837 reversi
2613 1779 2776 1835 sunt

227 1857 731 1928 Alexandriam.
788 1856 960 1925 Dicit
1008 1857 1230 1927 Abbas
1277 1857 1691 1927 Athanasius
1749 1857 1989 1927 Abbati
2056 1856 2483 1925 Andronico:
2540 1855 2768 1936 «Vis,

230 1967 640 2015 maneamus
671 1945 881 2014 simul
919 1947 986 2033 in
1022 1945 1249 2015 cella?
1284 1970 1319 2013 »
1374 1946 1543 2015 Dicit
1589 1945 2066 2014 Andronicus:
2121 1968 2156 2011 «
2191 1949 2400 2026 Certe,
2439 1944 2765 2033 utjubes.

228 2033 390 2103 Volo
430 2048 653 2103 autem
698 2035 998 2123 primum
1053 2036 1173 2115 ire,
1228 2048 1291 2104 et
1330 2035 1641 2124 accipere
1679 2056 1912 2124 preces
1950 2034 2155 2103 seniS.
2197 2057 2232 2100 »
2267 2035 2438 2103 Dicit
2462 2034 2522 2102 ei
2551 2032 2775 2102 Abbas

226 2123 674 2193 Athanasius:
730 2146 765 2189 ‹<
797 2122 1000 2203 Vade,
1035 2138 1100 2193 et
1133 2125 1536 2215 exspectabo
1578 2136 1641 2192 te
1689 2122 1871 2213 apud
1926 2123 2604 2192 Octavumdecimum
2641 2144 2655 2201 ;
2708 2133 2773 2191 et

228 2213 286 2280 si
329 2213 583 2292 venias,
623 2212 800 2281 sicut
833 2213 961 2280 iter
1008 2211 1320 2291 fecimuS,
1383 2211 1819 2281 manebimus
1862 2210 2159 2280 silentio.
2206 2216 2370 2280 Nam
2416 2212 2469 2281 si
2529 2223 2591 2280 te
2630 2231 2766 2278 non

229 2300 420 2382 ferat,
449 2324 529 2370 ne
555 2300 843 2369 veneris.
883 2306 1021 2391 Ego
1051 2302 1233 2371 enim
1273 2314 1334 2370 te
1365 2300 1771 2390 exspectabo
1805 2300 1988 2390 apud
2024 2301 2771 2369 Decimumoctavum.»

224 2389 349 2459 Ille
396 2402 620 2458 autem
677 2389 1039 2478 profectus,
1078 2391 1399 2459 salutavit
1446 2412 1706 2471 senem,
1759 2401 1824 2459 et
1870 2389 1954 2457 de
1999 2410 2079 2458 eo
2131 2388 2261 2477 ipsi
2312 2388 2765 2457 renunciavit.

225 2482 436 2548 Senex
497 2501 651 2547 vero
707 2477 875 2547 dicit
922 2479 1031 2547 ei:
1087 2503 1122 2546 «
1156 2479 1358 2562 Vade,
1412 2492 1477 2549 et
1522 2478 1736 2569 dilige
1785 2478 2135 2549 silentium
2177 2533 2191 2559 ,
2245 2491 2311 2547 et
2361 2499 2562 2548 mane
2608 2498 2768 2547 cum

220 2566 474 2647 fratre:
528 2580 629 2636 est
675 2567 857 2636 enim
914 2569 1317 2642 monachus,
1371 2582 1446 2638 ut
1484 2590 1632 2638 esse
1665 2582 1952 2657 oportet.
1995 2591 2029 2633 »
2067 2572 2158 2636 Eo
2198 2581 2424 2636 autem
2471 2588 2762 2647 revers0,

222 2678 404 2734 curn,
436 2657 806 2726 invenisset
854 2656 1174 2726 Abbatem
1227 2657 1702 2738 Athanasium,
1761 2669 2163 2726 manserunt
2216 2655 2474 2735 simul,
2533 2655 2771 2723 timore

221 2745 335 2814 Dei
388 2745 687 2823 muniti,
744 2742 915 2814 alios
963 2744 1325 2815 duodecim
1380 2768 1644 2827 annos;
1699 2760 1761 2815 et
1822 2768 1954 2816 non
1996 2745 2314 2836 cognovit
2360 2744 2583 2813 Abbas
2631 2750 2770 2812 An—

221 2833 552 2903 dronicus
591 2856 738 2902 eam
776 2855 925 2903 esse
964 2855 1159 2904 suam
1212 2836 1602 2926 conjugem.

315 2930 352 3003 ἓ
400 2929 476 2995 2.
532 2927 743 3011 Saepe
789 2943 951 3012 ergo
999 2923 1413 2993 ascendebat
1460 2945 1660 2994 senex
1710 2923 1795 2991 ad
1848 2945 1967 2992 eos
2026 2921 2399 2991 visitandos
2432 2973 2446 3000 ,
2500 2942 2574 2989 ea
2630 2919 2768 2990 illis

223 3010 569 3080 disserens
595 3033 772 3098 quae
814 3012 1243 3101 pertinebant
1273 3013 1356 3081 ad
1392 3012 1781 3083 utilitatem.
1814 3009 2030 3080 Semel
2069 3023 2296 3079 autem
2338 3031 2495 3078 cum
2530 3030 2771 3080 ascen-

223 3099 437 3170 disset
482 3123 707 3181 senex,
764 3116 827 3170 et
874 3122 989 3169 eos
1050 3101 1268 3170 valere
1306 3102 1668 3191 jussisset,
1724 3113 2087 3187 antequam
2142 3099 2271 3167 iret
2312 3096 2399 3167 ad
2449 3110 2765 3167 sanctum
2852 3123 2857 3129 ·

224 3193 517 3267 Menam,
575 3190 753 3258 venit
801 3190 884 3257 ad
937 3212 1092 3258 eum
1153 3190 1375 3260 Abbas
1424 3189 1854 3259 Andronicus
1890 3243 1904 3268 ,
1958 3201 2022 3255 et
2085 3186 2253 3256 dicit
2301 3187 2409 3256 ei:
2466 3208 2501 3252 «
2546 3186 2770 3256 Abbas

223 3277 635 3346 Athanasius
684 3278 866 3347 vadit
913 3277 995 3347 ad
1058 3280 1448 3348 Dominum.
1489 3301 1523 3345 »
1584 3284 1921 3348 Reversus
1971 3297 2126 3345 vero
2188 3297 2391 3345 senex
2428 3329 2443 3355 ‚
2511 3275 2770 3345 invenit

223 3387 380 3435 eum
437 3366 706 3454 magnis
754 3388 1226 3455 compressum
1279 3368 1660 3454 angustiiS,
1715 3379 1778 3435 et
1826 3364 2047 3454 coepit
2096 3365 2258 3434 flere
2305 3364 2529 3434 Abbas
2567 3365 2770 3434 Atha-

224 3455 513 3534 nasius;
556 3467 622 3522 et
659 3454 826 3523 dicit
872 3456 932 3524 ei
975 3478 1174 3523 senex
1209 3479 1222 3523 :
1278 3479 1312 3522 «
1349 3460 1512 3525 Cum
1567 3467 1629 3523 te
1679 3468 2017 3544 oporteret
2071 3453 2373 3544 gaudere
2411 3452 2594 3541 quod
2636 3454 2766 3522 mi-

225 3567 383 3634 gras
418 3542 497 3611 ad
542 3543 930 3624 Dominum,
964 3543 1421 3633 lacrymaris?
1450 3567 1485 3610 >›
1516 3543 1687 3612 Dicit
1719 3542 1781 3612 ei
1811 3542 2033 3613 Abbas
2071 3542 2526 3612 Athanasius:
2565 3547 2762 3612 «Non

224 3632 442 3721 ploro,
485 3631 616 3700 nisi
653 3644 926 3721 propter
955 3633 1276 3702 Abbatem
1307 3631 1797 3701 Andronicum.
1841 3631 1963 3701 Sed
1999 3631 2101 3701 fac
2128 3631 2307 3701 hanc
2331 3631 2760 3714 charitatem,

228 3735 588 3809 postquam
667 3740 774 3789 me
839 3720 1212 3810 sepelieris.
1278 3722 1643 3790 Inveniens
1701 3720 2100 3790 schedulam
2159 3721 2357 3791 sitam
2410 3718 2493 3788 ad
2556 3730 2767 3807 caput

225 3831 483 3890 meum,
542 3807 688 3908 lege
734 3829 882 3876 eam
919 3864 933 3890 ,
989 3822 1055 3878 et
1115 3809 1202 3878 da
1251 3809 1384 3898 ipsi
1444 3809 1686 3880 Abbati
1746 3809 2229 3879 Andronico.»
2277 3812 2582 3894 Cumque
2631 3807 2764 3897 ipsi

228 3919 461 3987 preces
500 3897 852 3975 dixissent,
912 3897 1446 3967 communicavit
1484 3911 1548 3968 et
1594 3898 1877 3968 dormiit
1932 3899 1998 3966 in
2060 3897 2368 3966 Domino.
2423 3901 2767 3966 Venerunt

225 3998 452 4056 autem
491 3985 575 4055 ad
611 3986 672 4055 ei
708 3985 1057 4055 faciendas
1095 3987 1458 4072 exequias;
1511 3999 1575 4055 et
1604 4008 1761 4056 ecce
1795 3988 2069 4056 inventa
2103 3985 2232 4054 fuit
2279 4006 2444 4054 sexu
2486 3984 2759 4066 mulier,

224 4088 287 4143 et
314 4075 627 4145 auditum
666 4073 796 4143 fuit
823 4075 888 4142 in
924 4087 1055 4143 tota
1094 4079 1353 4154 Laura3
1405 4089 1470 4145 et
1504 4075 1782 4145 mittens
1823 4097 2049 4155 senex,
2094 4073 2338 4143 excivit
2370 4073 2763 4142 universam

227 4167 484 4233 Scetem
522 4176 586 4232 et
616 4163 1006 4232 interiorem
1059 4162 1527 4244 solitudinem,
1565 4178 1629 4234 et
1671 4175 2002 4234 venerunt
2039 4184 2279 4232 omnes
2329 4167 2587 4231 Laurae
2617 4161 2765 4232 Ale-

223 4251 573 4333 xandriae,
609 4264 673 4321 et
701 4251 1017 4321 convenit
1050 4253 1363 4321 universa
1400 4253 1660 4333 civitaS,
1709 4264 1773 4321 et
1814 4250 2123 4321 Monachi
2176 4256 2428 4332 Scetae‚
2472 4250 2762 4320 ferentes

226 4339 617 4429 legumina:
654 4341 740 4410 ita
782 4341 964 4410 enim
1003 4362 1148 4410 mos
1187 4353 1287 4409 est
1322 4341 1388 4409 in
1423 4346 1633 4411 Scete.
1676 4345 1844 4410 Cum
1882 4339 2094 4410 ramis
2123 4361 2285 4430 ergo
2332 4351 2398 4409 et
2449 4340 2697 4429 palmis
2728 4338 2763 4373 *²

277 4465 304 4492 ⁴
330 4465 489 4507 Bitum
516 4467 792 4517 sepulturae
819 4468 870 4509 tn
897 4469 1181 4510 monasterfo
1210 4468 1505 4509 Tabennenst
1532 4469 1646 4509 tunc
1672 4467 1975 4510 observatum
2004 4468 2073 4508 tta
2102 4464 2328 4509 describtt
2363 4467 2603 4507 Palladius
2623 4462 2761 4514 (Hine.
