3347 4999
614 369 619 374 .
658 310 741 375 24
1418 326 1495 371 nn
1543 325 1597 372 s.
1652 326 1910 373 aemam
1958 326 2250 373 Ancuisr.
2836 309 3008 375 OCT.
3067 312 3092 375 1

568 406 854 497 projecit
918 406 983 474 in
1039 418 1313 476 terram.
1367 408 1530 474 Cum
1582 419 1807 475 autem
1868 406 1982 474 ille
2044 427 2114 475 se
2188 406 2585 476 inclinasset
2630 429 2776 476 eam
2843 407 3118 476 recolli-

612 518 746 575 ere‚
804 502 939 565 Rex
980 496 1203 564 statim
1264 494 1517 562 elevata
1572 516 1783 563 manu
1833 495 2262 564 Franciscam
2315 518 2509 565 suam
2574 496 2640 565 in
2693 511 2899 585 caput
2954 497 3110 586 ejus

564 520 818 654 defixit.
873 598 936 652 et
983 584 1111 652 ait:
1158 583 1345 651 Sicut
1393 596 1465 651 tu
1515 583 1581 650 in
1635 585 2082 653 Suessionum
2118 584 2386 653 civitate
2421 586 2758 675 superiori
2808 607 2990 653 anno
3027 587 3122 653 in‘

541 694 768 742 ·urceo
819 673 937 741 illo
987 671 1224 751 fecisti,
1269 672 1365 741 sic
1399 683 1463 740 et
1512 670 1686 739 facio
1729 673 1875 740 tibi.
1919 678 2315 759 Mortuoque
2365 673 2504 753 illo,
2544 676 2912 743 exercitum
2967 679 3110 743 Rex

564 762 647 830 de
696 762 846 850 ipso
893 761 1368 849 campojussit
1398 759 1482 828 ad
1516 760 1793 848 propria
1831 762 1897 828 in
1938 783 2101 850 pace
2140 760 2511 831 discedere.
2553 763 2846 832 Grandis
2901 784 3112 853 pavor

560 865 623 919 et
671 850 872 918 timor
922 872 1042 939 pro
1080 850 1204 917 bac
1255 871 1324 917 re
1371 849 1436 916 in
1491 853 1906 917 Francorum
1963 850 2218 939 populo
2267 853 2581 920 surrexit.

650 941 685 1025 ξ
738 944 897 1009 28.
954 938 1326 1008 Clodoveus
1374 936 1642 1006 decimo
1703 960 1884 1006 anno
1934 939 2126 1028 regni
2178 940 2310 1019 sui,
2374 953 2714 1009 commoto
2773 941 3100 1019 exercitu,

563 1027 693 1096 sibi
747 1027 1196 1116 Thuringiam
1259 1026 1682 1114 provinciam
1736 1027 2156 1115 subjugavit.
2221 1027 2387 1097 Inde
2436 1028 2867 1098 Gundebaldi
2925 1029 3116 1119 regis

562 1122 696 1185 Bur
747 1116 1134 1185 undionum
1166 1115 1449 1204 neptim,
1480 1113 1694 1182 filiam
1731 1114 2043 1185 videlicet
2077 1116 2303 1185 fratris
2337 1118 2444 1186 sui
2473 1117 2860 1207 Chilperici.
2895 1140 3102 1204 quem

561 1204 672 1295 gla
727 1205 791 1272 io
832 1204 1283 1284 interfecerat,
1340 1203 1618 1271 nomine
1665 1203 2055 1284 crotildem,
2103 1204 2415 1294 pulcram
2469 1208 2634 1275 satis
2689 1206 2985 1295 puellam
3037 1219 3106 1275 et

562 1316 714 1362 vere
761 1288 1436 1371 christianissimam,
1482 1292 1972 1361 interveniente
2022 1293 2383 1363 Aureliano
2432 1294 2827 1364 consiliario
2875 1317 2952 1363 ac
3004 1295 3110 1364 le-

561 1383 823 1470 gatario
857 1405 1006 1461 suo,
1063 1393 1235 1449 nutu
1269 1380 1502 1448 divino
1541 1381 1605 1449 in
1643 1380 1854 1467 conju
1906 1402 2012 1449 em
2049 1383 2366 1473 sumpsit,
2409 1383 2586 1452 sicut
2629 1384 2838 1452 lector
2869 1384 2936 1451 in
2974 1406 3108 1453 suo

563 1472 707 1540 loco
757 1471 1030 1561 plenius
1080 1469 1301 1559 legere
1352 1483 1589 1558 potest.
1645 1474 1720 1537 In
1754 1470 1865 1538 die
1918 1492 2000 1539 us
2054 1470 2189 1540 illis
2229 1470 2538 1540 dilatavit
2573 1493 2684 1541 rex
2727 1471 3105 1542 Clodoveus

561 1582 849 1649 regnum
886 1581 1087 1629 suum
1134 1580 1351 1645 usque
1392 1562 1815 1644 Sequanam:
1871 1560 2183 1645 sequenti
2228 1572 2531 1649 tempore
2565 1582 2784 1646 usque
2813 1562 3102 1633 fluvium

557 1648 846 1737 Ligerim
898 1646 1280 1736 occupavit.
1331 1647 1738 1738 Accepitque
1786 1648 2193 1718 Aurelianus
2223 1661 2522 1718 castrum
2555 1648 3012 1719 Milidunense
3036 1652 3098 1730 ⁴,

554 1737 736 1823 quod
771 1749 836 1805 et
882 1737 950 1805 in
986 1738 1313 1804 ducatum
1351 1736 1668 1805 obtinuit.

643 1828 678 1913 ξ
729 1830 870 1896 ²².
925 1825 1246 1914 Concepit
1277 1824 1573 1911 denique
1620 1846 1700 1893 ac
1735 1824 1997 1912 peperit
2036 1823 2260 1892 fllium
2297 1824 2635 1894 CrotildiS.
2675 1832 2887 1908 Quem
2938 1848 3100 1895 cum

553 1936 749 1983 sacro
799 1914 1207 2003 baptismate
1239 1913 1626 1982 consecrari
1666 1912 1881 1991 vellet,
1933 1935 2044 1982 rex
2088 1934 2221 1981 non
2265 1914 2744 2000 acquiescebat
2790 1915 2875 1983 ei.
2935 1920 3102 1983 Nec-

554 2002 721 2072 dum
762 2001 1313 2070 enim'credebat
1364 2003 1431 2070 in
1468 2002 1830 2071 Dominum
1888 2007 2097 2070 Deum
2148 2001 2343 2071 coeli.
2378 2004 2636 2092 Regina
2671 2017 2897 2073 autem
2931 2025 3103 2089 quo·

558 2091 720 2160 tidie
770 2090 870 2158 illi
923 2090 1358 2181 praedicabat
1404 2112 1601 2158 eum:
1666 2104 1735 2159 at
1792 2089 1904 2158 ille
1956 2090 2226 2160 nolebat
2291 2113 2439 2159 eam
2498 2092 2761 2160 audire.
2833 2097 3101 2161 Interea

559 2181 820 2270 Regina
872 2193 1062 2269 parat
1110 2178 1332 2248 filium
1383 2179 1468 2248 ad
1522 2180 1968 2268 baptismum,
2023 2192 2221 2249 ornat
2268 2179 2627 2250 ecclesiam
2682 2181 2846 2249 velis
2895 2195 3102 2267 atque

556 2270 862 2344 cortinis.
918 2282 991 2337 ut
1040 2269 1220 2358 regis
1258 2290 1376 2336 cor
1405 2268 1489 2336 ad
1525 2266 1946 2336 credendum
1990 2282 2501 2359 compungeret.
2564 2270 2949 2358 Baptizatus
2998 2287 3102 2342 est

559 2380 753 2446 puer,
816 2378 1021 2442 quem
1080 2357 1505 2447 Ingomirum
1560 2356 1841 2431 vocavit,
1895 2357 2150 2443 quique
2186 2359 2251 2426 in
2306 2356 2489 2426 Albis
2536 2357 2850 2427 decessit.
2907 2358 3099 2427 Unde

555 2451 692 2516 Rex
742 2445 950 2514 nimis
997 2447 1460 2526 contristatu8‚
1501 2444 1859 2534 reputabat
1907 2446 2227 2536 Reginae,
2268 2446 2690 2536 increpando
2723 2447 2960 2517 dicens
3008 2447 3092 2516 ad

555 2557 746 2603 eam:
802 2535 973 2617 Quia
1008 2536 1064 2603 si
1110 2536 1175 2603 in
1216 2536 1492 2604 nomine
1543 2557 1848 2605 meorum
1904 2535 2186 2605 deorum
2235 2558 2405 2626 puer
2433 2536 2789 2606 dedicatus
2826 2537 3090 2615 fuisset,

552 2624 790 2710 utique
839 2623 1209 2692 incolumis
1255 2623 1378 2693 diu
1414 2623 1709 2692 vixisset.
1742 2624 1911 2706 Quia
1950 2647 2104 2695 vero
2156 2625 2225 2694 in
2263 2625 2541 2694 nomine
2584 2627 2694 2693 Dei
2745 2628 2945 2694 vestri
2983 2629 3098 2694 ba-

552 2712 843 2802 ptizatus
892 2726 1013 2792 est,
1069 2712 1286 2781 vivere
1338 2734 1468 2781 non
1533 2713 1770 2801 potuit.
1823 2713 2076 2802 Regina
2127 2734 2282 2782 vero
2316 2713 2622 2784 dicebat:
2667 2719 2796 2782 Deo
2837 2714 3096 2805 gratias

552 2824 680 2891 ago
728 2801 848 2888 qui
885 2823 990 2870 me
1043 2823 1173 2870 non
1226 2801 1420 2870 duxit
1470 2800 1853 2890 indignam,
1892 2816 1963 2870 ut
1994 2801 2078 2870 de
2109 2814 2303 2871 utero
2355 2824 2504 2872 meo
2557 2803 3092 2893 primogenitum

553 2891 621 2958 in
676 2912 883 2980 regno
933 2912 1056 2959 suo
1112 2891 1413 2979 recipere
1465 2889 1791 2979 dignatus
1841 2889 1950 2957 sit.
2005 2895 2141 2981 Ego
2189 2904 2414 2960 autem
2466 2890 2736 2959 nullum
2788 2892 3091 2960 dolorem

555 2979 625 3047 in
676 2979 878 3048 corde
939 3000 1089 3047 meo
1141 3001 1262 3069 pro
1312 2978 1438 3048 hac
1500 3000 1706 3047 causa
1759 2978 2037 3046 retineo.
2093 2984 2323 3048 Postea
2382 3001 2535 3048 vero
2584 2981 2823 3068 genuit
2869 2980 3095 3050 filium

552 3065 793 3146 alium,
832 3089 1032 3154 quem
1074 3069 1141 3136 in
1187 3068 1530 3157 baptismo
1571 3066 2034 3136 clodomirum
2078 3069 2356 3137 vocavit.
2398 3073 2475 3137 Et
2513 3068 2625 3137 hic
2665 3091 2823 3139 cum
2860 3090 3100 3159 aegro-

555 3169 695 3224 tare
741 3157 984 3244 coepit‚
1029 3156 1200 3224 dixit
1234 3162 1401 3227 Rex:
1456 3162 1595 3226 Non
1644 3168 1858 3246 potest
1897 3154 2111 3236 aliud,
2155 3157 2285 3226 nisi
2324 3157 2408 3225 de
2444 3159 2570 3227 isto
2621 3158 2719 3227 sic
2750 3157 2890 3238 fiat,
2926 3179 3096 3244 quo·

556 3244 756 3312 modo
806 3244 932 3313 fuit
978 3244 1060 3312 de
1111 3245 1315 3315 fratre
1360 3246 1532 3334 ejuS,
1567 3258 1641 3315 ut
1691 3245 2073 3334 baptizatus
2124 3245 2190 3313 in
2246 3246 2521 3314 nomine
2563 3246 2809 3314 Christi
2861 3247 3089 3326 vestri,

553 3336 684 3401 cito
739 3334 1094 3402 moriatur.
1149 3333 1274 3402 Sed
1325 3347 1560 3403 orante
1608 3335 1867 3424 Regina
1916 3347 1983 3402 et
2041 3334 2310 3403 Domini
2373 3335 2845 3403 misericordia
2904 3356 3095 3424 prae—

552 3434 912 3502 currente,
971 3422 1223 3512 recepit
1271 3422 1655 3493 sanitatem.
1726 3422 1986 3511 Regina
2035 3444 2309 3509 quoque
2361 3444 2492 3492 non
2558 3425 2870 3493 cessabat
2928 3425 3096 3512 Regi

555 3509 972 3599 praedicare,
1026 3523 1102 3579 ut
1157 3515 1363 3579 Deum
1416 3533 1649 3580 verum
1701 3510 1972 3590 coleret,
2011 3523 2077 3579 et
2125 3510 2306 3580 idola
2354 3532 2532 3598 quae
2579 3510 2864 3592 colebat,
2921 3534 3094 3581 vana

550 3598 999 3685 relinqueret:
1056 3599 1169 3668 sed
1222 3599 1415 3668 nullo
1467 3600 1667 3669 modo
1701 3601 2010 3669 animum
2048 3598 2198 3684 ejus
2239 3599 2321 3668 ad
2361 3600 2778 3670 credendum
2836 3614 3102 3691 poterat

549 3709 998 3768 commovere,
1059 3687 1275 3757 donec
1326 3688 1599 3758 tandem
1659 3687 2033 3776 aliquando
2082 3687 2337 3758 bellum
2389 3701 2625 3758 contra
2687 3689 3100 3758 Alemannos

551 3780 939 3863 Suevosque
977 3790 1295 3857 moveret,
1353 3778 1422 3847 in
1474 3799 1610 3864 quo
1644 3775 2051 3866 compulsus
2089 3792 2190 3846 est
2241 3782 2450 3847 Deum
2501 3777 2835 3859 confiteri,
2888 3800 3096 3865 quem

552 3878 751 3935 antea
790 3878 1174 3955 negaverat.

635 3955 670 4040 ξ
740 3957 885 4024 26.
962 3959 1239 4024 Factum
1304 3966 1405 4026 est
1473 3966 1702 4023 autem
1778 3953 2195 4024 bellantibus
2268 3953 2444 4023 inter
2513 3977 2630 4033 se,
2687 3955 2964 4025 Francis
3028 3968 3096 4025 et

549 4040 949 4111 Alemannis
996 4056 1198 4130 atque
1239 4043 1500 4124 Suevis‚
1564 4056 1640 4113 ut
1692 4042 2001 4112 Clodovei
2058 4042 2395 4113 exercitus
2454 4044 2659 4113 nimis
2718 4057 3084 4114 corrueret.

601 4165 627 4190 ¹·
654 4162 936 4205 milidunum
966 4167 1041 4206 vel
1071 4167 1375 4207 Melodunnm
1408 4170 1630 4211 castrum.
1659 4166 1767 4216 gell.
1802 4168 1940 4206 ,nermo
1980 4163 2028 4206 in
2069 4167 2222 4206 insula
2242 4165 2464 4206 franciae
2485 4165 2627 4207 dicte..
2648 4168 2941 4212 Aurelianus,
2968 4168 3091 4216 regis

546 4216 860 4265 consiliarius,
889 4230 1135 4268 perperam
1155 4221 1474 4260 introducitur
1494 4221 1542 4258 in
1564 4220 1745 4268 nuptiis
1782 4221 2001 4259 Clodovei
2036 4229 2142 4260 cum
2178 4218 2395 4265 crotilde.
2416 4221 2464 4258 et
2485 4220 2534 4259 in
2553 4222 2661 4260 voto
2683 4222 3005 4260 conversionis
3034 4222 3093 4260 sd

546 4270 802 4318 Christum,
835 4273 959 4321 quod
990 4275 1155 4322 sponte
1181 4272 1339 4313 emisit
1357 4284 1439 4314 rex
1460 4273 1509 4313 in
1538 4271 1769 4313 ferventis
1799 4270 1967 4323 proelii
1997 4271 2291 4314 discrimine:
2315 4274 2532 4322 quodque
2565 4275 2678 4313 adeo
2709 4273 2989 4314 mirabiliter
3017 4277 3096 4314 est·

548 4327 850 4366 memoranda
865 4325 1063 4366 victoris
1082 4327 1131 4366 in
1150 4327 1477 4368 suessionensi
1510 4336 1672 4375 campo
1693 4327 1861 4366 Tolbiac
1885 4330 2174 4368 coronatum.
2201 4346 2246 4354 —
2269 4328 2336 4366 De
2357 4327 2398 4368 S.
2425 4327 2534 4375 neg.
2555 4327 2759 4367 crotilde
2779 4329 2884 4368 fuse
2909 4337 3094 4377 egimus

546 4379 598 4416 in
611 4378 907 4470 lMAarrnot..
926 4381 1143 4421 lmus‘ra.
1161 4381 1218 4420 nd
1235 4390 1285 4420 m
1305 4381 1431 4430 «lum,
1452 4391 1554 4431 psg.
1579 4382 1671 4420 499.
1691 4381 1812 4430 Lege
1843 4380 1982 4421 etism
2014 4377 2062 4420 in
2085 4377 2189 4420 Vita
2210 4381 2253 4420 S.
2288 4377 2474 4420 vedasti
2505 4381 2628 4428 apud
2659 4382 2861 4429 Surium,
2890 4382 2989 4422 Vol.
3020 4381 3085 4426 11,

544 4440 590 4479 p.
637 4433 689 4471 49
712 4434 759 4472 et
779 4442 877 4482 seq,
1566 4446 1572 4450 ¹
