3347 4999
760 345 885 408 *190
1417 360 1495 406 ns
1530 360 1621 406 ss.
1660 357 1921 406 PLActno
1968 358 2044 404 ar
2091 356 2290 403 socus
2338 355 2452 402 uu.
2960 335 3173 402 01:12
3223 341 3258 402 ὃ

669 451 953 515 Romam
985 444 1069 513 ad
1110 444 1475 514 columnas
1507 458 1571 513 et
1602 442 1920 532 epistylia
1956 440 2248 512 emenda
2284 439 2794 512 transmitteret.
2832 441 3256 529 Designavit

667 536 869 604 etiam
924 555 1153 603 coram
1206 534 1526 621 Pompejo
1575 533 1764 613 cilio,
1820 533 1891 601 in
1950 553 2087 618 quo
2153 529 2299 599 loco
2362 529 2880 610 dormitorium,
2941 529 3253 599 refecto·

668 624 873 704 rium,
929 623 1250 709 coquina,
1287 621 1644 690 cellarium
1683 635 1747 690 et
1794 642 2036 690 omnes
2070 619 2462 688 monasterii
2500 616 2821 687 officinae
2857 633 3252 688 construe·

656 725 928 781 rentur.
984 712 1423 812 Congregatis
1457 710 1687 797 itaque
1726 708 2268 798 quampluribus
2317 706 2722 807 artificibus,
2767 706 3158 797 jactisque
3185 709 3250 776 in

667 801 912 870 Christi
963 822 1243 869 nomme
1292 797 1787 875 fundamentis,
1842 811 2155 886 coeptum
2207 819 2386 886 opus
2433 808 2744 865 certatim
2794 810 2865 864 et
2915 797 3094 865 sine
3154 797 3253 865 in-

668 889 1097 959 termissione
1148 888 1650 978 perficiebatur.
1693 887 1919 956 Primo
1971 907 2268 972 namque
2303 885 2395 953 ibi
2429 884 2739 964 domum,
2779 885 2848 952 in
2889 907 3050 972 qua
3091 885 3249 954 bea-

668 992 775 1049 tus
809 977 1127 1047 Placidus
1170 990 1489 1046 maneret,
1548 975 1852 1064 amplam
1897 976 2062 1044 satis
2113 985 2581 1043 extruxerunt.
2636 973 3081 1044 Messalinus
3131 998 3251 1044 au·

670 1080 800 1136 tem
854 1066 1156 1135 interdiu
1190 1067 1616 1155 aptissimam
1658 1064 2086 1133 mansionem
2139 1063 2336 1132 beato
2385 1062 2658 1131 Placido
2705 1065 3147 1153 assignavit,
3185 1065 3247 1132 in
3293 1121 3294 1124 ,

663 1177 801 1242 qua
850 1154 1061 1224 libere
1111 1168 1338 1244 posset
1385 1152 1574 1224 solus
1615 1152 1872 1234 sedere,
1920 1152 2142 1242 legere
2189 1165 2254 1221 et
2301 1173 2519 1222 orare.
2574 1151 2772 1221 Cibos
2839 1174 3024 1221 vero
3087 1154 3248 1221 affe·

664 1244 903 1313 rebant
950 1245 1009 1312 ei
1050 1257 1115 1313 et
1162 1244 1330 1324 suis,
1385 1243 1556 1312 servi
1598 1242 1810 1323 illius,
1848 1253 1913 1311 et
1961 1262 2201 1311 omnes
2248 1240 2456 1310 amici
2516 1241 2732 1328 patris
2789 1240 2985 1327 ejus.
3052 1242 3242 1312 Idem

666 1354 939 1420 quoque
987 1331 1393 1402 Messalinus
1462 1353 1622 1401 cum
1673 1330 1935 1400 familia
1987 1351 2111 1400 sua
2161 1341 2628 1416 sequestratus
2677 1329 2744 1397 in
2803 1329 2955 1398 alia
3036 1331 3244 1400 domo

663 1422 1004 1490 manebat.
1060 1422 1424 1510 Pompejus
1462 1431 1691 1488 autem
1730 1418 1942 1488 Cilius
1965 1419 2164 1508 juxta
2193 1417 2376 1505 quod
2428 1417 2557 1487 sibi
2602 1417 2844 1487 beatus
2897 1418 3240 1490 Placidus

671 1511 1143 1600 imperaverat,
1196 1510 1341 1577 vice
1380 1530 1505 1576 sua
1558 1508 1787 1596 posuit
1834 1531 1916 1577 su
2013 1529 2045 1575 r
2092 1520 2363 1598 portum
2416 1512 2764 1577 Messanae
2810 1507 3147 1578 civitatis
3169 1509 3241 1578 fi-

662 1599 833 1668 lium
886 1620 1089 1668 suum
1126 1599 1404 1668 nomine
1438 1597 1711 1666 Pillium
1750 1596 1911 1665 Vitel
1950 1597 2120 1676 ium,
2169 1596 2490 1683 juvenem
2551 1596 3232 1686 prudentissimum,

663 1688 999 1777 sapientia
1045 1701 1109 1755 et
1139 1687 1440 1756 bonitate
1491 1684 1703 1754 multa
1755 1685 2147 1774 pollentem.

755 1782 790 1864 ξ
838 1782 994 1849 ίθ.
1052 1777 1166 1845 Die
1213 1787 1439 1844 autem
1506 1774 1856 1863 trigesima
1918 1772 2270 1854 Metellus,
2325 1772 2514 1842 filius
2578 1773 2998 1856 Messalini,
3074 1796 3227 1843 eum

664 1866 878 1936 servis
927 1865 1098 1945 suiS,
1152 1863 1501 1950 simulque
1532 1884 1692 1932 cum
1731 1863 2139 1952 praepositis
2180 1876 2502 1952 portuum
2539 1875 2604 1930 et
2644 1863 3228 1946 procuratoribus

662 1955 955 2024 cortium
999 1967 1063 2022 et
1124 1950 1572 2021 multitudine
1629 1953 2011 2021 amicorum
2057 1950 2336 2020 Tertulli
2402 1951 2715 2040 patricii,
2782 1951 2869 2019 ad
2945 1952 3227 2021 beatum

666 2042 1020 2112 Placidum
1073 2041 1398 2122 veniens,
1546 2041 1825 2109 cuniam
1880 2039 2221 2109 infinitam
2265 2061 2497 2108 secum
2560 2037 2925 2120 deferam,
2991 2054 3228 2111 sancto

662 2131 934 2201 Domini
975 2128 1248 2199 Placido
1296 2129 1567 2199 obtuit.
1620 2134 1839 2212 Quam
1892 2129 2262 2218 accipiens,
2315 2127 2400 2197 ad
2502 2128 2752 2198 atriu-m
2806 2129 3064 2198 solum
3099 2181 3119 2211 ,
3169 2130 3226 2198 id

660 2232 810 2300 est,
857 2219 940 2288 ad
996 2221 1235 2288 urbem
1285 2224 1662 2288 Romanam
1714 2217 1997 2297 direxit,
2050 2239 2128 2286 ex
2178 2239 2314 2304 qua
2363 2239 2442 2286 co
2478 2239 2725 2286 umnas
2770 2229 2838 2284 et
2886 2218 3224 2308 epistylia

661 2309 874 2389 emit,
928 2329 1150 2395 quae,
1203 2329 1361 2376 cum
1414 2306 1482 2375 in
1538 2306 1840 2376 Siciliam
1903 2306 2167 2375 delatae
2233 2305 2572 2385 fuissent,
2626 2305 2836 2375 locari
2877 2307 3122 2396 jussit
3168 2311 3222 2375 in

659 2396 948 2465 ecclesia
989 2418 1195 2483 quam
1250 2409 1415 2464 tunc
1461 2396 1903 2465 construebat
1950 2396 2020 2463 in
2071 2396 2330 2465 honore
2362 2395 2582 2464 sancti
2633 2395 2991 2484 Baptistae
3021 2396 3227 2466 Joan-

662 2484 795 2553 nis.
850 2488 1013 2555 Cum
1054 2484 1301 2555 villicis
1349 2498 1577 2555 autem
1619 2497 1685 2554 et
1720 2485 2128 2575 praepositis
2179 2497 2498 2574 portuum
2545 2487 3226 2573 et-procuratoribus

662 2575 954 2643 cortium
1007 2574 1131 2644 diu
1179 2575 1618 2662 multumque
1664 2587 1767 2644 est
1815 2574 2131 2654 locutus;
2182 2586 2247 2642 et
2278 2575 2366 2643 ob
2411 2595 2620 2659 quam
2664 2594 2805 2641 rem
2851 2574 2948 2643 ad
2999 2591 3223 2665 partes

663 2663 819 2732 illas
860 2685 894 2731 a
932 2663 1369 2733 sanctissimo
1402 2664 1733 2753 magistro
1780 2684 1906 2732 suo
1939 2663 2302 2732 Benedicto
2333 2662 2635 2732 directus
2668 2660 2920 2731 fuisset
2957 2665 3220 2743 retulit,

657 2751 1245 2839 reddideruntque
1279 2751 1538 2842 singuli
1580 2751 1912 2821 rationem
1953 2751 2389 2821 villicationis
2437 2772 2604 2820 suae
2655 2749 2742 2820 de
2788 2752 3130 2823 cortibus
3172 2768 3226 2822 et

660 2843 998 2931 portubus
1047 2840 1327 2911 Tertulli
1379 2840 1647 2930 patricii
1702 2840 1915 2930 patris
1962 2841 2106 2922 sui,
2166 2862 2341 2926 quas
2402 2850 2780 2927 tenuerant.
2839 2845 3014 2910 Post
3067 2842 3224 2912 haee

656 2930 982 3001 omnibus
1032 2931 1099 2999 in
1151 2950 1520 3000 commune
1554 2930 1921 3018 praecepit,
1974 2942 2053 2999 ut
2098 2929 2245 3000 sine
2278 2928 2521 2997 fraude
2566 2940 2631 2997 et
2662 2928 2823 2997 dolo
2864 2929 3128 3018 aliquo
3170 2945 3226 3000 et

656 3018 915 3106 absque
962 3018 1269 3106 qualibet
1315 3017 1643 3088 dilatione
1675 3017 1979 3104 quotidie
2028 3017 2525 3107 impenderent,
2577 3017 2917 3104 quicquid
2979 3020 3121 3089 sibi
3168 3033 3226 3089 et

656 3107 803 3178 suis
851 3108 921 3175 in
972 3108 1150 3187 cibo,
1208 3119 1373 3197 potu
1420 3120 1626 3195 atque
1664 3107 1912 3176 vestitu
1947 3106 2046 3176 vel
2085 3107 2152 3174 in
2188 3106 2496 3176 coenobii
2537 3107 3072 3178 constructione
3109 3130 3222 3178 ne·

657 3195 1033 3264 cessarium
1082 3208 1279 3265 esset.
1336 3200 1490 3285 Ipse
1537 3207 1764 3265 autem
1816 3201 2009 3264 Pater
2057 3195 2577 3274 sanctissimuS,
2630 3216 2709 3263 ea
2756 3216 2948 3281 quae
2985 3219 3023 3266 a
3074 3219 3220 3266 ma·

656 3283 873 3373 gistro
921 3305 1048 3352 suo
1096 3283 1457 3353 Benedicto
1490 3284 1847 3365 didicerat,
1889 3284 2111 3354 modis
2141 3284 2469 3354 omnibus
2500 3283 2788 3372 implere
2823 3286 3210 3376 satagebat.

658 3370 1063 3461 Refulgebat
1110 3393 1275 3441 sane
1322 3372 1631 3442 doctrina
1686 3373 1955 3463 pietatis
2005 3373 2071 3441 in
2121 3394 2202 3442 eo
2231 3428 2246 3453 ‚
2301 3372 2860 3459 dilatabaturque
2932 3387 3216 3444 sauctae

656 3460 1197 3531 conversationis
1234 3461 1545 3530 doctrina
1579 3484 1823 3552 agrum
1859 3460 2147 3531 serendo
2167 3462 2499 3552 justitiae.
2549 3461 2737 3530 Unde
2772 3459 3046 3531 factum
3089 3476 3212 3542 est,

656 3562 734 3619 ut
784 3571 904 3639 per
962 3548 1235 3618 beatum
1289 3549 1641 3619 Placidum
1686 3571 1765 3619 ac
1813 3549 2196 3650 discipulos
2242 3550 2397 3638 ejus
2427 3605 2442 3632 ,
2499 3549 2713 3640 patris
2745 3551 3110 3621 Benedicti
3156 3564 3219 3621 et

657 3638 1084 3709 Cassinensis
1122 3637 1431 3707 coenobii
1468 3637 1854 3708 veneranda
1884 3638 2124 3730 religio
2159 3661 2277 3729 per
2316 3650 2529 3709 totum
2581 3637 2816 3708 orb'em
2861 3649 3217 3710 terrarum

653 3726 904 3796 diffusa
953 3727 1042 3796 sit
1087 3740 1152 3796 et
1198 3726 1573 3796 diffamata.
1612 3727 1800 3797 Idem
1843 3749 2000 3796 vero
2033 3741 2317 3797 sanctus
2361 3727 2626 3796 Domini
2661 3726 3022 3808 Placidus,
3064 3730 3219 3819 Spi-

655 3816 796 3885 ritu
829 3820 1076 3886 Sancto
1106 3815 1429 3906 repletus,
1470 3817 1618 3885 sine
1647 3816 2159 3886 intermissione
2186 3816 2564 3905 castigabat
2593 3828 2915 3885 sanctum
2951 3839 3220 3907 corpus

656 3926 890 3986 suum,
934 3917 999 3974 et
1034 3905 1101 3973 in
1137 3906 1528 3974 servitutem
1580 3926 1855 3975 omnem
1908 3905 2280 3995 redigebat,
2325 3917 2403 3975 ut
2450 3904 2784 3985 membra,
2826 3926 3018 3991 quae
3051 3920 3218 3977 sunt

654 4015 865 4084 super
914 4007 1187 4076 terram,
1245 3993 1708 4064 mortificaret.
1750 3999 1983 4064 Sermo
2025 4016 2179 4064 vero
2212 3995 2362 4064 e'us
2399 3992 2590 4062 aliud
2626 4014 2760 4061 non
2800 4006 2954 4061 erat
2994 4017 3216 4081 quam

655 4082 904 4151 mundi
935 4084 1146 4174 huJus
1193 4083 1478 4153 delicias
1513 4105 1859 4173 spernere,
1914 4105 2121 4153 onera
2169 4106 2246 4153 or
2298 4083 2356 4172 is
2398 4081 2807 4168 relinquere,
2846 4093 2924 4150 ut
2963 4088 3218 4155 Jesum

655 4171 999 4242 Christum
1038 4228 1053 4253 ‚
1109 4173 1222 4241 Dei
1274 4172 1521 4253 filium,
1579 4172 1788 4241 libere
1845 4183 2242 4259 sequeretur
2278 4227 2293 4254 ,
2349 4191 2741 4240 memorans
2787 4168 2966 4239 illud
3021 4173 3216 4259 quod

653 4261 990 4329 Dominus
1040 4261 1308 4331 locutus
1355 4275 1478 4341 est,
1534 4264 1685 4331 Nisi
1731 4263 1881 4351 quis
1941 4263 2441 4331 renunciaverit
2485 4260 2785 4329 omnibus
2831 4281 3018 4349 quae
3061 4284 3218 4352 pos-

652 4350 845 4430 sidet,
903 4373 1031 4419 non
1069 4361 1286 4441 potest
1331 4374 1517 4420 meus
1550 4373 1688 4420 esse
1736 4352 2107 4440 discipulus
2149 4349 2338 4440 (Luc.
2381 4371 2512 4431 xus,
2567 4348 2703 4438 43).
2757 4352 2832 4416 In
2887 4369 3219 4419 sermone

653 4450 882 4509 autem
926 4440 1075 4528 ejus
1104 4454 1361 4528 quanta
1409 4441 1732 4531 gravitaS,
1785 4453 2042 4527 quanta
2078 4438 2412 4510 modestia
2458 4451 2625 4521 erat,
2677 4458 3009 4508 enarrare
3056 4440 3220 4527 quis
