3347 4999
728 317 851 380 156
1496 333 1573 379 ns
1622 333 1678 379 s.
1733 331 2075 381 raANmsco
2122 332 2304 380 coar.
2902 313 3103 380 OCT.
3169 316 3205 378 4

633 417 815 503 quod
867 418 1123 504 aliquis
1157 418 1241 486 de
1288 416 1762 487 sacerdotibus
1809 418 2019 496 meis,
2074 439 2145 486 se
2188 416 2386 485 vellet
2425 417 2570 506 igni
2641 431 2919 506 propter
2972 415 3206 484 fidem

635 528 833 576 suam
870 505 1360 575 defensandam
1390 527 1755 596 exponere,
1795 506 1896 575 vel
1931 528 2151 595 genus
2184 506 2463 592 aliquod
2515 506 2750 575 subire
2782 505 3203 573 tormenti.»

632 593 904 664 Viderat
932 596 1113 664 enim
1167 595 1394 665 statim
1432 594 1803 681 quemdam
1838 594 1921 662 de
1958 595 2375 685 presbyteris
2405 593 2575 672 suis,
2614 595 2836 663 virum
2890 593 3208 662 authen-
3295 663 3296 670 χ

636 683 851 752 ticum
917 698 980 753 et
1028 684 1482 771 longaevum,
1538 683 1667 752 hoc
1731 683 1969 753 audito
2018 683 2223 753 verbo
2259 738 2274 762 ‚
2328 682 2415 753 de
2475 683 2620 753 suis
2685 683 3202 772 conspectibus

634 771 1011 862 aufugisse.
1066 771 1157 842 Ad
1199 793 1405 859 quem
1460 771 1572 840 Vir
1617 785 1938 840 sanctus:
1980 773 2106 840 «Si
2156 771 2327 841 mihi
2383 772 2548 840 velis
2604 771 3011 872 promittere
3066 794 3203 860 pro

633 874 696 930 te
742 875 806 929 et
857 862 1110 951 populo
1160 877 1299 942 tuo,
1351 859 1535 945 quod
1587 859 1671 929 ad
1708 860 1956 929 Christi
1988 860 2280 940 cultum,
2318 860 2374 929 si
2411 860 2569 950 igne
2610 859 2895 929 illaesus
2925 863 3199 938 exiero,

630 950 941 1031 veniatiS,
1001 953 1226 1038 ignem
1264 947 1455 1020 solus
1504 948 1824 1028 introibo;
1876 963 1941 1018 et
1988 950 2047 1019 si
2096 951 2502 1019 combustus
2538 948 2749 1028 suem,
2797 949 3205 1039 imputetur

632 1039 934 1127 peccatis
983 1041 1179 1118 meis;
1234 1038 1291 1108 si
1323 1052 1553 1107 autem
1604 1036 1840 1107 divina
1878 1059 1984 1106 me
2018 1038 2380 1126 protexerit
2405 1038 2645 1117 virtus,
2677 1037 3040 1108 Christum
3079 1039 3201 1107 Dei

631 1128 950 1196 virtutem
987 1140 1050 1196 et
1098 1127 1539 1217 sapientiam,
1592 1147 1833 1196 verum
1889 1131 2126 1205 Deum,
2179 1140 2241 1196 et
2291 1127 2699 1206 Dominum,
2756 1125 3198 1196 salvatorem

633 1217 943 1284 omnium
998 1216 1475 1306 agnoscatis.»
1528 1214 1909 1284 Sulthanus
1957 1228 2184 1284 autem
2236 1215 2580 1305 optionem
2637 1215 2814 1284 hanc
2865 1215 3201 1303 accipere

634 1326 705 1373 se
758 1326 889 1373 non
970 1304 1223 1374 audere
1273 1302 1670 1393 respondit,
1723 1304 1886 1390 quia
1954 1304 2356 1372 seditionem
2429 1303 2666 1404 populi
2729 1303 3196 1373 formidabat.

633 1392 894 1462 Obtulit
936 1405 1159 1462 tamen
1202 1394 1264 1463 ei
1300 1393 1516 1461 multa
1558 1414 1849 1462 munera
1879 1393 2199 1482 pretiosa,
2239 1413 2416 1480 quae
2467 1415 2569 1460 vir
2623 1393 2730 1460 Dei
2784 1413 2923 1461 non
2984 1415 3200 1461 mun-

634 1481 974 1551 danarum
1038 1503 1290 1560 rerum,
1339 1482 1455 1551 sed
1507 1481 1752 1551 salutis
1805 1481 2195 1550 animarum
2256 1481 2525 1560 avidus,
2582 1481 2836 1570 sprevit
2892 1483 3194 1557 omnia,

629 1571 830 1655 quasi
882 1571 1126 1639 lutum.
1179 1570 1557 1639 Sulthanus
1604 1584 1832 1639 autem
1887 1569 2125 1638 videns
2175 1570 2406 1638 Virum
2461 1582 2775 1639 sanctum
2831 1582 2977 1638 tam
3041 1593 3198 1659 per-

631 1658 882 1729 fectum
940 1679 1165 1728 rerum
1249 1657 1712 1727 mundialium
1764 1672 2345 1748 contemptorem,
2399 1657 2856 1727 admiratione
2911 1679 3198 1746 permo-

632 1759 768 1825 tus,
828 1748 1152 1835 nia‚'orem
1204 1768 1363 1837 erga
1416 1748 1643 1835 ipsum
1712 1746 2137 1816 devotionem
2202 1748 2540 1835 concepit.
2595 1752 2672 1816 Et
2716 1749 3059 1833 quamvis
3110 1749 3196 1816 ad

631 1835 839 1905 fidem
896 1841 937 1903 C
997 1836 1351 1904 ristianam
1387 1837 1677 1904 transire
1706 1835 1937 1913 nollet,
1977 1835 2077 1904 vel
2114 1835 2341 1904 forsan
2379 1857 2512 1904 non
2563 1835 2869 1912 auderet,
2914 1838 3198 1926 rogavit

634 1938 861 1993 tamen
901 1924 1135 1993 devote
1177 1924 1540 1994 Famulum
1591 1924 1864 2003 Christi,
1919 1937 1995 1994 ut
2046 1922 2390 2013 praedicta
2440 1925 2841 2013 susciperet,
2904 1946 3042 2013 pro
3095 1948 3199 1994 sa·

641 2011 779 2082 lute
830 2013 1096 2102 ipsius,
1143 2011 1548 2082 Christianis
1599 2013 2025 2102 pauperibus
2075 2013 2174 2082 vel
2231 2013 2541 2082 ecclesiis
2596 2014 2978 2101 eroganda.
3042 2018 3200 2103 Ipse

631 2122 810 2178 ver0,
864 2103 1027 2187 quia
1063 2100 1336 2191 pondus
1385 2101 1692 2191 fugiebat
1741 2102 2096 2191 pecuniae,
2141 2104 2300 2170 etin
2344 2102 2578 2170 animo
2627 2101 2947 2170 Sulthani
2995 2124 3199 2172 verae

632 2190 901 2279 pietatis
953 2211 1084 2260 non
1142 2188 1413 2259 videbat
1461 2190 1791 2268 radicem,
1829 2190 2227 2259 nullatenus
2274 2191 2638 2277 acquievit.
2683 2189 2942 2258 Videris
2977 2191 3199 2260 etiam

631 2300 703 2346 se
755 2300 886 2346 non
932 2278 1263 2367 proficere
1299 2279 1365 2346 in
1418 2279 1860 2350 conversione
1909 2280 2133 2369 gentis
2182 2278 2410 2359 illius,
2467 2300 2591 2348 nec
2639 2300 2843 2347 suum
2903 2281 3199 2367 assequi

632 2387 831 2458 posse
882 2366 1333 2455 propositum,
1370 2368 1454 2436 ad
1493 2382 1715 2456 partes
1763 2366 2099 2447 fidelium,
2139 2366 2372 2435 divina
2417 2367 2824 2436 revelatione
2865 2388 3196 2455 praemo-

632 2466 839 2534 nituS,
880 2454 1227 2526 remeavit.
1284 2456 1392 2526 Sic
1442 2457 1670 2544 itaque
1706 2456 1819 2526 Dei
1867 2456 2229 2527 ordinante
2262 2456 2649 2536 clementia,
2687 2468 2749 2526 et
2789 2458 3025 2526 sancti
3059 2458 3198 2528 Viri

630 2559 1062 2632 promerente
1110 2545 1380 2624 virtute,
1421 2544 1954 2615 misericorditer
1983 2560 2046 2615 et
2096 2545 2504 2615 mirabiliter
2537 2548 2789 2615 factum
2825 2557 2957 2626 est,
3002 2547 3198 2634 quod

630 2631 878 2702 Christi
916 2634 1190 2703 Amicus
1241 2646 1523 2703 mortem
1565 2655 1688 2725 pro
1728 2636 1878 2723 ipso
1912 2634 2175 2704 viribus
2215 2636 2371 2704 totis
2408 2636 2812 2721 exquireret,
2849 2647 2917 2702 et
2954 2649 3198 2705 tamen

630 2721 1031 2791 nullatenus
1065 2723 1434 2792 inveniret:
1490 2737 1565 2793 ut
1602 2736 1667 2792 et
1703 2722 1944 2793 merito
1992 2744 2124 2791 non
2163 2735 2424 2792 careret
2460 2723 2669 2812 optati
2717 2726 3081 2811 martyrii,
3140 2741 3202 2794 et

628 2810 1118 2900 insigniendus
1150 2824 1537 2880 servaretur
1585 2812 1651 2880 in
1738 2824 2039 2882 osterum
2095 2811 2451 2902 privilegio
2485 2810 2850 2901 singulari.
2909 2813 3030 2882 Sic
3068 2815 3200 2884 uti-

625 2920 761 2985 que
802 2898 1054 2970 factum
1106 2913 1230 2979 est,
1285 2911 1361 2970 ut
1410 2900 1591 2990 ignis
1631 2900 1676 2969 il
1712 2922 1748 2969 e
1780 2901 2058 2969 divinus
2091 2900 2319 2969 adhuc
2373 2900 2738 2989 perfectius
2787 2900 3026 2988 ipsius
3086 2925 3199 2971 ae·

622 3001 882 3059 stuaret
917 2990 985 3058 in
1044 2988 1272 3069 corde,
1328 3002 1405 3059 ut
1465 3004 1615 3077 post
1655 2989 2003 3078 potentius
2049 3000 2447 3079 evaporaret
2514 2989 2579 3057 in
2632 3008 2862 3057 carne.
2930 2994 2985 3059 Ο
3042 3013 3199 3061 vere

586 3076 902 3167 ‚beatum
941 3079 1202 3158 Virum,
1255 3078 1464 3166 cujus
1510 3099 1669 3147 caro
1703 3078 1829 3147 etsi
1865 3078 2223 3168 tyrannico
2269 3076 2447 3147 ferro
2498 3099 2628 3147 non
2681 3076 3028 3158 caeditur,
3087 3103 3197 3150 oc-

627 3165 754 3234 cisi
795 3178 1021 3233 tamen
1078 3166 1241 3256 agni
1304 3165 1763 3236 similitudine
1813 3188 1947 3237 non
2001 3166 2344 3257 privatur!
2382 3169 2456 3246 Ο,
2514 3167 2826 3253 inquam,
2880 3189 3050 3237 vere
3119 3192 3197 3238 ac

629 3252 826 3340 plene
876 3253 1180 3335 beatum,
1233 3255 1435 3345 cujus
1481 3255 1785 3324 animam
1846 3255 1971 3325 etsi
2014 3255 2289 3345 gladius
2330 3255 2786 3345 persecutoris
2837 3274 2982 3325 non
3035 3258 3197 3329 abs·

628 3339 807 3419 tulit,
852 3342 1151 3430 palmam
1198 3356 1422 3412 tamen
1461 3344 1771 3432 martyrii
1822 3365 1958 3415 non
2009 3345 2239 3413 amisit
2277 3348 2288 3411 l

1316 3540 1406 3604 Dc
1451 3538 1673 3606 studio
1722 3548 1784 3606 et
1823 3541 2070 3607 virtute
2119 3542 2478 3608 Orationis.

712 3698 943 3781 ξθὸ.
1002 3695 1314 3766 Sentiens
1348 3695 1594 3765 Christi
1646 3701 1894 3767 Servus
1932 3699 2360 3785 FranciscuS,
2414 3721 2532 3769 cor
2584 3721 2697 3769 ore
2747 3721 2818 3769 se
2871 3704 3189 3792 peregri·

625 3805 791 3852 num
835 3806 875 3853 a
924 3783 1235 3865 Domino,
1281 3806 1441 3855 cum
1491 3785 1637 3875 jam
1699 3786 1781 3855 ad
1836 3800 2105 3857 terrena
2153 3786 2319 3857 soris
2358 3788 2501 3859 desi
2556 3789 2698 3858 eria
2749 3810 2870 3878 per
2927 3791 3188 3861 Christi

624 3871 1023 3941 charitatem
1070 3885 1251 3943 totus
1289 3886 1466 3944 esset
1508 3875 1935 3944 insensibilis
1983 3873 2228 3960 factuS,
2284 3899 2369 3946 ne
2403 3877 2572 3947 foret
2618 3877 2883 3964 absque
2930 3899 3190 3949 conso-

626 3960 879 4031 latione
919 3960 1176 4042 Dilecti,
1216 3962 1363 4032 sine
1392 3963 1904 4033 intermissione
1932 3986 2162 4045 orans,
2196 3966 2516 4055 spiritum
2558 3971 2690 4035 Deo
2719 3966 3190 4039 contendebat

625 4049 945 4120 exhibere
981 4064 1431 4140 praesentem.
1490 4056 1647 4121 Erat
1700 4052 1980 4138 quidem
2032 4055 2249 4124 oratio
2303 4054 2799 4144 contemplanti
2850 4053 3186 4126 solatium

623 4138 792 4207 dum
828 4160 1283 4228 supernarum
1337 4140 1634 4210 circuitu
1686 4141 2154 4224 mansionum,
2210 4143 2622 4234 Angelorum
2685 4144 2993 4214 concivis
3031 4144 3185 4233 jam

622 4225 870 4303 factus,
929 4226 1211 4297 ferventi
1270 4227 1611 4298 desiderio
1667 4229 2040 4317 quaerebat
2088 4231 2446 4312 Dilectum,
2519 4254 2558 4301 a
2648 4254 2736 4302 uo
2791 4232 2985 4304 solus
3018 4254 3185 4303 eum

624 4316 855 4386 carnis
903 4316 1130 4405 paries
1169 4316 1632 4407 disjungebat.
1687 4323 1846 4388 Erat
1890 4332 1955 4388 et
2001 4341 2040 4388 o
2094 4321 2314 4390 eranti
2364 4320 2590 4411 praesi
2648 4321 2832 4399 ium,
2880 4319 3051 4390 dum
3112 4324 3182 4391 in

623 4403 971 4484 omnibus,
1026 4426 1201 4492 quae
1237 4405 1505 4495 agebat,
1560 4405 1644 4476 de
1700 4429 1825 4478 sua
1871 4341 2193 4478 diffidens
2236 4408 2606 4488 industria,
2649 4422 2712 4478 et
2752 4407 2836 4478 de
2870 4408 3222 4500 superna‘
