3347 4999
844 389 970 452 388
1390 406 1467 451 DE
1517 406 1570 451 s.
1626 405 1999 452 nnaannno
2049 406 2299 451 nanum.
2354 405 2453 451 ΕΡ.
2968 385 3148 451 OCT.
3203 387 3268 449 ll

754 513 911 565 vero
950 491 1359 579 Episcopum
1400 490 1612 577 jussit
1644 513 1762 580 per
1795 490 2156 559 fenestram
2201 489 2450 560 domus
2484 488 2942 579 praecipitari,
2976 502 3043 557 et
3074 488 3122 557 li
3179 504 3272 557 ato

754 580 838 650 ad
881 579 1133 648 collum
1184 579 1332 668 ejus
1382 602 1542 649 saxo
1593 580 1657 647 in
1714 593 1991 668 puteum
2044 579 2373 668 demergi,
2432 591 2496 647 et
2550 600 2760 668 super
2821 600 2980 648 eum
3034 601 3121 647 ru
3173 600 3273 647 era

754 667 1101 739 cumulari
1146 668 1202 735 ⁴.
1256 668 1534 737 Effluxis
1585 691 1739 738 vero
1788 667 2271 757 septemdecim
2336 667 2604 748 diebus,
2643 666 2921 754 quidam
2984 689 3066 736 ex
3138 689 3273 757 pre-

753 757 1050 845 sbyteris
1096 758 1244 844 ejus
1292 758 1570 826 nomine
1617 758 1942 837 Asterius,
1999 778 2156 826 cum
2204 755 2385 826 clero
2436 769 2639 825 noctu
2690 756 2992 836 venienS,
3046 755 3275 825 levavit

751 869 1006 935 corpus
1057 845 1235 915 beati
1285 845 1647 935 Episcopi,
1701 869 1780 915 ac
1829 846 2138 935 sepelivit
2194 845 2262 912 in
2330 845 2735 914 coemeterio
2783 844 3142 934 Calepodii
3187 846 3276 913 via

751 934 1023 1005 Aurelia
1074 934 1293 1024 pridie
1332 934 1496 1005 Idus
1543 935 1876 1005 Octobris.
1914 939 2070 1003 Post
2117 934 2264 1002 dies
2314 955 2467 1004 vero
2499 956 2613 1003 sex
2661 935 2874 1004 tenuit
2907 933 3276 1003 Alexander

753 1025 1089 1092 Asterium
1145 1023 1644 1112 presbyterum,
1684 1045 1887 1111 quem
1941 1023 2284 1113 praecepit
2326 1044 2445 1112 per
2495 1038 2765 1113 pontem
2820 1022 3268 1113 praecipitari.

756 1113 964 1199 Cujus
997 1135 1249 1201 corpus
1297 1113 1650 1181 inventum
1704 1126 1804 1181 est
1855 1112 1918 1178 in
1956 1112 2213 1192 Hostia,
2249 1124 2314 1181 et
2351 1134 2390 1180 a
2430 1112 2846 1198 quibusdam
2880 1111 3275 1181 Christianis

754 1194 1102 1291 sepult'um
1157 1201 1224 1269 in
1264 1199 1499 1269 eadem
1551 1200 1819 1270 civitate
1868 1200 2210 1270 Hostiensi
2240 1200 2754 1287 quartodecimo
2795 1199 3141 1271 Calendas
3167 1207 3274 1270 No·

751 1290 1053 1359 vembris
1103 1289 1170 1357 in
1219 1312 1381 1379 pace
1430 1303 1757 1379 regnante
1808 1289 2093 1358 Domino
2146 1304 2374 1359 nostro
2419 1290 2593 1359 Jesu
2643 1289 2930 1372 Christo,
2971 1291 3100 1377 qui
3138 1290 3276 1359 vivit

751 1390 816 1447 et
865 1390 1103 1469 regnat
1135 1385 1310 1448 Deus
1351 1400 1470 1469 per
1516 1378 1749 1448 omnia
1784 1377 2017 1449 secula
2049 1378 2463 1459 seculorum,
2509 1383 2745 1448 Amen.

1897 1721 2145 1798 VITA

1075 1928 1154 2025 S.
1227 1926 1822 2027 BURCHARDl
1914 1928 2064 2026 ΕΡ.
2143 1927 2963 2027 HERBlPOLENSlS

754 2169 833 2215 ur
883 2168 945 2215 nv
993 2166 1266 2223 Annono
1328 2166 1467 2213 mss.
1520 2167 1874 2214 exemptam
1941 2168 2271 2223 naamon,
2324 2167 2490 2224 ouon
2539 2168 2697 2215 rau
2745 2167 3120 2215 viu-usura
3164 2169 3281 2213 An-

841 2271 1005 2330 ouor
1053 2274 1227 2321 Locis
1274 2274 1411 2320 Lam
1460 2274 1563 2321 le
1614 2274 1857 2320 rormr.
1898 2274 2141 2321 Aucron
2187 2274 2320 2337 asr,
2360 2275 2622 2321 namsi
2670 2274 2868 2321 conssx
2914 2274 3147 2323 nom
3177 2274 3284 2322 Nox

841 2381 1084 2443 ultum,
1139 2380 1591 2438 mummium,
1645 2380 1981 2427 nominans
2029 2380 2318 2429 commun
2367 2382 2424 2428 s.
2478 2377 2835 2428 nuncnanm
2884 2381 3100 2429 raom:
3149 2383 3284 2428 nfin-

840 2485 1089 2534 mrouu
1117 2464 1207 2548 *ἢ
1247 2486 1435 2534 resur
1467 2486 1842 2534 Tmrrnmno
1882 2487 2120 2533 Annua
2168 2487 2622 2549 srANnnuENffl,
2661 2486 2727 2535 m
2775 2486 2961 2536 meno
3001 2488 3090 2536 οε
3142 2488 3286 2535 runs

840 2591 1243 2641 musrmnus
1293 2594 1395 2640 sm
1443 2593 1721 2640 oannvls.

1321 2769 1584 2825 claruit
1625 2771 1858 2825 seculo
1900 2769 2070 2825 vm
2109 2799 2188 2812 -—
2230 2771 2383 2828 Nat.
2426 2772 2711 2839 Angtus.

842 2976 1196 3040 PnoLocus.
1236 2967 1602 3039 Salvatoris
1638 2967 1879 3036 mundi
1911 2970 2152 3059 gratia,
2185 2970 2299 3056 qui
2333 2991 2506 3056 quos
2549 2969 3038 3058 praedestinat,
3083 2985 3300 3044 vocat.

749 3070 816 3129 et
848 3081 1022 3146 quos
1073 3069 1287 3139 vocat,
1326 3057 1683 3145 justificat,
1740 3057 1943 3126 verbo
2006 3058 2112 3128 sui
2162 3058 2533 3148 Evangelii,
2589 3059 2768 3146 quod
2825 3059 2892 3127 in
2947 3072 3097 3131 toto
3151 3063 3301 3131 orbe

751 3146 1292 3239 praedicandum
1360 3147 1787 3234 promiserat,
1845 3146 2116 3215 tandem
2168 3148 2237 3214 in
2297 3147 2685 3216 insularum
2749 3170 3072 3231 numero,
3135 3171 3301 3239 quae

752 3258 875 3326 per
925 3235 1423 3304 incredulitatis
1472 3257 1770 3305 errorem
1823 3235 1946 3304 diu
1981 3235 2248 3305 fuerant
2296 3236 2498 3359 longe
2543 3259 2582 3305 a
2624 3237 2866 3317 salute,
2915 3259 3042 3325 per
3100 3239 3301 3308 indu-

753 3324 993 3393 striam
1044 3324 1149 3394 sui
1203 3323 1424 3394 fidelis
1473 3324 1969 3424 dispensatoris
2003 3323 2307 3415 Gregorii
2340 3325 2409 3360 ⁴*
2461 3380 2475 3405 ‚
2530 3325 2734 3394 etiam
2777 3325 3111 3416 Angliam
3173 3329 3301 3398 sru-

751 3411 1058 3481 ctiferam
1112 3425 1386 3494 terram,
1443 3413 1727 3482 senunis
1778 3413 2110 3482 Dominici
2160 3435 2481 3502 capacem
2533 3413 2805 3496 factam,
2853 3436 2972 3505 per
3017 3418 3301 3486 univer-

752 3523 867 3570 sae
918 3500 1341 3570 Christianae
1398 3501 1753 3591 religionis
1792 3516 2184 3592 augmenta,
2239 3503 2385 3574 suis
2434 3502 2830 3572 doctoribus
2877 3520 3300 3595 cooperante

754 3589 1015 3680 Spiritu
1066 3594 1333 3670 Sancto,
1388 3589 1521 3660 sibi
1575 3590 1730 3660 fecit
1777 3612 1924 3659 esse
1974 3592 2457 3680 propinquam.
2522 3591 2810 3662 Multum
2874 3591 3049 3662 inde
3109 3596 3301 3686 repli-

748 3701 909 3749 care
959 3700 1093 3747 non
1146 3678 1563 3769 indigemus,
1612 3691 1845 3767 utpote
1885 3679 2065 3767 quod
2113 3681 2179 3748 in
2232 3681 2449 3751 Gestis
2499 3681 2870 3771 Anglorum
2929 3681 3301 3754 abundari·

752 3768 1016 3839 tissime
1062 3767 1405 3857 digestum
1457 3790 1589 3835 non
1643 3769 2067 3857 ignoramus.
2134 3775 2273 3838 Non
2317 3783 2542 3838 tamen
2590 3770 2801 3839 otiose
2852 3786 3301 3860 praetereun-

747 3856 943 3936 dum,
999 3857 1212 3926 immo
1242 3879 1362 3945 pro
1402 3857 1646 3926 Christi
1676 3879 1908 3926 amore
1957 3872 2089 3927 toto
2122 3858 2348 3928 cordis
2379 3859 2701 3929 acumine
2750 3859 3301 3947 speculandum.

745 3946 1043 4034 qualiter
1072 3969 1108 4014 a
1152 3945 1315 4015 solis
1363 3959 1516 4014 ortu
1550 3969 1770 4034 usque
1801 3946 1883 4016 ad
1933 3969 2281 4028 occasum,
2318 3947 2414 4017 sul
2472 3970 2554 4015 ur
2592 3945 2988 4037 Evangelici
3026 3952 3301 4042 jhbaris

750 4057 1023 4126 parenS,
1082 4034 1345 4106 insulas
1375 4034 1700 4104 occiduas
1727 4035 2189 4117 illustraverit,
2229 4049 2305 4106 ut
2337 3971 2685 4107 radiorum
2723 4059 3018 4108 suorum
3072 4042 3301 4132 splen<

748 4123 1037 4193 doribus
1086 4125 1287 4193 etiam
1344 4136 1728 4194 nostrarum
1783 4126 2079 4211 partium
2143 4126 2510 4215 caligines,
2559 4126 2766 4195 solem
2811 4125 3165 4215 justitiae
3219 4133 3301 4199 nel

750 4213 1092 4293 tincando,
1148 4213 1505 4304 fugaverit,
1545 4214 1712 4285 dum
1767 4215 1987 4284 Scotia
2016 4216 2366 4300 quondam
2407 4215 2631 4296 bruta,
2687 4237 2874 4284 nunc
2917 4216 2998 4287 in
3040 4219 3301 4308 Christ-t

804 4412 829 4438 *
852 4414 980 4449 Anno
1000 4408 1290 4457 probabilius
1310 4413 1402 4456 222,
1420 4411 1495 4451 dio
1517 4420 1583 4450 xit
1606 4411 1824 4454 octobris.
1843 4416 1896 4451 ut
1919 4412 2214 4450 Bollawtistcu
2231 4413 2435 4452 censent.

804 4465 859 4491 Ψ*
883 4461 1171 4509 Germanice,
1195 4466 1492 4513 Wnrezboury,
1509 4466 1560 4503 in
1579 4466 1802 4504 Bavarlae
1823 4475 1978 4510 regno.

802 4518 885 4546 *Ψ*
907 4515 1157 4567 Gregorius
1180 4519 1200 4558 Ι
1220 4520 1422 4569 Mami-ce.
1442 4515 1622 4559 Colitur
1642 4517 1716 4559 die
1738 4520 1786 4559 12
1807 4519 1978 4559 martit.
1999 4519 2113 4560 Vide
2135 4520 2323 4567 Surium,
2343 4519 2442 4560 Vol.
2464 4520 2546 4565 111,
2565 4528 2664 4569 pag.
2692 4521 2782 4566 121,
2806 4519 2901 4562 etc.
