3347 4999
710 334 790 397 ⁶l8
1452 351 1528 396 DE
1578 352 1632 397 s.
1690 351 1945 398 nautam
1993 348 2282 398 Arioniae.
2377 386 2384 393 .
2881 333 3054 400 OCT.
3113 330 3150 397 l

617 433 878 500 nemini
919 432 1046 501 hoc
1102 430 1469 510 indicaret,
1509 430 1623 499 sed
1681 432 1970 513 diceret,
2029 431 2348 524 dominae
2385 428 2565 501 ‘suae
2611 433 2977 505 ministris,
3022 433 3155 501 im-

616 533 955 610 petratum
1024 520 1255 589 vinum
1328 519 1740 598 sehabere,
1798 520 1982 589 uude
2033 521 2422 590 ministrare
2474 520 3155 591 valerentsSanctus

614 631 768 678 vero
810 610 1078 679 Domini
1116 609 1383 677 rediens
1417 608 1499 676 ad
1538 608 1906 698 praefatam
1946 610 2304 678 sobrinam·
2337 632 2559 691 suam,
2606 609 2999 700 consolatus
3045 622 3153 679 est

611 720 758 768 eam
795 753 809 776 ,
864 698 1141 766 dicens:
1197 720 1231 762 «
1285 696 1476 776 Filia,
1532 697 1671 765 noli
1722 698 2146 778 contristari,
2205 697 2320 767 sed
2370 722 2566 789 spera
2615 701 2685 767 in
2733 702 3028 778 Domino,
3057 710 3150 767 :et

609 790 721 876 fac
768 789 1146 865 bonitatem,
1189 796 1249 854 et
1296 787 1588 875 pasceris
1624 788 1692 854 in
1726 787 1982 855 diviciis
2022 788 2164 877 ejus
2195 786 2477 875 (Psalm.
2518 793 2600 856 36
2640 840 2652 853 .
2696 788 3150 882 Habesinunc

610 877 891 945 vinum:
949 875 1280 945 laetemur
1343 889 1407 944 et
1468 874 1853 944 exultemus
1926 876 1993 943 in
2067 876 2375 946 Domino.
2430 881 2574 958 Quo
2673 875 3145 945 sactum‘cum

609 965 755 1055 ipsa
808 979 871 1034 et
921 964 1235 1032 homines
1283 986 1432 1050 eJus
1482 985 1600 1053 per
1647 963 2004 1033 cellarium
2057 965 2559 1054 cognovissent,
2613 967 2799 1050 quia,
2848 979 2920 1034 ut
2968 965 3145 1033 scri-

610 1066 801 1144 ptum
855 1066 978 1133 est,
1033 1074 1238 1142 opera
1292 1053 1554 1121 Domini
1609 1074 1888 1121 narrare
1938 1053 2395 1122 honorificum
2447 1066 2569 1131 est,
2624 1054 2794 1123 dixit
2840 1053 2924 1121 ad
2977 1074 3140 1122 eum

609 1142 888 1211 sobrina
937 1164 1095 1212 sua:
1151 1146 1342 1211 Nunc
1406 1142 1690 1230 cognovi
1729 1196 1744 1222 ,
1800 1154 2030 1211 sancte
2082 1156 2292 1230 pater,
2347 1142 2788 1229 quia-divina
2840 1142 3144 1231 inspira-

608 1232 792 1301 tione
841 1231 920 1300 ad
977 1231 1153 1299 hanc
1203 1228 1485 1298 domum
1541 1230 1742 1299 hodie
1792 1242 1852 1298 te
1903 1231 2174 1299 vocavi:
2233 1244 2587 1321 propterea
2635 1231 2718 1299 de
2784 1231 2911 1300 hac
2979 1229 3145 1298 villa

498 1344 505 1349 ·
610 1331 672 1389 te
720 1333 784 1395 et
829 1318 1211 1388 ecclesiam·
1243 1332 1423 1387 tuam
1482 1334 1807 1407 perpetuo
1859 1318 2215 1388 haeredem
2275 1341 2424 1390 esse
2472 1320 2743 1389 faciam.
2819 1325 2893 1388 Et
2936 1341 3137 1408 prae-

611 1409 987 1478 sentialiter
1025 1409 1245 1497 ipsam
1292 1406 1519 1476 villam
1564 1408 1646 1475 ad
1701 1407 2152 1478 Rhemensem
2190 1408 2560 1477 Ecclesiam
2608 1409 2908 1487 tradidit,
2948 1420 3012 1475 et
3043 1407 3144 1475 ei-

609 1497 762 1567 dem
798 1509 1033 1567 sancto
1070 1495 1368 1584 praesuli
1404 1495 1562 1565 inde
1592 1497 1897 1565 chartam
1934 1509 1999 1565 et
2034 1497 2426 1567 vestituram
2456 1497 2840 1566 secundum
2880 1519 3135 1565 morem

611 1586 894 1676 legalem
948 1585 1137 1654 fecit.·
1509 1636 1515 1643 .
1761 1632 1762 1635 ,

698 1678 733 1761 ἓ
769 1678 913 1763 2122
968 1674 1139 1757 Quia
1190 1672 1475 1765 humani
1520 1673 1790 1763 generis
1825 1672 2259 1743 adversarius
2301 1695 2434 1742 non
2477 1673 2742 1744 desistit
2784 1675 3139 1745 ostendere

610 1762 916 1833 nocendo
951 1761 1399 1850 malignitatis
1434 1781 1615 1853 suae*
1636 1762 2031 1852 potentiam,
2073 1763 2500 1832 immissione
2533 1784 2658 1832 sua
2693 1766 3142 1853 surgentibus

608 1852 836 1922 subito
883 1854 1321 1920 flammarum
1361 1850 1606 1940 globis,
1647 1852 1824 1919 hanc
1872 1850 2208 1920 civitatem
2241 1852 2342 1939 (a)
2380 1851 2795 1921 Rhemorum
2851 1872 3137 1922 succen-

609 1940 729 2009 dit.
784 1946 861 2009 Et
911 1940 1126 2007 nimia
1177 1940 1547 2008 vastatione
1595 1940 1854 2018 oborta,
1900 1938 2040 2025 jam
2098 1953 2353 2027 partem
2408 1939 2544 2009 fere
2586 1941 2847 2009 tertiam
2888 1942 3144 2031 favillis

607 2029 1018 2107 extantibuS,
1072 2028 1531 2097 concrematio
1574 2041 1845 2117 peracta
1876 2041 2417 2117 consumpserat,
2462 2043 2526 2097 et
2557 2029 2737 2115 quod
2777 2030 3134 2099 residuum

607 2131 772 2198 erat,
830 2117 1065 2185 victrix
1116 2118 1395 2185 flamma
1445 2116 1810 2187 lambebat.
1866 2114 2072 2204 Cujus
2128 2118 2221 2184 rei
2280 2120 2580 2186 nuncius
2629 2140 2786 2185 cum
2838 2119 2919 2186 ad
2976 2120 3133 2187 bea-

609 2207 854 2276 tissimi
893 2206 1184 2294 Remigii
1226 2205 1550 2274 antistitis
1592 2205 2008 2294 pervenisset
2042 2204 2382 2285 auditum,
2424 2205 2606 2275 illico
2637 2205 2719 2273 ad
2757 2208 3131 2275 orationem

608 2296 676 2363 in
732 2296 1016 2365 basilica
1063 2294 1237 2363 beati
1290 2294 1539 2364 Nicasii
1588 2294 1782 2364 urbis
1832 2294 2038 2382 hujus
2092 2293 2431 2383 pontilicis
2476 2307 2541 2363 et
2593 2296 2907 2382 martyris
2941 2301 3131 2380 (nam

607 2385 702 2454 ibi
755 2397 915 2452 tunc
967 2383 1390 2470 morabatur)
1437 2405 1509 2451 se
1558 2383 1958 2472 prostravit:
2011 2395 2075 2451 et
2122 2404 2416 2473 surgens
2474 2384 2559 2451 ab
2609 2385 2948 2465 oratione,
3018 2408 3133 2454 su-

608 2473 908 2564 spiciens
936 2468 1024 2542 'in'
1066 2471 1369 2553 coelum,
1425 2472 1763 2562 ingemuit
1807 2484 1870 2540 et
1918 2471 2126 2541 dixit:
2184 2476 2381 2553 DeuS,
2425 2477 2598 2542 Deus
2640 2494 2859 2553 meus,
2897 2472 3131 2562 adesto

604 2563 751 2631 voci
797 2584 1005 2631 meae.
1062 2567 1155 2630 Et·
1186 2561 1450 2631 concito
1499 2584 1713 2632 cursu
1764 2583 1882 2660 per
1928 2561 2209 2651 graduS,
2264 2573 2419 2631 ante
2467 2563 2686 2652 ipsam
2738 2563 3126 2654 ecclesiam,

609 2651 815 2741 petris
864 2650 1308 2739 compositos,
1340 2672 1679 2739 egressuS,
1717 2649 2054 2720 civitatem
2109 2650 2322 2736 petiit.
2374 2655 2451 2719 In
2488 2652 2743 2737 quibus
2780 2652 3009 2741 petris,
3050 2674 3130 2719 ac

604 2741 661 2810 si
712 2737 921 2831 super
970 2738 1468 2832 molle-lutum,
1524 2738 1855 2827 impressa
1907 2737 2053 2827 ejus
2101 2735 2377 2808 fu'erunt
2427 2739 2728 2828 vestigia,
2781 2762 2957 2826 quae
3007 2741 3131 2808 ho-

603 2827 991 2916 diequejibi
1041 2828 1125 2895 ad
1180 2826 1577 2895 memoriam
1629 2826 1844 2895 divini
1899 2826 2215 2896 miraculi
2263 2827 2847 2897 demonstrantur.
2904 2835 2980 2898 Et
3028 2829 3134 2898 sic

603 2918 800 2987 celeri
860 2917 1223 2986 velocitate·
1255 2915 1609 3008 cucurrit,
1664 2927 1866 3002 atque
1916 2938 1988 2984 se
2036 2916 2179 3005 igni
2228 2917 2572 3005 opposuit.
2628 2917 3003 3006 Statimque
3052 2931 3131 2986 ut

602 3021 871 3076 extensa
925 3006 1159 3084 dextra
1208 3017 1441 3096 contra
1486 3004 1721 3094 ignem
1756 3058 1770 3085 ,
1825 3026 1981 3072 cum
2037 3003 2460 3096 invocatione
2522 3004 2765 3073 Christi
2829 3006 3129 3074 nominis

602 3095 877 3184 signum
931 3108 1204 3163 sanctae
1253 3093 1488 3162 Crucis
1536 3093 1714 3172 fecit,
1773 3103 1984 3160 totum
2037 3092 2204 3161 illud
2261 3092 2686 3170 incendium,
2736 3094 2916 3163 velut
2955 3117 3128 3180 quo-

601 3183 757 3251 dam
815 3196 1003 3251 reatu
1051 3179 1345 3270 cognito,
1404 3181 1711 3251 fractaet
1749 3181 2024 3250 concisa
2064 3195 2265 3268 atque
2299 3181 2365 3249 in
2406 3201 2560 3270 sese
2604 3182 2802 3253 relisa
2853 3184 3124 3262 virtute,

599 3271 821 3360 coepit
868 3284 1022 3338 ante
1071 3270 1193 3338 viri
1249 3270 1361 3338 Dei
1413 3270 1863 3359 praesentiam
1903 3269 2157 3360 fugere.
2205 3269 2395 3353 Quod
2432 3270 2531 3339 vir
2577 3271 2684 3338 Dei
2717 3293 2987 3361 semper
3018 3272 3127 3339 in*-

599 3360 1035 3447 sequebatur‚
1086 3371 1149 3429 et
1199 3358 1374 3427 inter
1420 3359 1672 3449 ignem,
1726 3371 1791 3428 et
1836 3381 1915 3426 ea
1946 3379 2119 3445 quae
2146 3359 2372 3429 adhuc
2402 3371 2595 3428 erant
2630 3358 2924 3438 residua,
2963 3381 3126 3428 cum

599 3449 799 3537 signo
848 3461 1122 3518 sanctae
1169 3447 1397 3516 crucis
1445 3461 1508 3516 et
1558 3447 1985 3517 invocatione
2035 3448 2278 3517 Christi
2319 3469 2389 3519 se
2421 3449 2832 3536 opponebat.
2880 3448 3130 3533 Sicque

599 3537 1303 3607 totumssssammarum
1348 3535 1653 3625 globum,
1700 3548 1855 3605 ante
1890 3558 1962 3606 se
2001 3534 2397 3626 fugientem,
2441 3558 2558 3625 per
2593 3542 2928 3606 Patentem
2967 3559 3129 3624 por-

599 3639 732 3695 tam
782 3625 913 3714 (sic
954 3627 1136 3692 enim
1191 3637 1352 3692 tunc
1404 3626 1728 3713 temporis
1777 3625 2167 3704 vocabatur,
2221 3624 2381 3710 quia
2421 3626 2631 3714 portis
2663 3625 2816 3694 aliis
2866 3625 3125 3694 clausis

594 3714 680 3784 ob
730 3715 1027 3783 civitatis,
1069 3713 1477 3792 custodiam,
1544 3735 1666 3801 pro
1714 3714 2107 3782 exeuntium
2158 3725 2222 3780 et
2270 3713 2763 3782 introeuntium
2814 3735 3124 3782 commo-

588 3803 802 3873 ditate
853 3802 1087 3871 indie
1136 3801 1452 3898 patebat)
1500 3802 1731 3870 divina
1794 3801 2094 3891 potentia
2142 3800 2447 3891 expulit,
2500 3813 2564 3871 et
2611 3801 2745 3871 alia
2796 3805 2984 3891 porta
3034 3801 3122 3869 ad

645 3983 710 4036 (ο)
740 3979 1012 4026 limenorum
1040 3980 1221 4027 civitas.
1249 3979 1428 4026 Rhemi,
1456 3979 1621 4036 gallice
1648 3983 1811 4027 Raima,
1839 3982 1962 4031 apud
1989 3983 2084 4021 Jul.
2106 3983 2236 4021 Caes.
2257 3982 2314 4022 dc
2334 3981 2466 4022 Bello
2486 3982 2604 4022 Gall.
2625 3983 2979 4026 Durocortorum,
3000 3983 3124 4030 apud

592 4039 711 4076 altos
740 4037 1060 4080 Doroctorum,
1090 4038 1301 4083 Belgicae
1331 4038 1354 4076 2
1399 4036 1691 4084 (Campaniae
1720 4033 1930 4083 gallicae)
1965 4037 2128 4084 caput,
2162 4037 2339 4075 tantam
2375 4033 2636 4075 studiorum
2671 4037 2841 4075 samam
2871 4039 2971 4076 erat
3018 4036 3122 4090 ade·

591 4093 673 4139 pta
718 4093 770 4130 ut
814 4089 946 4129 illam
966 4123 971 4128 .
988 4090 1230 4130 Cornelius
1272 4090 1458 4130 Fronto‘
1484 4089 1685 4129 Athenis
1728 4098 1996 4138 comparare
2035 4100 2128 4128 non
2165 4089 2464 4128 dubitaverit.
2507 4089 2666 4128 Fidem
2705 4091 2894 4128 ineunte
2935 4098 2960 4126 v
3002 4099 3126 4128 saec.

593 4145 829 4194 accepisse
859 4141 1045 4190 dicitur.
1073 4154 1123 4183 ae
1154 4145 1201 4182 in
1231 4141 1525 4191 Metropolim
1555 4143 1707 4182 evasit
1734 4145 1834 4182 tum
1865 4144 2052 4182 civilem
2084 4145 2183 4181 tum
2205 4143 2570 4182 ecclesiasticam
2591 4154 2614 4182 e
2637 4144 2895 4182 Galliarum
2923 4139 3123 4181 maxime

591 4195 870 4246 conspicuis.
892 4197 1043 4245 Hujus
1071 4198 1352 4245 archiepisc.
1383 4195 1595 4247 Tilpinua
1626 4193 1725 4248 sive
1755 4198 1992 4244 'rut-pinus
2023 4193 2224 4235 illustris
2253 4196 2491 4235 nincmari
2521 4197 2741 4236 decessor
2767 4196 2954 4236 sacculo
2980 4205 3075 4240 viii,
3096 4206 3125 4235 a

593 4252 944 4300 carolo-Magno
974 4249 1138 4290 multis
1166 4251 1368 4289 donatus
1397 4261 1480 4298 pro
1510 4251 1720 4302 Ecclesia
1748 4260 1836 4290 aua.
1871 4251 2132 4305 fnriyiiogita
2163 4250 2267 4294 suit,
2297 4260 2352 4288 ac
2385 4260 2410 4289 a
2443 4251 2571 4289 Rom.
2594 4248 2761 4289 Pontis.
2781 4250 2999 4290 Primatis
3018 4249 3124 4289 Bel-

593 4302 720 4352 gicae
750 4307 787 4344 2.
817 4304 954 4344 titulo
976 4306 1022 4342 et
1042 4302 1323 4343 auctoritate
1344 4304 1602 4344 decoratus.
1627 4305 1941 4343 conciliorum
1965 4304 2097 4342 aedes
2119 4302 2276 4342 extitit
2294 4305 2398 4342 octo
2418 4304 2606 4342 circiter
2626 4313 2768 4351 supra
2789 4304 2998 4350 triginta,
3020 4304 3122 4349 qui·

582 4358 682 4397 -bus
711 4359 786 4397 vel
815 4359 1003 4408 ipsimet
1022 4358 1197 4397 Summi
1218 4358 1464 4399 Pontifices
1486 4359 1558 4396 vel
1578 4367 1740 4397 corum
1763 4355 1923 4406 Legati
1945 4358 2261 4405 praefuerunt.
2282 4355 2706 4396 celebratissimum
2729 4357 2845 4396 hanc
2867 4355 3125 4397 Ecclesiam

580 4409 837 4466 ‹reddidero
866 4413 911 4451 S.
931 4411 1184 4460 Remigius,
1205 4413 1251 4450 et
1272 4409 1558 4459 baptismum
1580 4421 1663 4459 per
1683 4411 1780 4459 huj.
1802 4408 1948 4450 sancti
1972 4411 2186 4459 Episcopi
2207 4420 2373 4450 manus
2394 4421 2420 4450 a
2441 4411 2670 4450 clodoveo
2690 4412 2813 4460 Rege
2834 4412 3128 4459 susceptum,

576 4475 685 4514 ‘quo
715 4465 803 4506 toti
821 4465 1103 4507 Francorum
1127 4461 1279 4511 Genti,
1300 4463 1593 4506 Christianae
1611 4463 1869 4514 Religionis
1891 4465 2064 4503 veritas
2085 4463 2256 4503 illuxit.
2557 4473 2560 4476 ¹
2609 4473 2614 4478 ·

2409 4583 2418 4588 ·
2507 4569 2529 4616 N
