3347 4999
293 346 465 409 OCT.
522 342 593 406 34
969 359 1045 402 na
1094 357 1149 401 s,
1191 356 1579 402 wotrefflco
1620 355 1720 400 se.
1759 354 2173 401 RATtsPONEN.
2626 337 2754 402 769

293 443 760 521 daemoniaca,
800 463 927 511 suo
971 463 1156 511 more
1202 439 1663 518 debacchanS,
1701 438 1764 508 ei
1801 460 1873 509 se
1906 439 2254 528 opposuit.
2290 445 2369 507 At
2402 437 2518 508 ille
2544 438 2842 508 ‘Domino

291 534 669 612 confidens,
725 545 1075 616 tamquam
1123 549 1581 618 percussurus
1628 548 1808 606 eam,
1862 526 2225 597 brachium
2278 527 2603 606 extendit,
2657 526 2839 597 clam

292 623 563 692 interim
600 620 860 700 dicem,
901 618 1043 700 Exi,
1099 617 1542 704 nequissime.
1583 621 1755 697 Mox,
1796 629 1868 686 ut
1907 615 2136 686 fassus
2168 628 2270 684 est
2306 615 2442 696 ille,
2485 616 2604 702 qui
2641 616 2832 698 vidit,

294 709 741 781 intolerabilis
769 708 986 777 extitit
1033 706 1267 787 foetor,
1319 717 1385 775 et
1420 704 1670 774 mulier
1716 704 2073 774 confestim
2114 703 2394 774 liberata
2447 704 2718 785 cecidit,
2773 715 2840 776 et

293 805 427 870 Deo
473 798 730 889 gratias
785 796 945 886 egit.
1000 800 1206 865 Porro
1272 806 1554 864 sanctus
1602 794 1985 884 Episcopus
2030 814 2351 884 egressus
2397 791 2614 872 foras,
2668 792 2844 863 dixit

299 887 676 959 ministris:
737 909 764 949 ι
797 884 1147 954 Feminam
1187 885 1366 952 hanc
1413 883 1938 971 quamprimum
1987 904 2024 950 e
2065 882 2327 972 templo
2381 881 2693 962 educite,
2746 896 2837 963 et,

294 977 351 1049 si
388 977 567 1055 velit,
620 975 854 1043 cibum
906 974 967 1042 ei
1008 972 1345 1063 praebete,
1386 971 1778 1060 pariterque
1810 970 2040 1052 dicite,
2088 992 2171 1039 ne
2203 971 2291 1040 sit
2336 992 2507 1040 ausa
2560 969 2844 1059 posthac

293 1065 380 1135 ad
443 1086 568 1134 nos
618 1061 732 1132 tali
781 1084 863 1131 ex
908 1083 1118 1131 causa
1187 1060 1530 1131 accedere.
1573 1082 1610 1126 »
1658 1064 1806 1142 Qua
1877 1081 1948 1129 re
1992 1060 2162 1130 satis
2233 1058 2349 1128 ille
2396 1058 2836 1139 declarabat,

289 1168 712 1242 quantopere
749 1171 1024 1220 omnem
1061 1150 1335 1219 inanem
1379 1148 1669 1240 gloriam
1720 1147 2121 1229 declinaret,
2179 1147 2445 1218 malens
2494 1147 2842 1217 interdum

340 1241 665 1342 uamdam
723 1259 885 1330 prae
939 1262 1012 1309 se
1073 1238 1248 1308 ferre
1305 1237 1770 1329 asperitatem,
1825 1259 2034 1326 quam
2088 1258 2162 1308 se
2216 1236 2618 1307 hominibus
2682 1257 2845 1305 ven-

345 1344 537 1399 ttare.
2576 1353 2600 1386 t·

378 1421 416 1505 ξ
462 1422 619 1490 84.
695 1421 828 1486 Nec
886 1415 1016 1486 hoc
1072 1415 1649 1507 praetereundum
1713 1427 2086 1505 putamus,
2138 1413 2321 1501 quod
2395 1416 2545 1504 ejus
2592 1413 2845 1483 accidit

290 1505 753 1586 vicedominO,
792 1505 993 1591 cujus
1033 1528 1245 1662 supra
1277 1526 1551 1592 quoque
1585 1503 2058 1573 meminimus,
2105 1503 2476 1592 Praecipua
2514 1501 2627 1570 ille
2660 1502 2840 1572 beati

293 1596 421 1664 viri
471 1593 935 1663 familiaritate
974 1594 1121 1663 frue
1174 1607 1351 1675 atur,
1406 1612 1628 1680 neque
1677 1591 1747 1661 id
1798 1593 2165 1672 immeritO,
2206 1593 2467 1682 quippe
2512 1592 2631 1678 qui
2679 1613 2843 1660 cum

297 1683 512 1753 multo
562 1683 719 1751 fidei
760 1682 1065 1771 profectu
1112 1683 1177 1751 ei
1225 1704 1296 1752 se
1329 1681 1820 1769 obsequiosum
1876 1681 2246 1771 praeberet.
2297 1685 2462 1749 Cum
2514 1700 2678 1771 ergo
2728 1678 2844 1749 ille

288 1786 466 1841 esset
514 1773 581 1840 in
618 1773 791 1841 urbe
838 1771 1137 1858 quadam
1191 1772 1444 1840 aestivo
1495 1784 1823 1859 tempore,
1880 1769 2180 1839 tonitrua
2237 1781 2300 1837 et
2349 1767 2625 1869 fulgura
2675 1769 2842 1838 exti-

291 1874 517 1930 terunt
549 1861 918 1931 intantum.
958 1874 1031 1929 ut
1079 1861 1280 1928 etiam
1336 1861 1482 1948 ipse
1532 1858 1774 1929 beatus
1807 1859 2189 1948 Episcopus
2241 1870 2305 1926 et
2352 1879 2666 1944 quicum
2721 1855 2840 1926 illo

289 1961 505 2028 erant,
548 1963 799 2018 terrore
844 1949 1090 2027 affecti,
1154 1947 1370 2017 multo
1432 1946 1756 2036 precandi
1819 1946 2052 2016 studio
2104 1967 2254 2016 sese
2301 1947 2838 2015 communirent.

292 2043 556 2106 Interea
610 2037 951 2107 saeviente
1010 2039 1090 2104 ea
1150 2047 1570 2127 tempestate,
1612 2048 1748 2105 tam
1802 2035 2131 2105 immanis
2205 2033 2490 2122 quidam
2544 2033 2845 2124 fulguris

291 2139 469 2195 ictus
509 2125 840 2207 insonuit,
881 2138 953 2195 ut
995 2125 1170 2213 ejuS,
1215 2127 1284 2193 in
1345 2146 1484 2212 quo
1541 2137 1759 2204 erant,
1796 2123 2132 2193 domicilii
2172 2144 2417 2192 murus
2456 2144 2709 2212 magna
2757 2144 2838 2193 ex

294 2228 482 2315 parte
514 2214 963 2283 scinderetur.
1003 2216 1092 2283 Ea
1131 2236 1200 2283 re
1231 2212 1400 2282 adeo
1432 2213 1869 2282 exanimatus
1898 2225 2001 2282 est
2033 2210 2544 2291 vicedominus,
2580 2225 2678 2292 ut,
2716 2212 2840 2299 qui

293 2303 431 2372 illic
480 2303 786 2383 aderant,
829 2325 988 2372 eum
1039 2316 1159 2371 aut
1193 2316 1543 2371 mortuum
1585 2314 1927 2391 putarent,
1988 2312 2109 2370 aut
2160 2299 2344 2370 illico
2397 2301 2836 2370 moriturum.

289 2391 565 2460 Praesul
617 2406 844 2461 autem
880 2391 1308 2480 apprehensa
1363 2412 1576 2459 manu
1607 2390 1783 2478 ejus,
1835 2391 2046 2458 erexit
2092 2410 2278 2469 eum,
2326 2387 2713 2460 admonens
2759 2400 2839 2459 ut

288 2479 578 2550 viriliter
609 2494 860 2569 ageret,
913 2493 979 2549 et
1007 2478 1506 2549 confortaretur
1552 2478 1619 2548 in
1679 2479 1988 2561 Domino,
2044 2492 2248 2567 atque
2298 2477 2389 2547 ita
2430 2477 2839 2549 semivivum

291 2570 589 2638 restituit
651 2591 923 2639 sanum.
978 2574 1044 2638 Is
1090 2570 1240 2658 ipse
1310 2568 1796 2638 Vicedominus
1856 2582 2083 2659 postea
2162 2567 2585 2638 serenissimi
2635 2568 2841 2657 Regis

289 2659 559 2726 Henrici
612 2661 844 2748 opera,
899 2655 1120 2726 factus
1149 2671 1250 2726 est
1285 2657 1895 2747 magdeburgensis
1941 2656 2540 2746 Arcbiepiscopus.

373 2748 411 2833 ξ
458 2751 615 2819 85.
690 2751 766 2815 In
819 2746 1301 2816 Rubilocensis
1360 2744 1704 2816 Ecclesiae
1753 2745 2093 2815 territorio
2159 2743 2443 2831 quidam
2502 2743 2837 2814 diuturno

287 2850 561 2904 vexatus
599 2835 857 2913 morbo,
905 2836 1167 2925 integro
1207 2834 1342 2905 fere
1376 2857 1558 2904 anno
1606 2835 1841 2904 cibum
1892 2854 2168 2903 omnem
2221 2831 2575 2911 fastidivit,
2628 2832 2721 2900 ita
2761 2846 2838 2902 ut

283 2923 606 2993 alimenta
644 2924 850 2994 saluti
895 2923 1315 3013 reparandae
1347 2922 1792 2993 accommoda
1824 2922 2171 3011 percipere
2208 2942 2340 2990 non
2377 2933 2628 3011 posset.
2661 2920 2841 2991 Misit

286 3013 499 3100 igitur
530 3014 860 3083 nuncium
914 3014 998 3082 ad
1053 3013 1322 3082 beatum
1371 3012 1877 3101 wolfgangum,
1919 3024 2156 3099 petens
2203 3007 2454 3079 obnixe
2486 3009 2574 3078 ab
2621 3030 2703 3078 eo
2740 3031 2841 3078 re.-

287 3100 590 3170 medium
642 3100 924 3189 aliquod
992 3102 1122 3170 sibi
1175 3099 1514 3170 adhiberi.
1571 3099 1695 3168 Sed
1751 3099 1852 3167 vir
1920 3099 2031 3167 Dei
2079 3098 2368 3167 omnino
2441 3099 2832 3180 recusavit,

283 3188 521 3258 dicens
570 3212 640 3258 se
690 3189 890 3291 longe
928 3190 1188 3259 meritis
1237 3188 1656 3267 inferiorem,
1709 3207 1918 3273 quam
1968 3200 2044 3257 ut
2109 3186 2239 3256 tale
2287 3185 2549 3274 aliquid
2604 3187 2838 3276 ’possit

283 3273 573 3343 efficere.
630 3282 908 3347 Interim
947 3279 1115 3346 dum
1168 3290 1235 3345 et
1283 3275 1685 3366 popularem
1725 3274 1869 3345 vult
1917 3277 2126 3344 vitare
2165 3296 2435 3356 auram,
2489 3288 2554 3344 et
2610 3275 2838 3344 bomi-

288 3383 439 3429 nem
483 3363 814 3449 adjuvare
862 3366 1076 3455 cupit,
1132 3377 1480 3451 tamquam
1537 3385 1659 3454 pro
1707 3364 1866 3433 aliis
1917 3364 2149 3434 causis
2194 3365 2389 3433 offert
2438 3365 2681 3433 Missae
2728 3386 2838 3434 sa-

206 3515 209 3518 ,
282 3450 674 3530 orificium,
727 3467 793 3522 et
843 3475 963 3542 per
1033 3452 1301 3522 fidelem
1359 3453 1833 3543 presbyterum
1899 3467 2174 3543 aegroto
2228 3452 2329 3522 illi
2401 3453 2832 3523 Dominicum

283 3559 541 3628 corpus
593 3542 1013 3610 transmittit.
1045 3546 1191 3623 Quo
1232 3540 1346 3610 ille
1398 3555 1738 3632 percepto,
1776 3542 2128 3632 paulisper
2157 3541 2542 3612 obdormit:
2579 3541 2834 3610 deinde

280 3626 512 3696 cibum
575 3643 951 3717 potumque
999 3651 1157 3699 cum
1210 3630 1608 3719 accepisset,
1664 3652 1907 3699 rursus
1955 3652 2200 3700 somno
2246 3630 2642 3719 corripitur:
2706 3630 2837 3699 sic-

278 3737 415 3803 que
467 3728 533 3784 et
584 3718 831 3786 mentis
877 3730 941 3786 et
992 3719 1300 3807 corporis
1364 3723 1758 3810 recuperata
1803 3719 2113 3800 sanitate,
2168 3720 2426 3809 gratias
2471 3718 2615 3809 agit
2672 3722 2829 3799 Deo,

280 3828 360 3874 ac
400 3804 728 3895 deinceps
777 3806 1145 3877 incolumis
1196 3822 1568 3896 permanet.
1608 3808 1734 3877 Hic
1767 3809 1821 3876 si
1858 3829 1983 3897 ego
2017 3828 2561 3877 commemorare
2595 3804 2828 3886 velim,

276 3916 482 3981 quam
538 3894 762 3975 multi,
814 3896 1069 3982 quibus
1109 3896 1226 3967 ille
1250 3918 1532 3966 manum
1571 3896 1924 3986 imposuit,
1975 3896 2236 3983 quique
2269 3894 2706 3965 benedictum
2744 3894 2832 3964 ab

277 4005 357 4052 eo
409 4004 654 4071 panem
706 3998 1094 4073 gustarunt,
1134 4007 1171 4053 a
1223 3986 1482 4054 morbis
1522 3985 1742 4054 curati
1792 3985 1953 4065 sint,
2003 3985 2305 4054 taedium
2366 3983 2677 4054 fortassis
2736 3982 2828 4052 le-

278 4073 446 4141 ctori
500 4071 837 4142 allaturus
885 4074 1040 4142 sim.
1089 4074 1179 4142 lis
1227 4075 1440 4163 igitur
1485 4074 1804 4155 omissis,
1857 4073 1940 4142 ad
1989 4074 2144 4161 ejus
2192 4096 2229 4143 e
2283 4073 2419 4142 vita
2465 4093 2823 4143 excessum

279 4170 734 4229 transeamus.
2396 4168 2401 4173 ’

366 4249 613 4333 ἓῧθ.
669 4250 889 4340 Igitur
952 4263 1104 4340 post
1153 4251 1363 4320 multa
1435 4251 1706 4342 pietatis
1767 4263 1832 4319 et
1880 4250 2205 4338 justitiae.
2262 4271 2515 4339 opera,
2568 4248 2827 4335 quibus

277 4338 413 4435 Deo
445 4337 712 4425 placere
758 4339 1232 4419 contendebat,
1292 4353 1358 4423 et
1414 4363 1608 4409 suam
1652 4338 2040 4430 gubernare
2090 4338 2490 4420 Ecclesiam,
2546 4360 2825 4407 venera·

277 4422 441 4492 bilis
492 4428 760 4514 praesul
805 4429 1217 4517 Ratisponae
1268 4450 1578 4510 manens,
1621 4450 1848 4499 rerum
1902 4429 2302 4500 necessitate
2355 4439 2697 4518 poscente,
2735 4425 2822 4496 ad

439 4545 678 4603 Sul-ius
704 4576 728 4589 ·
767 4545 933 4607 Vitae
961 4542 1065 4607 SS.
1095 4576 1123 4590 -
1148 4544 1284 4607 Vol.
1315 4545 1388 4607 X.
2590 4542 2665 4603 49
