3347 4999
208 353 379 421 OCT.
436 355 518 418 <12
964 373 1042 419 na
1091 373 1145 420 s.
1191 371 1504 418 WILFRIDO
1554 371 1753 419 Eptsc.
1809 373 1992 420 anon.
2537 357 2664 421 357

210 456 648 559 praedicabat
696 456 795 525 eis
843 456 1213 534 Christum,
1257 469 1320 525 et
1371 456 1587 524 multa
1643 477 1879 525 eorum
1936 456 2152 524 millia
2198 457 2405 528 verbo
2454 458 2756 527 veritatis

206 546 601 625 instituenS,
639 567 680 614 a
714 558 1147 634 peccatorum
1185 566 1468 615 suorum
1505 544 1828 615 sordibus
1876 545 2059 614 fonte
2093 544 2458 615 Salvatoris
2507 547 2750 617 abluit.

207 641 283 704 Et
314 635 496 722 quod
531 634 966 724 postmodum
1010 632 1459 710 Wilbrordus,
1503 632 2117 703 reverendissimus
2144 634 2392 703 Christi
2429 636 2750 725 pontifex,

205 725 276 792 in
310 745 564 813 magna
599 723 957 791 devotione
994 722 1383 810 complevit,
1423 723 1569 811 ipse
1620 723 1887 811 primus
1922 722 2019 790 ibi
2054 744 2092 791 o
2148 744 2230 790 us
2264 723 2754 813 Evangelicum

206 814 448 903 coepit.
488 812 589 881 Ibi
639 832 801 901 ergo
853 812 1143 879 hiemem
1208 833 1367 880 cum
1422 832 1593 879 nova
1662 810 1773 880 Dei
1848 809 2044 900 plebe
2118 811 2378 879 eliciter
2424 813 2704 900 exigens
2736 867 2751 893 ,

207 902 305 970 sic
359 901 660 986 denique
710 906 993 969 Romam
1047 899 1364 967 veniendi
1418 900 1543 968 iter
1591 900 1883 988 repetiit.
1945 900 2068 968 Ubi
2128 911 2491 989 postquam
2542 922 2758 970 causa

206 991 354 1080 ejus
404 988 725 1057 ventilata
765 1001 889 1069 est,
931 1001 1287 1079 praesente
1334 988 1684 1078 Agathone
1736 994 1940 1077 Papa,
1997 1001 2061 1056 et
2112 987 2432 1077 pluribus
2481 989 2758 1079 Episco-

208 1080 334 1168 pis,
369 1079 854 1148 universorum
882 1077 1151 1168 judicio
1182 1077 1440 1163 absque
1480 1078 1774 1146 crimine
1823 1088 2186 1147 accusatus
2227 1076 2462 1160 fuisse,
2501 1091 2566 1146 et
2596 1077 2756 1167 Epi-

209 1180 495 1257 scopatu
533 1188 683 1235 esse
731 1167 1010 1254 dignuS,
1067 1166 1385 1234 inventus
1447 1178 1571 1235 est.
1625 1171 1773 1249 Quo
1822 1167 1889 1233 in
1945 1177 2271 1256 tempore,
2343 1166 2522 1235 idem
2577 1172 2761 1255 Papa

210 1256 468 1345 Agatho
518 1277 676 1323 cum
714 1255 1055 1345 synodum
1087 1267 1533 1345 congregaret
1582 1260 1838 1324 Rornae
1882 1266 2157 1323 centum
2205 1255 2760 1344 vigintiquinque

210 1346 707 1435 Episcoporum
778 1344 1107 1413 adversus
1167 1365 1282 1413 eos
1344 1344 1462 1430 qui
1513 1365 1724 1412 unam
1796 1344 1863 1410 in
1921 1344 2206 1413 Domino
2258 1343 2599 1412 Salvatore
2648 1366 2760 1413 vo-

206 1433 545 1503 luntatem
615 1444 819 1518 atque
892 1432 1357 1522 operationem
1432 1431 1989 1522 dogmatizabant
2045 1432 2103 1509 ⁴⁸,
2162 1433 2386 1500 vocari
2433 1432 2642 1519 jussit
2695 1444 2762 1503 et

208 1522 647 1603 Wilfridum,
715 1534 921 1607 atque
972 1522 1177 1595 inter,
1216 1520 1590 1609 Episcopos
1665 1521 2149 1590 consedentem
2183 1576 2198 1602 ,
2271 1520 2499 1589 dicere
2549 1521 2758 1590 fidem

209 1632 430 1690 suam,
474 1609 683 1679 simul
720 1623 784 1679 et
821 1610 1211 1699 provinciae
1254 1610 1393 1678 sive
1441 1609 1736 1690 insulae,
1789 1610 1873 1678 de
1910 1631 2046 1695 qua
2097 1622 2393 1678 venerat.
2450 1614 2759 1695 Cumque

206 1699 593 1769 catholicus
628 1698 763 1766 fide
795 1720 953 1768 cum
1008 1699 1154 1766 suis
1187 1711 1361 1768 esset
1396 1698 1741 1778 inventuS,
1798 1699 2058 1787 placuit
2094 1698 2222 1767 hoc
2273 1699 2450 1766 inter
2496 1711 2761 1767 caetera

202 1788 516 1876 ejusdem
550 1787 792 1873 synodi
826 1787 1036 1877 gestis
1068 1788 1304 1870 inseri;
1344 1787 1819 1877 scriptumque
1848 1798 1949 1855 est
1974 1786 2103 1856 hoc
2139 1786 2341 1856 modo
2369 1810 2383 1853 ε
2417 1788 2761 1875 Wilfm'dus

204 1883 333 1946 Deo
385 1877 710 1946 amabilis
767 1878 1131 1967 Episcopus
1176 1877 1605 1945 Eboracensis
1665 1878 1982 1953 civitatis,
2031 1878 2480 1967 Apostolicam
2525 1877 2761 1945 Sedem

206 1967 284 2035 de
321 1989 458 2035 sua
491 1987 699 2033 causa
747 1968 1125 2055 appellans,
1165 1976 1226 2033 et
1283 1965 1364 2033 ab
1414 1966 1540 2033 hac
1583 1975 1911 2055 potestate
1963 1966 2044 2033 de
2105 1967 2302 2033 certis
2361 1966 2762 2054 incertisque

203 2056 394 2124 rebus
451 2055 819 2133 absolutus,
878 2064 940 2122 et
979 2076 1129 2122 cum
1162 2055 1325 2122 aliis
1358 2064 1619 2121 centum
1673 2054 2219 2144 vigintiquinque
2258 2054 2658 2143 coepiscopis
2694 2055 2761 2122 in

205 2144 461 2233 synodo
508 2145 579 2210 in
602 2143 861 2232 judicii
886 2144 1039 2211 sede
1088 2144 1504 2222 constitutus,
1542 2164 1668 2233 pro
1717 2144 1901 2210 omni
1934 2144 2341 2232 Aquilonari
2364 2152 2560 2232 parte
2615 2144 2761 2210 Bri·

210 2235 492 2301 tanniae
532 2242 594 2299 et
639 2232 997 2300 Hiberniae
1043 2232 1307 2310 insulis,
1346 2253 1519 2321 quae
1567 2232 1648 2298 ab
1687 2234 2060 2320 Anytorum
2106 2240 2168 2300 et
2205 2233 2572 2301 Britonum‚
2609 2253 2764 2299 nec-

203 2345 331 2389 mm
371 2330 444 2389 et
481 2322 825 2389 Scotorum
875 2330 938 2388 et
987 2321 1321 2388 Pictorum
1353 2321 1660 2409 qentibus
1694 2322 2100 2399 incoluntur,
2153 2342 2386 2388 veram
2424 2330 2486 2388 et
2536 2320 2764 2388 catho-

208 2411 405 2478 licam
458 2409 658 2498 fidem
698 2411 1026 2497 confessus
1073 2418 1190 2489 est,
1245 2419 1305 2477 et
1356 2431 1505 2476 cum
1551 2408 2030 2498 subscriptione
2075 2431 2201 2477 sua
2251 2409 2721 2477 corroboravit.

290 2502 327 2587 ξ
374 2504 476 2569 D.
550 2503 704 2566 Post
756 2497 921 2566 haec
991 2519 1302 2566 reversus
1352 2498 1418 2565 in
1472 2496 1892 2566 Britanniam
1924 2553 1938 2576 ,
1995 2497 2419 2587 provinciam
2481 2502 2759 2567 Austra-

214 2586 378 2656 lium
441 2591 786 2655 Saxonum
837 2588 924 2657 ab
967 2584 1393 2655 idololatriae
1434 2587 1684 2656 ritibus
1731 2586 1816 2655 ad
1853 2586 2057 2655 fidem
2112 2586 2357 2656 Christi
2401 2587 2758 2655 convertit.

207 2679 451 2745 vectae
483 2696 757 2762 quoque
805 2674 1073 2744 insulae
1108 2674 1292 2743 verbi
1330 2675 1683 2745 ministros
1712 2676 2101 2756 destinavit,
2147 2688 2211 2745 et
2245 2674 2551 2744 secundo
2577 2695 2764 2742 anno

206 2763 522 2843 Aldfridi,
558 2765 676 2850 qui
728 2776 881 2853 post
929 2762 1324 2853 Ecgfridum
1379 2764 1709 2854 regnavit.
1766 2764 1993 2834 sedem
2035 2785 2230 2833 suam
2279 2776 2343 2834 et
2396 2764 2762 2853 Episcopa-

206 2864 375 2934 tum,
429 2853 580 2941 ipso
618 2858 797 2943 Rege
849 2852 1198 2933 invitante,
1240 2853 1515 2941 recepit.
1575 2853 1699 2922 Sed
1742 2867 1891 2954 post
1924 2854 2234 2939 quinque
2273 2874 2493 2921 annos
2527 2851 2759 2920 denuo

207 2954 601 3019 accusatus,
642 2941 729 3009 ab
767 2941 1002 3009 eodem
1042 2941 1192 3029 ipso
1227 2946 1430 3031 Rege,
1468 2954 1533 3011 et
1574 2942 1898 3030 plurimis
1938 2942 2320 3031 EpiscopiS,
2358 2940 2764 3030 praesulatu

207 3032 462 3117 pulsus
510 3042 632 3098 est.
682 3031 1106 3115 veniensque
1156 3035 1468 3111 Romam,
1500 3052 1660 3099 cum
1715 3030 2192 3119 praesentibus
2239 3029 2761 3099 accusatoribus

208 3120 553 3210 acciperet
602 3118 828 3187 locum
866 3140 937 3187 se
987 3118 1423 3189 defendendi.
1461 3118 1998 3188 consedentibus
2033 3118 2390 3208 Episcopis
2433 3118 2760 3207 pluribus

210 3230 366 3275 cum
441 3206 826 3296 Apostolico
876 3212 1057 3295 Papa
1104 3207 1365 3276 Joanne
1396 3208 1485 3282 *⁴2
1551 3208 1862 3276 omnium
1907 3206 2176 3297 judicio
2227 3206 2588 3297 probatum
2626 3220 2751 3286 est,

208 3308 643 3368 accusatores
674 3296 825 3385 ejus
876 3295 1208 3364 nonnulla
1245 3297 1313 3364 in
1355 3308 1543 3385 parte
1569 3295 1779 3365 salsas
1827 3309 2061 3364 contra
2098 3316 2255 3365 eum
2290 3317 2441 3365 esse
2494 3294 2760 3364 machi-

213 3398 408 3454 natos
457 3381 872 3464 calumnias;
926 3385 1401 3473 scriptumque
1453 3397 1554 3453 est
1600 3407 1639 3453 a
1694 3383 1993 3473 praefato
2039 3389 2217 3473 Papa
2277 3384 2583 3474 Regibus
2630 3388 2763 3452 An-

209 3473 478 3558 glorum
548 3472 879 3543 Edelredo
930 3486 995 3543 et
1041 3472 1369 3552 Aldl’rido,
1423 3485 1499 3543 ut
1545 3495 1702 3542 eum
1751 3474 1815 3541 in
1855 3474 2339 3563 Episcopatum
2394 3495 2628 3551 suum,
2680 3493 2762 3541 eo

206 3563 387 3646 quod
439 3561 699 3648 injuste
768 3561 973 3632 fuerit
1032 3562 1556 3642 condemnatuS‚
1623 3561 1921 3631 facerent
1984 3563 2217 3651 recipi.
2284 3562 2466 3631 Juvit
2527 3576 2759 3638 autem

207 3671 486 3720 causam
531 3649 986 3720 absolutionis
1034 3652 1208 3740 ejus,
1273 3649 1469 3720 lectio
1517 3650 1764 3740 synodi
1817 3651 2050 3720 beatae
2113 3651 2483 3720 memoriae
2531 3655 2757 3739 Papae

210 3739 606 3829 Agathonis,
646 3761 822 3826 quae
871 3739 1247 3827 quondam,
1303 3740 1455 3830 ipso
1494 3751 1861 3828 ,praesente
1911 3742 1977 3808 in
2035 3740 2234 3820 Urbe,
2289 3751 2493 3825 atque
2526 3738 2595 3807 in
2646 3759 2762 3807 eo-

209 3825 362 3895 dem
407 3827 702 3897 concilio
745 3828 921 3898 inter
949 3829 1321 3929 Episcopos
1364 3828 1727 3908 residente,
1769 3841 1846 3897 ut
1892 3828 2389 3919 praediximus,
2443 3839 2593 3896 acta
2628 3839 2754 3896 est.

210 3918 375 3984 Cum
427 3938 591 4018 ergo
638 3919 850 3986 causa
919 3937 1022 3987 exi
1076 3929 1252 3998 ente,
1325 3917 1633 4006 synodus
1695 3917 1934 3986 eadem
1997 3938 2228 3986 coram
2283 3915 2635 3985 nobilibus
2695 3926 2762 3985 et

209 4000 593 4097 frequentia
643 4006 907 4098 populi,
956 4007 1035 4092 ju
1089 4018 1241 4075 ente
1289 4005 1675 4095 Apostolico
1724 4011 1930 4095 Papa,
1973 4005 2220 4074 diebus
2268 4004 2532 4090 aliquot
2580 4004 2763 4094 lege-

213 4103 421 4172 retur,
486 4108 761 4164 ventum
814 4094 1032 4163 estad
1090 4093 1315 4163 locum
1347 4148 1368 4174 ,
1427 4095 1550 4165 ubi
1598 4095 1932 4183 scriptum
1999 4105 2181 4162 erat:
2236 4094 2583 4182 Wilfridus
2628 4099 2762 4162 Deo

214 4183 526 4253 amabitis
589 4185 953 4274 Episcopus
998 4184 1427 4253 Eboracensis
1495 4184 1815 4264 civitatis,
1883 4189 1924 4251 Α
1936 4183 2329 4273 postolicam
2388 4183 2623 4252 Sedem
2682 4183 2764 4250 de
2843 4240 2848 4244 ,

267 4319 292 4345 *
322 4320 581 4366 Concilium
618 4334 729 4367 vero
764 4326 1115 4366 oecumenicum
1150 4327 1365 4372 (sextum)
1404 4327 1483 4366 ubl
1516 4326 1715 4367 duarum
1751 4330 2043 4370 naturarum.
2067 4328 2361 4376 duarumque
2393 4327 2691 4366 voluntatum
2711 4324 2763 4365 in

213 4371 327 4430 §esu
358 4376 543 4419 Christo
571 4380 740 4426 ‹tog-ms
770 4377 1118 4420 solemnissime
1151 4380 1441 4419 declaratum
1463 4381 1603 4428 atque
1624 4377 1859 4420 sancitum
1878 4377 1986 4424 ruit,
2007 4380 2428 4428 constantinopoli.
2449 4390 2570 4419 anno
2591 4380 2679 4423 680,
2702 4377 2762 4419 ab

211 4433 320 4504 Ιὶὶξί]ἐ
338 4428 785 4526 ἓῖῐὶὲιέιὲιῐιιὲἕῧιιὶῐιωοθ,
803 4434 1063 4484 Agathone,
1080 4434 1171 4473 fuit
1190 4439 1537 4482 congregatum,
