3347 4999
697 333 823 396 688
1222 349 1302 396 ως
1352 349 1408 395 s.
1463 350 1712 397 Annuit
1757 351 1947 398 nar.
2000 351 2075 397 ει·
2122 349 2323 398 sociis
2372 349 2521 397 uus
2838 331 3015 398 OCT.
3074 334 3161 398 94

611 434 854 524 gloria,
909 445 975 504 et
1016 432 1288 503 lucrum
1325 431 1527 525 longe
1573 435 1948 524 copiosius.
1988 434 2114 504 Sed
2165 457 2323 503 cum
2360 434 2488 504 hoc
2526 434 2761 503 haberi
2813 456 2948 503 non
3003 456 3167 524 pos-

607 525 699 592 sit
731 547 766 592 a
820 537 1090 602 natura,
1143 521 1353 610 quod,
1408 522 1507 590 vel
1570 524 1801 593 invitis
1850 524 2073 603 nobiS‚
2127 524 2246 592 illa
2287 545 2366 592 ex
2416 545 2487 592 se
2537 522 2721 603 facit,
2779 525 3168 613 praeripia·

613 635 767 681 mus
813 635 971 681 cum
1025 611 1279 700 gloria:
1330 624 1395 681 et
1429 613 1492 680 id
1548 626 1898 700 tamquam
1945 614 2301 702 proprium
2353 612 2873 692 constituenteS,
2929 627 3164 681 astute

609 701 933 770 fallamus
984 701 1477 770 necessitatem.
1540 701 1788 771 Nullus
1849 713 2184 780 nostrum,
2237 724 2277 771 o
2310 700 2576 780 fratres,
2630 701 2719 770 sit
2766 700 2938 772 adeo
2982 701 3164 771 vitae

606 789 932 879 cupidus,
971 803 1035 858 et
1080 789 1251 858 adeo
1302 789 1532 878 pusilli
1568 805 1631 859 et
1664 790 1909 878 abJ'ecti
1959 791 2199 869 animi,
2253 803 2330 859 ut
2383 812 2504 878 pro
2552 790 2740 860 brevi
2788 802 2854 858 et
2904 791 3164 859 misera

610 879 741 947 vita
784 878 1019 966 perdat
1074 879 1567 959 aeternitatem,
1634 893 1722 960 et,
1776 900 1954 966 quae
1986 900 2370 965 nunquam,
2409 878 2721 959 solvitur,
2782 879 3160 948 beatitudi-

610 989 794 1036 nem.
836 967 1196 1037 Communi
1231 968 1542 1036 omnium
1587 968 1872 1037 inimico
1919 989 1958 1036 a
2010 968 2207 1036 nobis
2239 967 2423 1036 haud
2461 969 2661 1036 detur
2695 989 2855 1056 pars
2890 968 3156 1055 aliqua,

615 1078 698 1124 ne
746 1077 906 1124 cum
959 1078 1179 1126 unum
1253 1055 1457 1125 fuerit
1516 1057 1921 1136 suffuratus,
1977 1055 2311 1146 glorietur
2359 1077 2742 1146 perversuS,
2799 1070 3157 1144 tamquam

604 1145 731 1231 qui
781 1166 1023 1214 omnes
1069 1146 1348 1235 ceperit.
1389 1144 1513 1213 Sed
1550 1147 1669 1232 qui
1718 1159 1819 1215 est
1865 1145 2144 1231 quidem
2200 1144 2376 1225 talis,
2423 1144 2663 1234 procul
2713 1145 2801 1212 sit
2848 1166 2885 1213 a
2945 1146 3160 1215 choro

612 1240 1014 1322 Martyrum,
1072 1254 1293 1320 neque
1346 1234 1434 1301 sit
1490 1233 1664 1303 falso
1729 1235 2034 1303 nominis
2087 1235 2455 1323 particeps.
2497 1235 2562 1303 Si
2614 1234 2772 1320 quis
2824 1234 3013 1303 enim
3069 1247 3155 1315 te,

608 1323 872 1393 Christe
942 1335 1008 1390 et
1080 1323 1360 1392 verbum
1433 1324 1592 1403 Dei,
1662 1324 2008 1413 negaverit
2075 1322 2284 1412 hujus
2365 1322 2538 1391 vitae
2598 1320 2993 1404 desiderio,
3073 1324 3160 1393 ab

613 1413 761 1500 ipsa
804 1411 1094 1494 excidat,
1146 1423 1212 1480 et
1266 1410 1632 1482 dehiscens
1680 1433 1836 1480 eum
1899 1426 2074 1480 terra
2131 1411 2426 1480 devoret.
2473 1411 2540 1481 Si
2587 1412 2747 1498 quis
2794 1425 3025 1480 autem
3078 1434 3159 1480 ex

614 1522 766 1569 mea
824 1501 1255 1590 cognatione,
1319 1512 1440 1569 aut
1500 1499 1986 1582 familiaritate,
2048 1499 2387 1569 desiderio
2441 1500 2776 1570 bonorum
2833 1521 3160 1590 praesen·

616 1589 785 1658 tium
843 1600 903 1657 te
954 1587 1188 1659 relicto
1243 1593 1584 1671 Creatore,
1638 1603 1965 1676 sequatur
2033 1589 2221 1657 hunc
2277 1610 2502 1680 regem
2580 1588 2887 1659 interitui
2947 1589 3157 1658 obno-

612 1679 800 1746 xium
842 1690 909 1746 et
955 1678 1295 1770 impium:
1350 1699 1435 1746 ne
1482 1679 1540 1747 ei
1591 1677 1813 1759 detur,
1867 1700 1906 1746 o
1955 1682 2091 1746 Rex
2146 1677 2428 1759 Christe,
2467 1676 2581 1746 hic
2629 1675 2764 1747 frui
2815 1678 2924 1757 iis,
2979 1699 3158 1764 quae

611 1766 938 1867 videntur
967 1766 1285 1856 jucunda
1332 1780 1396 1835 et
1443 1766 1896 1846 delectabilia,
1950 1780 2016 1835 et
2071 1765 2379 1836 tradatur
2436 1767 2543 1846 iis,
2581 1788 2757 1853 quae
2788 1782 2953 1836 sunt
2987 1765 3151 1846 illic,

614 1868 996 1924 tormentis.
1033 1878 1070 1922 »

701 1946 738 2030 ἓ
783 1948 951 2016 Do.
1005 1948 1186 2013 Haec
1219 1944 1411 2024 dixit,
1465 1956 1530 2013 et
1562 1943 1788 2013 statim
1838 1943 2157 2012 universa
2208 1943 2579 2013 multitudo
2625 1942 2886 2013 calidas
2939 1944 3159 2014 effun-

607 2033 787 2102 dens
839 2034 1204 2121 lacrymas:
1241 2057 1275 2099 «
1308 2038 1463 2103 Esto
1495 2032 1676 2102 bono
1706 2031 1962 2112 animo,
1998 2032 2423 2100 exclamavit.
2462 2036 2670 2102 Nemo
2716 2033 2899 2101 enim
2940 2046 3006 2102 te
3043 2033 3158 2103 de-

612 2136 809 2190 seret.
868 2127 1031 2191 Nam
1093 2123 1216 2200 tui,
1274 2133 1351 2191 ut
1400 2121 1610 2201 vides,
1665 2120 2007 2189 desiderio
2053 2141 2293 2190 omnes
2339 2120 2440 2189 vel
2476 2135 2632 2190 ante
2679 2134 2743 2190 te
2784 2122 2960 2190 mori
2999 2145 3158 2213 pro—

616 2231 965 2296 peramuS,
1019 2222 1085 2278 et
1132 2211 1524 2300 praeripere
1573 2209 1758 2278 hunc
1806 2209 2079 2278 beatum
2142 2209 2346 2278 finem
2405 2223 2471 2279 et
2524 2209 3083 2279 desiderabilem.
3122 2235 3156 2277 1»

621 2297 742 2366 llle
776 2311 1001 2366 autem
1038 2298 1124 2366 ad
1167 2299 1379 2367 haec:
1436 2321 1470 2366 «
1505 2304 1664 2386 Ego,
1702 2298 1795 2367 ait
1843 2297 2191 2378 omnibus,
2257 2320 2383 2388 ego
2423 2320 2538 2367 vos
2585 2320 2828 2368 omnes
2877 2320 3153 2389 praece-

611 2386 802 2464 dam,
867 2401 931 2455 et
986 2408 1101 2456 ero
1162 2387 1353 2455 vobis
1411 2388 1476 2454 in
1518 2392 1647 2456 Deo
1694 2399 1922 2456 certus
1970 2386 2115 2454 viae
2161 2386 2322 2456 dux.
2381 2392 2460 2456 Ut
2492 2409 2609 2456 vos
2659 2386 2828 2455 mihi
2891 2389 3156 2477 primas

622 2475 1000 2546 conceditis
1061 2476 1127 2544 in
1197 2475 1547 2558 omnibuS,
1603 2477 1693 2544 ita
1753 2497 1870 2544 vos
1914 2475 2084 2544 mihi
2146 2475 2535 2553 concedite,
2600 2488 2675 2545 ut
2735 2476 3006 2567 primus
3070 2478 3154 2548 ad

619 2565 965 2634 Christum
1015 2564 1363 2634 accedam.
1426 2565 2025 2635 verumenimvero
2080 2565 2206 2634 hoc
2260 2586 2534 2653 quoque
2588 2565 2780 2634 vobis
2828 2566 3155 2636 ultimum

614 2653 702 2721 do
758 2652 1205 2722 mandatum:
1259 2654 1324 2722 Si
1360 2653 1516 2740 quis
1551 2674 1858 2723 meorum
1893 2653 2223 2733 filiorum,
2269 2666 2387 2723 aut
2429 2675 2694 2734 eorum,
2751 2654 2869 2740 qui
2905 2677 3158 2744 genere

616 2742 700 2809 ad
759 2765 866 2811 me
915 2743 1242 2822 attinent,
1297 2742 1580 2811 relictus
1626 2742 1852 2822 suerit,
1921 2764 2331 2831 permanens
2401 2742 2469 2811 in
2537 2743 2660 2833 hoc
2722 2764 2899 2833 puro
2961 2743 3158 2813 cultu

611 2831 1187 2911 Christianorum,
1242 2831 1329 2901 sit
1363 2831 1600 2901 haeres
1644 2852 1950 2899 mearum
2016 2831 2443 2900 facultatum.
2498 2836 2704 2901 Porro
2751 2845 2984 2901 autem
3021 2844 3156 2901 trae

614 2919 769 2989 illas
815 2944 896 2990 ex
944 2920 1053 3001 iis,
1112 2941 1290 3006 quae
1352 2920 1520 2988 mihi
1583 2931 1859 2999 restant,
1925 2920 2389 3008 possessiones
2448 2919 2956 3010 pulcherrimas
3005 2921 3156 2991 volo

613 3010 896 3078 attribui
948 3008 1330 3078 Catholicae
1385 3007 1750 3089 Ecclesiae,
1814 3029 1990 3094 quae
2050 3020 2150 3078 est
2187 3008 2648 3078 aedificanda:
2705 3030 2880 3095 quas
2948 3011 3156 3079 etiam

606 3097 750 3183 jam
811 3119 1160 3166 consecro,
1203 3121 1238 3163 »
1288 3102 1469 3166 Haec
1516 3119 1672 3167 cum
1725 3095 2029 3176 dixisset,
2081 3111 2146 3166 et
2195 3097 2449 3187 populo
2509 3097 2994 3179 benedixisset,
3043 3109 3152 3168 et:

616 3187 711 3255 Sit
747 3186 864 3254 tibi
918 3185 1159 3274 gloria,
1195 3208 1236 3254 o
1272 3186 1576 3265 Domine,
1631 3199 1907 3275 propter
1934 3187 2188 3264 omnia,
2229 3186 2722 3273 subjunxisset,
2775 3208 3157 3258 conversus

615 3274 781 3342 dicit
814 3276 1019 3364 Regi:
1074 3297 1109 3339 «
1148 3274 1377 3343 Laudo
1420 3289 1502 3355 te,
1555 3296 1595 3342 o
1658 3279 1818 3355 Rex,
1881 3274 2062 3360 quod
2128 3279 2302 3344 'usus
2351 3275 2447 3346 sis
2497 3275 2846 3364 patientia,
2899 3288 2969 3344 et
3017 3298 3152 3347 non

604 3363 1033 3443 confuderiS,
1097 3376 1216 3432 aut
1263 3364 1715 3452 interruperis
1772 3384 1991 3431 meam
2053 3364 2456 3443 orationem,
2497 3375 2571 3432 ut
2605 3384 2754 3434 mos
2806 3362 2938 3434 fuit
2988 3365 3149 3435 olim

614 3452 943 3541 Regibus.
1005 3452 1341 3535 Quoniam
1393 3473 1558 3542 ergo
1625 3453 1805 3521 nosti
1855 3464 2164 3521 nostrum
2232 3474 2517 3541 scopum
2576 3466 2643 3521 et
2708 3452 3148 3529 institutum.

614 3561 866 3630 nempe
921 3541 1103 3627 quod
1146 3540 1291 3609 fieri
1345 3562 1478 3610 non
1542 3553 1780 3631 potest,
1836 3552 1935 3619 ut,
2003 3539 2250 3609 Christi
2296 3540 2489 3610 cultu
2540 3540 2795 3619 relicto,
2860 3562 2991 3612 nos
3031 3543 3152 3613 tibi

604 3630 1103 3707 assentiamur,
1158 3630 1262 3698 sac
1296 3628 1476 3716 quod
1522 3641 1858 3719 superest,
1902 3642 2174 3722 tempus
2208 3650 2339 3698 non
2394 3644 2620 3700 terens
2648 3629 2939 3700 diutiuS.
2985 3656 3013 3694 r.

700 3721 737 3805 ξ
790 3723 934 3790 21.
990 3722 1155 3787 Cum
1208 3720 1411 3788 sciret
1457 3740 1621 3808 ergo
1655 3724 1791 3787 Rex
1821 3739 2070 3787 eorum.
2097 3732 2387 3787 mentem
2421 3741 2571 3788 esse
2610 3718 3148 3800 immutabilem,

615 3828 740 3876 nec
807 3808 958 3875 fieri
1002 3827 1223 3895 posse,
1280 3820 1355 3874 ut
1414 3828 1531 3876 eos
1578 3806 1661 3875 ad
1719 3828 1915 3875 suam
1959 3806 2267 3875 traducat
2308 3807 2737 3879 sententiam.
2786 3806 3008 3894 jussit
3042 3829 3155 3878 eos

602 3895 773 3964 -duci
815 3895 897 3964 ad
944 3895 1313 3982 quemdam
1352 3907 1747 3975 torrentem,
1785 3895 1906 3980 qui
1943 3907 2223 3964 vocatur
2261 3894 2490 3977 odias,
2525 3909 2588 3964 et
2622 3895 2794 3986 ipsis
2838 3896 2986 3965 illic
3013 3919 3154 3966 am·

616 3987 845 4073 putari
898 3985 1146 4074 capita.
1188 3985 1278 4053 Ad
1341 4006 1544 4070 quem
1596 4006 1755 4052 cum
1811 3983 2173 4064 venissent,
2233 4001 2297 4052 et
2339 4006 2410 4053 se
2442 4006 2630 4084 prom
2690 3997 2755 4053 to
2810 3998 2877 4053 et
2943 3985 3162 4056 alacri

603 4073 852 4142 animo
892 4074 975 4142 ad
1019 4095 1251 4163 preces
1285 4073 1816 4142 convertissent:
1857 4094 1893 4137 «
1934 4072 2237 4152 Domine,
2278 4077 2580 4152 Domine,
2675 4074 2972 4155 ixerunt,
3031 4075 3158 4143 vir·

616 4175 730 4230 tus
779 4176 1052 4233 nostrae
1102 4162 1369 4242 salutm,
1408 4163 1837 4231 obumbrasti
1875 4182 2084 4251 super
2115 4175 2324 4251 caput
2372 4174 2675 4230 nostrum
2710 4162 2779 4229 in
2814 4160 2930 4231 die
2964 4163 3154 4233 belli.

620 4254 817 4319 Nunc
851 4273 1126 4337 quoque
1159 4250 1383 4320 deduc
1418 4273 1541 4322 nos
1569 4252 1638 4319 in
1677 4251 1882 4319 vitam
1917 4263 2290 4320 aeternam:
2333 4249 2657 4336 quoniam
2692 4250 2865 4319 nihil
2899 4273 2985 4321 ex
3017 4272 3161 4321 om·

618 4338 831 4409 nibus
866 4340 1063 4410 nobis
1118 4340 1338 4430 pluris
1386 4339 1537 4419 fuit,
1572 4361 1779 4427 quam
1819 4340 1917 4408 tui
1952 4338 2248 4418 dilectio,
2290 4360 2422 4406 non
2453 4339 2695 4428 patria,
2735 4359 2871 4407 non
2902 4360 3158 4439 genuS,

610 4448 745 4496 non
811 4427 1121 4498 divitiae:
1176 4429 1291 4497 sed
1357 4430 1590 4498 omnia
1642 4441 1918 4519 propter
1981 4441 2041 4497 te
2106 4428 2579 4517 prodidimus,
2649 4428 2855 4497 etiam
2922 4450 3160 4519 ipsam
