3347 4999
729 334 857 397 278
2911 329 3088 395 OCT.
3138 333 3181 395 9

1060 554 1200 655 SS.
1274 552 1825 653 ANDRONlCl
1908 553 2023 652 ET
2096 552 2744 651 ATHANASlAE

1202 775 1389 841 CONJ
1406 774 1632 839 L‘GUM
1694 773 1989 837 DEINDE
2046 771 2611 838 MONACHORUM

1787 964 2037 1040 VITA

1424 1198 1707 1245 AUCTORE
1759 1199 1887 1245 Sl!-
1940 1198 2392 1244 tErAPHnAsm

1538 1304 1969 1352 coflsssxrlcx'r
2026 1305 2281 1352 utrum

913 1470 1301 1538 migrarunt
1340 1468 1583 1537 paullo
1628 1472 1787 1523 ante
1826 1469 2001 1523 med.
2043 1468 2106 1522 V
2147 1467 2364 1524 seculi
2401 1496 2477 1506 —
2516 1467 2675 1524 Nat.
2721 1467 2895 1534 syri.

704 1673 762 1757 ’ξ
810 1674 885 1742 1.
941 1674 1019 1738 In
1071 1669 1318 1738 diebus
1365 1666 1724 1736 Theodosii
1774 1666 1998 1756 Magni
2050 1663 2494 1756 Imperatoris
2534 1666 2565 1701 ⁴¹
2611 1678 2757 1735 erat
2806 1666 2874 1735 in
2930 1688 3187 1756 magna

637 1759 809 1830 urbe
857 1759 1211 1827 Antiochia
1262 1758 1330 1791 ⁴¹*
1366 1757 1643 1845 juvenis
1690 1755 1973 1843 quidam
2007 1757 2463 1844 argentarius,
2519 1755 2796 1823 nomine
2843 1755 3183 1825 Androni-

639 1870 788 1917 cus.
843 1848 1113 1936 Accepit
1161 1858 1388 1914 autem
1452 1851 1730 1915 uxorem
1801 1843 2014 1913 filiam
2067 1844 2487 1933 argentarii,
2543 1843 2819 1912 nomine
2866 1845 3178 1913 Joannis.

639 1943 796 2006 Erat
846 1957 1000 2003 vero
1048 1935 1199 2021 eJus
1247 1955 1495 2003 nomen
1546 1933 1937 2003 Athanasia.
1976 1938 2129 2001 Erat
2176 1932 2361 2001 enim
2400 1952 2630 2001 revera
2677 1931 3066 2012 Athanasia,
3112 1932 3184 2002 id

637 2039 760 2104 est,
818 2022 1227 2093 immortalis
1274 2037 1339 2091 et
1384 2021 1582 2091 factis
1628 2034 1693 2090 et
1739 2022 2172 2112 cogitatione,
2245 2026 2402 2090 Erat
2466 2032 2693 2090 autem
2754 2020 3185 2091 Andronicus

639 2112 836 2182 valde
873 2112 1052 2202 piu5‚
1098 2125 1161 2181 et
1205 2111 1449 2200 plenus
1505 2112 1706 2180 bonis
1753 2112 2105 2197 operibus.
2161 2109 2489 2179 Similiter
2523 2130 2676 2178 vero
2714 2109 2863 2199 ejus
2909 2131 3186 2197 quoque

639 2224 834 2272 uxor.
889 2206 1095 2269 Erant
1141 2212 1367 2269 autem
1423 2198 1615 2269 valde
1680 2199 1948 2269 divites.
2005 2200 2114 2268 Sic
2165 2220 2320 2267 vero
2377 2198 2581 2267 vitam
2638 2219 2833 2267 suam
2889 2199 3186 2288 agebant

574 2328 599 2349 ι
638 2291 1126 2377 argentariam,
1170 2302 1234 2357 et
1289 2288 1645 2358 facultates
1695 2310 1856 2358 suas
1914 2287 2297 2356 diviserunt
2346 2287 2412 2355 in
2458 2300 2592 2355 tres
2641 2299 2911 2375 partes:
2965 2309 3183 2356 unam

636 2378 916 2465 quidem
971 2378 1037 2445 in
1094 2379 1423 2447 rationem
1481 2398 1891 2467 pauperum,
1943 2388 2008 2445 et
2055 2376 2260 2445 aliam
2316 2376 2381 2443 in
2438 2375 2770 2444 rationem
2822 2376 3187 2446 Monacho·

641 2487 820 2547 rum,
858 2480 923 2536 et
953 2466 1157 2537 aliam
1199 2467 1266 2536 in
1303 2467 1633 2535 rationem
1688 2464 2093 2535 facultatum
2125 2479 2189 2535 et
2214 2463 2552 2535 officinae.
2594 2465 2922 2534 Universa
2953 2477 3187 2535 autem

637 2557 878 2626 civitas
924 2556 1200 2625 amabat
1229 2555 1602 2634 dominum,
1643 2554 2110 2624 Andronicum
2166 2568 2440 2643 propter
2478 2554 2632 2641 ejus
2671 2553 3104 2623 modestiam.

729 2647 880 2733 §2
924 2646 1246 2734 Cognovit
1279 2656 1504 2713 autem
1543 2666 1743 2712 suam
1777 2665 2099 2723 uxorem;
2144 2656 2208 2712 et
2241 2666 2398 2712 curn
2436 2642 2882 2732 concepisset,
2923 2643 3188 2733 peperit

637 2734 885 2815 filium,
937 2747 1003 2803 et
1053 2734 1583 2803 nominaverunt
1622 2753 1780 2801 eum
1814 2738 2177 2802 Joannem.
2233 2735 2397 2800 Cum
2453 2753 2605 2800 vero
2642 2731 2888 2801 iterum
2939 2754 3186 2802 conce·

637 2824 869 2912 pisset‚
910 2824 1172 2923 peperit
1204 2821 1448 2901 filiam,
1503 2834 1567 2889 et
1618 2821 1998 2889 nominavit
2045 2842 2194 2888 eam
2232 2819 2513 2889 Mariam
2549 2843 2565 2900 ;
2620 2842 2841 2907 neque
2879 2820 3186 2911 amplius

634 2913 1216 3001 appropinquavit
1264 2909 1457 2980 uxori
1506 2908 1962 2980 Andronicus.
2035 2908 2432 2978 conferebat
2493 2921 2721 2978 autem
2783 2931 2988 2979 suum
3041 2922 3187 2978 stu-

634 3001 827 3069 dium
877 3001 962 3071 ad
1014 3000 1381 3089 diligenter
1425 3007 1489 3066 et
1545 2996 1862 3066 lubenter
1930 2996 2382 3068 laborandum
2423 3053 2438 3078 ,
2501 3021 2661 3066 cum
2730 2997 2886 3067 aliis
2934 2997 3189 3067 Christi

636 3075 1032 3158 amantibus
1085 3088 1516 3178 argentariis
1571 3086 1928 3158 Dominico
1974 3099 2039 3155 et
2085 3086 2197 3155 die
2246 3085 2550 3155 secundo
2597 3100 2663 3156 et
2708 3098 2953 3172 quarto
2998 3099 3064 3156 et
3112 3087 3188 3154 in

687 3199 1001 3246 arasceve
1036 3230 1052 3252 ,
1108 3199 1149 3246 a
1200 3198 1477 3265 vespera
1523 3196 1746 3263 usque
1795 3175 1880 3243 ad
1934 3176 2351 3245 matutinum
2420 3175 2561 3244 ibat
2618 3174 3046 3244 Andronicus
3094 3174 3187 3243 ad

637 3201 966 3334 lavandos
999 3266 1180 3333 viros
1214 3287 1376 3334 suos
1423 3265 1690 3333 fratres.
1745 3263 2073 3333 Similiter
2120 3277 2346 3334 autem
2391 3264 2540 3353 ejus
2579 3285 2853 3351 quoque
2887 3285 3055 3333 uxor
3094 3263 3189 3332 ad

639 3353 964 3422 lavandas
996 3352 1361 3443 diligenter
1389 3352 1735 3421 mulieres,
1760 3358 1915 3421 Post
1949 3366 2219 3441 tempus
2243 3374 2398 3421 vero
2418 3351 2782 3422 duodecim
2806 3373 3186 3432 annorum,

637 3442 946 3532 ingressa
979 3455 1080 3510 est
1171 3441 1422 3510 uodam
1457 3441 1567 3510 die
1610 3463 1809 3510 mane
1843 3441 2125 3511 domina
2159 3441 2526 3511 Athanasia
2560 3463 2599 3509 a
2637 3441 3015 3510 voluntario
3056 3438 3192 3509 illo

639 3529 870 3600 labore
918 3528 1001 3598 ad
1055 3530 1113 3597 vi
1170 3529 1384 3599 endos
1443 3551 1606 3599 suos
1656 3529 1885 3608 filios,
1947 3545 2012 3599 et
2081 3531 2337 3599 invenit
2384 3551 2500 3600 eos
2548 3531 2999 3620 suspirantes.
3052 3527 3195 3599 Illa

638 3632 866 3688 autem
917 3619 1372 3700 conturbata,
1426 3619 1737 3688 ascendit
1794 3619 1862 3687 in
1893 3618 2168 3690 »lectum
2228 3641 2484 3700 suum,
2538 3631 2603 3688 et
2659 3618 2888 3708 posuit
2939 3617 3194 3688 ambos

638 3729 850 3797 supra
910 3721 1147 3797 pectus
1195 3729 1427 3777 suum.
1482 3711 1727 3776 Beatus
1788 3729 1945 3777 vero
2005 3707 2436 3777 Andronicus
2503 3707 2905 3797 ingressuS,
2959 3707 3195 3796 coepit

636 3794 935 3866 clamare
985 3797 1050 3864 in
1106 3817 1385 3866 uxorem
1455 3818 1705 3878 suam,
1760 3796 1942 3883 quod
1997 3795 2295 3866 multum
2345 3795 2698 3866 dormiret.
2765 3795 2894 3864 Illa
2954 3807 3195 3865 autem

638 3884 853 3954 dixit:
907 3908 941 3951 «
979 3884 1127 3954 Noli
1186 3885 1415 3964 irasci,
1470 3883 1749 3954 domine
1802 3885 1943 3954 mi:
2002 3885 2196 3974 pueri
2245 3884 2430 3953 enim
2482 3896 2645 3954 sunt
2691 3883 2972 3953 infirma
3006 3882 3199 3953 vale-

637 3973 902 4043 tudine.
936 3998 972 4040 »
1022 3980 1100 4043 Et
1131 3996 1290 4043 cum
1329 3973 1677 4063 tetigisset,
1730 3973 1991 4043 invenit
2023 3994 2139 4043 eos
2175 3974 2382 4044 teneri
2436 3995 2476 4042 a
2523 3972 2732 4053 febre,
2770 3986 2835 4042 et
2873 3973 3040 4042 dicit
3075 3995 3201 4042 su-

637 4062 953 4151 spirans:
1009 4085 1045 4130 «
1089 4064 1234 4132 Fiat
1297 4062 1612 4131 voluntas
1660 4063 1823 4132 Dei:
1860 4085 1896 4128 »
1956 4075 2021 4132 et
2068 4062 2190 4131 ivit
2234 4074 2421 4131 extra
2468 4062 2835 4142 civitatem,
2894 4061 2977 4132 ad
3035 4083 3203 4151 pre-

557 4146 565 4158 ’
637 4150 938 4221 candum
991 4164 1306 4222 sanctum
1355 4151 1740 4221 Julianum.
1795 4150 1946 4220 lllic
2008 4151 2190 4221 enim
2252 4151 2573 4238 jacebant
2619 4151 2772 4239 ejus
2840 4164 3199 4240 parentes·

686 4295 713 4322 *
742 4295 1034 4336 Theodosius
1063 4296 1259 4344 Romani
1306 4295 1498 4344 Imperii
1534 4292 1786 4335 orient-alis
1827 4298 2011 4344 sceptro
2048 4296 2228 4344 potitus
2264 4296 2337 4335 est
2374 4304 2496 4336 anno
2529 4294 2629 4340 8795
2664 4293 2977 4336 Occidentalis
3017 4299 3210 4351 sutem,

636 4358 758 4389 anno
778 4351 878 4390 392:
899 4358 1171 4398 supremum
1193 4347 1315 4389 diem
1335 4348 1468 4394 obitt,
1488 4358 1610 4389 nuno
1629 4352 1719 4388 39⁶.

635 4401 1196 4497 Δῷἒιὲἂῑῗὲἑιέΐυῗῖῆη
1216 4403 1291 4442 est
1308 4403 1366 4444 nd
1387 4404 1610 4444 Orontem
1628 4403 1848 4445 fluviunn
1869 4399 1943 4442 illi
1963 4403 2149 4453 Magnae
2168 4401 2411 4452 epitheton
2431 4412 2458 4442 a.
2477 4402 2764 4444 Philostrato
2783 4402 3032 4443 tribuitur.
3056 4403 3214 4446 Nunc
