3347 4999
742 382 870 470 tea
1312 422 1391 469 nn
1440 422 1494 468 s.
1551 421 1848 469 nommco
1899 420 2196 469 romono
2236 419 2521 479 ,aarum
2879 401 3051 469 OCT.
3118 406 3194 470 14

655 508 890 585 altero,
951 505 1305 597 proposuit
1339 506 1424 575 ad
1459 507 1898 596 purgandum
1937 507 2395 587 stomachum,
2427 505 2712 575 antidoti
2750 527 3023 575 sumere
3072 528 3203 597 po-

655 596 920 667 culum.
1003 597 1197 665 Sexta
1261 595 1281 663 i
1338 595 1475 665 itur
1540 594 1708 664 feria
1766 616 1887 685 per
1951 595 2359 665 continuum
2425 595 2609 665 diem
2657 595 2766 663 vix
2824 593 3025 666 desiit
3082 596 3193 665 vel

657 684 1102 755 modulandis
1159 705 1277 773 psa
1316 684 1447 755 mis
1509 684 1849 766 insistere,
1886 683 1987 753 vel
2034 684 2488 775 corrigiarum
2540 704 2611 753 se
2664 682 2917 754 ictibus
2956 684 3203 775 flagel-

657 774 820 843 lare.
875 779 1079 843 Nocte
1124 794 1329 853 vero,
1384 794 1627 863 sopore
1672 772 2026 863 deposito,
2093 774 2395 863 suscepit
2454 771 2882 856 antidotum3
2940 771 3200 843 deinde

654 862 879 953 coepit
924 862 1332 953 angustiari,
1383 874 1449 931 et
1494 861 1579 931 de
1627 861 1964 931 stomachi
2012 860 2245 931 dolore
2291 863 2587 952 graviter
2634 862 2989 947 conqueri.
3036 866 3197 932 Post

654 951 1028 1021 decursum
1069 950 1300 1037 itaque
1348 962 1722 1020 nocturnae
1763 951 2043 1040 synaxis
2078 949 2409 1032 officinm,
2450 963 2604 1041 post
2650 952 3027 1019 matutinos
3062 951 3195 1040 hy-

656 1061 881 1120 mnos,
937 1061 1100 1109 cum
1149 1039 1374 1129 prima
1410 1040 1556 1129 jam
1607 1039 1776 1108 hora
1809 1039 1941 1108 sibi
1983 1060 2017 1107 a
2052 1037 2405 1121 fratribus,
2444 1040 2563 1127 qui
2613 1039 2921 1119 aderant,
2956 1052 3196 1109 canta-

658 1141 869 1208 retur,
926 1140 1240 1198 sanctum
1301 1134 1428 1198 Deo
1476 1127 1795 1219 spiritum
1849 1127 2168 1197 reddidit.
2205 1134 2621 1199 Invenerunt
2667 1139 2894 1198 autem
2931 1140 2995 1196 et
3024 1127 3197 1198 alte·

657 1238 804 1286 ram
846 1217 1154 1298 loricam,
1201 1229 1466 1306 praeter
1529 1238 1681 1286 eam
1729 1238 1868 1304 qua
1914 1216 2202 1286 indutus
2249 1229 2415 1295 erat,
2470 1216 2800 1287 lateribus
2847 1216 2997 1304 ejus
3045 1218 3195 1286 sin-

656 1305 857 1375 donis
909 1327 1094 1375 more
1142 1305 1581 1376 substratam.
1660 1306 1847 1374 Unde
1917 1307 2244 1393 suspicati
2313 1317 2475 1377 sunt
2535 1305 2775 1375 fratres
2809 1358 2824 1384 ,
2878 1305 3007 1374 hoc
3056 1307 3193 1377 sibi

657 1407 926 1485 praeter
969 1395 1537 1464 consuetudinem
1592 1393 1987 1463 nullatenus
2026 1394 2384 1469 accidisse.
2438 1395 2553 1465 sed
2597 1395 2727 1464 sub
2761 1415 2835 1463 se
2879 1415 3029 1463 eam
3076 1417 3191 1464 sa·-

656 1505 825 1552 num
875 1504 1152 1571 quoque
1191 1495 1415 1553 tenere
1462 1483 1925 1563 consuevisse,
1965 1505 2173 1573 super
2218 1506 2429 1571 quarn
2463 1483 2778 1553 videlicet
2804 1495 2869 1551 et
2895 1484 2964 1552 in
2998 1482 3191 1552 infir·

656 1573 894 1641 mitate
931 1573 1227 1663 jacebat.
1266 1572 1645 1642 somniavit
1692 1584 1923 1641 autem
1960 1584 2121 1641 tnnc
2153 1573 2438 1659 quidam
2466 1571 2677 1641 frater
2718 1571 2804 1640 de
2837 1592 2967 1653 me,
3005 1570 3191 1659 quod

654 1660 1014 1730 oculorum
1067 1660 1301 1731 lumen
1351 1661 1744 1730 amiseram.
1800 1660 1988 1742 Quod
2040 1661 2205 1729 dnm
2256 1683 2381 1763 ego
2421 1658 2891 1750 Hildeprando
2922 1660 2957 1696 '⁸‘
2988 1682 3191 1729 vene·

654 1749 854 1819 rabili
907 1756 1251 1819 Romanae
1319 1750 1656 1819 Ecclesiae
1719 1749 2236 1831 Archidiacono,
2307 1772 2373 1819 tn
2432 1748 2868 1819 Lateranensi
2939 1749 3190 1849 palatio

655 1837 1082 1908 retulissem:
1137 1860 1174 1904 «
1207 1842 1671 1925 Nequaquam.
1727 1838 1971 1925 inquit,
2027 1852 2099 1907 ut
2133 1839 2355 1919 times,
2409 1839 2537 1907 boc
2587 1838 2709 1907 tibi
2761 1858 3190 1928 propinquae

652 1939 756 1996 est
805 1926 1041 1995 mortis
1090 1925 1471 1995 indicium:
1525 1926 1638 1995 sed
1687 1926 2049 1995 familiaris
2090 1927 2212 1996 tibi
2262 1927 2512 2014 aliquis
2560 1928 3022 2017 extinguetur,
3067 1927 3186 2014 qui

653 2016 777 2085 tibi
826 2028 894 2085 et
949 2037 1152 2084 carus
1200 2016 1287 2084 sit
1336 2014 1516 2085 sicut
1579 2015 1875 2094 oculus,
1925 2029 1988 2085 et
2037 2015 2272 2085 lumen
2323 2029 2516 2085 tuum
2582 2037 2662 2085 ac
2712 2014 3043 2115 splendor
3111 2016 3181 2083 in

652 2104 858 2173 bonis
902 2104 1228 2192 operibus
1261 2102 1593 2173 videatur.
1635 2127 1670 2170 »
1713 2106 1762 2173 Ο
1800 2125 2059 2183 verum,
2098 2104 2216 2173 sed
2249 2105 2557 2173 amarius
2583 2125 2769 2174 omni
2808 2103 2969 2173 felle
3002 2125 3190 2193 prae·

653 2193 963 2282 sagium!
1018 2193 1235 2261 Tertio
1266 2191 1398 2273 die,
1455 2206 1815 2283 postquam
1852 2193 2179 2263 Romanis
2223 2193 2587 2263 moenibus
2632 2214 2785 2262 sum
2838 2212 3183 2283 egressus,

653 2302 807 2350 ecce
859 2280 1027 2349 mihi
1070 2280 1304 2349 relatio
1352 2281 1652 2350 crudelis
1687 2281 2009 2362 occurrit,
2053 2303 2228 2368 quae
2265 2282 2434 2350 mihi
2468 2281 2565 2350 nil
2611 2281 2841 2351 minus
2873 2281 3188 2381 opinanti

651 2380 1027 2449 caecatum,
1071 2391 1179 2438 me
1211 2371 1623 2439 remansisse
1673 2370 2044 2460 perhibuit,
2096 2370 2458 2440 dominum
2510 2369 2769 2439 scilicet
2814 2382 2880 2439 et
2927 2369 3190 2439 illumi—

655 2469 958 2528 natorem
1016 2480 1244 2529 meum
1299 2460 1757 2540 Dominicum,
1801 2480 1882 2528 ex
1932 2460 2056 2529 hoc
2097 2457 2329 2529 seculo
2394 2480 2617 2549 nuper
2661 2480 3046 2549 egressum.
3097 2457 3187 2528 Il-

653 2545 787 2617 lico
838 2547 1004 2616 mihi
1050 2547 1312 2635 liquido
1348 2549 1589 2638 patuit,
1628 2548 1793 2618 dum
1839 2547 1953 2616 ille
2002 2550 2195 2638 petiit
2243 2548 2417 2618 lucis
2466 2562 2839 2629 auctorem,
2878 2548 2950 2616 in
3004 2561 3191 2618 tene·

650 2636 935 2706 brarum
987 2659 1094 2705 me
1144 2638 1552 2706 remansisse
1593 2637 1911 2726 caligine.
1969 2642 2232 2706 Fratres
2273 2650 2499 2706 autem
2551 2658 2805 2726 corpus
2852 2636 3027 2723 ejus,
3106 2658 3189 2704 ne

651 2748 693 2794 a
739 2724 992 2795 vicinis
1036 2725 1393 2795 monachis
1462 2746 1700 2794 eorum
1754 2739 2109 2815 raperetur
2153 2747 2188 2795 e
2242 2726 2588 2806 manibuS,
2646 2725 2713 2793 in
2766 2724 3006 2794 eadem
3047 2781 3064 2807 ,
3119 2725 3187 2793 in

654 2836 792 2901 qua
840 2813 1207 2884 defunctus
1254 2826 1356 2884 est
1387 2813 1661 2894 cellula,
1714 2813 1977 2882 defossa
2018 2814 2230 2885 humo
2277 2814 2589 2884 celeriter
2620 2814 3021 2884 obruerunt.
3060 2818 3193 2884 Nos

651 2915 878 2972 autem
932 2904 1082 3004 ipso
1130 2903 1239 2971 die
1288 2903 1666 2982 Dominam,
1705 2923 1842 2988 quo
1874 2903 2183 2972 eremum
2224 2903 2521 2993 ingressi
2560 2925 2830 2983 sumuS,
2870 2915 3191 2972 sanctum

653 3013 912 3081 corpus
955 2991 1118 3061 inde
1165 2991 1516 3061 sublatum
1567 3004 1997 3074 reverenter,
2052 3005 2129 3060 ut
2174 2992 2464 3093 dignum
2513 3003 2709 3072 erat,
2767 2992 2834 3061 in
2889 2989 3195 3080 capitulo

655 3081 1124 3170 sepelivimus..
1177 3085 1253 3150 Et
1311 3103 1484 3162 cum,
1523 3101 1750 3150 nonus
1797 3094 1971 3150 esset
2041 3080 2489 3171 depositionis
2553 3081 2708 3168 ejus
2762 3080 2933 3161 dies,
2996 3102 3195 3170 prae-

651 3169 913 3238 dictum
961 3190 1213 3257 corpus
1261 3191 1508 3239 sanum
1559 3168 2043 3257 illibatumque
2092 3170 2499 3260 reperimus.

743 3260 778 3343 ξ
831 3260 999 3328 ²8.
1054 3260 1222 3325 Eunt
1264 3279 1470 3338 nunc,
1526 3258 1643 3345 qui
1696 3259 1925 3328 carnis
1974 3280 2138 3328 suae
2186 3258 2611 3327 delectantur
2644 3257 3006 3337 illecebris,
3049 3277 3203 3326 τηε-

654 3343 892 3414 dullas
937 3345 1349 3415 absorbeant
1397 3346 1825 3435 voluptatum
1868 3403 1882 3428 ,
1936 3361 2003 3416 et
2047 3347 2414 3417 occisionis
2459 3347 2779 3415 victimae
2839 3346 2920 3415 ad
2973 3359 3203 3416 aeter·

655 3454 822 3502 num
878 3434 1276 3503 nutriantur
1321 3435 1748 3504 incendium.
1807 3441 1881 3504 In
1932 3437 2299 3525 superbiae
2359 3457 2428 3504 se
2484 3435 2814 3505 cornibus
2873 3435 3195 3513 efferant,
3314 3507 3315 3522 χ

652 3520 981 3590 ventilent
1028 3522 1450 3605 innocentes,
1506 3524 1589 3592 ad
1657 3538 1889 3594 votum
1942 3524 2239 3594 molliter
2286 3525 2536 3605 vivant,
2591 3537 2667 3594 ut
2713 3545 2955 3593 eorum
3004 3536 3204 3613 post-

656 3609 937 3679 modum
991 3610 1263 3701 penitus
1312 3634 1583 3703 semper
1632 3612 1863 3682 ulcera
1911 3624 2364 3682 amarescant.
2418 3618 2615 3682 Nunc
2660 3612 2845 3682 velut
2883 3610 3203 3681 infrenes

650 3698 813 3785 equi
860 3720 978 3788 per
1027 3698 1453 3789 voluptatum
1507 3723 1788 3770 suarum
1863 3715 2055 3793 prata
2104 3702 2549 3783 discurrant,
2604 3713 2679 3771 ut
2751 3712 2904 3791 post
2949 3722 3203 3770 eorum

655 3809 908 3857 manus
947 3800 1011 3857 et
1060 3788 1340 3858 brachia
1391 3788 1842 3859 districtionis
1890 3803 2228 3860 extremae
2278 3790 2489 3860 lorica
2536 3790 2920 3860 cohibeant.
2963 3789 3208 3858 Domi-

652 3877 851 3946 nicu's
899 3890 1126 3946 autem
1178 3891 1408 3947 noster
1442 3879 1523 3946 sti
1583 3890 1762 3948 mata
1793 3880 1965 3948 Jesu
2002 3878 2291 3970 portavit
2331 3881 2399 3947 in
2434 3900 2742 3970 corpore,
2776 3892 2842 3947 et
2866 3876 3208 3947 vexillum
3314 3879 3315 3882 ’

653 3965 888 4034 Crucis
936 3986 1070 4035 non
1124 3977 1389 4036 tantum
1427 3966 1496 4035 in
1566 3980 1752 4037 ronte
1788 3968 2119 4059 depinxit,
2166 3967 2281 4039 sed
2318 3968 2591 4038 cunctis
2627 3968 2830 4037 etiam
2876 3966 3211 4055 undique

652 4054 981 4124 membris
1029 4054 1398 4143 impressit.
1457 4060 1751 4126 Exustus
1787 4071 1852 4126 et
1898 4057 2137 4126 aridus
2176 4057 2262 4126 ab
2296 4057 2591 4127 humore
2618 4055 2864 4126 calami
2896 4068 2964 4126 et
3003 4055 3211 4126 ’unci

652 4143 1010 4223 uberibus,
1068 4143 1380 4216 coelestis
1427 4145 1688 4236 gratiae
1755 4145 2002 4215 meruit
2049 4145 2396 4215 imbribus
2444 4145 2745 4236 irrigari.
2797 4143 2924 4213 Hic
2999 4149 3214 4213 ert-ea

651 4230 864 4300 lorica
917 4232 1192 4322 praecin
1250 4234 1426 4315 itur,
1502 4233 1646 4302 illic
1718 4234 1936 4304 niveis
1984 4234 2344 4325 Angelicae
2410 4233 2669 4324 gloriae
2714 4232 3026 4304 vestibus
3079 4233 3216 4304 de·

651 4330 950 4391 coratur.
1002 4321 1126 4390 Hic
1226 4322 1432 4391 uritia
1480 4322 1736 4393 cubilis
1804 4323 2136 4405 atteritur,
2174 4322 2316 4391 illic
2380 4322 2572 4392 molli
2634 4320 3212 4393 Patriarcharum

649 4481 974 4586 cozslfpgxtmhsio
1008 4483 1173 4532 pontes
1210 4483 1465 4534 Gregorius
1500 4485 1584 4525 VH
1616 4484 1835 4526 Summus
1868 4485 2085 4527 Pontifex
2122 4485 2372 4526 sanctitate
2409 4489 2460 4528 et
2492 4486 2748 4535 apostouco
2786 4483 2889 4524 zelo
2908 4492 3225 4537 magnopere

784 4549 796 4576 )
940 4565 950 4576 .
