3347 4999
713 348 796 412 70
1268 367 1346 414 nn
1394 366 1449 413 s,
1502 364 1890 413 moncellum
1939 365 2138 413 EPISC.
2197 367 2273 413 m·
2324 367 2512 414 nar.
2899 350 3087 417 OCT.
3147 352 3200 417 2

625 451 809 539 quod
848 473 955 521 me
989 452 1190 522 hodie
1218 450 1546 541 dignatus
1573 462 1678 520 est
1716 450 2126 538 glorificare.
2158 474 2194 518 »
2229 456 2487 521 Ductus
2511 464 2613 523 est
2637 466 2865 523 autem
2901 454 2992 523 ab
3030 453 3198 523 illis

624 553 812 610 extra
852 542 1120 623 urbem,
1173 551 1375 627 atque
1423 539 1606 621 illic,
1662 552 1741 609 ut
1781 540 2120 609 Ebrolnus
2149 540 2473 625 jusserat,
2512 543 2693 612 eruti
2752 556 2914 612 sunt
2972 542 3190 613 oculi

625 628 802 717 ejus.
839 635 915 698 Et
949 629 1254 700 humano
1286 629 1567 715 quidem
1622 627 1821 697 illum
1873 628 2208 699 orbarunt
2270 629 2533 699 lumine
2577 631 3055 700 extrinsecus:
3111 644 3197 701 at

627 718 815 787 intus
850 719 1099 787 mansit
1149 718 1244 787 illi
1298 718 1611 786 divinum
1665 717 1923 787 lumen.
1963 724 2267 804 Cumque
2300 741 2457 788 eum
2509 720 2914 789 custodibus
2953 720 3182 789 tradi·

625 805 908 888 dissent,
956 808 1023 876 in
1069 807 1421 893 quoddam
1461 805 1869 874 coenobium
1910 806 2402 896 perduxerunt,
2453 808 2576 877 ubi
2626 809 2985 879 biennium
3035 808 3192 878 fere
3309 860 3310 887 1

624 894 862 975 latuit,
922 908 987 965 et
1035 918 1369 985 magnum
1424 893 1702 981 reliquit
1751 895 2118 983 patientiae
2165 910 2229 965 et
2278 896 2688 966 humilitatis
2741 897 3185 983 exemplum.

712 992 749 1065 ἓ
777 989 930 1056 lo.
971 984 1219 1054 Eodem
1253 998 1554 1071 tempore
1585 983 1879 1053 Gerinus
1909 983 2116 1053 frater
2137 985 2310 1074 ejus,
2345 986 2463 1071 qui
2488 985 2575 1054 ob
2600 998 2855 1054 metum
2888 986 3192 1055 Ebroini

621 1094 778 1143 curn
814 1073 970 1142 aliis
1001 1074 1087 1142 ab
1119 1095 1199 1142 eo
1232 1071 1608 1163 profligatis
1645 1077 2055 1142 Francorum
2094 1073 2514 1163 proceribus,
2553 1074 2708 1143 aliis
2741 1073 3016 1143 in-locis
3061 1074 3191 1144 de-

621 1162 845 1252 gebat,
876 1163 1083 1249 jussu
1117 1162 1296 1251 regis
1328 1160 1727 1229 Theudorici
1767 1174 1832 1230 et
1867 1162 2200 1251 principis
2238 1163 2538 1243 Ebrolni,
2571 1162 2654 1231 ad
2694 1164 3026 1251 palatium
3069 1186 3191 1234 re-

624 1250 790 1319 verti
838 1250 1245 1341 compulsus
1292 1264 1415 1318 est.
1485 1249 1703 1318 Simul
1755 1250 1956 1319 etiam
2008 1250 2250 1320 beatus
2299 1251 2754 1339 Leodegarius
2800 1274 2881 1321 ex
2933 1274 3188 1321 mona-

623 1340 850 1420 sterio,
907 1341 975 1409 in
1035 1361 1173 1426 quo
1224 1337 1582 1407 tenebatur
1627 1339 2123 1421 absconditus,
2178 1340 2247 1408 in
2301 1339 2481 1429 regis
2520 1340 2921 1410 Theodorici
2973 1363 3188 1441 prae·

623 1430 914 1500 sentiam
964 1428 1217 1498 adduci
1256 1428 1501 1517 jussus
1547 1439 1670 1498 est.
1727 1433 2033 1514 Cumque
2089 1429 2293 1497 ambo
2342 1427 2584 1499 fratres
2632 1430 2703 1498 in
2765 1430 3184 1520 principum

623 1529 1068 1607 conspectum
1123 1519 1489 1596 venissent,
1549 1516 1787 1587 multis
1823 1516 2263 1586 contumeliis
2295 1531 2360 1587 et
2397 1517 2790 1607 opprobriis
2819 1518 3053 1587 affecti
3089 1520 3183 1588 ab

623 1608 940 1688 Ebroan,
987 1602 1088 1683 illi
1124 1607 1222 1676 sic
1265 1603 1704 1696 respondisse
1752 1604 2109 1675 seruntur:
2163 1629 2198 1672 «
2238 1611 2367 1675 Nos
2415 1607 2698 1693 quidem
2737 1606 2946 1695 digne
2997 1607 3184 1677 haec

627 1694 953 1786 patimur,
1006 1695 1167 1783 quia
1221 1696 1659 1785 peccavimus
1718 1695 2044 1763 Domino:
2098 1694 2214 1765 sed
2268 1695 2484 1785 major
2547 1708 2771 1764 tamen
2824 1696 2977 1785 ejus
3032 1696 3188 1765 cle-

626 1786 880 1854 mentia
908 1797 1031 1865 est,
1070 1785 1190 1872 qui
1241 1805 1367 1853 nos
1413 1783 1740 1884 dignatus
1787 1795 1890 1853 est
1935 1783 2019 1852 ad
2080 1795 2338 1853 tantam
2399 1784 2690 1874 gloriam
2748 1805 3017 1853 vocare.
3077 1791 3188 1857 Tu

623 1895 780 1943 vero
816 1874 1026 1943 miser
1053 1873 1369 1953 Ebrolne,
1401 1895 1520 1960 qut
1559 1883 1816 1943 tantam
1853 1872 2177 1941 in'uriam
2212 1872 2476 1963 irrogas
2503 1877 2917 1943 Francorum
2952 1875 3181 1963 genti,

625 1962 920 2063 teipsum
1006 1963 1188 2032 otius
1235 1961 1619 2042 ulcisceris,
1657 1961 1825 2030 dum
1886 1895 2042 2031 aiiis
2092 1962 2299 2030 vitam
2338 1960 2605 2030 auferre
2652 1962 2877 2052 cupis.
2921 1963 3187 2033 Multos

623 2051 906 2140 quidem
990 2050 1295 2141 ecepisti,
1334 2063 1399 2120 et
1438 2074 1477 2120 a
1506 2063 1787 2141 paterno
1815 2051 1961 2120 solo
1995 2049 2306 2120 exsulare
2337 2050 2772 2140 compulisti:
2811 2063 2879 2119 at
2912 2065 2990 2120 tu
3023 2052 3186 2141 ipse

624 2142 846 2231 magis
880 2139 1083 2209 etlam
1126 2139 1317 2209 exsul
1354 2140 1513 2220 eris,
1545 2138 2109 2227 quandoquidem
2142 2151 2208 2207 et
2242 2139 2679 2229 temporalem
2715 2152 2781 2209 et
2813 2153 3182 2210 aeternam

622 2229 911 2321 gloriam
962 2230 1096 2298 cito
1144 2229 1410 2319 perdes.
1450 2234 1622 2297 Dum
1658 2228 1844 2298 enim
1881 2228 2090 2299 totius
2124 2228 2447 2297 Franciae
2483 2228 2800 2298 homines
2830 2228 3189 2298 excellere

628 2318 981 2388 meditaris
1012 2373 1027 2398 ,
1072 2329 1287 2400 tuam,
1345 2340 1482 2405 qua
1531 2317 1864 2407 indignus
1913 2316 2266 2406 praeditus
2312 2338 2406 2397 es,
2465 2316 2753 2407 gloriam
2798 2317 3097 2386 amittis.
3147 2342 3182 2383 »

708 2409 746 2494 ξ
784 2413 915 2479 11.
971 2412 1149 2476 Haec
1195 2419 1272 2477 ut
1310 2406 1572 2476 audivit
1599 2408 1965 2484 EbrolnuS,
2002 2405 2231 2474 surore
2264 2427 2513 2496 magno
2547 2420 2927 2495 correptus,
2948 2406 3185 2495 jussit

623 2495 983 2577 ministriS,
1015 2510 1091 2565 ut
1115 2497 1439 2567 Gerinum
1476 2518 1516 2565 a
1553 2494 1966 2585 Leodegario
1992 2508 2409 2584 separarent,
2437 2496 2538 2565 uti
2563 2494 2931 2585 separatim
2971 2496 3184 2586 puni—

621 2598 884 2665 rentur,
933 2606 1055 2654 nec
1104 2598 1385 2676 possent
1426 2585 1780 2674 conjuncti
1826 2584 2169 2671 ejusmodi
2214 2606 2566 2654 sermones
2615 2582 2938 2674 proferre.
2999 2589 3181 2655 Cum

620 2694 783 2765 ergo
823 2673 1282 2744 abduceretur
1315 2673 1630 2755 Gerinus,
1668 2674 1909 2743 beatus
1941 2672 2397 2762 Leodegarius
2431 2673 2600 2742 dixit
2623 2674 2718 2742 ei:
2753 2696 2789 2738 «
2817 2677 3045 2759 Aequo
3083 2674 3184 2744 fe-

622 2785 736 2832 ras
779 2764 1036 2844 animo,
1071 2763 1279 2833 frater
1314 2763 1698 2844 carissime,
1740 2761 1924 2850 quod
1976 2783 2097 2831 nos
2140 2763 2396 2831 isthaec
2499 2763 2590 2831 ati
2640 2775 2987 2850 oporteat:
3041 2787 3184 2833 non

620 2853 795 2921 enim
823 2864 977 2921 sunt
1008 2854 1377 2942 condiynae
1406 2853 1755 2942 passiones
1789 2852 1993 2940 liujus
2026 2853 2340 2942 temporis
2373 2785 2801 2940 affuturam
2833 2854 3169 2941 qtoriam,

618 2963 793 3031 quae
822 2943 1234 3012 revelabitur
1271 2943 1340 3009 in
1386 2941 1595 3009 nobis,
1635 2946 1915 3009 Peccata
1962 2939 2241 3026 quidem
2281 2952 2513 3009 nostra
2554 2939 2773 3009 multa
2815 2951 3002 3019 sunt,
3046 2940 3178 3009 sed

620 3031 1086 3118 supereminet
1115 3051 1365 3120 magna
1393 3029 1504 3099 Dei
1523 3028 2016 3118 omnipotentis
2041 3028 2535 3110 misericordia,
2555 3029 2676 3115 qui
2704 3027 2784 3096 ad
2817 3027 3182 3098 abluenda

620 3138 693 3186 se
725 3118 1158 3188 laudantium
1193 3118 1442 3188 delicta
1481 3140 1755 3206 semper
1787 3130 2067 3207 paratus
2098 3131 2220 3186 est.
2262 3124 2339 3187 Et
2381 3139 2503 3187 nos
2532 3116 2617 3187 ad
2654 3117 2856 3185 breve
2890 3129 3180 3206 tempus

622 3206 789 3276 haec
840 3208 1168 3296 patimur,
1220 3207 1385 3294 quia
1420 3207 1658 3276 mortis
1693 3206 2035 3276 debitores
2070 3228 2349 3275 sumus:
2404 3207 2520 3275 sed
2572 3207 2632 3275 si
2684 3204 3021 3295 patienter
3060 3219 3177 3276 tu-

620 3295 930 3376 lerimuS,
984 3294 1103 3364 illa
1152 3317 1276 3364 nos
1323 3308 1664 3386 exspectat
1703 3295 1861 3374 vita,
1901 3294 2020 3363 ubi
2071 3296 2221 3364 sine
2271 3296 2405 3364 fine
2442 3295 2853 3365 laetabimur
2891 3292 2960 3366 in
3015 3315 3178 3364 coe·

620 3384 769 3453 lesti
810 3383 1122 3473 gloria.»
1167 3384 1419 3453 Deinde
1471 3385 1770 3454 ministri
1817 3383 1902 3451 ad
1956 3383 2190 3473 palum
2242 3383 2602 3473 alligatum
2656 3383 3011 3463 Gerinum‚
3062 3383 3175 3452 la-

619 3472 905 3563 pidibus
971 3472 1260 3541 obruere
1305 3485 1703 3563 coeperunt.
1755 3477 1832 3542 At
1880 3472 1996 3542 ille
2044 3472 2543 3562 deprecabatur
2602 3471 2967 3540 Dominum
3009 3525 3026 3552 ,
3071 3472 3176 3542 ita

618 3560 892 3630 dicens:
932 3583 969 3628 «
1007 3561 1290 3630 Domine
1336 3567 1501 3631 Jesu
1549 3561 1833 3642 Christe,
1872 3562 1993 3646 qui
2031 3583 2166 3629 non
2200 3561 2443 3632 venisti
2486 3582 2727 3631 vocare
2747 3561 2997 3651 justoS,
3041 3562 3172 3631 sed

616 3664 1031 3742 peccatoreS,
1086 3650 1361 3739 suscipe
1400 3650 1720 3740 spiritum
1772 3650 1952 3720 servi
2002 3649 2142 3718 tui:
2197 3663 2263 3719 et
2317 3650 2439 3737 qui
2497 3671 2606 3719 me
2653 3671 2733 3718 ea
2786 3647 3008 3738 gratia
3057 3650 3174 3719 di-

618 3752 871 3830 gnatus
920 3761 1031 3820 eS,
1085 3752 1162 3808 ut
1211 3739 1429 3810 instar
1462 3752 1842 3828 martyrum
1897 3737 2249 3839 lapidibus
2298 3740 2503 3808 vitam
2556 3738 2755 3808 istam
2803 3736 3168 3809 mortalem

617 3830 1028 3908 amitterem,
1065 3827 1235 3896 mihi
1269 3850 1542 3915 quoque
1574 3827 2110 3898 clementissime
2143 3826 2264 3897 des
2299 3828 2566 3897 veniam
2603 3827 2940 3898 scelerum
2982 3848 3174 3899 meo·

619 3938 802 4017 rum.
833 3940 868 3983 »
920 3922 1098 3986 Haec
1146 3916 1408 3999 dicens,
1454 3918 1631 3986 inter
1662 3917 1864 3987 verba
1897 3915 2228 3986 orationis
2277 3938 2685 4006 supremum
2735 3913 2988 3986 efflavit
3021 3918 3171 4007 spi·

620 4019 857 4075 ritum.

706 4097 743 4181 §
784 4099 931 4166 12.
978 4098 1055 4163 Et
1104 4094 1343 4164 beatus
1389 4094 1669 4181 quidem
1709 4093 2167 4186 Leodegai‘ius
2196 4093 2524 4183 cupiebat
2553 4116 2714 4164 cum
2767 4094 2972 4164 fratre
3006 4116 3174 4163 san-

620 4184 903 4273 guinem
953 4183 1282 4264 fundere,
1347 4197 1422 4252 ut
1468 4183 1679 4253 simul
1742 4195 2167 4252 mererentur
2231 4183 2586 4252 coronari:
2640 4183 2755 4252 sed
2822 4182 3172 4253 Ebrolnus

617 4271 769 4359 ejus
802 4271 1062 4341 obitum
1123 4272 1396 4341 differre
1431 4272 1708 4348 volens,
1764 4284 1839 4340 ut
1886 4292 2009 4363 per
2043 4293 2298 4360 poenas
2353 4272 2474 4340 diu
2526 4272 2895 4363 productas
2931 4273 2992 4341 ei
3047 4292 3172 4340 ae-

620 4372 848 4430 ternas
894 4381 1169 4447 quoque
1218 4360 1638 4436 conciliaret,
1684 4373 1749 4429 et
1784 4381 1868 4428 ne
1916 4361 2169 4429 corona
2202 4359 2543 4431 frueretur
2576 4361 2908 4464 martyrii,
2946 4362 3168 4430 immo

620 4471 776 4520 vero
825 4450 1029 4520 etiam
1084 4449 1719 4540 praemiis'gloriae
1767 4450 2226 4540 sempiternae
2276 4450 2696 4540 privaretur,
2743 4449 2958 4539 Jussit
3000 4471 3167 4519 eum
