3347 4999
199 333 375 398 OCT.
430 332 470 395 6
710 347 788 392 nr.
838 347 892 393 s.
947 345 1238 392 aauuoxss
1287 343 1792 392 cani-ausuum.
1849 345 2243 393 ramunculi
2528 330 2656 394 225
2701 348 2704 352 ⁴

196 434 529 505 omnibus
579 431 901 500 fidelibus
951 430 1357 498 Christianis
1408 429 1777 510 beneficia,
1814 450 1989 515 quae
2018 430 2185 498 mihi
2220 433 2556 518 peccatori
2589 454 2751 501 con·

199 524 405 593 cessit
458 527 632 590 Deus
679 519 1108 589 orationibus
1146 518 1492 586 reverendi
1558 518 1689 589 nti
1739 517 1967 586 fratris
2017 520 2390 597 Brunonis,
2449 519 2746 609 piissimi

199 612 415 703 patris
447 610 758 687 fratrum,
790 608 915 695 qui
940 607 1248 676 habitant
1289 607 1355 674 in
1388 606 1698 676 ecclesiis
1737 612 2021 676 Sanctae
2057 607 2305 675 Mariae
2341 607 2424 675 de
2475 612 2741 688 EremO,

202 713 270 770 et
320 699 546 769 Sancti
597 697 924 787 Stephani
982 696 1526 785 protomartyriS,
1596 717 1773 782 quae
1821 695 1989 763 sitae
2037 708 2199 763 sunt
2250 696 2320 762 in
2374 707 2550 765 terra
2602 719 2752 766 mea

204 791 383 858 inter
428 785 790 878 oppidum,
845 784 1024 872 quod
1078 784 1334 853 dicitur
1382 783 1628 853 Stilum
1681 796 1745 853 et
1805 789 2116 852 Arenam.
2174 788 2342 853 Cum
2391 805 2611 853 essem
2677 786 2748 853 in

204 875 563 947 obsidione
613 880 903 964 Capuae,
944 872 1259 943 Calendis
1289 874 1532 952 Martii,
1586 886 1651 942 et
1701 871 2176 962 praefecissem
2231 872 2572 962 Sergium,
2626 894 2751 941 na-

207 968 387 1036 tione
414 970 772 1047 Graecum,
812 963 1197 1052 principem
1233 983 1445 1051 super
1466 963 1798 1032 ducentos
1819 962 2199 1049 armigeros
2229 961 2527 1030 nationis
2552 982 2741 1040 suae,

204 1069 273 1125 et
317 1054 654 1123 exercitus
729 1052 1176 1121 excubiarum
1245 1051 1692 1141 magistrum3
1745 1050 1862 1136 qui
1929 1050 2235 1119 satanica
2303 1050 2750 1140 persuasione

207 1155 642 1233 praeventuS‚
698 1141 892 1228 prius
928 1140 1059 1229 ipsi
1110 1139 1412 1228 principi
1464 1143 1756 1228 Capuae,
1794 1139 2218 1228 promittenti
2252 1139 2401 1208 auri
2440 1160 2574 1208 non
2608 1159 2752 1208 mo-

204 1233 432 1301 dicam
486 1231 960 1317 quantitatem,
1015 1228 1098 1297 ad
1132 1226 1594 1296 invadendum
1639 1250 1745 1297 me
1780 1249 2150 1314 meumque
2188 1228 2589 1306 exercitum,
2627 1249 2752 1296 no-

208 1336 323 1391 ctu
373 1320 637 1388 aditum
692 1317 1037 1407 pollicitus
1083 1330 1184 1385 est
1234 1338 1303 1384 se
1356 1317 1700 1404 praebere.
1768 1321 1904 1385 Nox
1956 1316 2363 1405 proditionis
2427 1315 2746 1396 advenit,

208 1411 535 1500 princeps
585 1412 852 1495 Capuae
899 1407 1185 1496 ejusque
1224 1407 1561 1474 exercitus
1604 1405 1801 1492 juxta
1850 1405 2272 1494 promissum
2322 1417 2423 1474 est
2472 1418 2753 1494 paratus

208 1500 294 1569 ad
348 1519 563 1567 arma.
625 1501 933 1581 Dumque
983 1516 1091 1563 me
1140 1494 1368 1583 sopori
1418 1493 1788 1573 dedissem,
1845 1495 2197 1583 interjecto
2243 1494 2598 1580 aliquanto
2629 1514 2751 1561 no·-

209 1589 340 1657 ctis
388 1586 631 1674 spati0‚
673 1583 935 1653 adstitit
988 1582 1202 1652 cubili
1275 1605 1424 1652 meo
1472 1583 1754 1669 quidam
1810 1604 2014 1651 senex
2065 1583 2418 1651 reverendi
2470 1581 2747 1662 vultus,

211 1676 513 1744 vestibus
564 1673 817 1756 scissis,
862 1694 993 1740 non
1044 1670 1278 1740 valens
1327 1670 1668 1761 lacrymas
1695 1672 2069 1740 continere.
2118 1672 2239 1740 Cui
2289 1693 2447 1741 cum
2498 1671 2567 1738 in
2604 1671 2756 1739 visu

214 1765 540 1842 dicerem,
594 1783 769 1847 quae
816 1782 1025 1830 causa
1077 1759 1383 1849 ploratus
1412 1776 1477 1830 et
1505 1759 1965 1849 lacrymarum
1996 1773 2196 1841 esset,
2238 1759 2426 1829 visus
2451 1773 2553 1829 est
2585 1759 2756 1827 mihi

214 1853 465 1921 durius
514 1849 907 1938 lacrymari.
948 1854 1191 1917 Iterato
1221 1849 1578 1934 quaerenti
1629 1848 1825 1928 mihi,
1859 1848 2014 1935 quis
2063 1860 2238 1918 esset
2288 1848 2617 1938 ploratuS,
2658 1848 2757 1916 sic

216 1941 352 2009 ait:
408 1937 561 2006 Fleo
612 1938 880 2006 animas
929 1938 1498 2016 Christianorum,
1554 1950 1754 2023 teque
1786 1960 1942 2006 cum
1995 1937 2134 2008 illis
2184 1937 2419 2006 simul.
2458 1942 2758 2025 Exsurge

215 2049 425 2114 quam
479 2027 805 2115 primum,
858 2049 1053 2095 sume
1101 2049 1316 2106 arma,
1361 2026 1417 2094 si
1471 2025 1760 2095 liberare
1811 2039 1870 2095 te
1922 2032 2097 2095 Deus
2146 2026 2556 2115 permiserit,
2610 2038 2757 2093 tuo-

220 2136 515 2201 rumque
549 2115 817 2184 animas
856 2127 1342 2204 pugnatorum.
1383 2116 1505 2183 Hic
1544 2115 1712 2183 mihi
1751 2137 1868 2203 per
1904 2126 2115 2184 totum
2160 2114 2543 2194 videbatur,
2578 2113 2761 2182 velut

215 2205 273 2275 si
309 2217 484 2273 esset
519 2225 637 2291 per
686 2205 913 2272 omnia
969 2204 1375 2273 venerabilis
1423 2218 1612 2293 pater
1659 2209 1910 2272 Bruno.
1996 2203 2527 2293 Expergefactus
2598 2224 2756 2273 sum

215 2316 377 2363 cum
430 2306 678 2362 terrore
726 2292 995 2392 grandi,
1038 2315 1159 2382 pro
1214 2293 1471 2362 visione
1522 2315 1918 2382 pavescens.
1973 2292 2166 2361 Illico
2215 2292 2484 2382 sumpsi
2533 2313 2753 2373 arma,

217 2382 529 2452 clamans
564 2381 924 2462 militibus,
971 2395 1045 2450 ut
1106 2382 1351 2451 armati
1409 2404 1621 2467 equos
1670 2381 2243 2462 conscenderent,
2298 2381 2628 2451 visionem
2697 2381 2758 2450 si

217 2493 377 2541 vera
423 2482 620 2550 esset,
662 2482 977 2561 satagens
1024 2470 1494 2561 comprobare.
1547 2470 1636 2540 Ad
1684 2493 1887 2558 quem
1940 2471 2299 2560 strepitum
2352 2481 2415 2539 et
2482 2468 2763 2558 clango-

218 2582 363 2629 rem
415 2558 752 2649 fugientes
799 2560 1060 2650 impius
1112 2560 1390 2649 Sergius
1419 2560 1731 2647 ejusque.
1780 2582 2142 2647 sequaceS,
2200 2559 2552 2629 subsecuti
2601 2571 2765 2628 sunt

274 2649 602 2737 rincipem
657 2653 947 2736 Capuae,
998 2662 1351 2738 sperantes
1400 2670 1471 2717 se
1518 2650 1587 2718 in
1656 2649 1909 2718 dictam
1964 2649 2303 2719 civitatem
2358 2647 2761 2736 confugium

270 2738 567 2806 abuisse.
614 2742 951 2826 Ceperunt
997 2751 1223 2807 autem
1282 2737 1551 2809 milites.
1594 2738 1772 2806 inter
1799 2738 2190 2808 vulneratos
2231 2750 2295 2806 et
2344 2758 2570 2815 sanos,
2604 2756 2766 2804 cene

218 2839 364 2896 turn
418 2826 946 2916 sexagintaduos
978 2880 992 2905 ‚
1047 2849 1086 2894 a
1133 2827 1390 2912 quibus
1448 2828 1778 2895 visionem
1833 2826 1973 2896 fore
2008 2848 2232 2895 veram
2286 2824 2765 2915 comprobavi-

220 2937 400 2984 mus,
455 2919 790 2985 Reversus
867 2938 1018 2984 sum
1053 2970 1067 2994 ,
1126 2920 1254 2984 Deo
1303 2915 1603 2996 volente,
1683 2917 2194 2985 vicesimanona
2264 2912 2435 2982 Julii
2501 2913 2816 3002 mensis,

222 3003 699 3090 squillacium,
802 3003 1108 3073 erhabita
1158 3008 1427 3093 Capuae
1473 3005 1766 3083 civitate,
1821 3004 1944 3073 ubi
2001 3002 2101 3072 fui
2153 3023 2272 3090 per
2333 3001 2763 3088 quindenam

217 3093 618 3161 continuam
665 3092 731 3159 in
766 3104 1079 3160 irmatuS.
1135 3090 1327 3162 Venit
1388 3116 1541 3162 vero
1591 3094 1738 3180 jam
1790 3093 2014 3161 dictus
2067 3090 2481 3159 venerabilis
2533 3095 2763 3159 Bruno

218 3202 379 3250 cum
415 3192 709 3267 quatuor
755 3179 839 3248 de
887 3179 1214 3251 fratribus
1266 3182 1436 3263 suis,
1489 3184 1607 3268 qui
1663 3202 1770 3249 me
1831 3181 1978 3249 suis
2034 3180 2291 3249 sanctis
2363 3180 2765 3266 devotisque

220 3268 586 3354 colloquiis
618 3268 948 3338 consolati
990 3283 1172 3339 sunt.
1229 3271 1348 3340 Cui
1409 3270 1775 3338 reverendo
1830 3269 1972 3338 viro
2024 3269 2354 3337 visionem
2411 3268 2637 3340 retuli.
2700 3282 2767 3338 et

220 3358 523 3427 humiles
572 3357 827 3446 gratias
858 3358 990 3448 egi,
1036 3359 1155 3445 qui
1190 3358 1275 3429 de
1326 3381 1432 3428 me
1471 3360 1670 3428 etiam
1717 3357 1997 3427 absente
2034 3357 2181 3428 suis
2231 3358 2301 3426 in
2338 3357 2766 3427 orationibus

216 3468 461 3516 curam
515 3446 886 3515 habuisset.
922 3448 1046 3529 Qui
1086 3470 1155 3516 se
1179 3447 1535 3516 humiliter
1582 3447 1877 3516 asseruit
1910 3468 2041 3515 non
2079 3448 2306 3536 ipsum
2353 3448 2517 3525 fore,
2556 3468 2767 3534 quem

220 3534 510 3614 credidi,
566 3534 679 3602 sed
735 3535 845 3602 Dei
896 3536 1254 3624 Angelum,
1299 3537 1418 3622 qui
1451 3536 1675 3604 adstat
1724 3536 2026 3625 Principi
2066 3547 2368 3625 tempore
2418 3535 2608 3604 belli.
2642 3541 2770 3605 Ro-

224 3624 377 3715 gavi
427 3644 699 3709 quoque
736 3623 961 3712 ipsum
998 3624 1372 3703 humiliter,
1408 3637 1485 3694 ut
1570 3635 1875 3712 ropterea
1915 3624 1999 3693 de
2037 3625 2242 3694 rebus
2272 3625 2444 3693 meis
2486 3626 2554 3691 in
2593 3636 2771 3693 terra

224 3711 680 3798 Squillacensi
744 3734 1014 3781 sumere
1062 3713 1466 3803 dignaretur
1540 3735 1742 3803 argos
1791 3713 2126 3793 reddituS,
2166 3736 2341 3800 quos
2391 3712 2763 3781 donabam.

226 3807 550 3870 Renuens
608 3799 747 3880 ille,
801 3801 1099 3890 recipere
1149 3802 1329 3870 nolle
1392 3801 1708 3881 dicebat,
1763 3802 1951 3889 quod
2002 3804 2084 3871 ad
2140 3802 2268 3871 lioc
2317 3802 2603 3870 domum
2655 3801 2767 3870 sui

228 3889 442 3979 patris
477 3911 840 3975 meamque
873 3888 1252 3969 dimiserat,
1306 3903 1380 3958 ut
1428 3892 1713 3960 omnino
1762 3891 1845 3959 de
1896 3892 2101 3960 rebus
2148 3890 2487 3961 extraneis
2545 3889 2764 3970 liber,

220 3978 595 4047 deserviret
644 3982 775 4046 Deo
823 4000 972 4046 suo.
1019 3980 1141 4048 Hic
1190 3980 1411 4048 fuerat
1460 3981 1525 4048 in
1580 3992 1715 4050 tota
1767 3980 1971 4049 domo
2023 4002 2196 4061 mea,
2249 3980 2447 4067 quasi
2503 3980 2772 4068 primus

229 4079 292 4135 et
342 4088 660 4156 magnus.
700 4066 997 4135 Tandem
1053 4068 1160 4137 vix
1191 4068 1277 4136 ab
1307 4090 1386 4137 eo
1434 4070 1804 4159 impetrare
1839 4070 2077 4158 potuit,
2117 4080 2192 4137 ut
2231 4069 2446 4158 gratis
2496 4068 2773 4155 acquie-

231 4166 445 4224 sceret
491 4178 762 4224 sumere
799 4155 1146 4226 modicum
1195 4179 1449 4228 munus
1501 4181 1759 4229 meum.
1800 4158 2052 4226 Donavi
2087 4158 2272 4226 enim
2323 4157 2543 4226 eidem
2594 4157 2773 4246 patri

228 4244 535 4312 Brunoni
580 4245 865 4332 ejusque
900 4246 1413 4317 successoribus
1447 4247 1533 4317 ad
1576 4246 1974 4317 habendum
2021 4247 2094 4313 in
2151 4260 2556 4336 perpetuum
2617 4246 2773 4316 abs-

222 4353 366 4419 que
425 4334 778 4423 temporali
835 4335 1107 4405 servitio
1179 4337 1671 4408 monasterium
1741 4340 1804 4404 S.
1871 4334 2105 4405 Jacobi
2165 4359 2324 4405 cum
2383 4348 2652 4415 castr0,
2709 4347 2775 4404 et

391 4452 628 4511 surius
658 4483 681 4497 -
723 4452 890 4514 Vitae
918 4456 1031 4515 SS.
1062 4486 1086 4499 ·
1118 4453 1248 4516 Vol.
1278 4453 1351 4515 X.
2540 4450 2615 4511 15
