3347 4999
62 331 278 398 OCT.
339 332 377 396 3
841 347 919 393 nr.
968 346 1022 393 s.
1080 345 1383 393 PETRONIO
1435 342 1629 392 EPISC.
1685 341 1918 392 sonori.
2441 329 2567 392 1109

62 433 311 525 legati
360 452 634 520 quoque
682 430 1025 511 adessent,
1077 452 1274 517 quos,
1332 442 1601 497 mortuo
1653 427 1870 496 Felice
1923 428 2261 498 Bononiae
2301 429 2648 518 episcopO,

63 524 219 609 qui
277 523 564 591 intimus
615 524 679 589 S.
732 518 1074 589 Ambrosii
1124 517 1487 587 Mediolani
1528 517 1834 607 episcopi
1878 515 2135 586 sodalis
2164 517 2494 597 extiterat,
2532 522 2656 586 Bo-

66 611 474 681 nonienses
519 608 910 699 pontificem
967 619 1278 696 rogatum
1332 607 1688 685 miserant,
1741 618 1817 673 ut
1868 605 1932 673 in
1980 604 2170 675 illius
2222 606 2447 676 locum
2502 629 2658 676 suc-

65 721 448 769 cessorem
490 698 622 767 sibi
671 697 1088 786 Episcopum
1140 695 1610 766 substitueret.
2118 733 2168 769 -.

175 791 222 877 ξ
277 793 365 861 ὅ.
420 786 630 855 Pa'ulo
670 799 897 855 autem
949 797 1107 854 ante
1137 840 1151 864 ,
1196 806 1406 871 quam
1460 784 1505 852 ii
1549 784 1755 876 legati
1805 789 2090 853 Romam
2143 781 2650 863 adventassent,

70 878 346 946 divina
398 875 742 945 voluntate
790 897 828 943 a
880 886 1116 943 sancto
1166 878 1357 943 Petro
1419 873 1738 963 Apostolo
1800 874 1870 942 in
1922 872 2189 941 somnis
2240 870 2660 941 Caelestinus

75 965 413 1054 pontifex
460 963 856 1034 admonitus
904 974 1041 1043 est,
1106 973 1181 1032 ut
1243 961 1524 1048 quando
1575 961 1758 1032 Felix
1807 961 2152 1046 Bononiae
2207 961 2576 1061 episcopus
2625 981 2661 1028 e

77 1056 246 1125 vita
297 1055 428 1123 hac
471 1054 857 1143 migrasset,
914 1051 1332 1130 Petronium,
1375 1051 1497 1137 qui
1548 1050 1816 1142 legatus
1849 1074 1891 1120 a
1938 1048 2317 1119 Theodos1o
2369 1050 2661 1138 impera·

77 1160 251 1214 tore
297 1144 578 1223 missuS,
632 1139 714 1210 ad
769 1141 1013 1209 urbem
1069 1139 1462 1228 propediem
1498 1140 1871 1210 adfuturus
1905 1151 2068 1216 erat,
2107 1137 2663 1207 Bononiensibus

73 1234 517 1323 episcopum
560 1229 997 1319 praeficeret:
1054 1250 1215 1297 cum
1271 1228 1612 1298 neminem
1666 1250 1816 1299 esse
1864 1227 2046 1297 idem
2091 1225 2487 1306 affirmaret,
2541 1227 2661 1313 qui

74 1336 154 1392 et
185 1323 655 1411 Episcopatus
683 1339 969 1387 munere
1011 1317 1401 1407 religiosius
1437 1317 1990 1407 perfunderetur,
2025 1328 2090 1384 et
2124 1316 2662 1384 Bononiensium

80 1409 535 1480 desiderium
575 1429 739 1478 sane
763 1408 1033 1496 justum
1085 1405 1407 1496 expleret.
1463 1411 1610 1490 Qua
1648 1406 1928 1494 quidem
1965 1427 2037 1473 re
2067 1417 2456 1473 commotus
2489 1409 2664 1473 Pon·

82 1500 294 1574 tifex,
333 1517 493 1568 cum
528 1498 668 1586 Jam
715 1496 1075 1565 Petronius
1125 1494 1432 1564 simulet
1486 1497 1951 1564 Bononienses
2000 1493 2342 1572 adessent,
2402 1514 2481 1560 ac
2538 1514 2665 1561 sua

92 1590 396 1674 utrique
438 1584 777 1675 postulata
826 1585 1326 1672 exposuissent,
1365 1606 1541 1670 quae
1592 1607 1714 1672 per
1760 1583 2057 1670 quietem
2129 1582 2511 1671 acceperit,
2566 1581 2666 1648 eis

92 1676 438 1756 ostendit,
504 1689 707 1760 atque
746 1673 1139 1743 Petronium
1194 1672 1516 1741 idoneum
1572 1670 1814 1742 Felicis
1865 1691 2332 1741 successorem
2375 1691 2447 1738 se
2502 1668 2668 1738 dare

101 1764 633 1857 pronunciavit.
661 1767 751 1830 De
780 1783 850 1831 re
875 1775 1103 1831 autem
1138 1762 1558 1838 Nestoriana,
1596 1783 1805 1848 quam
1843 1760 1959 1829 ille
1990 1757 2352 1829 Theodosii
2389 1758 2669 1827 nomine

103 1853 496 1931 retulerat,
549 1849 939 1920 collaudata
1006 1851 1307 1938 primum
1379 1849 1679 1940 religiosi
1740 1848 1931 1917 illius
1982 1848 2319 1937 principis
2370 1848 2661 1936 pietate,

103 1942 443 2032 privatim
494 1941 554 2008 ei
608 1938 980 2027 respondit,
1018 1959 1111 2019 se,
1147 1961 1231 2005 ne
1277 1960 1355 2007 ea
1388 1939 1709 2030 pestifera
1752 1937 2057 2007 haeresis
2100 1936 2309 2006 latius
2343 1938 2666 2025 serperet,

106 2029 665 2106 oecumenicam,
706 2041 780 2097 ut
829 2027 1037 2096 moris
1090 2039 1289 2114 esset,
1344 2027 1689 2117 synodum
1736 2026 2198 2095 indicturum:
2237 2046 2413 2112 quae
2465 2046 2672 2113 syno-

109 2120 255 2189 dus
280 2117 530 2206 Ephesi
559 2117 746 2205 prior
777 2116 1087 2203 sequenti
1118 2137 1303 2185 anno
1329 2116 1669 2186 celebrata
1709 2129 1811 2185 est
1840 2114 2181 2202 frequenti
2217 2113 2671 2183 ducentorum

112 2208 620 2298 Episcoporum
673 2218 1036 2275 conventu.

209 2300 247 2384 ξ
287 2300 381 2366 6.
426 2295 699 2363 Divinae
739 2295 951 2394 igitur
991 2293 1362 2364 voluntatis
1393 2292 1900 2383 significatione
1933 2291 2324 2361 declaratus
2358 2312 2398 2359 a
2445 2289 2674 2359 Ponti·

115 2387 277 2465 sice,
321 2384 663 2453 Bononiae
695 2405 1065 2474 episcopus
1115 2383 1497 2463 PetroniuS,
1536 2395 1613 2451 ut
1646 2383 1705 2451 is
1735 2436 1750 2463 ‚
1789 2382 1910 2469 qui
1944 2392 2251 2466 cerneret
2284 2378 2676 2470 episcopale

117 2495 306 2544 onus
364 2493 567 2563 grave
614 2494 803 2554 esse,
862 2493 1083 2559 neque
1144 2471 1345 2541 facile
1395 2471 1747 2553 sustineri,
1801 2470 1934 2540 nisi
1986 2468 2325 2560 singulari
2374 2467 2674 2556 quadam

123 2564 523 2633 divinarum
569 2562 896 2631 virtutum
951 2562 1391 2651 praestantia,
1448 2559 1515 2629 id
1554 2562 1778 2650 primo
1812 2581 2131 2629 recusare
2177 2557 2570 2629 contendit:
2612 2568 2680 2626 at

123 2652 406 2742 cognita
453 2652 794 2720 constanti
845 2649 1190 2720 voluntate
1238 2649 1589 2720 Pontificis
1624 2705 1640 2730 ,
1694 2648 1815 2736 qui
1863 2648 2196 2718 divinitus
2261 2645 2562 2716 delatum
2613 2646 2677 2714 ei

127 2763 389 2811 munus
438 2739 645 2841 plane
694 2739 1046 2829 repudiari
1099 2737 1390 2819 nolebat,
1445 2737 1636 2808 illius
1673 2738 1911 2828 jussui
1957 2736 2473 2836 obtemperavit.
2546 2738 2679 2802 Ita-

124 2852 262 2917 que
312 2828 514 2908 datts,
571 2841 645 2898 ut
678 2828 984 2898 Pontifex
1009 2828 1337 2915 jusserat,
1384 2827 1469 2896 ad
1503 2826 1970 2896 Theodosium
2007 2825 2251 2894 litteris
2282 2824 2367 2893 de
2408 2821 2680 2911 Synodo

123 2931 366 2989 contra
413 2917 798 2988 Nestorium
833 2917 1084 3006 Ephesi
1132 2915 1597 2995 convocanda,
1636 2914 2010 2986 Bononiam
2066 2915 2284 2982 Roma
2327 2909 2682 3002 profectus

124 3021 231 3078 est
260 3029 403 3077 una
432 3030 589 3077 cum
636 3006 878 3097 legatis
912 3005 1485 3075 Bononiensibus.
1554 3005 1684 3075 Ubi
1732 3025 1888 3073 vero
1947 3002 2031 3070 ad
2082 3001 2327 3071 u‘rbem
2364 3000 2675 3081 accessit,

125 3096 348 3167 effusa
395 3096 710 3167 omnium
753 3108 1054 3164 aetatum
1095 3108 1300 3182 atque
1346 3094 1672 3164 ordinum
1709 3090 2123 3184 gratulantis
2154 3088 2448 3161 civitatis
2497 3088 2683 3158 ‘mul-

123 3184 423 3255 titudine
463 3197 810 3274 exceptuS,
850 3183 1208 3253 basilicam
1252 3183 1473 3253 sancti
1527 3182 1727 3261 Petri,
1775 3202 1953 3268 quae
2000 3192 2143 3248 tum
2185 3190 2375 3250 extra
2432 3178 2679 3247 urbem

127 3274 330 3345 sedes
361 3273 680 3363 Episcopi
713 3286 895 3354 erat,
943 3273 1300 3373 ingressus
1327 3327 1342 3354 ,
1388 3276 1558 3351 Deo,
1594 3283 1673 3340 ut
1705 3269 1792 3340 ab
1823 3270 2105 3338 ineunte
2135 3279 2350 3337 aetate
2386 3267 2685 3337 instituti

128 3364 244 3433 sui
274 3373 440 3443 erat,
482 3361 823 3451 religiosis
857 3363 1181 3451 precibus
1216 3361 1471 3452 gratias
1497 3360 1660 3450 egit.
1701 3357 1870 3427 Inde
1901 3357 1984 3426 ad
2022 3356 2396 3447 explendas
2435 3355 2685 3445 optimi

128 3451 429 3543 pastoris
464 3464 710 3539 partes,
750 3463 816 3520 et
847 3449 1214 3519 commoda
1249 3450 1546 3519 civitatis
1596 3446 2035 3538 procuranda
2084 3468 2156 3517 se
2202 3445 2516 3516 contulit.

226 3541 261 3627 ἓ
308 3544 385 3611 2.
440 3543 587 3621 Quo
636 3551 863 3608 autem
917 3552 1223 3629 tempore
1271 3536 1644 3609 Bononiam
1691 3535 1873 3605 venit
1903 3535 1988 3604 ad
2026 3534 2436 3626 pastoralem
2472 3532 2687 3603 eccle-

132 3631 279 3700 siae
312 3649 478 3699 suae
511 3627 768 3709 sedem,
816 3650 974 3697 cum
1013 3627 1317 3698 haeresis
1347 3626 1635 3696 Arianae
1685 3624 2018 3712 reliquiae
2056 3622 2363 3694 nondum
2403 3643 2688 3712 prorsus

131 3718 470 3788 extinctae
518 3730 736 3793 erant,
793 3729 938 3786 tum
990 3715 1251 3785 nefaria
1290 3736 1526 3785 eorum
1561 3714 1936 3803 impietate,
1979 3735 2059 3783 ac
2106 3713 2565 3783 barbarorum
2606 3717 2696 3780 si-

142 3805 312 3887 mul,
356 3806 476 3893 qui
528 3806 835 3896 proxime
873 3805 942 3873 in
977 3804 1245 3874 Italiam
1285 3805 1701 3893 irruperant,
1741 3802 2030 3872 immani
2062 3800 2330 3871 feritate
2363 3799 2696 3871 ecclesiae

142 3894 397 3965 multae
442 3915 717 3964 eversae
765 3916 844 3963 ac
894 3905 1273 3982 prostratae
1310 3892 1657 3983 jacebant.
1721 3892 1843 3962 His
1893 3890 2098 3960 malis
2147 3889 2497 3978 imprimis
2530 3911 2692 3959 cum

143 3986 225 4064 is,
277 3983 416 4053 zelo
465 3982 717 4052 domus
766 3982 881 4052 Dei
913 4004 1272 4063 accensuS,
1326 3981 1459 4051 sibi
1508 3980 2018 4052 occurrendum
2070 3978 2520 4058 existimaret,
2552 3978 2695 4067 pri-

148 4094 332 4141 mum
369 4072 684 4142 doctrina
732 4083 797 4140 et
831 4083 1107 4141 sanctae
1146 4071 1322 4140 vitae
1368 4068 1615 4151 officiis
1663 4071 2005 4141 civitatem
2047 4068 2414 4148 instruere,
2453 4088 2699 4158 propo-

152 4161 408 4247 sitoque
467 4161 687 4231 sancti
737 4158 1076 4229 Ambrosii
1126 4158 1654 4230 Mediolanensis
1693 4157 2001 4250 episcopi
2066 4155 2379 4247 exemplo
2414 4210 2429 4238 ‚
2485 4154 2720 4237 fidem,

152 4248 580 4332 catholicam,
624 4249 877 4320 Ariana
926 4248 1214 4405 perfidia
1255 4248 1599 4329 violatam,
1655 4247 2018 4318 restituere
2054 4266 2498 4346 summopere
2530 4265 2701 4314 con-

155 4337 382 4407 tendit.
436 4339 692 4408 Deinde
743 4351 928 4426 temp
960 4360 999 4406 a
1037 4338 1148 4407 Dei
1181 4337 1566 4407 disturbata
1615 4349 1821 4424 atque
1871 4357 2107 4406 eversa
2147 4333 2403 4415 refecit,
2450 4346 2513 4402 et
2561 4332 2700 4402 alia

160 4427 306 4494 item
358 4448 551 4511 nova,
584 4450 721 4515 quo
756 4426 979 4516 major
1018 4425 1104 4497 ad
1143 4427 1254 4497 Dei
1291 4425 1554 4497 cultum
1582 4426 1654 4494 in
1692 4424 1840 4495 dies
1874 4423 2132 4495 acessio
2167 4422 2381 4504 fieret,
2424 4441 2698 4491 summo
