3347 4999
700 292 830 356 260
1471 307 1550 352 ns
1596 302 1652 352 S.
1706 305 1970 353 ramola
2017 304 2264 353 rossntr.
2881 287 3054 353 OCT.
3109 289 3151 352 8

611 390 842 461 adhuc
890 391 977 460 ad
1027 390 1233 481 pedes
1295 389 1516 458 sancti
1563 388 1887 489 Episcopi
1927 388 2270 476 jacentem
2301 442 2316 468 ,
2372 388 2618 476 vixque
2650 389 2714 458 ei
2749 389 3153 478 persuaderi

616 482 836 571 potuit
865 535 880 561 ‚
933 493 1010 549 ut
1048 490 1355 570 surgeret
1395 500 1436 547 a
1484 490 1689 547 terra.
1758 477 1936 546 D1xit
2002 492 2231 547 autem
2282 477 2345 546 ei
2393 479 2759 567 episcopus
2807 482 3146 565 Nonnus:

613 591 652 636 «
690 574 930 659 Surge,
987 568 1153 649 filia,
1193 580 1270 637 ut
1317 567 1744 637 exorcismus
1796 566 1916 635 tibi
1965 565 2399 643 adhibeatur.
2446 566 2643 636 Prius
2690 579 2918 635 autem
2984 589 3151 636 con-

614 658 805 727 fitere
851 657 1086 727 omnia
1130 671 1404 747 peccata
1441 666 1583 725 tua.
1627 679 1664 723 »
1715 654 1840 724 Illa
1890 655 2287 745 respondit:
2346 677 2383 721 «
2420 660 2558 745 Ego
2606 655 2663 723 si
2715 654 2916 724 velim
2965 655 3156 725 evol-

613 767 767 817 vere
815 747 1312 816 conscientiam
1355 767 1604 823 meam‚
1661 756 1764 814 sat
1811 744 1954 813 scio
2007 743 2179 812 nihil
2223 766 2330 813 me
2378 743 2539 813 boni
2588 744 2815 834 operis
2854 742 2995 813 illic
3044 768 3156 815 re-

616 831 990 926 perturam.
1046 840 1236 905 Certa
1290 846 1520 904 autem
1563 855 1716 903 sum
1746 888 1767 912 ,
1873 844 2102 902 eccata
2152 855 2302 902 mea
2353 854 2479 901 suo
2530 832 2831 923 pondere
2878 834 3155 903 vincere

615 926 828 994 maris
879 945 1204 1004 arenam;
1278 937 1344 992 et
1393 943 1514 1014 pro
1566 943 1603 990 e
1671 856 1868 990 nibilJ
1907 944 2056 992 esse
2124 923 2522 992 universum
2576 943 2763 995 mare
2812 943 2971 1011 prae
3021 923 3156 991 im-

615 1035 857 1084 mensa
908 1012 1089 1082 mole
1138 1013 1507 1082 innumera
1562 1010 1757 1079 ilium
1814 1026 2248 1101 peccatorum
2314 1032 2649 1080 meorum.
2728 1011 2855 1081 Sed
2924 1025 3152 1080 tamen

611 1102 887 1172 confido
935 1101 1019 1171 de
1070 1106 1199 1170 Deo
1254 1113 1396 1181 tuo,
1442 1101 1899 1171 remissurum
1940 1122 2097 1169 eum
2153 1098 2424 1190 pondus
2476 1100 2921 1187 iniquitatum
2957 1121 3151 1169 mea-

614 1212 796 1273 rum,
850 1203 915 1261 et
963 1213 1071 1260 me
1122 1212 1242 1280 pro
1292 1213 1419 1259 sua
1466 1189 1834 1259 clementia
1883 1200 2382 1279 respecturum.
2425 1211 2461 1254 »
2501 1188 2605 1257 Ait
2653 1187 2739 1257 ad
2791 1209 2939 1256 eam
2988 1210 3157 1257 san-

615 1295 769 1351 ctus
816 1284 1103 1350 Nonnus
1148 1278 1551 1369 episcopus:
1597 1300 1634 1343 «
1666 1277 1807 1359 Dic,
1859 1299 1996 1364 quo
2044 1277 2305 1347 voceris
2354 1277 2727 1346 nomine.»
2777 1275 3158 1367 Respondit

615 1368 768 1438 itta:
815 1392 853 1435 «
905 1374 951 1438 Α
1022 1367 1425 1459 parentibus
1473 1365 1785 1456 Pelagiae
1836 1387 2083 1435 nomen
2153 1365 2318 1434 mihi
2372 1366 2774 1455 impositum
2845 1378 2982 1438 est:
3029 1366 3152 1437 sed

609 1458 796 1527 cives
844 1457 1244 1528 Antiocheni
1295 1457 1731 1548 Margaritam
1783 1477 1892 1524 me
1929 1467 2189 1537 vocant,
2245 1469 2524 1544 propter
2562 1455 2832 1547 copiam
2885 1476 3156 1546 marga-

616 1546 902 1615 ritorum
938 1560 1004 1616 et
1052 1546 1265 1617 moles
1316 1558 1906 1625 ornamentorum,
1959 1544 2215 1631 quihus
2265 1564 2374 1611 me
2423 1565 2573 1612 mea
2607 1543 2865 1614 scelera
2897 1544 3155 1614 instru-

614 1648 887 1704 xerunt.
932 1635 1055 1703 Fui
1101 1636 1310 1715 enim,
1365 1633 1540 1725 proh
1588 1633 1815 1702 dolor!
1855 1633 2033 1702 male
2061 1644 2414 1722 comptum
2452 1632 2710 1702 diaboli
2743 1644 2952 1702 rete.»
2976 1638 3151 1702 Rur-

615 1744 739 1793 sus
786 1722 873 1791 ad
921 1743 1073 1791 eam
1137 1735 1417 1793 sanctus
1463 1723 1881 1812 Episcopus:
1940 1745 1977 1787 «
2029 1721 2308 1810 Proprio
2345 1743 2420 1790 er
2468 1744 2529 1804 o,
2570 1720 2816 1809 inquit,
2871 1724 3155 1791 nomine

613 1811 886 1902 Pelagia
920 1810 1213 1881 diceris?
1242 1834 1277 1877 »
1320 1811 1697 1901 Respondit
1737 1809 1896 1879 illa:
1937 1832 1975 1876 α
2011 1809 2240 1890 Plane,
2281 1811 2377 1879 mi
2457 1810 2711 1880 omine.
2750 1833 2786 1878 »
2823 1815 2969 1880 Mox
2996 1811 3154 1901 Epi-

614 1922 869 1991 scopus
917 1900 1321 1969 exorcizavit
1367 1913 1430 1968 et
1477 1899 1844 1988 baptizavit
1889 1919 2080 1980 earn;
2132 1911 2196 1968 et
2245 1921 2401 1968 cum
2457 1899 2899 1990 imposuisset
2944 1899 3006 1968 ei
3054 1900 3153 1969 si-

613 2011 832 2079 gnum
885 1989 1180 2069 Domini,
1217 2002 1419 2076 atque
1451 2009 1655 2057 cruce
1692 2009 1843 2057 eam
1892 1988 2388 2089 consignasset,
2434 1989 2865 2059 Dominicum
2900 2011 3155 2077 corpus

611 2079 676 2147 ei
724 2076 1008 2146 tradidit
1051 2076 1105 2141 ⁴.
1165 2076 1507 2167 Spiritalis
1567 2099 1724 2146 vero
1783 2088 1998 2146 mater
2046 2098 2109 2146 el
2157 2077 2483 2148 attributa
2524 2087 2636 2147 'est
2685 2077 2971 2147 domina
3020 2081 3152 2147 Ro-

616 2188 845 2245 mana,
892 2167 1119 2255 prima
1167 2166 1760 2245 Diaconissarum;
1812 2186 1988 2253 quae
2035 2188 2186 2235 eam
2237 2166 2323 2234 ad
2374 2188 2445 2235 se
2491 2166 2862 2256 accipiens,
2914 2188 3155 2235 ascen*

613 2254 714 2321 dit
746 2276 906 2322 cnm
956 2275 1036 2323 ea
1082 2256 1152 2322 in
1189 2254 1444 2337 locum,
1490 2255 1609 2325 ubi
1638 2254 2113 2324 catechumeni
2156 2255 2717 2336 instituebantur,
2753 2277 2834 2324 eo
2866 2254 3049 2342 quod
3088 2267 3153 2324 et

616 2363 741 2411 nos
787 2341 929 2411 illic
981 2364 1441 2414 maneremus

704 2433 740 2519 ἓ
787 2434 868 2504 8.
901 2432 1027 2501 ‘Ait
1065 2442 1294 2503 autem
1330 2433 1415 2502 ad
1465 2453 1573 2501 me
1604 2435 1886 2501 Nonnus
1927 2431 2330 2523 episcopus:
2372 2454 2407 2497 «
2439 2436 2712 2502 Laetum
2742 2431 2931 2502 hunc
2970 2429 3153 2499 diem

616 2542 651 2589 a
707 2543 934 2602 amuS,
986 2521 1195 2592 frater
1245 2523 1361 2603 mi,
1401 2544 1557 2592 cum
1611 2519 1886 2611 Angelis
1920 2522 2058 2603 Dei,
2096 2533 2159 2591 et
2210 2533 2473 2612 praeter
2508 2543 2764 2590 morem
2802 2533 3141 2599 nostrum,

614 2631 655 2679 o
686 2631 844 2679 eum
897 2611 1327 2701 accipiamus
1377 2612 1445 2679 in
1486 2609 1747 2692 cibum,
1784 2623 1850 2679 et
1884 2609 2118 2679 vinum
2171 2633 2328 2678 cum
2380 2609 2674 2699 spiritali
2714 2609 3152 2695 jucunditate

615 2699 940 2769 bibamus
1014 2712 1291 2791 propter
1351 2699 1568 2787 hujus
1631 2698 1902 2788 puellae
1970 2697 2283 2768 salutem.
2346 2722 2381 2765 »
2434 2698 2876 2768 sumentibus
2924 2698 3154 2785 itaque

616 2787 816 2857 nobis
863 2788 1125 2869 cibum,
1178 2787 1564 2858 audiuntur
1595 2809 1791 2856 voces
1824 2786 2075 2867 subito,
2118 2799 2463 2873 tamquam
2498 2785 2798 2856 hominis
2832 2786 2971 2855 vim
3009 2808 3153 2855 ma-

616 2899 826 2965 gnam
900 2876 1248 2967 patientis.
1302 2876 1651 2946 Clamabat
1697 2875 1879 2944 enirn
1934 2875 2024 2945 im
2082 2875 2457 2945 urissimus
2517 2874 2851 2955 daemon,
2907 2874 3156 2944 dolens

613 2987 767 3035 eam
817 2967 1124 3036 animam
1166 2988 1203 3036 e
1252 2965 1399 3037 suis
1439 2965 1783 3045 faucibuS,
1838 2965 2045 3055 singu
2076 2965 2178 3034 ari
2212 2965 2328 3033 Dei
2368 2963 2845 3033 misericordia
2873 2976 2938 3034 et
2971 2963 3158 3034 beati

615 3055 937 3145 Episcopi
989 3059 1221 3157 opera,
1273 3069 1623 3146 ereptam:
1695 3077 1730 3121 «
1764 3058 1914 3123 Heu
1955 3076 2061 3122 me
2109 3053 2439 3122 miserum
2479 3107 2494 3134 ‚
2548 3051 2796 3140 inquit,
2847 3052 3016 3139 quid
3065 3052 3156 3122 ab

612 3142 742 3212 hoc
782 3143 1128 3235 decrepito
1180 3145 1398 3235 patior
1447 3147 1659 3213 sene?
1722 3148 1866 3213 Non
1910 3142 2034 3212 tibi
2073 3140 2430 3212 sufficiunt
2465 3142 2747 3231 triginta
2784 3141 3001 3210 millia
3036 3145 3158 3211 Sa-

614 3252 1048 3314 racenorum,
1085 3254 1262 3320 quos
1323 3233 1496 3301 mihi
1559 3231 1928 3314 abstulisti,
1968 3243 2031 3302 et
2085 3229 2474 3321 baptizasti,
2528 3244 2593 3300 et
2649 3230 2960 3300 obtulisti
3016 3234 3157 3300 Deo

616 3321 784 3388 tuo?
845 3325 986 3390 Non
1042 3321 1164 3390 tibi
1225 3320 1605 3391 sufficiebat
1673 3320 2094 3410 Helibpolis‚
2161 3342 2339 3407 quae
2398 3341 2560 3390 cum
2631 3333 2808 3390 esset
2866 3317 3157 3391 ditionis

619 3428 837 3489 meae,
890 3420 956 3478 et
1010 3429 1249 3480 omnes
1313 3410 1463 3500 ejus
1516 3410 1934 3480 habitatores
1987 3431 2095 3478 me
2154 3409 2458 3479 colerent
2519 3420 2585 3478 et
2644 3408 3028 3485 adorarent,
3072 3418 3159 3478 tu

611 3516 765 3565 eam
817 3518 856 3564 a
914 3519 1023 3566 me
1078 3498 1507 3580 abalienasti,
1571 3512 1636 3568 et
1697 3497 2052 3568 restituisti
2109 3503 2240 3568 Deo
2298 3502 2460 3567 tuo?
2508 3503 2676 3568 Ecce
2728 3498 2915 3567 enim
2949 3517 3156 3585 sepa-

617 3584 789 3654 rasti
836 3607 876 3654 a
911 3607 1018 3654 me
1053 3588 1423 3656 maximam
1460 3609 1654 3677 spem
1694 3609 1943 3666 meam,
1986 3608 2111 3656 nec
2154 3592 2297 3674 jam
2350 3586 2523 3658 ferre
2559 3609 2841 3677 possum
2892 3583 3157 3654 machi-

611 3674 927 3744 nationes
1003 3688 1177 3745 tuas.
1250 3675 1438 3743 Eheu
1501 3676 1669 3763 quid
1738 3676 2001 3766 perfero
2073 3675 2159 3745 ab
2213 3676 2341 3745 isto
2412 3676 2678 3745 homini
2733 3673 3157 3744 execrabili?

612 3761 976 3834 Maledicta
1023 3764 1112 3833 sit
1144 3763 1289 3833 dies
1337 3763 1483 3846 illa,
1528 3766 1594 3832 in
1629 3787 1768 3853 qua
1817 3776 2022 3834 natus
2068 3786 2143 3834 es
2193 3777 2298 3834 tu:
2339 3764 2634 3835 flumina
2680 3763 3158 3853 lacrymarum

612 3851 956 3922 inundant
1006 3851 1439 3922 domicilium
1493 3876 1750 3923 meum.
1804 3853 2040 3923 Ablata
2089 3876 2126 3923 a
2178 3875 2287 3922 me
2334 3867 2434 3923 est
2467 3876 2622 3943 spes
2660 3873 2835 3923 mea.
2874 3876 2910 3919 »
2952 3858 3157 3923 Hunc

610 3941 684 4009 in
724 3941 1004 4011 modum
1048 3940 1446 4011 clamitabat
1497 3942 1706 4012 miser
1752 3941 1868 4011 ille
1899 3966 1914 4022 ;
1951 3955 2014 4012 et
2061 3942 2148 4011 ad
2198 3942 2374 4013 fores
2420 3941 2628 4012 dabat
2675 3941 3003 4032 ejulatus,
3062 3943 3161 4012 ita

610 4041 690 4099 ut
720 4030 805 4099 ab
853 4031 1183 4101 omnibus
1231 4031 1613 4101 audiretur.
1663 4031 1916 4101 Deinde
1962 4044 2026 4100 et
2072 4030 2159 4101 ad
2211 4030 2619 4121 neophytam
2659 4031 2958 4122 puellam
3008 4053 3163 4104 sese

612 4132 1040 4203 convertens,
1081 4143 1117 4188 «
1152 4121 1508 4201 Haeccine,
1573 4120 1830 4209 inquit,
1885 4120 2053 4189 mihi
2105 4120 2275 4188 facis
2308 4120 2583 4189 domina
2637 4143 2810 4202 mea,
2850 4120 3156 4213 Pelagia,

612 4220 677 4277 et
726 4207 1018 4281 imitaris
1074 4209 1324 4279 Judam
1389 4232 1644 4292 meum,
1692 4209 2107 4300 proditorem
2163 4210 2433 4279 Domini
2468 4210 2617 4280 sui:
2672 4211 2794 4296 qui
2844 4232 3007 4279 cum
3066 4211 3162 4281 ab

664 4372 690 4396 ⁸·
711 4368 858 4465 Βὶηῖἐιῐ
878 4381 988 4422 ergo
1008 4373 1051 4413 S.
1073 4371 1260 4423 Pelagia
1283 4373 1585 4415 Sacramenta
1602 4373 1709 4418 tria,
1729 4372 2022 4422 Baptismum
2042 4369 2279 4418 videlicet,
2301 4372 2707 4413 confirmationem
2728 4373 2777 4412 et
2796 4372 3166 4420 Bochai-istium.

609 4435 781 4476 suscep
825 4453 835 4466 .
