3347 4999
241 358 418 424 OCT.
470 359 510 422 5
1000 375 1080 420 nc
1114 373 1206 421 ss.
1246 372 1505 421 amomo
1553 374 1627 420 m·
1676 372 1874 421 socns
1922 374 2035 420 nu.
2579 355 2692 419 -t9‘t

240 460 520 529 valeat?
566 459 866 529 Orationi
918 470 983 527 et
1031 457 1306 527 lectioni
1356 457 1545 527 solus
1593 456 1898 545 quotidie
1932 455 2324 537 insudabat,
2378 479 2456 526 ac
2498 479 2699 546 saepe
2730 470 2794 527 et

243 549 544 620 multum
613 570 770 618 cum
827 547 1252 616 meditationi
1302 546 1710 626 inserviret,
1767 546 2091 635 lacrymis
2144 545 2438 626 ssuebat3
2494 545 2788 617 habebat

241 639 428 707 enim
485 638 802 726 spiritum
848 657 1140 726 magnae
1170 635 1751 725 compunctionis.
1792 640 1932 705 Non
1976 634 2245 715 diebuS,
2302 655 2435 702 non
2478 636 2793 707 noctibus

244 752 284 796 a
329 726 695 813 colloquiis
759 725 1014 794 divinis
1063 738 1126 794 et
1177 724 1563 814 psalmodia
1620 724 1976 802 cessabat,
2031 723 2222 792 omni
2276 735 2577 812 tempore
2622 746 2791 811 qua-

243 814 769 906 dragesimalem
826 814 1029 882 vitam
1081 813 1344 883 ducens
1379 869 1393 895 ,
1451 814 1684 883 vinum
1750 833 2104 899 nunquam
2158 810 2425 881 bibens.
2481 817 2556 880 In
2610 816 2791 894 Qua-

242 905 634 995 dragesima
684 904 1038 972 Dominico
1087 902 1221 982 die,
1282 903 1474 972 tertia
1522 916 1586 971 et
1632 902 1877 989 quinta
1936 900 2127 981 seria,
2186 922 2362 990 pane
2411 911 2678 970 tantum
2712 912 2793 970 et

242 999 418 1081 aqua
466 1005 830 1062 contentus
876 1004 1042 1073 erat,
1093 991 1248 1061 aliis
1296 991 1542 1061 diebus
1590 990 1761 1060 nihil
1814 991 2099 1059 omnino
2149 989 2509 1079 recipiens.
2558 988 2791 1059 Cilicio

242 1103 515 1173 semper
562 1080 645 1150 ad
697 1102 976 1150 carnem
1026 1102 1196 1152 usus
1243 1093 1367 1162 est,
1420 1094 1484 1149 et
1531 1102 1691 1149 cum
1743 1079 2068 1169 fatigatus
2115 1091 2302 1147 esset
2349 1077 2436 1147 ab
2484 1078 2792 1147 oratione

242 1193 366 1243 seu
412 1193 452 1240 a
501 1171 1022 1261 genuflexione,
1086 1169 1386 1239 sedendo
1447 1169 1671 1257 potius
1711 1189 1917 1255 quam
1960 1167 2258 1258 'jacendo
2307 1188 2628 1236 somnum
2681 1189 2793 1236 ca—

243 1261 494 1351 piebat.
550 1265 758 1330 Nemo
798 1258 996 1328 illum
1047 1279 1354 1345 unquam
1405 1257 1779 1344 aliquando
1822 1256 1990 1326 vidit
2037 1258 2108 1324 in
2157 1255 2573 1343 aliquo-acto
2605 1279 2791 1325 com-

242 1363 533 1428 motum,
591 1348 707 1417 sed
761 1369 1033 1437 semper
1084 1347 1474 1428 honestum,
1531 1346 1896 1425 humilem,
1959 1366 2261 1436 gravem,
2320 1359 2782 1427 mansuetum,

243 1438 652 1528 benignum,
709 1436 970 1506 nemini
1001 1449 1404 1516 -nocentem,
1460 1435 1724 1504 nemini
1772 1434 2219 1514 invidentem,
2263 1433 2548 1514 nemini,
2601 1433 2786 1520 quod

240 1526 503 1596 malum
553 1541 675 1608 est,
729 1537 1217 1613 quaerentem:
1270 1537 1415 1594 erat
1459 1524 1671 1603 enim,
1726 1524 1916 1593 omni
1962 1523 2151 1604 hora,
2208 1522 2426 1613 gratia
2478 1522 2593 1590 Dei
2647 1522 2789 1612 ple-

244 1638 398 1685 nus.
453 1615 818 1702 Nunquam
869 1613 1246 1700 'aliquando
1294 1614 1505 1683 alicui
1555 1613 1820 1681 homini
1869 1612 2142 1682 locutus
2181 1624 2303 1690 est,
2361 1610 2491 1679 nisi
2558 1632 2789 1680 neces-

241 1705 409 1775 sitas
443 1705 798 1794 coe'gisset‚
852 1716 972 1772 aut
1019 1702 1304 1782 fratrum
1358 1702 1648 1803 affectiQ
1705 1701 1820 1802 sed
1877 1703 2209 1771 bonorum
2272 1700 2633 1769 hominum
2686 1700 2787 1769 vel

244 1815 657 1883 pauperum,
714 1804 833 1861 aut
882 1814 1041 1861 cum
1097 1804 1490 1860 monasterii
1528 1803 1897 1859 necessitas
1931 1803 2342 1879 exposceret,
2382 1798 2788 1876 semperque

242 1882 530 1972 spiritus
577 1883 728 1971 ejus
778 1880 846 1947 in
889 1885 1017 1949 Deo
1069 1880 1329 1969 positus
1375 1891 1542 1949 erat.
1600 1878 1723 1948 Sed
1780 1879 1847 1947 in
1899 1878 2224 1948 omnibus
2275 1877 2661 1958 virtutibus,
2715 1879 2783 1946 in

243 1971 501 2057 quibus
550 1991 705 2038 eum
763 1968 1300 2059 perfectissimus
1334 1968 1659 2060 magister
1693 1990 1864 2037 suus
1898 1968 2305 2036 Benedictus
2346 1966 2781 2046 instruxerat,

243 2060 329 2129 de
378 2059 489 2128 die
556 2058 623 2126 in
689 2056 868 2126 diem
921 2057 1322 2148 proficiebat
1379 2072 1581 2144 atque
1637 2057 2033 2126 crescebat:
2112 2077 2243 2124 non
2296 2053 2650 2141 aequalem
2719 2077 2842 2125 se·

239 2148 533 2219 aliorum
585 2147 870 2228 ducens,
924 2146 1039 2216 sed
1093 2145 1495 2215 ultimorum
1547 2146 1859 2215 omnium
1912 2166 2212 2214 servum.
2261 2149 2416 2212 Jam
2471 2165 2647 2222 ver0,
2697 2144 2782 2214 de

239 2239 415 2325 ejus,
468 2236 632 2323 quid
686 2235 952 2316 dicam,
1006 2234 1423 2304 clementia?
1471 2234 1565 2302 nil
1616 2234 1801 2303 enim
1866 2234 2078 2302 menti
2126 2233 2277 2323 ejus
2324 2232 2556 2301 carius
2601 2231 2780 2313 fuit,

238 2347 448 2412 quam
502 2337 842 2413 potentem
894 2324 1180 2414 pauperi
1230 2344 1365 2392 non
1420 2344 1861 2412 praeponere.
1915 2323 1984 2392 Si
2044 2342 2412 2412 pauperem
2467 2320 2782 2399 videbat,

242 2414 668 2483 sustinebat:
724 2413 781 2481 si
821 2412 1126 2492 divitem,
1165 2412 1249 2481 ad
1292 2411 1854 2481 benefaciendum
1907 2411 2333 2490 hortabatur,
2381 2408 2550 2478 illud
2593 2433 2783 2499 prae-

241 2503 485 2571 dicans
527 2502 1052 2591 Evangelicum·:
1108 2504 1239 2585 Qui
1292 2503 1487 2572 habet
1557 2504 1728 2571 duas
1792 2504 2097 2582 tunicas,
2171 2502 2281 2570 det
2327 2522 2457 2568 non
2518 2499 2792 2571 habenti

242 2596 487 2675 (Lucae
519 2612 613 2669 111,
656 2592 817 2679 tt):
870 2602 936 2659 et
967 2590 1086 2678 qui
1150 2590 1353 2659 habet
1398 2612 1615 2673 escaS,
1675 2590 1992 2661 similiter
2045 2588 2270 2670 faciat,
2310 2600 2387 2657 ut
2435 2588 2782 2659 coelorum

243 2701 535 2769 regnum
587 2680 896 2770 accipere
928 2679 1167 2749 valeat.
1222 2679 1372 2748 Ibat
1417 2694 1643 2749 autem
1697 2677 2086 2766 frequenter
2131 2679 2216 2748 ad
2267 2676 2615 2767 operarios
2667 2679 2787 2765 qui

238 2768 646 2839 coenobium
696 2782 762 2837 et
816 2767 1173 2838 ecclesiam
1224 2768 1735 2862 construebant,
1790 2768 1874 2837 ad
1927 2779 2200 2858 portum
2250 2786 2524 2854 quoque
2574 2768 2784 2837 maris

237 2870 303 2927 et
350 2870 571 2927 cortes
619 2857 833 2948 patris
883 2858 992 2927 sui
1034 2856 1373 2939 visendas,
1428 2857 1665 2944 sicque
1712 2857 1992 2927 deinum
2045 2856 2506 2926 revertebatur
2536 2853 2623 2924 ad
2663 2856 2787 2925 do—

179 2994 189 3009 .
237 2968 429 3016 mum
480 2969 688 3034 quam
739 2947 874 3016 sibi
921 2947 1557 3016 accommodaverat
1604 2946 2036 3016 Messalinus.

327 3038 363 3122 ξ
411 3042 543 3107 n.
598 3040 851 3118 Quarto
900 3057 1055 3105 vero
1087 3056 1270 3104 anno
1307 3048 1667 3125 postquam
1721 3036 1788 3105 in
1845 3033 2145 3104 Siciliam
2196 3044 2475 3102 sanctus
2513 3032 2783 3103 Domini

238 3123 559 3195 Placidus
608 3137 926 3205 venerat,
981 3124 1475 3194 monasterium
1541 3146 1746 3194 omne
1803 3144 1939 3191 una
1999 3143 2160 3191 cum
2208 3120 2496 3193 ecclesia
2561 3121 2780 3192 sancti

239 3213 583 3302 Baptistae
611 3213 895 3283 ‚loannis
929 3213 1094 3283 satis
1126 3213 1445 3283 decenter
1492 3212 1561 3281 in
1613 3213 1800 3281 omni
1836 3210 2344 3280 constructione
2379 3211 2779 3300 perfectum,

239 3313 442 3388 atque
490 3300 578 3370 ab
625 3303 960 3392 Episcopo
1006 3301 1313 3389 ejusdem
1373 3306 1722 3371 Messanae
1777 3300 2072 3369 civitatis
2121 3299 2407 3369 ecclesia
2471 3299 2786 3370 dedicata

238 3403 340 3460 est
387 3389 628 3477 quinto
676 3390 1015 3460 Kalendas
1048 3391 1357 3481 Augusti.
1412 3390 1698 3481 Rogavit
1735 3388 1936 3458 etiam
1976 3387 2155 3456 idem
2193 3402 2474 3459 sanctus
2503 3389 2786 3479 Episco-

242 3501 435 3568 pum,
489 3489 568 3548 ut
617 3479 821 3548 totius
870 3480 1268 3548 monasterii
1309 3479 1645 3549 ambitum
1682 3482 1857 3564 aqua
1908 3476 2280 3548 exorcizata
2336 3488 2777 3569 respergeret,

237 3581 304 3639 et
349 3568 725 3637 orationem
779 3568 993 3648 daret,
1049 3569 1284 3655 sicque
1334 3569 1401 3636 in
1452 3588 1607 3637 eum
1661 3578 1941 3636 sanctus
1981 3565 2246 3635 Domini
2290 3565 2645 3667 ingressus
2679 3578 2781 3636 est

236 3678 398 3727 cum
458 3655 604 3725 suis
673 3655 758 3724 ad
816 3656 1291 3726 habitandum.
1348 3660 1730 3746 Coeperunt
1775 3654 2023 3725 deinde
2073 3654 2390 3724 nonnulli
2441 3655 2782 3724 mundum

237 3745 651 3833 relinquere,
704 3759 769 3812 et
816 3747 947 3815 sub
995 3745 1174 3815 beati
1231 3744 1480 3820 Placidi
1547 3744 1939 3834 magisterio
1995 3744 2223 3814 cordis
2270 3743 2570 3813 cervices
2619 3744 2785 3813 edo-

238 3856 451 3903 mare.
507 3838 694 3902 Intra
742 3832 945 3902 breve
980 3856 1278 3922 namque
1327 3833 1657 3924 temporis
1707 3834 2034 3924 spatium,
2089 3832 2364 3923 triginta
2417 3831 2660 3903 fratres
2708 3832 2780 3900 in

234 3922 473 3994 eodem
510 3922 657 3991 loco
688 3921 772 3990 ad
808 3922 1297 4012 omnipotentis
1346 3923 1461 3992 Dei
1509 3922 1865 3992 servitium
1901 3920 2294 4011 congregati
2329 3933 2513 3992 sunt.

322 4014 360 4099 ἓ
408 4018 555 4083 12.
607 4016 732 4080 Per
768 4010 944 4079 idem
985 4026 1254 4101 tempus
1286 4010 1452 4081 dum
1488 4011 1564 4093 in,
1602 4011 1779 4081 Urbe
1804 4011 1986 4080 fama
2029 4011 2370 4090 crevisset,
2409 4008 2593 4096 quod
2627 4031 2784 4078 san-

232 4113 388 4170 ctus
419 4100 686 4170 Domini
713 4098 1033 4170 Placidus
1066 4123 1105 4168 a
1143 4100 1511 4171 venerabili
1545 4112 1735 4192 patre
1766 4099 2130 4170 Benedicto
2163 4098 2248 4169 ad
2286 4097 2782 4169 monasterium

234 4188 805 4269 construendum,
859 4201 923 4257 et
969 4202 1188 4260 cortes
1227 4211 1306 4259 ac
1356 4190 1827 4280 possessiones
1875 4187 2154 4258 Tertulli
2203 4187 2420 4278 patris
2459 4188 2569 4258 sui
2629 4187 2783 4256 reti-

236 4276 505 4346 nendas
540 4332 555 4359 ,
610 4278 678 4346 in
732 4277 1037 4347 Siciliam
1098 4278 1400 4349 directus
1462 4278 1750 4360 fuisset,
1803 4290 1868 4347 et
1913 4278 2077 4366 quia
2126 4277 2196 4345 in
2245 4275 2574 4347 coenobio
2622 4298 2661 4345 a
2710 4297 2783 4345 se

236 4379 630 4436 constructo
680 4368 958 4458 triginta
1026 4368 1159 4438 ‘am
1210 4372 1472 4439 Fratres
1522 4368 1651 4438 sub
1702 4366 1915 4458 patris
1982 4365 2088 4436 sui
2136 4365 2481 4436 Benedicti
2543 4364 2785 4455 regula

236 4468 722 4545 aggregasset;
790 4462 1000 4548 Eutyc
1059 4457 1165 4530 ius
1212 4469 1277 4529 et
1323 4456 1759 4540 VictorinUS,
1832 4454 2145 4547 germani
2212 4456 2361 4547 ejus
2395 4509 2412 4538 ,
2484 4474 2781 4542 quorum
