3347 4999
691 327 820 392 760
1267 345 1345 391 nt
1389 344 1447 390 s.
1487 340 1879 390 ποιεῦμαι)
1916 344 2017 390 ιι.
2054 343 2469 391 amsronm.
2832 328 3009 391 oct.
3061 330 3129 393 3t

601 428 986 498 infundunt
1032 428 1361 517 lacrymis
1406 429 1579 508 suis,
1617 428 1735 497 sed
1789 428 1875 496 iis
1909 427 2092 496 infru
2150 427 2359 506 iferis,
2392 427 2959 516 quandoquidem
3001 430 3141 516 jam

600 518 824 587 multo
873 529 1176 607 tempore
1217 515 1387 585 nihil
1421 537 1495 585 se
1531 517 1913 606 corrigunt,
1962 516 2107 585 nihi
2165 516 2255 585 ab
2289 517 2376 585 iis
2406 517 2614 595 vitiis,
2662 533 2943 608 propter
2972 541 3145 605 quae

606 606 952 696 lacrymas
996 619 1063 674 et
1111 626 1348 694 preces
1396 604 1567 674 mihi
1596 604 1929 684 fundunt,
1979 605 2325 675 abstinere
2370 619 2735 675 conantur.
2786 612 2889 674 Tu
2939 607 3149 696 igitur

601 696 975 765 canonicae
1001 695 1175 763 vitae
1210 694 1626 777 institutum,
1656 693 1839 782 quod
1867 696 1969 764 eis
2003 708 2229 764 tantae
2261 695 2569 764 incuriae
2590 707 2658 763 et
2686 695 3149 786 negligentiae

602 784 1028 854 occasionem
1094 782 1456 873 praebuit,
1510 783 1579 851 in
1645 783 2102 853 monasticum
2171 796 2545 854 commuta.
2596 807 2632 850 »
2680 788 2825 854 Hac
2888 785 3150 856 visione

603 886 884 943 sauctus
932 870 1204 962 praesul
1256 872 1663 953 instructuS,
1723 871 1807 942 ad
1860 871 2431 942 introducendam
2482 872 2627 942 illic
2689 874 3147 944 monasticam

604 962 1005 1050 religionem
1042 982 1319 1032 summo
1364 961 1582 1029 animi
1630 960 1861 1031 studio
1898 974 1965 1030 et
2010 960 2369 1031 devotione
2416 983 2490 1032 se
2520 963 2845 1031 accinxit.

691 1053 731 1138 ξ
776 1053 914 1122 18.
959 1053 1050 1118 De
1096 1050 1436 1150 superiori
1487 1071 1643 1118 vero
1685 1051 2097 1120 monasterio
2145 1049 2379 1120 itidem
2422 1050 2860 1120 reformando
2898 1051 3151 1123 taliest

603 1137 942 1209 miraculo
988 1137 1321 1209 divinitus
1365 1137 1841 1208 confirmatus
1894 1143 2061 1207 Cum
2096 1138 2474 1226 aliquando
2507 1160 2695 1209 more
2742 1161 2873 1209 suo
2916 1163 3003 1210 eo
3039 1163 3150 1210 ac-

603 1228 942 1308 cessisset,
997 1227 1411 1314 Missamque
1457 1227 1804 1297 celebrare
1853 1226 2089 1306 vellet,
2141 1228 2478 1315 quasdam
2530 1233 2943 1298 Sanctorum
2999 1229 3151 1298 reli·

601 1317 826 1404 quiaS,
881 1337 1058 1402 quae
1107 1315 1248 1384 illic
1281 1316 1765 1388 celeberrimae
1814 1315 2201 1399 habentur,
2255 1318 2325 1386 in
2372 1317 2523 1406 ejus
2570 1316 2833 1397 altaris,
2890 1318 2965 1385 in
3014 1341 3151 1406 quo

604 1404 1121 1474 sacrificaturus
1169 1418 1337 1483 erat,
1391 1426 1612 1474 cornu
1659 1405 1940 1474 sinistro
1973 1404 2318 1495 deposuit.
2358 1405 2611 1475 Deinde
2641 1406 2709 1473 in
2759 1407 3146 1476 orationem

603 1515 676 1563 se
703 1506 1165 1583 prosternens,
1208 1493 1716 1562 ardentissimis
1800 1494 2070 1563 recibus
2095 1516 2137 1563 a
2172 1495 2458 1564 Domino
2499 1493 2889 1584 postulavit,
2921 1517 3151 1581 quan-

603 1582 971 1669 doquidem
1007 1582 1384 1653 secularem
1417 1581 1516 1650 vel
1554 1603 1720 1651 mun
1775 1604 1817 1651 o
1845 1582 2146 1652 deditam
2184 1584 2389 1653 vitam
2418 1583 2722 1664 sinistra,
2759 1584 3149 1673 spiritalem

604 1671 840 1742 dextra
880 1672 1249 1762 significat,
1288 1671 1342 1743 si
1382 1670 1478 1739 illi
1533 1670 1829 1761 placeret
1876 1673 2288 1742 canonicam
2347 1671 2487 1741 illic
2526 1673 2758 1752 vitam,
2800 1695 2990 1759 quae
3030 1695 3151 1742 ne-

650 1759 940 1850 ligentes
973 1761 1289 1830 homines
1336 1760 1811 1831 sinistrorsum
1868 1760 2096 1843 trahit,
2152 1761 2219 1830 in
2272 1763 2718 1830 monasticam
2752 1814 2774 1840 ,
2829 1783 3018 1847 quae
3063 1761 3149 1831 ad

646 1866 903 1918 extram
943 1849 1179 1929 tendit,
1209 1850 1649 1925 commutari.
1681 1861 1760 1918 ut
1793 1848 1856 1917 id
1884 1871 1965 1919 ea
2002 1851 2263 1920 ratione
2286 1849 2649 1938 significet,
2683 1863 3149 1937 testatumque

602 1937 875 2018 efficiat,
909 1952 987 2007 ut
1010 1952 1166 2008 ante
1196 1950 1544 2027 peractum
1579 1938 2027 2021 sacrificium,
2054 1962 2172 2008 eas
2198 1938 2520 2026 reliquias
2548 1961 2587 2007 a
2614 1938 2898 2008 sinistro
2927 1962 3149 2009 cornu

602 2027 966 2097 transferat
1015 2028 1079 2096 in
1122 2027 1462 2096 dextrum.
1516 2027 1610 2095 Iis
1660 2027 1983 2116 precibus
2043 2026 2375 2097 absolutis
2410 2081 2425 2108 ,
2472 2028 2746 2096 Missam
2794 2027 3147 2098 celebrare

597 2116 845 2206 incipit
874 2170 889 2194 ,
950 2129 1153 2202 atque
1208 2115 1338 2185 sub
1389 2116 1539 2205 ipso
1587 2115 1929 2186 sacrificio
1975 2116 2239 2202 absque
2283 2113 2426 2185 ullo
2474 2116 2782 2185 humano
2818 2131 3147 2190 contactu

601 2203 933 2292 reliquiae
971 2204 1130 2273 illae
1159 2226 1198 2272 a
1232 2204 1512 2273 sinistra
1542 2204 1611 2272 in
1644 2203 1950 2274 dextram
1988 2204 2227 2273 altaris
2269 2218 2525 2293 partem
2554 2205 2891 2274 divinitus
2918 2219 3145 2275 trans·

597 2290 939 2361 feruntur.
991 2297 1083 2361 Eo
1131 2293 1274 2362 viso
1309 2292 1668 2372 miraculo,
1723 2295 1980 2384 gratias
2017 2294 2161 2384 agit
2212 2295 2361 2373 Deo,
2412 2307 2478 2363 et
2524 2294 2672 2363 sine
2716 2293 2865 2363 ulla
2916 2295 3145 2365 baesi-

597 2381 849 2451 tatione
896 2379 1039 2450 illic
1070 2402 1344 2468 quoque
1394 2381 1597 2450 vitam
1637 2383 2087 2452 monasticam
2139 2382 2459 2452 instituit.

683 2472 723 2558 ξ
768 2474 919 2544 19.
973 2469 1064 2540 Ad
1117 2469 1242 2540 has
1287 2484 1514 2540 autem
1554 2469 1998 2542 revelationes
2027 2472 2315 2543 accessit
2344 2472 2548 2541 etiam
2585 2471 2980 2542 humanum
3015 2494 3144 2542 au-

594 2558 865 2629 xilium.
909 2564 1002 2630 Eo
1032 2559 1214 2629 enim
1268 2572 1594 2644 tempore,
1638 2581 1777 2647 quo
1817 2560 1986 2630 haec
2033 2563 2491 2653 gerebantur,
2544 2562 2924 2643 HenricuS,
2981 2565 3142 2631 Cae-

596 2649 769 2719 saris
803 2648 1080 2718 Henrici
1135 2660 1346 2737 pater,
1402 2648 1723 2718 Bavariae
1768 2649 2123 2721 obtinebat
2173 2650 2664 2741 principatum.
2706 2654 2775 2719 Is
2815 2672 2981 2719 cum
3033 2671 3139 2719 se-a

597 2736 809 2807 dulus
854 2751 920 2807 et
950 2736 1288 2807 sollicitus
1332 2750 1509 2806 esset
1546 2737 1769 2806 cultor
1819 2739 2092 2809 divinae
2142 2738 2262 2808 reli
2321 2740 2517 2819 ionis,
2562 2737 2631 2807 id
2684 2737 2894 2808 officii
2944 2739 3139 2807 beato

597 2826 1002 2927 wolfgango
1058 2840 1201 2896 tum
1241 2826 1553 2916 petendo,
1613 2839 1755 2896 tum
1808 2826 2212 2917 imperando
2314 2826 2746 2908 emandavit,
2791 2840 2867 2896 ut
2905 2827 2974 2895 in
3017 2850 3135 2896 su-

597 2914 908 3003 pradicta
952 2915 1336 3004 puellarum
1398 2916 1808 2985 monasteria
1854 2916 2271 2986 monasticae
2320 2916 2494 2984 vitae
2530 2914 2975 3005 disciplinam
3027 2917 3134 2983 in·

592 3001 884 3073 veheret.
939 3008 1079 3074 Hac
1128 3025 1290 3093 ergo
1339 3003 1439 3072 illi
1488 3004 1855 3075 accedente
1882 3006 2285 3076 auctoritate
2315 3017 2382 3074 et
2416 3003 2758 3073 voluntate
2797 3003 3134 3094 principis

589 3091 695 3159 vir
754 3091 867 3161 Dei
927 3104 1113 3162 tanto
1178 3092 1558 3164 studiosius
1592 3148 1608 3173 ‚
1676 3107 1932 3180 quanto
1992 3094 2232 3183 majori
2292 3092 2507 3163 fretus
2566 3092 2884 3163 facultate
2941 3094 3010 3161 in
3061 3092 3130 3161 id

592 3180 1087 3262 incumbebat,
1142 3193 1220 3251 ut
1270 3183 1337 3250 in
1391 3182 1719 3252 omnibus
1766 3183 2109 3271 virginum
2175 3182 2656 3261 monasteriis,
2711 3205 2889 3270 quae
2932 3182 3000 3249 in
3049 3203 3131 3251 ea

591 3269 765 3339 urbe
797 3269 899 3339 vel
949 3270 1077 3340 sub
1128 3270 1373 3361 ipsiuS,
1428 3270 1526 3340 vel
1563 3271 1793 3341 aliena
1824 3270 2080 3340 ditione
2123 3284 2353 3341 essent
2395 3272 2570 3360 (duo
2600 3271 2782 3340 euim
2821 3269 2938 3339 illa
2982 3269 3129 3357 jam

591 3358 835 3427 crebro
885 3373 1305 3440 memorata,
1363 3360 1574 3428 Duci:
1643 3360 1919 3430 tertium
1970 3381 2167 3441 vero,
2232 3360 2415 3447 quod
2471 3373 2573 3430 est
2633 3359 2856 3429 sancti
2904 3358 3131 3439 Pauli,

592 3446 928 3536 Episcopo
975 3448 1308 3536 suberat),
1355 3470 1564 3516 unam
1615 3448 2071 3535 eamdemque
2117 3449 2500 3518 sanctitatis
2549 3445 2856 3538 regulam
2898 3470 2980 3517 ac
3027 3448 3135 3516 di-

589 3535 953 3626 sciplinam
1005 3536 1410 3606 institueret.
1464 3540 1815 3607 Intantum
1853 3550 2109 3618 autem,
2154 3540 2371 3627 gratia
2403 3537 2637 3606 divina
2672 3536 3028 3627 largiente,
3066 3550 3135 3607 et

592 3623 789 3694 beato
836 3623 1241 3714 Wolfgango
1296 3625 1680 3716 corrigente
1712 3680 1727 3706 ,
1796 3626 1864 3694 in
1933 3625 2020 3695 iis
2067 3626 2713 3696 sanctimonialibus
2773 3625 3016 3716 religio
3067 3640 3136 3695 et

590 3714 896 3784 studium
932 3715 1287 3794 castitatiS,
1328 3714 1502 3783 vitae
1541 3714 1880 3806 regularis
1933 3715 2264 3803 professio
2302 3715 2610 3793 increvit,
2667 3726 2745 3783 ut
2794 3719 2938 3784 Dux
2989 3736 3136 3783 me-

590 3815 922 3882 moratus,
962 3803 1196 3873 divino
1234 3819 1697 3893 compunctus
1729 3825 1985 3883 amore,
2023 3802 2239 3872 filiam
2273 3825 2469 3873 suam
2509 3801 2856 3893 Brigidam
2894 3823 3129 3872 earum

583 3891 870 3979 collegio
895 3891 1276 3994 adiungere
1309 3913 1442 3960 non
1471 3892 1826 3963 dubitarit.
1858 3898 2073 3978 Atque
2094 3892 2299 3961 etiam
2331 3892 2399 3960 in
2445 3891 2631 3961 hunc
2670 3913 2892 3979 usque
2917 3891 3130 3970 diem,

582 3978 760 4079 beati
796 3981 920 4049 viri
974 3981 1239 4052 meritis
1277 3981 1845 4071 suffragantibu5‚
1902 3980 2066 4050 talia
2114 3979 2298 4072 apud
2351 4001 2469 4051 eas
2515 3981 2744 4071 vigent
2797 3980 3135 4051 virtutum

585 4083 1014 4139 incrementa
1046 4125 1061 4150 ,
1124 4082 1200 4140 ut
1257 4068 1435 4140 inter
1490 4082 1792 4140 caeteras
1838 4069 2401 4140 sanctimoniales
2448 4082 2798 4156 tamquam
2845 4068 3138 4159 specula

579 4158 924 4244 quaedam
974 4158 1136 4229 sint.
1190 4160 1377 4228 Idem
1431 4170 1648 4247 potest
1693 4160 1896 4228 etiam
1948 4159 2035 4229 de
2082 4160 2299 4230 sancti
2350 4157 2835 4228 Emmerammi
2888 4180 3135 4228 mona-

580 4245 737 4314 chis
768 4244 932 4325 dici,
983 4247 1300 4332 quandiu
1344 4247 1623 4333 quidem
1678 4247 2141 4318 Ramuoldum
2196 4248 2494 4318 habuere
2525 4247 2875 4328 Abbatem,
2915 4269 3135 4333 quem

583 4347 868 4433 sanctus
916 4336 1296 4434 Episcopus
1346 4335 1485 4406 illis
1537 4337 1974 4426 praefecerat.
2019 4336 2146 4406 Sed
2201 4336 2320 4406 illo
2367 4335 2734 4405 decedente
2763 4389 2779 4415 ,
2830 4335 3135 4424 aliisque

581 4441 759 4508 quos
809 4421 924 4492 ille
972 4424 1404 4505 instituerat,
1457 4425 1639 4495 idem
1701 4426 1800 4495 eis
1847 4427 2115 4507 evenit,
2166 4424 2351 4513 quod
2415 4424 2578 4495 filiis
2638 4423 2848 4494 lsrael
2881 4478 2898 4505 ,
2948 4446 3138 4512 quos

569 4672 708 4761 “a
