3347 4999
217 325 390 393 OCT.
447 325 527 388 ⁴7
1103 341 1181 387 nn
1229 341 1285 388 s.
1339 340 1631 387 nanwmu
1679 341 1873 387 vmuA
2530 322 2658 385 505

215 440 442 498 autern
495 425 614 495 illa
664 426 1098 514 presbyteros
1146 425 1285 494 sive
1325 423 1711 494 sacerdotes
1752 437 1978 494 tantae
2025 445 2172 492 esse
2220 422 2618 514 dignitatiS,
2674 436 2750 492 ut

216 516 582 585 Dominum
618 513 787 583 coeli
828 527 893 582 et
942 527 1156 583 terrae
1197 526 1484 583 tractent
1533 514 1600 580 in
1644 524 2073 583 sacramento
2107 512 2366 592 altaris,
2420 525 2624 599 atquc
2669 532 2747 581 ea

212 604 566 674 conserant
603 602 907 689 quotidie
954 614 1403 683 sacramenta,
1456 600 1734 688 quibus,
1789 602 2024 670 divina
2070 601 2427 671 assistente
2478 602 2745 680 virtute,

216 693 446 763 fidelis
488 691 956 761 sanctificatur
1003 702 1066 759 et
1112 690 1425 780 expiatur
1456 692 1730 771 anima;
1786 689 2169 760 sacerdotes
2222 701 2288 759 et
2343 710 2582 759 omnes
2628 690 2752 776 qui

209 783 284 851 in
334 781 524 851 Clero
573 793 758 860 sunt,
811 793 955 849 tum
1007 779 1398 859 seculares,
1478 791 1626 848 tum
1689 778 2044 869 religiosos
2094 778 2314 848 multa
2376 779 2751 848 reverentia

212 869 777 962 prosequebatur,
843 890 964 937 nec
1025 889 1228 956 parvo
1267 868 1524 937 honore
1569 866 1932 948 afficiebat,
1974 866 2179 954 idque
2211 867 2379 936 adeo
2406 919 2426 945 ,
2468 879 2547 935 ut
2593 865 2751 937 illos

213 960 442 1041 etiam,
508 958 628 1046 qui
691 956 1138 1026 emolumenti
1197 956 1494 1046 alicujus
1548 959 1760 1025 causa
1815 978 1888 1025 se
1928 955 2312 1025 sacerdotes
2380 953 2742 1044 fingerent,

210 1060 562 1135 tamquam
616 1067 805 1115 veros
855 1045 1286 1134 presbyteros
1338 1044 1720 1114 honoraret.
1775 1049 2012 1131 Itaque
2064 1045 2150 1113 ad
2205 1066 2516 1114 mensam
2577 1043 2751 1113 assi-

210 1138 373 1206 dere
428 1135 732 1214 nolebat,
801 1134 935 1203 nisi
1004 1133 1195 1223 prius
1243 1133 1580 1214 sacerdoS,
1658 1134 1778 1221 qui
1841 1132 2255 1203 sacrificium
2309 1132 2579 1213 fecerat,
2647 1131 2751 1200 di-

213 1226 628 1295 scumberet.

301 1316 336 1401 ξ
399 1316 546 1389 ²8..
610 1312 1122 1381 Coruscationes
1168 1324 1233 1381 et
1280 1310 1580 1380 tonitrua
1615 1310 1908 1380 multum
1945 1309 2381 1391 formidabat,
2420 1309 2599 1397 quod
2641 1310 2751 1378 his

212 1402 706 1473 elementorum
758 1401 1338 1470 commotionibus
1385 1400 1667 1468 extremi
1716 1399 1852 1468 diei
1890 1398 2236 1488 judicium
2271 1454 2286 1480 ,
2347 1413 2412 1469 et
2473 1398 2750 1467 divinae

213 1490 500 1561 ultionis
539 1489 844 1579 gladium
895 1488 982 1558 ad
1035 1489 1434 1558 memoriam
1488 1500 1849 1568 revocaret,
1905 1509 2120 1574 eaque
2165 1509 2743 1566 commemorans,

213 1592 351 1650 tota
397 1577 972 1659 contremisceret,
1041 1589 1105 1645 et
1150 1599 1307 1646 cum
1368 1576 1561 1647 beato
1608 1577 1732 1646 lob
1785 1576 1984 1662 quasi
2035 1589 2372 1646 tumentes
2421 1598 2631 1665 super
2681 1598 2752 1646 se

211 1669 468 1738 fluctus
516 1687 786 1756 semper
826 1665 1193 1735 Dominum
1245 1665 1531 1734 timeret.
1584 1670 1715 1734 Nec
1765 1664 2053 1735 cessavit
2104 1666 2159 1734 is
2209 1679 2486 1744 tremor,
2528 1664 2746 1734 donec

214 1760 472 1827 accitus
522 1755 774 1842 aliquis
822 1753 1178 1834 sacerdos;
1224 1766 1524 1822 sacratas
1558 1774 1807 1822 manus
1845 1776 1963 1843 pro
2007 1753 2279 1822 divinae
2309 1753 2751 1841 protectionis

212 1858 408 1916 scuto
455 1845 606 1935 ejus
652 1843 863 1933 capiti
922 1843 1346 1930 imponeret,
1404 1844 1532 1911 sub
1579 1864 1874 1929 quarum
1928 1841 2334 1911 umbraculo
2395 1855 2748 1928 tamquam

202 1937 350 2026 J'am
401 1934 486 2003 de
536 1933 841 2024 periculo
903 1931 1300 2012 evadendo,
1362 1930 1959 2020 genuflexionibus
2022 1944 2088 2001 et
2132 1930 2557 2000 orationibus
2610 1930 2743 1998 du-

214 2035 410 2092 rante
460 2034 857 2111 tempestate
906 2020 1284 2091 insistebat.
1321 2019 1837 2105 Tranquillitate
1888 2033 2037 2108 post
2088 2019 2557 2108 intemperiem
2600 2018 2751 2087 red-

215 2111 383 2191 dita,
439 2133 560 2200 pro
616 2110 991 2199 gratiarum
1056 2109 1357 2179 actiones
1406 2107 1559 2178 illas
1616 2129 1866 2177 manus
1899 2107 2378 2177 osculabatur:
2421 2129 2594 2194 quas
2647 2106 2748 2175 id·

213 2201 399 2269 circo
431 2199 709 2288 putabat
739 2220 935 2288 posse
969 2198 1280 2266 resistere
1315 2198 1550 2266 noxiae
1584 2198 1918 2287 potestati,
1952 2210 2028 2266 ut
2063 2197 2233 2266 iram
2274 2196 2384 2265 Dei
2417 2208 2745 2276 avertant,

215 2287 318 2355 vel
370 2292 574 2356 Deum
629 2287 880 2356 iratum
937 2285 1331 2363 concilient,
1369 2285 1553 2373 quod
1606 2298 1912 2355 sacratae
1973 2286 2132 2354 sint.
2202 2284 2539 2355 Peculiari
2598 2305 2751 2353 vero

216 2374 642 2444 afficiebatur
688 2397 918 2445 amore
965 2396 1126 2464 erga
1176 2373 1354 2454 illoS,
1407 2396 1582 2462 quos
1631 2374 1834 2444 sciret
1881 2373 2186 2444 studiose
2231 2374 2555 2443 interesse
2591 2373 2752 2442 Mis-

217 2485 452 2535 sarum
508 2463 906 2534 sacrificiis:
949 2485 1071 2532 nec
1110 2463 1402 2533 dubium
1450 2463 1615 2551 quin
1661 2461 1817 2553 plus
1850 2463 2055 2532 etiam
2102 2461 2414 2532 dilexerit
2464 2483 2581 2532 eos
2630 2462 2752 2549 qui

216 2554 438 2643 parati
471 2564 697 2622 essent
728 2553 810 2622 ad
849 2553 1088 2623 Missas
1121 2553 1361 2622 crebro
1396 2551 1630 2622 devote
1664 2551 2137 2622 celebrandas
2190 2551 2283 2621 Ad
2353 2572 2749 2622 sacramen-

216 2656 360 2712 tum
418 2641 746 2711 Dominici
797 2642 1111 2731 Corporis
1162 2640 1682 2731 percipiendum
1720 2662 2105 2720 accessura,
2164 2653 2351 2710 tanto
2407 2640 2752 2728 lacryma-

210 2752 368 2801 rum
432 2730 652 2801 imbre
700 2729 940 2800 faciem
995 2729 1445 2819 perfundebat
1496 2751 1719 2811 suam,
1761 2742 1945 2798 tanto
1981 2728 2332 2817 precandi,
2367 2750 2595 2818 genua
2628 2728 2752 2797 sse-

208 2819 463 2899 ctendi,
502 2841 621 2889 cor
670 2841 756 2888 us
814 2819 1288 2908 prosternendi
1329 2818 1556 2888 studio
1597 2832 1744 2887 tum
1804 2817 2192 2907 specialiter
2244 2816 2741 2906 occupabatur,

207 2921 288 2977 ut
327 2906 548 2978 fervor
642 2908 973 2978 evotionis
1017 2907 1170 2996 ejus
1227 2929 1357 2977 non
1417 2907 1752 2976 immerito
1804 2907 2146 2976 intuentes
2194 2905 2278 2973 ad
2325 2905 2751 2974 devotionem

207 2995 577 3066 efficaciter
625 3011 1071 3087 permoveret.
1130 2995 1513 3066 Permultas
1547 2995 1844 3064 habebat
1872 2999 2273 3065 Sanctorum
2312 2993 2654 3082 imagines
2686 3005 2753 3063 et

208 3085 563 3171 reliquias,
602 3086 860 3173 quibus
907 3106 1282 3174 congruam
1340 3083 1726 3173 praestabat
1772 3083 2242 3162 reverentiam,
2304 3102 2556 3168 easque
2612 3081 2749 3152 sibi

209 3174 299 3243 ad
349 3173 706 3244 ecclesiam
751 3173 942 3243 eunti
985 3173 1196 3243 voluit
1246 3172 1590 3263 praeferri,
1636 3186 1700 3242 et
1750 3172 1818 3241 in
1878 3170 2021 3240 loco
2070 3170 2398 3240 orationis
2447 3191 2610 3238 suae
2644 3192 2748 3239 re-

209 3263 413 3352 poni:
452 3274 530 3332 ut
576 3284 813 3331 earum
865 3262 1440 3352 contemplatione
1482 3261 1730 3330 rediret
1763 3262 1830 3329 in
1875 3259 2278 3329 vivaciorem
2342 3259 2746 3328 memoriam

210 3350 612 3419 meritorum
660 3372 896 3419 eorum
951 3372 1126 3438 quos
1171 3350 1482 3430 amabat,
1520 3361 1586 3420 et
1634 3371 1753 3439 per
1787 3347 2062 3418 illorum
2115 3347 2465 3438 suffragia,
2506 3346 2592 3417 ad
2632 3347 2748 3416 de-

205 3438 502 3509 votionis
571 3437 903 3508 fervorem
969 3439 1187 3540 magis
1248 3461 1395 3510 sese
1447 3450 1903 3527 praepararet.
1973 3442 2177 3506 Porro
2226 3437 2742 3506 sanctissimam

210 3527 461 3597 Christi
502 3531 777 3596 Matrem
816 3528 990 3596 inter
1021 3527 1193 3597 alios
1229 3532 1530 3605 Sanctos,
1563 3528 1655 3596 ita
1695 3541 1768 3595 ut
1803 3548 1926 3615 par
1954 3539 2119 3606 erat,
2165 3524 2521 3594 ardentius
2555 3546 2747 3593 ama-

203 3615 349 3694 bat,
393 3629 595 3702 atque
627 3617 706 3684 ea
739 3618 949 3685 causa
998 3615 1185 3686 illius
1225 3615 1407 3706 apud
1463 3638 1533 3686 se
1576 3638 1853 3705 parvam
1890 3635 2162 3702 semper
2202 3613 2458 3684 ferebat
2498 3613 2746 3702 imagi-

206 3726 394 3784 nem,
451 3725 741 3791 eamque
788 3704 1067 3804 saepius
1106 3705 1414 3805 gestabat
1456 3706 1800 3785 manibus,
1836 3716 1909 3772 ut
1938 3725 2018 3773 ex
2056 3724 2289 3772 amore
2328 3703 2567 3771 crebro
2593 3721 2747 3770 eam

205 3805 439 3884 posset
489 3792 762 3873 intueri,
803 3805 866 3862 et
900 3792 1329 3883 mspictendo
1380 3793 1463 3862 ad
1516 3793 1663 3881 ejus
1699 3813 2004 3861 amorem
2053 3813 2125 3861 se
2168 3800 2392 3879 posset
2442 3787 2747 3889 amplius

205 3882 525 3951 excitare.
585 3883 677 3950 Ea
727 3881 1026 3971 imagine
1074 3904 1237 3952 cum
1278 3881 1624 3951 interdum
1678 3880 2107 3951 benediceret
2147 3878 2522 3980 languidiS,
2556 3876 2745 3946 illico

206 3970 658 4051 curabantur,
695 3970 796 4046 uti
838 3970 1042 4039 etiam
1106 3970 1599 4040 miraculorum
1656 3971 1902 4039 virtute
1946 3969 2217 4038 cunctis
2266 3977 2742 4045 innotesceret,

208 4057 295 4128 ad
346 4071 676 4146 quantam
729 4059 1126 4128 meritorum
1179 4058 1657 4130 celsitudinem
1713 4057 1829 4127 illa
1870 4058 2016 4146 Jam
2073 4056 2511 4146 pervenisset,
2571 4076 2749 4141 quae

206 4146 492 4216 ferventi
522 4169 756 4217 amore
787 4147 1089 4228 incitata,
1129 4148 1308 4217 hanc
1344 4148 1574 4219 Matris
1608 4147 1724 4216 Dei
1761 4147 2133 4236 imaginem
2168 4143 2409 4215 sedulo
2442 4144 2748 4213 circum·
2778 4225 2781 4229 Α

208 4234 438 4304 ferret.
487 4236 883 4306 Passionem
923 4257 1200 4323 quoque
1256 4236 1526 4305 Domini
1578 4234 1945 4305 salvatoris
1991 4236 2250 4322 quanta
2300 4231 2516 4302 animi
2547 4230 2750 4301 devo-

209 4323 392 4394 tione
443 4324 509 4392 in
554 4346 678 4393 suo
732 4339 997 4412 pectore
1045 4325 1348 4405 versarit,
1404 4324 1506 4393 vel
1559 4323 1718 4393 inde
1767 4337 2144 4410 utcumque
2190 4321 2426 4412 colligi
2523 4332 2742 4401 otest,

205 4412 391 4501 quod
434 4412 636 4481 etiam
672 4434 778 4482 res
813 4413 1159 4493 minimaS,
1199 4433 1373 4499 quae
1404 4413 1804 4501 mysterium
1854 4411 2239 4484 Dominicae
2279 4409 2466 4480 cruci
2497 4407 2746 4478 ixionis
