3347 4999
745 303 827 366 72
1507 319 1582 364 na
1630 320 1686 363 s.
1739 315 2029 364 anuarino
2077 315 2236 363 naon
2825 295 2996 361 OCT.
3060 296 3150 359 ⁴3

611 405 1071 483 decernimus,
1107 414 1173 470 et
1211 401 1609 472 infractores
1638 424 1902 481 earum,
1947 400 2044 470 vel
2089 401 2460 480 invasores,
2500 411 2619 469 aut
2652 398 3144 479 diminutores,

612 507 730 562 aut
777 492 1222 580 dispersoreS,
1258 490 1641 560 venditores
1673 491 1903 571 etiam,
1944 501 2218 558 aeterna
2249 487 2726 558 maledictione
2758 509 2914 558 cum
2954 487 3155 557 Juda

612 581 956 672 proditore
1002 579 1437 661 damnamus,
1478 591 1554 648 ut
1616 580 1683 648 in
1748 579 1945 649 beata
1995 600 2129 648 non
2183 577 2480 646 habeant
2531 590 2790 667 partem
2831 597 3150 645 resurre-

612 670 857 749 ctione,
911 668 1026 738 sed
1071 691 1111 737 a
1151 670 1344 738 beato
1393 674 1582 737 Petro
1639 667 1954 768 Apostolo
2009 689 2080 736 se
2118 664 2538 757 judicandos
2572 666 2813 742 sciant,
2861 665 3153 752 quando

612 759 871 830 sedebit
916 779 1077 827 cum
1127 757 1272 825 suis
1336 756 1769 847 coapostolis,
1828 755 2155 844 judicans
2209 754 2572 823 duodecim
2624 754 2844 823 tribus
2894 754 3146 823 lsrael.

613 849 815 917 Vobis
855 867 1009 915 vero
1055 858 1120 914 et
1164 846 1451 935 posteris
1501 845 1741 914 vestris
1777 845 2056 935 regibus
2089 844 2587 914 committimus
2626 842 3153 912 advocationem

611 950 677 1006 et
702 936 1056 1005 tuitionem
1097 935 1407 1021 ejusdem
1445 933 1599 1011 loci,
1640 947 1706 1003 et
1743 934 2055 1002 omnium
2095 933 2299 1002 totius
2337 936 2432 1001 An
2487 931 2618 1001 liae
2657 931 3145 1012 ecclesiarum,

613 1040 692 1095 ut
720 1026 863 1093 vice
913 1035 1143 1092 nostra
1175 1045 1334 1093 cum
1370 1022 1657 1093 consilio
1705 1022 2195 1112 Episcoporum
2237 1033 2301 1090 et
2340 1021 2432 1090 Ab
2484 1034 2675 1090 atum
2711 1021 3154 1090 constituatis

614 1114 876 1199 ubique
921 1133 1095 1199 quae
1136 1112 1325 1199 justa
1373 1123 1555 1199 sunt,
1618 1112 1909 1182 scientes
1960 1132 2079 1198 pro
2115 1111 2240 1180 hoc
2275 1131 2392 1178 vos
2436 1122 2825 1198 recepturos
2856 1107 3154 1198 dignam

616 1201 997 1271 mercedem
1034 1200 1119 1269 ab
1149 1222 1249 1279 eo,
1289 1200 1490 1290 cujus
1522 1221 1810 1290 regnum
1853 1211 1919 1268 et
1947 1199 2316 1289 imperium
2360 1220 2492 1267 non
2532 1198 2817 1278 desinet,
2854 1219 2977 1266 nec
3012 1197 3152 1266 mi-

618 1304 870 1360 nuetur
917 1289 986 1356 in
1038 1288 1375 1358 seculum.
1428 1311 1463 1355 »

704 1382 739 1467 §
788 1383 918 1451 12.
975 1382 1264 1447 Sanctus
1310 1389 1537 1445 autem
1588 1376 1946 1446 Eduardus
1998 1375 2329 1445 tributum
2379 1374 2551 1446 illud
2593 1374 3088 1466 gravissimum
3130 1428 3145 1453 ,

616 1468 804 1555 quod
838 1480 1139 1556 tempore
1177 1465 1386 1554 patris
1418 1466 1523 1535 sui
1558 1465 1766 1536 classi
1802 1465 2090 1533 Danicae
2123 1463 2567 1553 pendebatur,
2607 1475 2672 1532 et
2749 1462 3152 1532 ostrnodum

618 1557 787 1626 fisco
837 1556 1022 1646 regio
1072 1554 1511 1635 inferebatur,
1559 1554 1739 1644 regia
1792 1552 2194 1624 liberalitate
2235 1552 2516 1633 remisit,
2552 1564 2617 1622 et
2649 1575 2687 1621 a
2787 1556 2907 1621 hoc
2939 1572 3153 1620 onere

620 1643 1038 1735 importabili
1073 1643 1139 1712 in
1169 1656 1573 1743 perpetuum
1602 1643 1911 1732 Angliam
1947 1641 2257 1711 absolvit.
2298 1645 2459 1709 Cum
2494 1642 2675 1709 enim
2713 1640 2997 1710 collecta
3030 1638 3155 1709 illa

620 1734 915 1823 pecunia
963 1746 1118 1801 ante
1168 1730 1361 1800 illum
1413 1730 1634 1800 delata
1699 1743 1919 1814 esset,
1973 1729 2322 1799 diabolum
2374 1751 2581 1820 super
2627 1728 2992 1799 cumulum
3040 1750 3154 1797 se-

620 1822 892 1891 dentem
944 1834 1007 1890 et
1057 1820 1402 1889 ludentem
1448 1819 1634 1891 vidit.
1689 1832 1753 1888 et
1810 1842 1892 1888 ne
1939 1818 2242 1908 amplius
2288 1818 2670 1906 exigeretur
2702 1872 2718 1897 ,
2774 1817 3152 1907 praecepit.

622 1915 786 1981 Cum
841 1912 909 1978 in
965 1908 1236 1999 palatio,
1281 1907 1480 1995 juxta
1525 1907 1881 1977 ecclesiam
1935 1908 2111 1977 beati
2161 1907 2358 1986 Petri,
2401 1913 2535 1977 Rex
2582 1905 2956 1993 aliquando
3007 1926 3158 1973 mo-

620 2013 942 2076 raretur,
1002 1996 1392 2085 supervenit
1438 1996 1718 2082 quidam
1785 1997 1887 2065 vir
1944 1995 2323 2075 mirabilis,
2378 1996 2788 2064 Hibernicus
2847 2016 3149 2085 genere,

625 2088 822 2179 pedis
871 2086 1230 2171 utriusque
1280 2084 1586 2173 privatus
1635 2084 1858 2154 officio
1903 2085 2126 2173 (nervi
2173 2084 2353 2153 enim
2395 2084 2459 2150 in
2501 2083 2753 2173 poplite
2791 2085 3153 2164 contracti,

625 2177 709 2244 ad
766 2175 1170 2265 posteriores
1217 2174 1522 2261 corporis
1575 2187 1797 2262 partes
1842 2195 2044 2243 crura
2095 2186 2522 2251 retorserant,
2571 2173 2686 2241 tali
2736 2171 3014 2241 natibus
3047 2171 3160 2239 in-

628 2265 1010 2343 haeserant,
1067 2263 1511 2348 immersique
1556 2262 1884 2331 carnibus
1936 2260 2184 2351 pedum
2236 2259 2553 2340 articuli,
2609 2283 2648 2329 a
2698 2259 2952 2329 lumbis
3001 2261 3161 2349 ejus

625 2365 690 2421 et
737 2351 1059 2420 deorsum
1110 2372 1359 2439 corpus
1408 2372 1609 2419 omne
1656 2363 2140 2438 perverterant.
2197 2349 2526 2420 Porrectis
2573 2350 2656 2417 ad
2701 2362 2948 2419 terram
3004 2371 3161 2418 ma-

628 2442 858 2521 nibuS,
913 2453 977 2510 et
1025 2440 1326 2509 scamnis
1376 2440 1751 2529 suppositis
1801 2439 2106 2528 repebat,
2159 2450 2223 2506 et
2269 2437 2488 2506 sactus
2536 2437 2947 2529 sibimetipsi
2995 2460 3164 2527 gra-

627 2531 751 2609 vis,
809 2529 1117 2598 trahebat
1164 2551 1234 2597 se
1283 2542 1434 2618 post
1466 2528 1588 2616 se).
1628 2530 1754 2598 Hic
1804 2529 2043 2597 videns
2092 2528 2294 2617 Regis
2333 2526 2866 2608 cubicularium,
2922 2528 3021 2596 ait
3069 2527 3161 2596 ad

622 2640 831 2688 eum:
887 2640 921 2684 «
976 2617 1339 2707 Hugoline,
1396 2639 1527 2685 non
1583 2639 1691 2686 me
1742 2617 2062 2707 respicies
2094 2671 2108 2695 ‚
2166 2638 2286 2685 nec
2329 2616 2780 2695 misereberiS‚
2835 2637 2961 2684 nec
3011 2637 3165 2685 mo-

625 2707 804 2776 vebit
853 2719 913 2775 te
964 2727 1113 2774 mea
1164 2719 1347 2775 tanta
1393 2705 1799 2775 calamitas?
1834 2729 1869 2772 »
1919 2711 1996 2776 Et
2045 2704 2197 2773 ille:
2238 2727 2274 2771 «
2307 2705 2480 2786 Quid
2537 2726 2642 2773 me
2691 2705 2791 2772 vis
2828 2704 3161 2773 facere?»

626 2797 747 2865 Cui
800 2817 1094 2886 pauper:
1137 2819 1172 2860 «
1216 2793 1464 2875 SexieS,
1510 2795 1757 2880 inquit,
1795 2795 2268 2883 Apostolorum
2320 2792 2563 2862 limina
2598 2814 2840 2883 repens
2870 2793 2980 2882 (ut
3007 2814 3165 2862 cer—

626 2883 766 2974 nis)
812 2884 1102 2964 visitavi,
1154 2895 1218 2951 et
1266 2885 1625 2953 sanitatem
1679 2883 1972 2952 necdum
2027 2881 2399 2972 promerui.
2441 2886 2656 2963 Quam
2711 2894 2935 2950 tamen
2980 2882 3166 2950 mihi

624 2973 1097 3062 Apostolorum
1155 2972 1474 3061 princeps
1524 2992 1654 3038 non
1709 2972 2001 3060 negavit,
2056 2970 2171 3041 sed
2244 2968 2533 3051 distulit,
2589 2971 2852 3066 socium
2902 2970 2972 3037 in
3029 2971 3167 3040 hoc

626 3061 961 3132 miraculo
997 3062 1245 3130 habere
1292 3059 1525 3128 volens
1574 3059 1996 3140 Eduardum,
2049 3080 2252 3145 quem
2305 3059 2437 3127 sibi
2488 3060 2673 3130 novit
2706 3060 2773 3128 in
2825 3059 3167 3128 omnibus

622 3173 773 3220 esse
821 3151 1162 3219 devotum.
1209 3151 1304 3218 Ab
1354 3150 1503 3238 ipso
1537 3149 1719 3217 enim
1762 3147 2078 3238 Apostolo
2129 3149 2196 3215 in
2250 3147 2593 3216 mandatis
2635 3148 2868 3236 accepi
2903 3153 3167 3236 Regem

625 3239 840 3317 adire,
896 3252 969 3307 ut
1019 3259 1125 3306 me
1174 3259 1297 3306 suo
1333 3260 1527 3307 sacro
1559 3239 1957 3307 subvectum
2001 3237 2205 3305 dorso
2236 3235 2318 3304 ad
2361 3235 2719 3304 ecclesiam
2762 3237 2933 3325 ejuS‚
2969 3257 3165 3322 quae

627 3327 881 3418 palatio
924 3326 1146 3394 vicina
1193 3341 1314 3406 est,
1372 3326 1682 3415 perferat,
1751 3338 2209 3414 recepturum,
2278 3325 2335 3391 si
2387 3323 2450 3392 id
2503 3323 2756 3406 fecerit,
2811 3325 3170 3394 membro-

627 3437 783 3484 rum
825 3435 1129 3482 meorum
1182 3415 1513 3503 integram
1551 3413 1932 3485 sanitatem.
1974 3437 2009 3480 »
2041 3418 2220 3482 Haec
2259 3412 2377 3480 ubi
2412 3412 2733 3482 nunciata
2766 3425 2926 3483 sunt
2955 3414 3160 3503 Regi,

629 3503 885 3594 gratias
922 3503 1063 3592 agit
1100 3507 1248 3582 Dec,
1288 3514 1354 3570 et
1384 3504 1629 3571 citatus
1663 3525 1818 3572 mox
1852 3523 2074 3592 aeger,
2132 3501 2438 3570 accessit.
2493 3506 2630 3570 Rex
2679 3524 2854 3581 vero,
2910 3515 2986 3569 ut
3018 3502 3172 3590 spi-

630 3591 850 3662 ritalis
891 3589 1006 3659 ille
1053 3590 1295 3661 asinus
1326 3590 1540 3670 fortis,
1581 3593 1930 3662 accubans
1963 3592 2030 3659 in
2068 3589 2400 3668 terminis,
2437 3591 2801 3679 supposuit
2833 3590 3174 3659 humeros

630 3701 795 3751 suos
853 3679 936 3748 ad
993 3679 1428 3768 portandum.
1505 3679 1757 3748 Pendet
1818 3680 1901 3748 de
1964 3679 2252 3748 humero
2302 3677 2469 3746 tanti
2522 3678 2855 3767 principis
2907 3676 3170 3765 plenus

626 3769 954 3839 sordibus
1008 3789 1289 3856 pauper,
1344 3765 1681 3853 squalidis
1731 3766 2074 3846 manibuS‚
2130 3766 2571 3852 brachiisque
2620 3766 3012 3853 squamosis
3062 3788 3177 3836 re·

631 3859 825 3948 gium
886 3856 1058 3926 illud
1107 3867 1341 3946 pectus
1388 3855 1782 3940 collumque
1829 3855 2327 3944 complectitur.
2382 3860 2644 3924 Interea
2692 3877 2772 3923 ex
2833 3854 3178 3923 assisten-

632 3947 815 4015 tibus
865 3946 1178 4016 ridebant
1226 3943 1565 4027 nonnulli,
1611 3944 1801 4013 aliia
1837 3967 2134 4033 paupere
2183 3949 2432 4032 Regem
2467 3942 2786 4012 delusum
2829 3942 3178 4033 jocaban-

632 4048 767 4115 tur,
821 4036 936 4103 alii
986 4033 1496 4123 simplicitatem
1541 4034 1737 4118 justi,
1792 4032 2166 4101 fatuitatem
2215 4031 2644 4118 judicabant.
2699 4036 2863 4101 Cum
2926 4031 3178 4118 itaque

634 4128 769 4192 Rex
820 4122 1180 4212 paululum
1234 4122 1719 4210 processisset,
1769 4121 1993 4190 subito
2043 4120 2231 4189 nervi
2297 4120 2777 4200 extenduntur,
2833 4119 3171 4209 rigantur

630 4233 832 4291 ossa,
880 4233 1120 4280 carnes
1172 4210 1513 4279 marcidae
1575 4209 2025 4286 recalescunt,
2083 4220 2443 4297 emergunt
2489 4231 2528 4276 a
2575 4230 2780 4277 carne
2829 4208 3171 4291 articuli,

634 4300 842 4390 pedes
905 4322 945 4368 a
992 4300 1269 4368 natibus
1319 4298 1701 4368 solvuntur.
1759 4297 2089 4366 Distendit
2138 4297 2340 4365 homo
2403 4318 2609 4365 crura
2644 4350 2659 4376 ,
2714 4295 2974 4386 poplite
3014 4298 3182 4384 jam

632 4387 941 4469 flexibili,
988 4400 1052 4456 et
1099 4387 1294 4456 sanie
1342 4407 1499 4456 curn
1552 4386 1890 4475 sanguine
1940 4386 2341 4476 profluente,
2397 4385 2600 4455 vestis
2648 4385 2834 4475 regia
2869 4399 3185 4459 ornatur
