3347 4999
667 292 793 356 444
1304 308 1382 353 DE
1430 307 1791 363 oumusnau
1838 308 2108 354 marva.
2162 307 2369 356 Arme.
2805 290 2980 358 OCT.
3046 295 3130 359 ’16

576 414 877 479 namque
910 391 1052 479 jam
1093 395 1222 460 Deo
1254 403 1539 470 sacrata,
1578 392 1921 460 humanas
1973 392 2247 482 nuptias
2283 391 2643 462 refutabat.
2677 396 2753 461 At
2798 394 2920 463 ubi
2959 417 3124 463 ven-

577 495 722 550 tum
771 494 894 561 est,
947 492 1023 549 ut
1068 480 1375 550 cubiculi
1435 480 1794 549 adirentur
1860 494 2115 549 secreta
2189 481 2482 558 silentia,
2540 494 2604 549 et
2656 482 3124 553 Martinianus

577 570 914 648 nesciens,
967 569 1134 655 quid
1184 568 1267 638 de
1319 568 1433 637 illo
1482 569 1870 638 decreverat
1943 574 2137 647 Deus,
2211 570 2509 639 maritali
2582 569 2843 638 fiducia
2913 573 3128 657 quasi

576 680 735 727 cum
787 656 1080 747 conjuge
1150 671 1431 747 cuperet
1492 658 1824 737 cubitare,
1879 658 2029 727 viva
2077 659 2138 726 ei
2189 680 2348 728 voce
2413 671 2787 728 memorata
2854 658 3131 730 famula

581 746 824 816 Christi
857 745 1232 835 respondit:
1270 769 1305 813 «
1335 747 1598 817 Christo
1630 768 1780 837 ego,
1832 769 1871 815 o
1921 747 2325 815 Martiniane
2358 746 2586 827 frater,
2635 748 2946 817 membra
2984 751 3132 819 mei

582 836 891 925 corporis
937 834 1272 917 dedicavi,
1325 857 1450 904 nec
1502 856 1783 926 possum
1820 834 2195 904 hamanum
2239 836 2470 905 sortiri
2517 834 2953 925 conjugium,
3001 838 3133 907 ha-

579 924 749 995 bens
788 925 934 1014 jam
985 923 1344 994 coelestem
1383 936 1448 992 et
1496 946 1732 993 verum
1783 945 2141 1014 sponsum.
2198 925 2322 993 Sed
2375 925 2554 994 dabo
2602 924 3016 994 consilium:
3064 928 3132 996 si

578 1013 768 1094 veliS,
828 1014 1077 1103 poteris
1123 1025 1188 1081 et
1239 1014 1255 1080 i
1312 1034 1382 1081 se
1434 1013 1553 1082 tibi
1605 1026 1990 1102 praestare,
2048 1034 2206 1081 cum
2261 1013 2438 1092 licet,
2494 1026 2569 1081 ut
2616 1014 2731 1082 cui
2779 1035 2908 1104 ego
2955 1036 3129 1085 con-

580 1102 812 1191 cupivi
858 1101 1137 1182 nubere,
1183 1101 1265 1170 de
1297 1102 1538 1170 ecteris
1570 1114 1633 1170 et
1669 1102 1813 1188 ipse
1849 1102 2120 1170 servire.
2165 1125 2200 1167 »
2238 1107 2336 1171 Ita
2369 1103 2624 1171 factum
2662 1114 2786 1183 est,
2838 1104 3128 1173 Domino

630 1203 1015 1271 rocurante‚
1069 1203 1147 1259 ut
1193 1190 1520 1259 obediens
1554 1191 1829 1281 virgini,
1866 1190 2069 1258 etiam
2119 1190 2521 1259 adolescens
2571 1212 2769 1259 suam
2807 1191 3120 1260 animam

613 1288 994 1349 ucraretur.
1048 1281 1398 1348 Nesciente
1460 1280 1670 1369 igitur
1742 1278 2074 1355 vandalo,
2153 1292 2614 1368 compunctus
2661 1293 2867 1366 atque
2917 1281 3125 1369 spiri-

583 1368 791 1437 tualis
840 1368 1077 1437 secreti
1110 1368 1601 1437 commercium
1647 1379 2002 1437 mutuatus
2039 1369 2513 1447 MartinianuS,
2553 1368 2757 1436 etiam
2801 1368 2946 1438 suis
2979 1368 3120 1438 fra-

580 1457 801 1526 tribus
852 1458 1212 1545 persuasit,
1257 1469 1333 1525 ut
1376 1457 1772 1526 thesaurum
1821 1477 2026 1542 quem
2080 1456 2427 1526 invenerat
2480 1456 2830 1536 haberent,
2876 1470 3115 1546 utpote

575 1546 887 1635 germani
934 1564 1418 1615 communem:
1471 1565 1843 1614 conversus
1889 1558 1990 1615 est
2040 1545 2269 1632 itaque
2315 1567 2474 1615 cum
2514 1545 2736 1614 tribus
2776 1544 3110 1616 fratribus

579 1634 745 1705 suis.
805 1634 917 1702 Dei
968 1633 1196 1723 puella
1267 1634 1670 1714 comitante,
1726 1645 1921 1702 nocte
1984 1633 2162 1702 clam
2213 1634 2662 1724 egredientes,
2717 1636 3112 1705 Tabraceno

579 1724 1012 1803 monasterio,
1065 1724 1178 1791 cui
1230 1738 1536 1812 praeerat
1568 1735 1732 1791 tunc
1769 1723 2019 1792 nobilis
2068 1736 2297 1812 pastor
2346 1723 2670 1803 Andrea5‚
2725 1723 3109 1793 sociantur.

578 1810 703 1879 Illa
754 1833 909 1881 vero
957 1813 1142 1880 haud
1198 1810 1432 1900 procul
1490 1812 1976 1880 monasterium
2029 1811 2316 1881 incoluit
2352 1811 2767 1900 puellarum.

663 1904 697 1985 ξ
746 1905 829 1972 4.
885 1901 1283 1969 Sciscitante
1354 1900 1566 1987 igitur
1615 1901 1906 1969 barbaro
1956 1899 2523 1987 inquisitionibus
2570 1912 2636 1968 et
2700 1901 3116 1971 muneribus

575 1989 857 2067 crebriS,
903 1987 1086 2075 quod
1123 2001 1403 2076 ,gestum
1476 2001 1642 2069 erat,
1711 1988 1919 2057 celari
1970 2010 2103 2057 non
2157 1990 2398 2078 potuit.
2453 1988 2819 2057 Inveniens
2888 1991 3122 2077 itaque

570 2076 717 2165 jam
770 2099 901 2145 non
933 2100 1081 2153 sua,
1120 2076 1233 2146 sed
1267 2076 1510 2145 Christi
1563 2077 1933 2167 mancipia,
1972 2076 2254 2164 conjicit
2302 2078 2369 2145 in
2422 2077 2741 2160 vinculis,
2795 2089 2861 2146 et
2909 2078 3125 2151 variis

579 2166 937 2234 tormentis
987 2165 1099 2233 Dei
1148 2164 1443 2234 famulos
1491 2165 1886 2246 insectatur,
1927 2187 2138 2256 agens
2178 2188 2337 2235 cum
2386 2167 2486 2235 eis
2537 2187 2670 2235 non
2731 2177 2998 2237 tantum
3044 2181 3124 2237 ut

582 2254 835 2343 pariter
903 2254 1377 2337 miscerentur,
1433 2254 1547 2322 sed
1602 2255 1783 2342 quod
1853 2256 2132 2345 gravius
2195 2267 2317 2333 est,
2376 2277 2496 2344 per
2557 2254 3121 2344 rebaptizationis

579 2362 870 2410 coenum
945 2342 1105 2411 fidei
1177 2364 1340 2411 suae
1409 2357 1811 2413 ornamenta
1881 2355 2258 2432 turparent.
2313 2344 2622 2412 Pervenit
2697 2344 2828 2413 hoc
2888 2346 3127 2434 ipsum

580 2451 801 2516 usque
850 2431 931 2499 ad
979 2431 1287 2501 notitiam
1341 2432 1685 2502 Geiserici.
1742 2433 2051 2502 Decernit
2113 2437 2271 2514 Rex,
2327 2434 2427 2502 uti
2479 2431 2724 2502 tandiu
2787 2432 3128 2523 implaca-

584 2519 743 2588 bilis
765 2518 948 2589 ferus
971 2542 1200 2591 servos
1226 2521 1575 2610 affligeret,
1605 2521 1945 2608 quamdiu
1973 2521 2165 2590 illius
2196 2522 2732 2591 succumberent
2757 2522 3123 2592 voluntati.

577 2607 782 2677 Jubet
831 2608 898 2676 in
951 2610 1233 2678 modum
1287 2631 1631 2679 serrarum
1683 2609 1896 2680 fustes
1946 2612 2266 2679 robustos
2302 2609 2509 2680 veluti
2572 2609 2909 2700 palmatos
2958 2635 3128 2681 cum

583 2697 916 2786 stirpibus
965 2698 1136 2778 fieri,
1191 2697 1309 2784 qui
1358 2698 1829 2784 quatientibus
1880 2699 2088 2788 tergis
2140 2720 2273 2767 non
2326 2699 2552 2768 solum
2610 2720 2767 2767 ossa
2815 2699 3126 2768 confrin-

621 2799 832 2864 erent‚
887 2786 1002 2855 sed
1052 2787 1256 2856 etiam
1309 2787 1725 2856 terebrantes
1759 2787 1981 2856 aculei
2017 2788 2432 2857 intrinsecus
2485 2800 2936 2856 remanerent.
2978 2789 3115 2871 Qui

629 2898 746 2944 um
799 2877 1085 2964 sanguis
1131 2875 1455 2957 efflueret,
1494 2888 1559 2944 et
1589 2875 1941 2965 dissipatis
1974 2877 2300 2945 carnibus
2332 2876 2592 2944 viscera
2642 2876 3109 2957 nudarentur,

577 2964 886 3050 sequenti
935 2964 1068 3043 die,
1123 2965 1388 3034 Christo
1439 2963 1772 3044 medente,
1828 2964 2208 3034 incolumes
2260 2963 2746 3034 reddebantur.
2786 2969 2928 3034 Hoc
2963 2987 3121 3035 sae-

578 3053 734 3140 pius
782 3075 862 3121 ac
913 3052 1128 3123 multo
1177 3052 1434 3123 factum
1484 3066 1586 3122 est
1637 3066 1764 3121 tem
1821 3074 1959 3135 ore,
2003 3066 2067 3122 et
2114 3052 2307 3122 nulla
2382 3053 2744 3144 plagarum
2825 3055 3122 3144 vestigia

578 3141 1012 3230 videbantur,
1070 3155 1303 3212 sancto
1378 3143 1628 3231 spiritu
1693 3164 1772 3212 su
1829 3142 1988 3211 inde
2048 3153 2355 3211 curante.
2412 3147 2567 3210 Post
2638 3141 2766 3211 hoc
2814 3155 3126 3212 arctatur

580 3229 868 3298 Maxima
912 3230 1128 3299 durae
1175 3231 1550 3311 custodiae,
1590 3230 2003 3318 cuspidique
2041 3230 2305 3300 crudeli
2345 3229 2758 3299 extenditur.
2802 3231 2923 3300 Cui
2955 3252 3127 3301 curn

583 3318 699 3385 Dei
733 3339 1082 3386 servorum
1129 3340 1261 3387 non
1300 3319 1561 3390 deesset
1591 3318 1974 3405 frequentia
2013 3319 2465 3398 visitantium,
2519 3318 2916 3388 videntibus
2943 3339 3131 3389 cun-

578 3405 729 3483 ctis,
787 3406 852 3472 in
908 3405 1170 3475 entium
1236 3407 1581 3497 lignorum
1633 3420 2035 3497 putrescens
2083 3408 2304 3476 soluta
2352 3420 2454 3476 est
2503 3406 2851 3477 fortitudo.
2911 3409 3129 3477 Mira-

577 3493 815 3562 culum
917 3515 997 3562 oc
1038 3516 1198 3563 voce
1247 3498 1556 3565 omnium
1610 3495 2018 3577 celebratur,
2054 3509 2117 3565 et
2154 3497 2374 3575 nobis,
2419 3497 2502 3564 ad
2544 3518 2749 3584 quem
2801 3498 3128 3568 custodia

577 3581 985 3670 pertinebat,
1039 3605 1196 3652 curn
1251 3598 1680 3654 sacramento
1729 3597 2013 3654 testatus
2059 3598 2159 3654 est
2201 3586 2293 3653 ita
2340 3584 2576 3654 fuisse.

665 3672 701 3756 ξ
749 3676 836 3742 5.
880 3675 993 3740 Ast
1040 3670 1162 3740 ubi
1210 3673 1556 3743 Vandalus
1605 3674 1922 3742 virtutem
1974 3673 2271 3763 neglexit
2317 3694 2728 3763 cognoscere
2775 3673 3118 3754 divinam,

574 3759 802 3846 coepit
851 3760 918 3828 in
973 3760 1176 3829 domo
1209 3761 1359 3850 ejus
1409 3761 1814 3829 vindicatrix
1864 3763 1964 3830 ira
2011 3761 2337 3851 grassari.
2381 3762 2666 3830 Moritur
2704 3761 2851 3852 ipse
2900 3762 3124 3832 simul

572 3860 636 3916 et
683 3847 832 3928 filii,
887 3849 1189 3918 familiae
1229 3862 1430 3937 atque
1472 3849 1885 3919 animalium
1916 3871 2397 3938 quaecumque
2445 3851 2706 3940 optima
2741 3861 2957 3931 erant,
2997 3871 3131 3939 pa-

500 3949 505 3954 ·
571 3936 734 4004 riter
773 3938 1136 4006 intereunt.
1193 3938 1680 4025 Remansitque
1728 3938 2010 4008 domina
2045 3939 2275 4020 vidua,
2318 3939 2585 4019 marito,
2627 3939 2791 4008 filiis
2830 3950 2896 4007 et
2945 3938 3127 4009 sub-

571 4026 818 4095 stantia
894 4027 1262 4097 destituta:
1318 4048 1546 4096 servos
1617 4027 1865 4097 Christi
1934 4040 2224 4117 cognato
2296 4028 2501 4118 Regis
2560 4026 2839 4096 Sesaoni
2887 4028 3124 4116 gratia

572 4114 882 4184 muneris
930 4115 1147 4185 offert.
1201 4117 1331 4199 Qui
1380 4139 1537 4186 cum
1588 4137 1744 4198 eos,
1798 4128 2033 4207 utpote
2087 4117 2387 4197 oblat05‚
2442 4137 2602 4185 cum
2654 4115 3129 4207 gratulatione

572 4202 790 4271 nimia
865 4206 1302 4294 suscepisset,
1356 4205 1536 4275 filios
1583 4218 1649 4274 et
1694 4205 2105 4275 domesticos
2180 4218 2575 4275 sanctorum
2641 4204 2883 4275 merito
2934 4204 3126 4276 male

568 4291 793 4379 coepit
858 4291 1146 4362 daemon
1203 4295 1408 4363 variis
1475 4292 1774 4362 motibus
1836 4294 2115 4383 agitare.
2196 4298 2287 4361 Ex
2357 4293 2599 4363 ordine
2673 4293 2790 4362 ille
2859 4313 2938 4362 co
2997 4314 3126 4362 na-

572 4390 718 4461 tuS,
772 4392 846 4448 ut
893 4395 1158 4471 gestum
1211 4397 1374 4467 erat,
1414 4383 1723 4472 suggerit
1756 4383 1946 4471 Regi.
1988 4383 2301 4450 Decernit
2348 4382 2575 4452 statim
2620 4388 2782 4468 Rex,
2825 4380 2941 4451 cui
2997 4404 3118 4451 arn
