3347 4999
196 427 368 495 OCT.
432 428 503 492 14
863 446 940 491 DE
990 446 1045 492 s.
1101 442 1399 491 commeo
1449 443 1749 490 tomeun
1798 443 2069 489 aarum
2518 406 2632 491 421

192 532 498 621 exigente
546 534 780 611 causa,
834 530 1232 599 Dominicus
1281 529 1363 598 ad
1400 552 1559 599 eum
1593 530 1795 610 venit,
1832 550 2129 615 eumque
2176 552 2385 619 super
2432 530 2733 616 quadam

191 619 406 690 eremi
443 620 894 709 possessione,
939 641 1146 706 quam
1198 639 1277 687 ex
1317 619 1464 705 jure
1515 617 1708 687 Sedis
1746 617 2168 705 Apostolicae
2215 617 2585 699 detinebat,
2617 619 2733 688 ob-

193 709 352 777 nixe
402 709 684 798 rogavit.
740 712 952 791 Quem
1004 706 1142 787 ille,
1196 719 1429 796 utpote
1465 705 1656 775 nulla
1691 707 1977 775 vestium
2016 707 2509 796 compositione
2545 708 2731 776 festi-

193 819 386 878 vum,
440 797 831 886 despiciens
879 796 1155 885 sprevit,
1191 796 1388 883 eique
1425 795 1521 863 nil
1551 817 1789 864 eorum
1832 817 2006 882 quae
2051 796 2390 885 poscebat,
2419 795 2730 865 indulsit.

200 891 508 972 Cumque
556 885 692 954 sibi
739 908 774 954 a
824 884 1436 954 circumstantibus
1469 884 1848 954 diceretur:
1904 907 1938 949 «
1971 884 2117 953 Noli
2168 906 2323 953 eum
2382 898 2515 953 tam
2565 884 2738 954 dure

196 976 575 1064 suscipere,
632 987 913 1043 sanctus
953 974 1135 1041 enim
1187 974 1289 1042 vir
1335 987 1475 1042 est:
1519 996 1554 1039 »
1607 973 1721 1041 ille
1771 988 2122 1060 tamquam
2185 974 2529 1053 evomens,
2584 973 2726 1042 ait:

196 1086 234 1129 «
288 1062 385 1132 Sit
442 1075 770 1143 sanctuS,
840 1076 915 1132 ut
963 1061 1202 1132 vultis:
1256 1062 1374 1131 sed
1424 1062 1664 1131 beatus
1727 1066 1964 1131 Petrus
2014 1074 2192 1131 certe
2240 1063 2542 1131 sanctior
2579 1075 2729 1143 est,

193 1151 400 1238 cujus
447 1173 571 1241 ego
620 1173 900 1220 causam
956 1152 1022 1220 in
1075 1152 1202 1220 hac
1250 1150 1846 1220 administratione
1896 1149 2207 1219 defendo.
2252 1174 2286 1216 »
2336 1151 2555 1240 Igitur
2603 1152 2736 1219 im-

244 1262 321 1310 os
369 1241 588 1329 coepti
631 1240 1054 1320 DominicuS,
1096 1240 1268 1308 redit
1315 1239 1398 1308 ad
1440 1238 1789 1308 cellulam.
1831 1238 1952 1308 Ille
1985 1261 2259 1326 quoque
2299 1251 2451 1329 post
2493 1239 2735 1330 paulu-

226 1351 341 1397 um
405 1351 715 1399 reversus
780 1342 881 1397 est
943 1333 1256 1397 Romam.
1327 1334 1531 1397 Porro
1597 1349 1766 1418 puer
1813 1328 1846 1361 '⁶
1893 1327 2175 1414 quidam
2243 1328 2728 1417 despicabiliS‚

191 1418 317 1505 qui
357 1418 443 1486 ad
483 1417 959 1503 exequendum
995 1416 1479 1504 quodcumque
1517 1417 1866 1507 negotium
1904 1418 1971 1484 in
2010 1416 2603 1486 administratione
2635 1439 2736 1485 re-

192 1507 474 1587 mansit,
527 1504 856 1592 quicquid
896 1505 1293 1574 Dominicus
1326 1506 1612 1605 petierat
1651 1528 1689 1574 a
1730 1504 2011 1593 judice,
2057 1518 2305 1574 cuncta
2349 1518 2731 1575 reverenter

193 1594 529 1684 implevit.
574 1593 803 1662 Judex
836 1607 1059 1662 autem
1100 1615 1232 1663 non
1271 1593 1393 1663 diu
1428 1606 1613 1684 post,
1654 1617 1863 1681 quam
1906 1594 1990 1662 ad
2037 1595 2306 1694 propria
2357 1593 2729 1684 repedavit,

190 1684 565 1753 hostilibus
600 1681 851 1773 gladiis
888 1681 1234 1771 perfossus
1271 1684 1552 1762 interiit,
1594 1683 1984 1769 multasque
2043 1683 2316 1753 divitias
2348 1737 2362 1763 ‚
2408 1683 2571 1770 quia
2620 1705 2731 1753 so-

191 1771 424 1841 bolem
461 1793 594 1840 non
627 1772 941 1851 habebat,
975 1772 1314 1840 extraneis
1343 1771 1756 1841 haeredibus
1790 1771 2176 1858 dereliquit.
2205 1777 2360 1840 Erat
2388 1783 2737 1861 praeterea

193 1861 597 1929 Dominicus
633 1860 826 1929 valde
859 1874 1104 1929 cautus
1137 1862 1203 1929 in
1241 1861 1489 1941 verbiS,
1531 1873 1604 1930 ut
1637 1874 1793 1950 apte
1833 1861 1964 1930 sibi
1991 1875 2398 1950 congrueret
2427 1860 2544 1929 illa
2578 1883 2737 1929 sen-

195 1950 430 2029 tentia,
475 1971 613 2035 qua
643 1949 950 2018 Jacobus
985 1949 1344 2037 Apostolus
1378 1950 1512 2018 ait:
1582 1952 1661 2019 Si
1704 1952 1853 2040 quis
1904 1952 1970 2018 ιή
2015 1952 2208 2018 verbo
2256 1973 2386 2019 non
2432 1951 2725 2038 offendit,

194 2039 306 2105 hic
342 2038 675 2127 perfectus
725 2049 818 2107 est
869 2040 971 2105 vir
1020 2044 1189 2119 (Jac.
1235 2038 1360 2125 ιιι).
1400 2043 1566 2107 Nam
1620 2039 1678 2106 si
1719 2038 1995 2124 quando
2034 2052 2499 2125 quaereretur,
2528 2053 2738 2125 quota

191 2126 332 2194 diei
381 2125 549 2194 hora
596 2142 793 2203 esset,
851 2148 1202 2212 nunquam
1249 2125 1558 2195 absolute
1604 2126 1898 2207 dicebat,
1938 2142 2145 2214 quota
2177 2140 2376 2207 esset,
2418 2127 2535 2196 sed
2570 2150 2735 2196 cum

192 2215 328 2284 hoc
363 2214 830 2284 additamento
857 2237 1164 2304 semper:
1198 2219 1411 2304 Prope
1447 2216 1640 2283 tertia
1694 2215 1859 2283 hora
1903 2228 2026 2296 est,
2067 2237 2276 2305 prope
2318 2229 2501 2285 sexta
2537 2215 2727 2285 hora.

194 2303 580 2389 Inquisitus
613 2326 652 2371 a
693 2325 825 2384 me,
869 2327 996 2373 cur
1029 2325 1299 2392 semper
1333 2305 1423 2372 ita
1473 2303 1767 2372 diceret:
1824 2308 1897 2371 In
1952 2304 2102 2383 hoc,
2144 2304 2390 2392 inquit,
2448 2303 2732 2374 menda-

194 2392 383 2460 cium
435 2414 672 2461 caveo:
712 2415 869 2460 nam
923 2392 1061 2461 sive
1103 2393 1188 2461 sit
1222 2392 1386 2460 bora
1421 2404 1786 2469 transacta,
1828 2392 1966 2461 sive
2000 2392 2226 2462 adhuc
2262 2393 2570 2462 fortassis
2602 2395 2737 2462 im-

195 2480 478 2561 mineat,
531 2480 914 2571 propinqua
960 2493 1187 2550 tamen
1223 2495 1345 2560 est,
1384 2504 1559 2568 quae
1601 2480 1915 2551 videlicet
1963 2506 2001 2551 a
2054 2495 2420 2564 momento,
2479 2484 2546 2551 in
2597 2506 2737 2570 quo

196 2569 574 2656 loquimur,
623 2592 755 2638 non
808 2570 1192 2658 elongatur.

287 2661 321 2744 ξ
370 2662 504 2731 18.
564 2659 867 2727 Habebat
915 2658 1288 2744 aliquando
1339 2659 1657 2728 cellulam
1703 2658 1901 2747 juxta
1964 2659 2481 2739 monasterium,
2549 2659 2735 2747 quod

195 2746 450 2815 dicitur
499 2747 1069 2836 Conjunctuli.1n
1123 2747 1354 2838 vigilia
1407 2749 1636 2835 itaque
1686 2747 2078 2816 Dominicae
2117 2748 2517 2825 Nativitatis,
2572 2770 2734 2816 cum

195 2848 330 2904 tota
389 2836 816 2923 praecedenti
858 2836 1396 2926 Quadragesima
1430 2838 1499 2870 ⁸*
1552 2837 1919 2905 mansisset
1969 2836 2283 2905 inclusus
2315 2890 2329 2915 ,
2392 2836 2736 2922 tantisque

185 2923 481 3015 jejuniis
503 2938 706 3012 atque
734 2925 1087 2994 laboribus
1120 2939 1296 2995 esset
1330 2926 1766 2995 vehementer
1796 2925 2111 3004 afflictuS,
2154 2925 2481 2993 invitante
2515 2924 2735 3013 gloria

197 3012 655 3082 solemnitatis
695 3035 1036 3104 egressus,
1078 3013 1314 3083 Abbati
1363 3014 1492 3084 loci
1539 3014 1893 3083 humiliter
1934 3012 2249 3102 procidit,
2303 3013 2572 3080 veniam
2617 3035 2738 3102 pe-

199 3102 327 3182 tiit,
362 3114 556 3170 actus
591 3125 754 3172 suos
784 3114 848 3171 et
874 3103 1320 3192 cogitationes
1352 3102 1888 3192 lacrymabiliter
1918 3101 2285 3170 accusavit.
2324 3100 2445 3170 Ille
2476 3114 2729 3180 autem,

196 3203 273 3260 ut
320 3203 463 3258 erat
511 3190 929 3280 inexpertuS,
986 3191 1151 3260 levis
1201 3192 1550 3271 moribuS,
1613 3205 1678 3260 et
1725 3189 2033 3260 consiliis
2105 3189 2583 3279 spiritualibus
2633 3190 2734 3258 in-

197 3290 459 3358 suetus,
500 3301 657 3348 cum
712 3280 843 3348 sibi
879 3279 1220 3350 sufficeret
1268 3302 1486 3349 unum
1538 3279 1911 3370 psalmum,
1947 3278 2049 3347 vel
2085 3278 2530 3369 perexiguum
2566 3277 2735 3366 quid

195 3368 574 3456 imponere,
639 3369 985 3457 praecepit
1042 3381 1114 3439 ut
1176 3391 1298 3459 pro
1351 3368 1458 3438 his
1511 3390 1687 3454 quae
1741 3367 2095 3437 confessus
2145 3367 2386 3448 fuerat,
2457 3369 2738 3458 triginta

197 3454 524 3547 psalteria
555 3455 968 3526 decantaret.
997 3462 1144 3540 Qua
1178 3458 1507 3527 nimirum
1546 3456 1661 3524 ille
1695 3457 2055 3537 sententia,
2094 3456 2278 3526 velut
2310 3457 2555 3547 sagitta
2584 3480 2736 3557 per-

192 3568 470 3625 cussuS‚
513 3544 595 3613 ad
633 3566 750 3613 cor
782 3546 1006 3625 rediit,
1067 3559 1271 3633 atque
1319 3547 1445 3614 hoc
1489 3546 1881 3635 provenisse
1914 3567 1992 3614 ex
2027 3544 2243 3614 divini
2283 3545 2733 3635 dispositione

183 3634 440 3723 judicii
489 3633 864 3723 deputavit.
921 3640 1157 3720 Itaque
1229 3656 1584 3724 regressus
1635 3635 1703 3702 in
1764 3634 2113 3714 cellulam,
2170 3656 2527 3721 nunquam
2581 3657 2736 3723 pro-

191 3724 344 3803 diit,
398 3722 613 3792 donec
664 3722 1044 3811 praefixum
1117 3723 1412 3792 indictae
1463 3724 1920 3812 poenitentiae
1994 3745 2328 3792 canonem
2379 3723 2737 3791 instantis-

193 3814 373 3882 sima
423 3810 784 3880 sedulitate
835 3811 1182 3901 persolvit.

284 3903 319 3986 ξ
371 3904 515 3970 10.
572 3899 843 3970 Solebat
902 3912 1128 3969 autem
1186 3921 1305 3989 per
1352 3899 1709 3969 intervalla
1775 3900 1930 3970 licet
1980 3898 2384 3991 parcissime
2422 3953 2436 3980 ‚
2494 3899 2732 3967 vinum

190 3988 466 4058 bibere:
521 3989 637 4058 sed
691 3988 892 4080 longe
938 4001 1117 4069 ante,
1164 4010 1371 4076 quam
1424 3988 1793 4059 defunctus
1844 4002 1967 4070 est,
2014 3988 2310 4057 decrevit
2358 3987 2443 4056 ab
2492 4010 2570 4056 eo
2620 4008 2736 4077 pe-

194 4077 385 4146 nitus
434 4078 799 4148 abstinere.
855 4082 935 4147 Ut
983 4078 1211 4164 itaque
1257 4078 1430 4166 jam,
1484 4078 1761 4147 omissis
1808 4077 2117 4156 caeteriS,
2172 4076 2257 4145 ad
2309 4076 2571 4145 obitum
2627 4097 2736 4144 ve-

171 4164 494 4245 ·niamu3‚
536 4167 921 4256 patiebatur
959 4165 1397 4256 gravedinem
1450 4166 1809 4246 stomachi,
1853 4166 2112 4236 crebris
2154 4165 2440 4254 insuper
2487 4165 2734 4255 capitis

195 4251 551 4323 doloribus
616 4257 1076 4327 cruciabatur.
1137 4261 1213 4325 Et
1276 4255 1604 4342 quoniam
1654 4254 1944 4324 alterum
2012 4276 2213 4343 saepe
2283 4253 2589 4343 procedit
2655 4275 2734 4322 ex

251 4451 276 4475 ¹·
309 4449 580 4489 ministrum
602 4449 810 4503 intellige
835 4452 1071 4494 inferioris
1092 4455 1284 4494 ordinis.

195 4502 833 4605 πῖαὲἕζὲῖῖἔὲἓὲἒιὲἲηξαεο
868 4510 970 4549 erut
988 4508 1031 4548 S.
1056 4506 1258 4552 Martini.
1277 4515 1395 4556 quae
1418 4506 1473 4546 ab
1497 4505 1671 4545 Octava
1706 4504 1922 4545 Omnium
1961 4504 2241 4545 Sanctorum
2274 4504 2330 4543 ad
2362 4500 2523 4543 Natale
2550 4500 2737 4542 Domini
