3347 4999
716 338 800 401 62
1535 354 1612 399 na
1660 353 1716 399 s.
1772 353 2016 400 axvoNs
2064 353 2247 400 coxr.
2898 335 3084 401 OCT.
3161 336 3188 398 Ι

632 437 999 526 episcopus
1047 433 1421 513 AmanduS,
1474 445 1539 502 et
1580 418 1991 502 venerabilis
2039 434 2253 503 abbas
2289 434 2751 515 FlorebertuS‚
2787 434 2907 522 qui
2939 446 3006 503 et
3038 433 3208 523 ipsi

632 524 953 595 cellulam
1010 523 1324 613 ingressi,
1378 534 1670 592 cernunt
1721 522 2066 591 mirabilia
2117 523 2231 592 Dei
2267 523 2336 591 in
2390 524 2718 613 martyrio
2757 523 2998 593 militis
3032 522 3194 593 sui.

633 614 809 698 Quid
860 614 1042 682 enim
1098 613 1330 681 vivens
1373 611 1660 701 spiritus
1692 611 1846 698 ejus
1878 612 2114 701 egerit,
2160 633 2412 701 corpus
2449 626 2794 682 mortuum
2836 611 3198 699 loqueba-

633 716 781 774 tur:
822 703 888 770 in
925 708 1069 789 quo¹
1092 713 1227 770 tota
1262 722 1420 769 caro
1454 700 1545 769 ita
1580 700 1864 789 depasta
1927 699 2305 781 videbatur,
2364 714 2440 770 ut
2497 701 2660 791 pelli
2715 701 3200 770 adhaererent

631 814 809 871 ossa,
854 804 919 860 et
964 791 1146 860 circa
1195 790 1432 859 dentes
1468 789 1943 858 tantummodo
1979 789 2213 858 relicta
2249 789 2452 859 labia.
2493 790 2660 872 Quis
2709 790 2985 859 interim
3030 811 3193 858 non

632 882 821 950 fleret
848 880 1156 948 humana
1187 878 1691 967 compassione,
1734 890 1854 947 aut
1877 879 2034 964 quis
2069 900 2199 946 non
2239 878 2566 969 gauderet
2600 878 2945 969 spirituali
2977 877 3193 947 exul-

632 967 1376 1039 tationePTranslatum
1403 987 1555 1035 vero
1589 965 1801 1035 funus
1829 966 2260 1036 sacerdotum
2290 968 2535 1039 Christi
2571 968 2915 1048 manibuS,
2949 967 3193 1036 multo

628 1080 787 1128 cum
839 1053 1067 1127 studio
1116 1056 1449 1124 cervicem
1499 1054 1744 1124 feretro
1794 1054 2344 1139 subjicientibus,
2384 1057 2610 1125 media
2645 1057 2935 1126 ecclesia
2983 1057 3186 1125 beati

628 1147 805 1217 Petri
853 1145 1153 1237 Apostoli
1193 1144 1276 1213 ad
1334 1142 1873 1233 pernoctandum
1911 1144 2195 1214 locatur.
2235 1151 2396 1215 Tota
2425 1159 2832 1216 convenerat
2869 1145 3180 1216 vicinia:

630 1257 834 1306 omne
886 1257 1002 1304 rus
1034 1290 1049 1315 ,
1103 1254 1343 1302 omnes
1390 1233 1574 1301 circa
1620 1231 1949 1301 ecclesiae
1999 1234 2350 1304 ministros
2396 1246 2460 1303 et
2508 1234 2892 1305 sacerdotes
2956 1235 3183 1303 mise-

629 1336 806 1405 rant,
862 1346 984 1392 nec
1020 1344 1226 1412 parvo
1276 1322 1634 1411 reputabat
1675 1343 1746 1390 se
1779 1321 2179 1391 frustratum
2225 1344 2532 1404 munere,
2587 1324 2699 1393 cui
2753 1346 2887 1393 non
2937 1324 3181 1392 conti-

678 1414 839 1483 isset
881 1411 1043 1481 huic
1078 1422 1352 1480 sanctae
1385 1410 1796 1499 depositioni
1825 1411 2171 1480 interesse.
2204 1417 2359 1481 Erat
2386 1413 2641 1482 interea
2672 1412 2841 1481 illud
2879 1413 3184 1481 misera·

628 1437 789 1582 gite,
830 1500 1085 1570 intueri
1113 1522 1496 1591 pauperum
1533 1499 1828 1579 turbam,
1869 1512 2029 1570 tunc
2061 1522 2213 1570 vere
2241 1514 2429 1591 patre
2463 1503 2717 1572 amisso
2747 1502 3174 1591 orphanam,

630 1603 847 1659 vestes
893 1602 959 1659 et
1004 1589 1266 1669 solatia,
1298 1610 1475 1675 quae
1522 1588 1606 1656 de
1648 1587 1973 1658 manibus
2020 1589 2172 1676 ejus
2221 1603 2644 1680 acceperant,
2680 1590 3064 1669 ostendere,
3107 1602 3184 1659 et

629 1691 835 1749 totam
872 1678 1229 1748 ecclesiam
1283 1676 1763 1747 inconsolabili
1807 1676 1996 1746 luctu
2049 1678 2331 1768 replere.
2384 1680 2714 1769 Apparuit
2739 1692 2964 1748 autem
3006 1678 3184 1748 felix

628 1768 779 1857 ejus
826 1768 1057 1836 anima
1099 1768 1167 1835 in
1212 1767 1362 1855 ipsa
1410 1766 1632 1835 exitus
1671 1766 1781 1834 sui
1821 1766 1984 1836 hora
2021 1766 2221 1856 longe
2254 1768 2560 1837 manenti
2597 1781 2872 1837 sanctae
2903 1768 3176 1856 virgini

629 1857 968 1936 Gertrudi,
1019 1868 1251 1946 petens
1299 1868 1374 1924 ut
1425 1855 1717 1924 mitteret
1767 1854 2192 1936 linteamina,
2245 1857 2605 1925 condendo
2653 1857 2878 1926 funeri
2931 1878 3181 1926 neces·

629 1947 834 2015 saria.
874 1946 1118 2013 Discite
1153 1966 1338 2013 nunc
1387 1943 1629 2013 divites
1664 1944 1904 2023 seculi,
1943 1966 2238 2031 quorum
2290 1946 2621 2014 cadavera
2656 1957 3066 2034 putrescunt
3099 1946 3181 2013 in

628 2036 844 2104 serico
892 2047 955 2103 et
993 2034 1287 2123 gemmis
1320 2058 1334 2099 ι
1388 2032 1654 2113 discite,
1699 2033 1880 2119 quod
1918 2032 2228 2113 doleatis,
2264 2047 2327 2103 et
2359 2030 2631 2104 tandem
2671 2034 2953 2122 incipite
2991 2033 3184 2101 bene

627 2136 1088 2202 contemnere,
1127 2122 1311 2209 quod
1350 2121 1526 2191 male
1564 2121 1834 2191 amatis.
1876 2126 2003 2190 Vos
2045 2122 2205 2212 tegit
2239 2124 2279 2191 b
2312 2145 2489 2192 rssus
2515 2135 2578 2191 et
2613 2144 2963 2211 purpura:
2998 2143 3182 2210 pau-

678 2235 751 2281 er
800 2234 920 2303 pro
971 2212 1234 2281 Christo
1293 2216 1507 2291 Bav0,
1563 2232 1687 2278 nec
1754 2211 1822 2277 in
1888 2209 2127 2280 funere
2192 2146 2395 2282 habet
2445 2212 2574 2280 nisi
2625 2211 2905 2281 aliunde
2957 2211 3184 2299 petita

628 2235 1056 2370 linteamina.
1092 2305 1221 2369 Vos
1250 2300 1318 2368 in
1355 2321 1524 2368 auro
1558 2298 1833 2388 sepulti,
1867 2311 2171 2369 extructo
2197 2301 2328 2369 sub
2356 2322 2695 2369 marmore
2733 2299 3172 2390 putrescitis:

626 2395 802 2459 Bavo
852 2390 918 2457 in
973 2389 1223 2459 humili
1265 2388 1491 2457 loculo
1534 2388 1642 2456 vix
1691 2387 1916 2468 habet,
1957 2388 2077 2456 ubi
2112 2402 2320 2478 caput
2351 2389 2631 2458 reclinet
2667 2412 2826 2458 cum
2865 2388 3007 2457 filio
3047 2389 3178 2457 ho-

634 2478 872 2548 minis.
908 2483 983 2549 Et
1009 2501 1165 2549 ecce
1192 2499 1382 2547 versa
1411 2476 1576 2559 vice,
1610 2498 1727 2547 vos
1757 2489 2060 2567 potentes
2094 2489 2429 2548 tormenta
2462 2491 2784 2568 premunt
2818 2489 3174 2567 potenter:

626 2567 826 2637 illum
882 2567 1217 2637 humilem
1264 2567 1552 2635 humilis
1605 2571 1779 2634 Deus
1830 2580 2220 2637 remunerat
2265 2568 2656 2637 clementer.
2704 2573 2831 2637 Vos
2876 2589 2956 2635 ex
3008 2589 3178 2655 pro-

627 2657 901 2758 phetica
950 2656 1483 2726 comminatione
1558 2668 1831 2745 propter
1890 2657 2365 2725 contritionem
2418 2657 2704 2746 spiritus
2752 2655 3043 2725 ululatis
3096 2657 3175 2724 in

626 2747 1018 2816 lnteritum:
1073 2744 1189 2813 ille
1235 2766 1317 2813 ex
1362 2743 1595 2812 divina
1644 2742 2109 2814 consolatione
2158 2745 2332 2814 ridet
2363 2757 2425 2813 et
2473 2745 2687 2814 dicet:
2742 2750 2907 2813 Ecce
2958 2744 3178 2814 homo

625 2837 745 2923 qui
798 2858 931 2904 non
988 2834 1214 2924 posuit
1262 2839 1473 2902 Deum
1524 2832 1910 2920 adjutorem
1951 2855 2182 2903 suum.
2236 2834 2469 2902 Nobile
2519 2846 2817 2903 vestrum
2871 2833 3176 2921 paluda-

627 2939 934 2993 mentum
989 2936 1328 2992 mutatum
1380 2933 1481 3018 est
1528 2922 1596 2989 in
1648 2921 2120 2998 confusionem
2175 2934 2239 2991 et
2288 2923 2782 2992 reverentiam:
2840 2922 3175 3011 pauperis

627 3015 736 3084 sui
771 3014 1030 3082 tristem
1084 3033 1361 3080 saccum
1417 3010 1620 3079 scidit
1668 3015 1868 3090 DeuS‚
1922 3023 1986 3078 et
2033 3011 2488 3081 circumdedit
2535 3011 2886 3080 laetitiam.
2945 3016 3173 3080 Locus

624 3115 843 3170 vester
892 3100 1273 3190 fumigavit,
1329 3111 1395 3170 et
1441 3121 1578 3167 non
1627 3112 1729 3167 est
1781 3101 2134 3168 inventus:
2172 3102 2323 3190 ejus
2360 3102 2688 3169 memoria
2718 3100 2906 3189 apud
2948 3104 3170 3168 Deum

624 3202 690 3259 et
737 3191 1052 3258 homines
1100 3202 1200 3258 est
1250 3190 1314 3255 in
1359 3188 1981 3257 benedictionibus.
2641 3235 2642 3238 κ

715 3286 752 3359 ἓ
800 3284 944 3350 2-1.
1003 3276 1301 3366 Expletis
1349 3277 1586 3367 igitur,
1627 3299 1803 3363 quae
1853 3279 2239 3347 necessaria
2272 3291 2466 3347 erant
2498 3277 2749 3356 funeri,
2788 3299 2946 3346 cum
2990 3276 3165 3345 lam·

620 3366 925 3525 pedibus
971 3378 1036 3435 et
1082 3367 1296 3434 cereis
1343 3378 1408 3435 et
1460 3364 1901 3455 psallentium
1951 3366 2220 3445 choris,
2287 3368 2354 3435 in
2418 3366 2645 3435 locum
2711 3367 2953 3471 agonis
3001 3366 3158 3446 sui,

673 3479 750 3526 oc
799 3467 923 3535 est,
963 3455 1034 3524 in
1064 3454 1470 3524 reclusionis
1501 3453 1820 3523 cellulam
1861 3468 2267 3543 reportatur,
2307 3456 2541 3542 ibique
2573 3477 2652 3523 ex
2684 3455 2909 3524 officio
2938 3455 3165 3524 sancti

620 3544 929 3635 episcopi
977 3543 1265 3612 Amandi
1299 3546 1546 3612 iterum
1599 3542 1948 3632 sepelitur,
2005 3566 2140 3613 non
2182 3545 2327 3631 jam
2380 3545 2461 3613 ad
2488 3544 2981 3633 jejunandum,
3037 3542 3161 3611 sed

620 3657 798 3724 pane
846 3632 1259 3721 Angelorum
1292 3631 1749 3702 satiandum:
1801 3654 1932 3701 non
1984 3633 2070 3701 ad
2125 3633 2497 3702 sitiendum
2536 3687 2551 3713 ‚
2606 3632 2722 3702 sed
2775 3632 2958 3702 fonte
3009 3632 3162 3701 vivo

621 3722 1049 3813 potandum:
1104 3742 1238 3790 non
1290 3721 1374 3789 ad
1428 3720 1868 3809 plorandum,
1923 3722 2041 3790 sed
2090 3722 2482 3811 evangelico
2536 3723 2682 3791 risu
2733 3720 3151 3790 ridendum:

620 3812 705 3881 ad
760 3811 1022 3881 nullam
1067 3832 1352 3899 prorsus
1406 3809 1618 3898 hujus
1665 3811 2128 3898 corruptionis
2176 3811 2610 3880 afflictionem
2648 3810 3153 3890 sustinendam,

619 3901 735 3970 sed
775 3901 855 3969 ad
907 3912 1270 3989 perpetuae
1302 3898 1793 3969 consolationis
1835 3900 2076 3968 stolam
2119 3899 2658 3990 percipiendam.
2691 3899 2873 3967 Felix
2905 3899 3152 3988 patria,

619 3989 779 4059 felix
822 4012 906 4078 pa
963 4012 1083 4069 us,
1151 3987 1309 4058 felix
1359 4011 1520 4078 prae
1569 3989 1854 4058 caeteris
1904 3988 2289 4059 Gandensis
2351 3988 2791 4078 procinctuS,
2849 4009 2983 4057 non
3015 4042 3030 4067 ,
3082 3998 3161 4056 ut

618 4079 811 4160 olim,
867 4078 888 4146 i
943 4077 1211 4147 olorum
1263 4078 1874 4166 superstitionibus
1923 4077 2263 4158 sordidiS‚
2316 4091 2382 4146 et
2427 4077 2873 4163 antiquorum
2927 4090 3159 4165 tyran-

620 4191 870 4238 norum
922 4167 1117 4235 vanis
1152 4167 1642 4246 monumentis,
1699 4166 1812 4235 sed
1859 4165 2052 4236 cultu
2100 4167 2592 4257 omnipotentis
2642 4166 2867 4255 Regis,
2904 4178 2969 4234 et
3002 4187 3168 4276 pro-¹

620 4258 911 4327 tectione
946 4256 1155 4343 hujus
1205 4255 1645 4326 invictissimi
1692 4255 2004 4324 coelestis
2052 4255 2288 4324 curiae
2337 4256 2598 4324 militis.
2632 4254 2940 4325 Gloriosa
2971 4255 3154 4323 dicta

618 4357 780 4416 sunt
827 4346 911 4414 de
960 4358 1046 4426 te,
1110 4346 1177 4412 in
1239 4346 1445 4432 cujus
1494 4345 1654 4413 sinu
1722 4344 2085 4431 requiescit
2150 4368 2267 4414 vas
2322 4345 2673 4415 electionis
2735 4356 2799 4412 et
2866 4343 3147 4434 gratiae,

617 4458 736 4506 vas
768 4491 782 4518 ,
835 4434 1019 4523 quod
1069 4434 1504 4524 omnipotens
1572 4433 1832 4523 figulus
1893 4433 1976 4502 de
2037 4435 2431 4505 communis
2480 4448 2697 4505 terrae
2747 4455 2975 4504 massa
3023 4431 3155 4503 sibi
