3347 4999
183 325 354 391 OCT.
414 326 452 389 4
1055 341 1131 386 nr.
1181 338 1235 385 s.
1292 340 1636 387 raANeisco
1688 340 1870 388 conr.
2525 327 2648 389 2127

183 426 612 506 victitabant,
655 426 880 515 magis
932 425 1424 514 lacrymarum,
1480 447 1687 510 quam
1741 425 2146 495 deliciarum
2203 426 2501 515 panibus
2551 427 2734 497 refici

181 528 601 603 satagentes·
664 514 1011 583 vacabant
1059 514 1240 583 enim
1296 512 1551 581 ibidem
1605 513 1859 583 divinis
1912 515 2233 605 precibus
2282 516 2730 597 incessanter,

181 604 573 674 mentaliter
642 603 872 693 potius
942 624 1152 689 quam
1219 601 1586 672 vocaliter.
1644 602 1873 672 studio
1925 603 2355 672 intendentes
2404 607 2736 676 orationis

180 694 487 774 devotae,
537 714 659 783 pro
708 714 787 762 eo
836 690 1017 779 quod
1073 690 1380 760 nondum
1437 690 1948 762 Ecclesiasticos
2002 692 2211 761 libros
2260 692 2626 775 habebant,
2666 696 2730 763 in

178 783 443 868 quibus
476 794 756 873 possent
804 781 1009 849 horas
1060 781 1437 849 Canonicas
1486 779 1889 860 decantare;
1947 780 2095 850 loco
2148 795 2370 849 tamen
2425 781 2728 864 illorum,

181 871 437 941 librum
493 871 729 940 Crucis
778 869 1025 939 Christi
1076 869 1495 938 continuatis
1560 869 2010 959 aspectibus,
2065 869 2312 939 diebus
2376 892 2454 939 ac
2524 872 2735 940 nocti-

180 962 334 1041 bus,
395 959 848 1038 revolvebant,
903 956 1217 1115 exemplo
1265 958 1483 1026 Patris
1531 969 1595 1025 et
1644 957 1926 1045 eloquio
1965 958 2256 1038 eruditi,
2310 960 2429 1045 qui
2470 960 2732 1050 jugiter

182 1049 478 1118 faciebat
526 1048 625 1118 eis
664 1048 749 1116 de
799 1051 1011 1116 Cruce
1058 1052 1099 1115 C
1159 1046 1302 1115 risti
1356 1067 1769 1114 sermonem.
1847 1047 2275 1136 Rogantibus
2323 1061 2549 1117 autem
2597 1048 2734 1117 fra-

184 1139 432 1218 tribus,
482 1150 558 1207 ut
605 1159 723 1207 eos
771 1135 1044 1204 doceret
1091 1157 1309 1216 orare,
1367 1134 1570 1204 dixit:
1627 1139 1851 1204 «Cum
1906 1136 2212 1215 orabitis,
2262 1135 2505 1205 dicite:
2542 1143 2736 1206 Pater

186 1242 451 1297 noster:
505 1241 604 1296 et:
662 1225 1043 1294 Adoramus
1092 1237 1154 1293 te
1204 1224 1465 1293 Christe
1513 1223 1597 1291 ad
1650 1246 1893 1294 omnes
1940 1224 2267 1294 ecclesias
2318 1240 2504 1306 tuas,
2559 1248 2736 1312 quae

184 1328 347 1385 sunt
396 1317 463 1383 in
520 1327 656 1384 toto
706 1313 992 1394 mundO,
1048 1325 1112 1382 et
1163 1312 1636 1382 benedicimus
1686 1312 1835 1394 tibi,
1868 1315 2029 1400 quia
2074 1335 2195 1401 per
2225 1317 2507 1383 Crucem
2541 1327 2728 1385 tuam

182 1417 491 1474 sanctam
548 1403 898 1473 redemisti
952 1401 1318 1470 mundum.
1353 1425 1387 1466 »
1420 1401 1660 1471 Docuit
1692 1402 1977 1493 insuper
2006 1424 2145 1483 θος,
2187 1402 2551 1471 Dominum
2592 1403 2734 1472 lau—

184 1494 351 1562 dare
402 1494 470 1561 in
523 1491 850 1562 omnibus
891 1503 956 1560 et
1021 1512 1100 1559 ex
1151 1489 1478 1560 omnibus
1544 1491 1921 1571 creaturis3
1978 1492 2310 1561 honorare
2360 1493 2732 1582 praecipua

181 1583 563 1652 reverentia
612 1579 1038 1660 sacerdotes;
1093 1578 1252 1648 fidei
1304 1600 1578 1666 quoque
1642 1581 1986 1674 veritatem
2027 1635 2042 1660 ,
2099 1578 2484 1651 secundum
2544 1581 2724 1667 quod

180 1684 423 1741 sancta
465 1675 776 1741 Romana
818 1681 997 1738 tenet
1026 1682 1089 1737 et
1121 1668 1316 1738 docet
1345 1667 1668 1751 Ecclesia,
1714 1683 1779 1737 et
1817 1667 2102 1738 firmiter
2135 1667 2434 1749 credere,
2471 1681 2535 1737 et
2569 1671 2733 1740 sim-

184 1760 458 1848 pliciter
481 1758 818 1830 confiteri.
861 1758 1233 1828 Servabant
1262 1756 1360 1825 illi
1390 1757 1607 1826 Patris
1636 1759 1850 1827 sancti
1882 1757 2294 1827 decumenta
2326 1779 2446 1846 per
2467 1759 2722 1832 omnia.

178 1861 245 1917 et
294 1849 377 1918 ad
431 1870 675 1918 omnes
723 1844 1050 1916 ecclesias
1098 1861 1163 1916 et
1208 1868 1473 1927 cruce5‚
1528 1868 1702 1933 quas
1751 1869 1788 1916 e
1840 1846 2216 1935 longinquo
2267 1846 2492 1915 videre
2544 1861 2730 1936 pote-

181 1950 380 2094 Γειέῑ,
426 1938 625 2026 juxta
694 1935 921 2004 datam
992 1935 1123 2005 sibi
1186 1934 1473 2004 formam
1528 1947 1852 2015 oranteS,
1909 1956 1979 2005 se
2026 1935 2382 2030 humiliter
2434 1950 2730 2025 proster-

184 2047 267 2094 ne
321 2039 461 2094 ant

270 2117 307 2200 ξ
362 2118 520 2185 22.
599 2113 1170 2182 Contrahentibus
1228 2127 1453 2182 autem
1509 2112 1841 2198 fratribus
1892 2134 2153 2182 moram
2209 2113 2276 2181 in
2333 2112 2479 2182 loco
2533 2135 2729 2203 prae-

180 2203 362 2284 fato,
411 2203 525 2269 Vir
574 2213 853 2270 sanctus
913 2201 1024 2271 die
1070 2202 1367 2288 quadam
1425 2201 1689 2271 sabbati
1739 2202 2079 2270 civitatem
2132 2201 2366 2271 Assisii
2425 2201 2723 2283 intravit,

178 2290 709 2380 praedicaturus
759 2313 960 2359 mane
1009 2291 1143 2359 diei
1201 2291 1630 2370 Dominicae‚
1688 2303 1762 2359 ut
1814 2291 2024 2361 moris
2071 2303 2264 2369 erat,
2318 2291 2386 2360 in
2440 2291 2728 2361 ecclesia

178 2378 586 2448 cathedrali.
639 2383 937 2466 Cumque
987 2380 1052 2447 in
1106 2379 1403 2466 quodam
1461 2379 1756 2469 tuguri0‚
1814 2380 1940 2448 sito
1990 2379 2056 2448 in
2112 2380 2307 2449 horto
2358 2381 2727 2450 Canonico-

182 2491 336 2539 rum
382 2524 395 2548 ,
452 2469 566 2537 Vir
615 2472 746 2537 Deo
794 2468 1078 2538 devotus
1129 2469 1195 2537 in
1248 2468 1552 2539 oratione
1606 2469 1718 2537 Dei
1784 2490 1969 2537 more
2033 2468 2231 2539 solito
2349 2482 2728 2539 ernoctaret

178 2560 581 2628 absentatus
629 2580 667 2625 a
716 2557 918 2639 filiis,
973 2579 1129 2627 ecce
1177 2558 1313 2627 sere
1363 2557 1584 2626 media
1641 2559 1857 2626 noctis
1907 2558 2112 2638 hora,
2179 2559 2295 2646 qui
2355 2558 2597 2630 usdam
2650 2582 2727 2629 ex
2771 2638 2776 2645 .

178 2648 512 2718 fratribus
582 2646 1127 2733 quiescentibus,
1185 2646 1601 2733 quibusdam
1659 2637 2254 2736 perseverantibus
2301 2648 2369 2716 in
2439 2648 2721 2727 orandO,

178 2758 432 2805 currus
486 2735 728 2824 igneus
764 2735 1061 2804 mirandi
1100 2735 1488 2825 splendoris
1525 2757 1643 2826 per
1682 2736 1934 2811 ostium
1972 2736 2220 2806 domus
2260 2737 2548 2815 intrans,
2592 2736 2726 2805 buc

173 2837 383 2911 atque
435 2823 600 2893 illuc
654 2845 772 2912 per
806 2823 1235 2894 domicilium
1277 2825 1470 2894 tertio
1502 2846 1573 2895 se
1601 2826 1954 2908 convertit,
1994 2847 2202 2914 super
2237 2846 2441 2911 quem
2478 2825 2727 2913 globus

175 2912 455 2982 lucidus
521 2912 903 2993 residebat,
976 2913 1095 3001 qui
1161 2912 1326 2982 solis
1376 2913 1638 2984 habens
1688 2926 2092 3004 aspectum,
2152 2925 2414 2982 noctem
2466 2913 2726 2982 clarere

172 3002 358 3071 fecit.
414 3001 881 3091 Obstupefacti
927 3016 1090 3072 sunt
1139 3002 1524 3091 vigilanteS‚
1577 3002 1850 3072 excitati
1900 3001 2105 3071 simul
2144 3016 2207 3070 et
2246 3000 2540 3069 exterriti
2572 3001 2726 3069 dor—

170 3091 505 3162 mientes:
559 3104 625 3160 et
674 3113 807 3159 non
857 3091 1090 3160 minus
1138 3105 1501 3160 senserunt
1549 3091 1779 3159 cordis
1827 3091 2204 3159 claritatem
2244 3146 2258 3171 ,
2312 3112 2518 3176 quam
2573 3112 2723 3159 cor-

176 3180 387 3268 poris,
443 3178 632 3255 dum,
662 3202 741 3249 ex
777 3180 1021 3249 virtute
1056 3180 1352 3249 mirandi
1397 3179 1708 3259 luminis,
1755 3179 2038 3248 alterius
2079 3177 2269 3249 alteri
2307 3180 2722 3249 conscientia

172 3268 363 3337 nuda
416 3267 565 3335 fuit.
621 3268 1110 3338 Intellexerunt
1159 3290 1458 3357 namque
1509 3268 1940 3338 concorditer
1978 3289 2263 3349 omnes,
2330 3268 2724 3339 videntibus

173 3356 470 3426 invicem
525 3356 868 3428 universis
918 3359 986 3425 in
1039 3357 1366 3428 cordibus
1416 3356 1879 3447 singulorum,
1936 3370 2251 3427 sanctum
2304 3362 2566 3426 Patrem
2605 3358 2723 3426 ab·

172 3459 436 3515 sentem
507 3466 835 3534 corpore,
910 3461 1334 3536 praesentem
1411 3446 1699 3534 spiritu,
1767 3445 1881 3516 tali
1950 3446 2516 3546 transfiguratum
2578 3446 2723 3515 effl-

171 3535 331 3624 gie,
390 3534 716 3621 supernis
766 3535 1172 3605 irradiatum
1226 3535 1639 3625 fulgoribuS,
1703 3548 1768 3603 et
1807 3534 2173 3605 ardoribus
2207 3535 2716 3605 inflammatum

167 3622 695 3712 supernaturali
748 3624 1016 3704 virtute,
1072 3625 1138 3693 in
1191 3646 1400 3693 curru
1452 3622 1876 3713 splendente,
1934 3623 2140 3693 simul
2196 3638 2260 3693 et
2308 3624 2532 3714 ignem
2587 3624 2721 3693 sibi

164 3712 635 3811 demonstrari
684 3734 722 3780 a
772 3714 1111 3793 Domin0‚
1168 3726 1244 3782 ut
1304 3726 1651 3798 tamquam
1707 3714 1843 3782 veri
1906 3711 2252 3782 Israelitae
2319 3726 2469 3803 post
2520 3710 2716 3781 illum

170 3801 592 3879 incederent,
633 3802 753 3886 qui
805 3802 1105 3871 virorum
1160 3801 1628 3891 spiritualium
1654 3856 1668 3883 ‚
1707 3815 1781 3872 ut
1810 3801 1979 3870 alter
2012 3801 2213 3881 Elias,
2250 3802 2469 3871 factus
2500 3800 2720 3871 fuerat

165 3912 205 3958 a
262 3895 391 3959 Deo
444 3910 694 3959 currus
743 3903 806 3959 et
853 3891 1122 3981 auriga.
1180 3889 1609 3959 Credendum
1648 3912 1851 3972 sane,
1900 3890 2078 3978 quod
2120 3889 2233 3959 ille
2269 3889 2515 3959 horum
2554 3889 2719 3958 sim-

166 3978 458 4066 plicium
511 3979 781 4067 aperuit
818 3979 1056 4048 oculos
1107 3978 1191 4047 ad
1246 4000 1481 4069 preces
1522 3980 1891 4061 Francisci‚
1923 3992 2000 4049 ut
2035 3979 2341 4049 viderent
2372 3977 2716 4068 magnalia

158 4068 313 4147 Dei,
371 4067 490 4153 qui
540 4067 777 4137 oculos
816 4067 1164 4153 quondam
1218 4083 1578 4158 aperuerat
1610 4069 1831 4158 pueri,
1871 4068 1954 4138 ad
1991 4066 2362 4145 videndum
2412 4079 2714 4137 montem

160 4155 450 4244 plenum
523 4176 856 4242 equorum
926 4168 991 4225 et
1041 4157 1400 4246 igneorum
1452 4180 1786 4227 curruum
1838 4158 1909 4226 in
1959 4156 2255 4227 circuitu
2304 4155 2530 4224 Elisei.
2587 4159 2717 4224 Re—

170 4266 448 4334 gressus
498 4259 725 4314 autem
771 4245 884 4315 Vir
916 4259 1197 4314 sanctus
1226 4245 1307 4314 ad
1353 4244 1618 4327 fratres,
1663 4247 1887 4334 coepit
1920 4244 2494 4315 conscientiarum
2536 4244 2718 4333 ipso·

162 4354 317 4401 rum
372 4346 627 4402 secreta
682 4333 941 4406 rimari.
999 4333 1382 4404 confortare
1431 4336 1618 4426 ipsos
1652 4335 1736 4404 de
1785 4333 2048 4403 visione
2085 4332 2207 4402 illa
2255 4331 2587 4413 mirabili,
2650 4341 2717 4399 et

158 4421 245 4491 de
295 4421 607 4511 profectu
658 4422 935 4492 Ordinis
971 4422 1190 4493 multa
1225 4423 1458 4496 futura
1501 4424 1918 4514 praedicere.
1961 4427 2269 4511 Cumque
2312 4420 2716 4512 patefaceret
