3347 4999
730 331 856 395 434
1542 344 1620 390 DE
1668 344 1723 390 s.
1778 340 2027 389 turmo
2077 341 2265 387 naar.
2370 290 2377 297 .
2860 318 3033 384 OCT.
3096 321 3187 384 46

645 432 969 501 materiae
1009 450 1143 498 non
1197 440 1525 517 pauperet
1573 427 1862 517 penuria
1913 424 2313 495 facundiae:
2354 425 2567 492 immo
2616 422 3013 512 dignitatem
3072 445 3185 492 re-

644 542 800 621 rum
852 519 1049 606 quasi
1099 517 1490 618 coronando
1538 516 1798 586 ambiat
1829 514 2258 604 compositiO,
2313 513 2451 582 sive
2498 512 2910 583 conveniens
2958 533 3187 643 appo-

645 623 798 679 sitio
832 619 1353 678 sententiarum.

731 700 766 785 §
818 702 888 767 Ι.
943 701 1034 764 Ea
1070 706 1487 784 tempestate,
1524 715 1661 780 qua
1701 692 1992 762 Romani
2029 691 2306 780 Imperii
2353 711 2539 759 mare
2582 688 2881 758 turbavit
2914 688 3182 778 impius

644 798 950 876 apostata
995 784 1347 863 Julianus,
1393 783 1679 852 florebat
1724 780 2108 850 secundum
2144 779 2352 849 seculi
2389 777 2790 868 dignitatem
2831 777 3187 868 gloriosus

645 889 710 944 et
760 873 1143 945 secundum
1195 871 1646 941 Christianam
1699 869 1903 938 fidem
1946 868 2375 938 clarissimus
2408 867 2511 936 vir
2559 866 2971 957 Eliphiusin
3001 867 3186 935 urbe

644 962 946 1033 Tullensi
978 962 1033 1041 ⁴⁸,
1085 983 1261 1047 quae
1292 960 1530 1029 civitas
1563 971 1663 1029 est
1697 957 2111 1028 Galliarum:
2148 957 2353 1044 cujus
2384 956 2513 1025 loci
2549 955 2912 1046 indigenae
2948 955 3183 1044 prisco

645 1052 923 1121 nomine
971 1049 1171 1119 Leuci
1220 1049 1386 1117 dicti
1433 1059 1616 1117 sunt.
1660 1046 1915 1116 Habuit
1952 1058 2178 1116 autem
2223 1045 2401 1114 idem
2448 1046 2548 1113 vir
2578 1059 2855 1114 sanctus
2886 1043 3175 1113 fratrem

649 1140 1190 1218 sanctissimum,
1248 1150 1515 1224 tresque
1564 1157 1828 1207 sorores
1877 1135 2197 1226 virgineS,
2252 1155 2492 1203 omnes
2543 1132 3024 1203 memorabiles
3060 1154 3182 1200 su-

651 1250 903 1319 pernae
942 1227 1234 1297 civitatis
1280 1224 1663 1296 Jerusalem
1719 1223 2135 1313 municipes,
2188 1244 2482 1310 quorum
2535 1223 2815 1290 nomina
2866 1222 2932 1289 in
2998 1221 3185 1291 libro

649 1318 820 1386 vitae
869 1317 1144 1405 scripta,
1199 1314 1366 1384 haec
1417 1326 1611 1383 sunt:
1659 1317 1887 1382 Frater
1933 1313 2083 1401 ejus
2116 1311 2525 1391 EuchariuS,
2573 1332 2609 1379 e
2665 1309 2985 1400 iscopalis
3014 1332 3181 1399 gra·

649 1407 781 1475 tiae
836 1405 1114 1475 functus
1161 1403 1467 1481 honore,
1522 1402 1823 1492 p‘almam
1873 1421 2145 1488 quoque
2195 1400 2504 1489 martyrii
2553 1334 2837 1468 feliciter
2884 1398 3183 1488 adeptus

597 1572 612 1587 ,
648 1507 772 1575 est,
827 1515 1218 1583 corpusque
1263 1492 1415 1583 ejus
1463 1491 1530 1560 in
1582 1505 1829 1570 castr0‚
1884 1489 2064 1577 quod
2117 1489 2373 1558 dicitur
2409 1487 2491 1557 ad
2548 1487 2909 1557 Liberdum
2945 1541 2961 1567 ,
3008 1508 3183 1556 con-

649 1584 868 1653 ditum
918 1595 1041 1652 est.
1096 1582 1320 1650 Prima
1370 1600 1680 1649 sororum
1730 1579 1880 1667 ejus
1943 1584 2224 1657 Menna,
2271 1576 2575 1646 secunda
2632 1577 2923 1656 Libaria,
2980 1576 3183 1645 tertia

649 1672 830 1741 dicta
878 1684 978 1741 est
1027 1675 1386 1749 Susanna;
1439 1669 1854 1754 fueruntque
1915 1668 2091 1737 sicut
2158 1668 2368 1736 unius
2439 1665 2642 1747 fidei,
2700 1667 2791 1735 ita
2852 1677 2917 1734 et
2964 1665 3183 1734 unius

648 1760 1119 1851 ejusdemque,
1158 1758 1418 1828 scilicet
1456 1755 1920 1836 monachicae,
1978 1754 2441 1846 professionis.
2482 1760 2558 1825 Et
2600 1754 2821 1844 prima
2853 1753 3171 1841 quidem,

648 1849 962 1919 videlicet
1011 1853 1278 1928 Menna,
1331 1867 1521 1916 sacra
1573 1845 1761 1935 virgo
1809 1857 2041 1914 utrum
2096 1865 2214 1933 per
2264 1844 2574 1931 martyrii
2626 1841 2925 1931 palmam
2982 1863 3176 1930 prae-

651 1953 907 2007 sentem
960 1936 1167 2005 vitam
1218 1934 1496 2013 finierit,
1550 1933 1924 2020 antiquitas
1975 1932 2214 2004 litteris
2249 1954 2380 2001 non
2424 1932 2776 2021 expressit,
2819 1930 2954 1999 nisi
2990 1930 3175 2017 quod

647 2028 719 2096 in
767 2025 1158 2115 virginitate
1207 2026 1618 2114 permanens
1667 2020 2010 2103 defuncta,
2047 2036 2112 2091 et
2152 2021 2221 2090 in
2258 2019 2405 2091 loco
2437 2022 2557 2107 qui
2606 2026 2837 2089 Por-ces
2886 2017 3171 2099 dicitur,

649 2115 924 2184 condita
971 2126 1095 2183 est.
1143 2110 1458 2181 Secunda
1492 2110 1783 2192 Libaria,
1821 2124 1884 2180 et
1916 2111 2109 2180 tertia
2141 2115 2453 2179 Susanna
2494 2122 2766 2178 sanctae
2806 2107 2984 2177 vitae
3019 2130 3176 2197 pro-

649 2204 947 2294 positum
1015 2201 1349 2271 sanctiore
1396 2200 1702 2290 martyrii
1766 2199 1982 2290 gloria
2029 2209 2701 2269 consummaverunt.
2770 2202 2845 2265 Et
2905 2196 3177 2265 Libaria

649 2290 926 2378 quidem
995 2290 1178 2380 apud
1229 2289 1592 2370 civitatem,
1645 2289 1923 2357 nomine
1972 2287 2309 2358 Grandem
2360 2287 2465 2367 **;
2520 2290 2834 2355 Susanna
2885 2307 3043 2353 vero
3106 2286 3176 2353 in

653 2378 1021 2467 Campania
1064 2378 1398 2448 tumulata
1445 2389 1566 2446 est.
1612 2377 1732 2447 His
1767 2376 1990 2456 dictiS,
2045 2376 2129 2445 de
2178 2376 2385 2464 hujus
2429 2376 2645 2444 sancti
2679 2374 2805 2442 viri
2844 2372 3179 2443 fratribus

651 2466 1030 2537 secundum
1074 2488 1375 2547 carnem,
1430 2478 1494 2535 et
1541 2465 2034 2536 cohaeredibus
2083 2463 2465 2536 secundum
2518 2464 2748 2544 sidem,
2795 2461 3174 2532 dicendum

652 2571 752 2626 est
799 2556 882 2624 de
932 2556 1047 2625 illa
1099 2567 1493 2646 tempestate
1531 2556 1676 2645 jam
1713 2555 1918 2636 dicta,
1957 2555 2135 2642 quod
2184 2568 2316 2623 tam
2372 2574 2619 2642 magna
2669 2551 2896 2632 fuerit,
2927 2565 3176 2620 utnon

649 2645 888 2746 mira-ri
948 2644 1188 2715 debeat
1244 2645 1401 2733 quis
1439 2698 1454 2725 ,
1507 2643 1689 2730 quod
1754 2642 1872 2713 illa
1932 2665 2203 2731 quoque
2252 2641 2626 2711 Galliarum
2696 2641 2840 2709 loca
2894 2641 3177 2710 turbare

699 2748 894 2804 otuu.

650 2757 768 2911 βξ
821 2828 907 2894 2.
980 2822 1304 2892 Julianus
1355 2821 1498 2906 jam
1553 2820 1781 2889 dictus
1848 2820 1916 2889 in
1967 2819 2160 2889 initio
2206 2819 2481 2905 quidem
2537 2818 2807 2907 imperii
2858 2817 2968 2886 sui
3021 2839 3183 2907 par-

655 2934 817 2981 cens
851 2911 1275 2991 ChristianiS,
1315 2909 1717 2979 clementior
1749 2910 1935 2978 visus
1964 2921 2085 2978 est.
2125 2909 2389 2977 Sciebat
2421 2928 2740 2994 namque.
2778 2906 2957 2993 quod
2998 2907 3186 2995 prio-

647 3022 757 3070 res
807 3000 1316 3089 persecutiones
1376 2998 1548 3067 nihil
1604 2997 2018 3088 profuissent
2075 2996 2157 3065 ad
2210 3009 2655 3086 augmentum
2710 2995 3177 3084 paganitatis:

648 3089 862 3158 immo
914 3089 1134 3179 magis
1174 3088 1333 3157 inde
1381 3087 1751 3157 crevissent
1800 3085 2186 3164 Christiani,
2225 3098 2289 3153 et
2312 3106 2443 3173 pro
2483 3106 2638 3153 vero
2681 3083 3000 3173 dogmate
3035 3105 3185 3152 mo-

649 3177 912 3258 riendo,
967 3177 1124 3246 facti
1173 3176 1461 3245 fuissent
1494 3174 1798 3266 gloriosi.
1853 3180 2093 3244 Fuerat
2132 3195 2430 3259 namque
2478 3173 2897 3243 domesticus
2927 3171 3177 3252 hostiS‚

647 3277 884 3354 utpote
933 3266 1359 3335 Christianus
1392 3265 1631 3345 fictus3
1684 3264 1943 3353 quippe
1979 3264 2098 3350 qui
2138 3275 2446 3331 metuens
2480 3262 2972 3340 Constantium,
3010 3262 3179 3347 quia

649 3374 895 3443 genere
949 3354 1287 3440 proximos
1339 3352 1722 3422 tvrannidis
1762 3352 2126 3422 formidine
2170 3350 2562 3441 premebat,
2611 3364 2849 3419 tonsus
2895 3371 3181 3435 quoque

652 3441 1128 3510 monachicam
1172 3424 1614 3511 simulaverat
1653 3442 1884 3522 vitam,
1929 3453 1994 3510 et
2032 3445 2382 3510 Lectorum
2435 3439 2732 3509 sociatus
2780 3438 3012 3519 choro,
3066 3438 3179 3506 di-

648 3530 844 3600 vinos
891 3529 1158 3599 codices
1210 3530 1273 3597 in
1325 3529 1633 3611 ecclesia,
1692 3529 1945 3620 populo
1994 3531 2335 3610 audiente,
2393 3527 2667 3628 legerat.
2725 3527 2960 3596 Sciens
3008 3547 3086 3594 er
3139 3549 3180 3596 o

649 3631 714 3688 et
763 3618 1077 3688 invidens
1127 3617 1663 3689 Christianorum
1731 3618 2030 3707 gloriae,
2086 3640 2125 3687 a
2173 3630 2525 3687 tormentis
2566 3615 2920 3694 abstinuit,
2975 3615 3057 3703 ju
3121 3617 3179 3683 i-

650 3729 818 3776 cans
849 3729 998 3777 esse
1040 3707 1523 3788 necessarium,
1576 3719 1654 3777 ut
1701 3728 2014 3776 sermone
2064 3707 2290 3797 potius
2337 3719 2403 3776 et
2448 3704 2919 3774 admonitione
2958 3725 3178 3793 paga-

648 3796 930 3866 nitatem
981 3795 1338 3867 colendam
1376 3794 1630 3885 populo
1679 3795 2036 3865 suaderet:
2083 3794 2368 3864 credens
2415 3795 2616 3863 etiam
2671 3792 2830 3861 hinc
2867 3812 2936 3863 se
2974 3814 3183 3862 mon-

648 3899 861 3955 strare
908 3884 1338 3955 clementem.
1371 3885 1480 3953 Sic
1518 3884 1700 3953 enim
1755 3885 2036 3985 putabat
2072 3883 2297 3973 potius
2336 3883 2640 3952 roborari
2678 3881 3176 3972 paganitatem,

644 3976 703 4044 si
738 3997 807 4044 se
835 3975 1200 4065 patientem
1237 3996 1315 4042 ac
1350 3974 1580 4042 mitem
1620 3972 2002 4042 Christiano
2041 3971 2294 4062 populo
2324 3971 2878 4041 demonstrasset.
2920 3973 3180 4039 Verum

646 4062 775 4134 sub
810 4062 936 4132 hac
985 4062 1424 4133 simulatione
1459 4061 1974 4152 philosophicae
2014 4060 2587 4142 mansuetudinis,
2640 4059 2844 4148 cujus
2895 4057 3179 4127 laudem

645 4152 858 4219 nimis
905 4152 1270 4233 ambiebat,
1313 4172 1445 4219 non
1483 4151 1606 4220 diu
1636 4173 1708 4220 se
1754 4150 2123 4220 crudelitas
2158 4149 2352 4240 impii
2387 4150 2603 4238 potuit
2636 4149 3009 4218 continere.
3041 4154 3187 4217 Au-

646 4239 904 4309 ferebat
949 4242 1132 4311 enim
1184 4239 1478 4310 subinde
1528 4240 1858 4335 pecunias
1914 4253 1977 4310 et
2036 4252 2438 4308 ornamenta
2486 4260 2722 4319 sacra,
2780 4235 3191 4326 templaque

698 4406 723 4430 ³*
758 4403 946 4443 'Pullum
968 4405 1243 4449 Leucorum,
1263 4413 1386 4443 nunc
1409 4405 1525 4444 TouI.

697 4458 752 4485 *¹³
782 4458 915 4498 Nunc
933 4457 1166 4505 Gram1,1n
1186 4458 1440 4507 provincia,
1459 4467 1577 4507 quae
1597 4467 1767 4499 nomen
1787 4456 1915 4499 ducit
1937 4466 1961 4497 a
1981 4456 2159 4507 vogaso
2183 4455 2341 4497 Monte
2362 4455 2569 4506 (Vosqee).
