3347 4999
232 306 411 372 OCT.
465 307 505 370 9
918 325 997 371 nn
1044 324 1098 371 s.
1153 321 1462 370 Lunovico
1511 322 1878 370 asaramoo
1925 322 2108 371 conr.
2565 308 2681 372 30⁴

324 411 361 495 ξ
413 414 580 480 2⁰.
629 407 836 476 Enixe
890 408 1148 497 petiita
1182 408 1802 478 circumstantibus
1836 421 1914 476 ut
1964 408 2174 479 simul
2216 431 2375 478 cum
2427 431 2506 478 eo
2558 409 2786 479 Domi-

227 519 403 566 num
457 496 995 586 deprecarentur
1042 518 1127 565 ne
1199 495 1437 565 mortis
1507 496 1918 564 sententiam
1972 510 2361 580 revocaret,
2416 512 2481 567 et
2525 499 2792 567 Joanni

225 586 404 666 Boil,
452 585 783 655 moerenti
817 584 901 654 de
935 585 1126 675 gravi
1162 606 1327 655 suae
1366 583 1549 653 filiae
1599 583 2026 664 infirmitate,
2065 606 2214 653 eam
2259 597 2422 654 tunc
2475 607 2609 655 non
2667 587 2792 655 mi-

225 688 585 765 graturam
630 698 669 743 a
719 674 856 742 vita
904 696 1057 742 vere
1106 672 1464 762 praedixit.
1508 673 1917 743 Remittente
1999 673 2391 743 ostmodum
2431 674 2789 764 paulisper

221 764 303 831 vi
355 764 625 845 morbi,
700 785 832 831 non
898 763 1048 832 sine
1119 762 1350 831 labore
1397 760 1480 830 ad
1536 784 1812 831 sacrum
1865 783 1941 831 ce
1973 761 2357 832 ebrandum
2426 763 2780 851 surgebat.

225 856 493 921 Iterum
546 852 1059 942 ingravescente
1110 851 1534 931 infirmitate,
1607 852 2042 920 assistentem
2092 865 2156 919 et
2205 852 2610 940 saepissime
2663 853 2791 920 mi-

224 941 677 1019 nistrantem,
734 963 869 1010 non
924 940 1072 1010 sine
1110 944 1360 1030 magna
1391 943 1518 1008 sua
1552 939 1958 1009 confusione
1990 951 2053 1007 et
2094 939 2311 1009 animi
2347 939 2789 1020 demissione,

224 1030 677 1099 habuitJoan
694 1051 845 1098 nem
881 1051 921 1098 a
956 1030 1228 1109 Ribera,
1268 1029 1727 1118 patriarcham
1763 1029 2287 1109 Antiochenam,
2338 1040 2480 1098 tum
2529 1028 2795 1097 archie-

223 1120 603 1211 piscopum
656 1117 1090 1188 Valentinum
1124 1172 1139 1199 ,
1194 1118 1352 1204 qui,
1406 1117 1573 1187 dum
1626 1118 1696 1184 in
1747 1117 2172 1186 cruciatibus
2219 1117 2450 1207 ipsum
2485 1117 2569 1185 ad
2625 1117 2795 1185 resi-

226 1202 636 1309 gnationem
688 1207 757 1275 in
810 1206 1084 1276 divinae
1131 1206 1502 1275 voluntatis
1552 1205 2062 1295 beneplacitum
2115 1206 2474 1286 hortatur,
2529 1205 2795 1275 audivit

225 1296 443 1366 illum
508 1294 846 1365 dicentem
899 1318 970 1366 se
1019 1316 1275 1385 poenas
1323 1294 1480 1364 illas
1527 1294 1890 1380 quibusvis
1944 1294 2187 1364 mundi
2236 1295 2450 1383 hujus
2501 1295 2795 1364 terrenis

227 1385 446 1456 bonis
482 1384 703 1473 pluris
737 1383 960 1453 facere
993 1397 1058 1453 et
1089 1384 1388 1454 cariores
1436 1383 1714 1452 habere.
1775 1383 1870 1452 Ab
1919 1382 2028 1453 his
2078 1384 2528 1463 cruciatibus,
2570 1404 2795 1469 quan-

229 1473 501 1545 tumvis
549 1472 1097 1554 vehementibus,
1152 1474 1275 1541 nec
1317 1471 1604 1541 detineri
1648 1483 1767 1540 aut
1803 1472 2134 1540 retardari
2177 1473 2398 1561 potuit
2447 1472 2613 1559 quin
2681 1494 2798 1560 per

231 1561 562 1651 singulos
609 1562 758 1630 dies
806 1584 927 1651 per
966 1561 1166 1630 binas
1197 1562 1399 1630 horas
1432 1572 1802 1630 consuetae
1836 1560 2127 1630 orationi
2170 1572 2460 1639 vacaret,
2497 1575 2561 1629 et
2594 1581 2797 1650 saepe

231 1654 444 1722 sacra
491 1650 952 1741 exomologesi
987 1672 1057 1719 se
1091 1650 1493 1738 purificanS‚
1539 1649 1774 1719 divino
1812 1649 2051 1719 altaris
2091 1649 2297 1739 epulo
2329 1649 2793 1731 reficiebatur,

231 1740 544 1826 aliisque
610 1739 911 1809 infirmis
960 1739 1206 1809 horum
1259 1751 1849 1808 sacramentorum
1900 1737 2357 1825 frequentiam
2410 1738 2795 1819 suadebat,

233 1850 451 1918 saepe
489 1831 801 1918 repetens
836 1828 1002 1898 haec
1031 1828 1265 1897 divina
1302 1828 1628 1916 mysteria
1670 1849 1804 1895 non
1843 1825 2067 1897 solum
2105 1828 2400 1910 animae,
2439 1827 2557 1896 sed
2592 1826 2797 1896 etiam

234 1917 584 2007 corporiS,
637 1929 713 1985 ut
753 1914 1163 2006 plurimum,
1211 1916 1504 1986 salutem
1553 1916 1851 2006 operari.

338 2009 374 2092 ξ
427 2011 570 2078 ²1.
652 2009 1037 2075 Concentus
1115 2006 1417 2075 musicos
1481 2005 1550 2073 in
1601 2008 1683 2074 ea
1729 2004 2166 2095 aegritudine
2214 2005 2561 2086 audien5‚
2618 2018 2799 2075 totus

238 2093 560 2163 elevatus
607 2093 677 2162 in
732 2098 942 2164 Deum
1001 2093 1391 2164 solvebatur
1422 2094 1493 2162 in
1539 2093 1906 2183 lacrymas.
1962 2094 2290 2180 Denique,
2331 2094 2539 2163 variis
2581 2115 2800 2163 reme-

238 2182 387 2251 diis
436 2196 502 2252 et
552 2182 774 2252 morbi
824 2182 1424 2252 vicissitudinibus
1456 2204 1536 2251 ex
1569 2183 1804 2251 animo
1841 2181 2165 2264 toleratis,
2198 2183 2800 2272 appropinquante

243 2276 322 2340 S.
381 2271 688 2360 Dionysii
738 2270 1095 2341 festivitate
1126 2325 1140 2352 ,
1197 2274 1339 2358 qua
1384 2271 1497 2339 die
1546 2284 1702 2341 ante
1750 2292 2009 2340 annum
2063 2294 2136 2341 se
2186 2272 2598 2341 moriturum
2651 2293 2801 2341 esse

243 2360 722 2450 praedixerat,
782 2361 1015 2448 plures
1064 2372 1518 2431 occurrerunt
1564 2359 1872 2429 certatim
1924 2361 2281 2450 cupientes
2329 2361 2416 2430 ab
2465 2383 2544 2430 eo
2594 2361 2801 2429 bene-

240 2447 445 2531 dici,
500 2447 602 2518 vel
663 2448 808 2519 suis
875 2448 1156 2519 rosariis
1218 2450 1368 2540 ejus
1426 2449 1831 2519 linteamina
1879 2449 2147 2540 attingi.
2203 2455 2388 2519 Inter
2435 2449 2561 2520 hos
2614 2450 2799 2520 lilius

241 2537 457 2607 ducis
506 2537 807 2609 Gandiae
845 2539 1278 2628 genuflexuS,
1331 2550 1398 2608 et
1448 2539 1655 2639 pedes
1708 2538 1859 2628 ejus
1909 2538 2498 2628 lacrymabundus
2536 2539 2802 2608 oscula—

242 2641 389 2707 ωε,
441 2626 991 2697 benedictionem
1035 2626 1270 2696 devote
1313 2638 1378 2695 et
1419 2626 1837 2717 slngultiens
1874 2628 2438 2716 praestolabatur,
2474 2626 2656 2714 quod
2696 2629 2797 2696 vir

241 2716 396 2797 Dei,
451 2738 523 2785 se
571 2715 851 2802 quidem
898 2714 1276 2785 maximum
1316 2729 1740 2806 peccatorem
1773 2739 1933 2786 cum
1964 2730 2213 2787 sancto
2247 2716 2457 2785 Paulo
2505 2717 2797 2796 dictans,

241 2817 316 2875 et
369 2817 594 2874 mente
642 2804 727 2873 ad
779 2803 1077 2875 nihilum
1131 2826 1335 2875 suum
1386 2827 1785 2886 conversuS,
1827 2805 2218 2874 humillime
2268 2805 2628 2893 praestitit.
2662 2809 2804 2873 Hoc

241 2893 459 2963 etiam
510 2893 846 2962 divinitus
894 2892 1111 2963 sorori
1160 2894 1455 2984 Angelae
1503 2917 1543 2964 a
1591 2894 1930 2984 Guglione
1979 2894 2081 2963 vir
2134 2894 2229 2962 ini
2288 2893 2647 2982 religiosae
2681 2902 2805 2962 Or-

242 2982 441 3051 dinis
505 2982 724 3053 sancti
781 2979 1128 3052 Francisci
1190 2981 1257 3051 in
1316 2984 1646 3074 perpetua
1701 2982 2025 3052 clausura
2119 2981 2343 3071 egenti
2394 3004 2802 3051 concessum

244 3071 428 3152 fuit,
474 3070 643 3140 dum
702 3093 782 3140 ex
828 3070 1033 3140 corde
1097 3072 1379 3162 optabat
1428 3071 1975 3162 praesentialiter
2024 3070 2270 3140 Christi
2330 3071 2601 3140 Domini
2663 3090 2807 3139 ser-

243 3181 420 3229 vum
472 3160 826 3239 venerari;
879 3159 1066 3230 illico
1137 3161 1322 3230 enim
1371 3159 1811 3260 (ministerio
1875 3158 2181 3229 creditur
2229 3159 2599 3249 angelico)
2650 3171 2806 3228 ante

245 3249 409 3337 ejus
460 3247 667 3336 pedes
713 3250 1087 3318 constituta
1137 3261 1203 3318 et
1268 3263 1402 3317 voti
1470 3270 1755 3349 compos
1826 3245 2025 3329 facta,
2081 3270 2249 3317 suae
2295 3247 2507 3317 cellae
2558 3249 2805 3317 iterum

247 3336 675 3406 miraculose
714 3336 985 3407 reddita
1032 3337 1185 3406 fuit.
1249 3337 1579 3426 Cupiebat
1626 3336 1901 3405 interim
1955 3336 2337 3406 Ludovicus
2401 3336 2684 3407 dissolvi
2745 3349 2810 3404 et

247 3447 409 3496 esse
439 3447 600 3495 cum
652 3425 940 3507 Christo,
990 3448 1111 3497 nec
1160 3426 1358 3494 aliter
1405 3447 1610 3512 quam
1656 3439 1778 3495 aut
1825 3425 2245 3495 sanctissimi
2293 3426 2531 3495 altaris
2580 3447 2810 3495 sacra-

136 3575 148 3590 .
248 3513 472 3585 menti
504 3513 907 3599 quotidiana
946 3515 1362 3604 sumptione,
1399 3527 1519 3584 aut
1547 3537 1707 3583 cum
1746 3513 2069 3583 Cruciflxi
2105 3514 2407 3606 imagine
2440 3514 2807 3600 colloquiis

250 3625 425 3700 suas
475 3623 703 3672 moras
762 3601 1135 3673 solabatur.
1191 3601 1384 3671 Feria
1432 3605 1620 3672 sexta
1665 3615 1823 3672 ante
1869 3602 2184 3683 obitum,
2253 3602 2571 3672 referenti
2621 3603 2807 3673 diem

247 3691 524 3763 veneris
571 3712 745 3772 esse,
796 3693 1191 3761 Benedictus
1242 3696 1410 3761 Deus
1457 3691 1846 3792 (respondit
1884 3691 2051 3780 ille),
2106 3693 2334 3762 adhuc
2366 3703 2660 3784 quatuor
2695 3715 2809 3761 su-

246 3790 531 3871 persunt
576 3779 738 3848 dies.
808 3780 1170 3866 Frequenti
1218 3779 1494 3849 coelesti
1556 3781 1778 3850 sancti
1827 3781 2169 3851 vincentii
2237 3782 2525 3850 Ferrerii
2575 3781 2811 3849 visita-

251 3870 486 3951 tione,
547 3889 754 3955 quem
818 3890 859 3937 a
908 3869 1158 3937 teneris
1218 3868 1423 3937 annis
1470 3873 1747 3939 summa
1796 3870 2253 3951 veneratione,
2307 3883 2373 3939 et
2427 3869 2809 3938 imitatione

255 3957 487 4027 colere
526 3956 922 4038 studuerat,
970 3956 1431 4027 recreabatur.
1794 3993 1798 3998 ·

348 4048 385 4132 ἓ
438 4051 598 4117 ²2.
666 4045 882 4116 Biduo
929 4057 1086 4115 ante
1131 4046 1491 4116 decessum
1540 4067 1578 4116 e
1625 4046 1761 4116 vita
1793 4100 1808 4126 ,
1864 4066 2131 4117 sacram
2181 4045 2313 4116 olei
2367 4046 2806 4116 infirmorum

256 4134 657 4203 unctionem
693 4134 929 4204 devote
958 4134 1171 4225 petiit,
1213 4147 1279 4205 et
1310 4134 1610 4224 singulis
1643 4135 2075 4205 orationibus
2110 4134 2563 4225 respondens,
2597 4153 2811 4222 seque

264 4222 522 4318 sanctis
570 4223 999 4294 orationibus
1046 4234 1111 4293 et
1159 4224 1711 4293 mortificationis
1757 4223 2100 4294 exercitiis
2142 4225 2490 4306 muniens,
2530 4223 2815 4294 sanctis·

265 4309 424 4405 simi
473 4312 792 4382 Crucifixi
827 4312 1201 4404 imaginem
1252 4311 1730 4401 frequentibus
1776 4311 2035 4383 osculis
2085 4334 2422 4384 venerans
2459 4326 2524 4383 et
2572 4333 2807 4395 oram,

268 4415 339 4463 1n
391 4396 500 4467 die
547 4398 715 4471 festo
765 4406 831 4472 S.
887 4401 1217 4493 Dionysii,
1257 4413 1333 4472 ut
1382 4424 1583 4493 saepe
1632 4401 2084 4492 praedixerat,
2130 4403 2298 4474 hora
2337 4401 2804 4491 quindecima,
