3347 4999
696 310 826 375 698
1537 328 1615 375 ns
1672 328 1729 375 s.
1782 326 2021 375 simoen
2068 328 2213 375 Anu.
2842 308 3020 377 OCT.
3075 311 3165 377 24-

604 434 766 483 esus
814 410 912 481 illi
999 410 1152 481 anis
1198 421 1468 480 tantum
1504 411 1926 482 hordeaceus
1963 424 2131 491 erat,
2175 423 2239 482 et
2285 433 2490 499 aqua,
2543 411 2628 482 de
2661 412 2977 501 utrisque
3013 412 3160 483 ele·

610 500 859 570 mentis
907 499 954 568 li
1011 520 1121 569 ras
1168 498 1482 590 singulas
1532 522 1650 590 per
1697 499 1845 570 dies
1892 499 2206 590 singulos
2255 522 2563 571 sumens.
2618 502 2940 591 Rigorem
2991 524 3154 571 vero

607 589 855 659 hiemis
916 588 1066 658 sine
1115 587 1258 657 ullo
1312 587 1561 678 pedum
1614 600 1676 658 te
1732 589 1914 657 mine
1966 590 2102 679 pati
2161 600 2525 660 contentus
2581 603 2772 672 erat,
2828 591 3159 661 manibus

604 702 684 749 ac
723 676 1037 768 pedibus,
1092 676 1300 746 simul
1350 689 1416 747 et
1461 676 1637 747 collo
1712 680 1901 747 errea
1950 680 2189 747 catena
2240 678 2606 748 revinctus.
2657 678 2909 748 Dehinc
2941 702 2981 748 a
3015 679 3158 750 sra-

606 782 786 837 trum
838 765 1418 856 contemplatione
1480 778 1786 836 semotus
1816 820 1832 847 ,
1901 765 2205 836 solitaria
2256 788 2329 836 se
2377 767 2658 838 reclusit
2718 769 2788 836 in
2838 767 3146 849 cellula,

603 878 809 926 orans
858 855 1160 936 assidue,
1198 867 1401 941 atque
1452 854 1519 924 in
1572 854 1828 945 vigiliis
1874 868 1940 925 et
1968 854 2422 939 orationibuS,
2458 855 2569 926 die
2606 870 2953 944 noctuque
3002 857 3155 927 sine

603 944 1056 1034 ambiguitate
1119 943 1528 1032 perdurans,
1590 943 1991 1015 Conferebat
2039 957 2266 1014 autem
2335 944 2601 1015 devotio
2650 944 2963 1015 fidelium
3019 946 3156 1036 ple·

607 1054 901 1120 rumque
937 1033 1329 1122 pecuniam,
1364 1053 1571 1120 quam
1611 1054 1744 1102 non
1791 1032 1856 1100 in
1892 1032 2144 1104 abditis
2190 1032 2464 1116 loculiS,
2503 1032 2621 1104 sed
2656 1035 2725 1104 in
2764 1055 3147 1125 pauperum

606 1122 983 1210 marsupiis
1021 1120 1430 1200 condebant,
1472 1120 1640 1190 illud
1683 1120 2018 1190 Dominici
2050 1121 2304 1209 eloquii
2346 1122 2704 1192 oraculum
2737 1144 2940 1212 saepe
2966 1145 3150 1193 com-

607 1231 1044 1280 memorans:
1096 1212 1317 1279 Nolite
1373 1210 1841 1279 thesaurizare
1903 1212 2084 1280 vobis
2145 1213 2540 1281 thesaurum
2595 1233 2800 1302 super
2847 1223 3093 1281 terram
3118 1236 3144 1281 .-

600 1302 768 1391 quia
797 1301 917 1369 ubi
956 1300 1166 1399 [uerit
1200 1298 1558 1368 thesaurus
1604 1310 1784 1379 tuus,
1841 1301 1986 1368 illic
2032 1301 2159 1369 erit
2205 1309 2268 1369 et
2309 1324 2421 1370 cor
2469 1311 2660 1369 tuum
2703 1301 2973 1389 (Manli.
3025 1305 3143 1384 η).

608 1389 818 1457 Dabat
862 1409 1050 1458 enim
1102 1388 1212 1456 hic
1250 1409 1426 1475 quae
1466 1388 1871 1477 accipiebat,
1928 1409 2049 1478 pro
2100 1389 2211 1457 Dei
2265 1389 2519 1458 intuitu
2568 1391 2637 1458 in
2691 1390 2985 1459 diversis
3034 1410 3154 1458 ne-

601 1476 1039 1548 cessitatibus
1087 1475 1233 1545 indi
1286 1476 1577 1546 entium.
1633 1476 1824 1547 Unde
1871 1475 2127 1546 factum
2177 1490 2302 1558 est,
2356 1491 2431 1546 ut
2483 1479 2550 1546 in
2596 1480 2729 1547 vita
2765 1500 2889 1548 sua
2926 1477 3012 1547 de
3048 1480 3158 1548 bis

601 1565 908 1724 {implius
962 1587 1170 1653 quam
1282 1578 1587 1646 ucentos,
1625 1587 1666 1634 a
1702 1587 1874 1635 nexu
1924 1566 2295 1648 servitutis,
2348 1566 2699 1655 debitique
2746 1588 2955 1637 onere
2988 1567 3157 1637 sub-

628 1667 862 1725 evarit.

688 1747 725 1831 ξ
773 1749 858 1816 4.
913 1747 1080 1814 Cum
1131 1754 1360 1812 autem
1431 1764 1556 1813 nos
1603 1743 1672 1812 in
1726 1741 2142 1812 Turonicum
2192 1743 2227 1777 ⁴*
2287 1743 2712 1814 venissemus
2743 1798 2758 1824 ‚
2825 1766 3157 1834 egressus

600 1847 703 1902 est
748 1832 832 1901 de
878 1831 1154 1913 cellula,
1208 1832 1528 1919 venitque
1572 1831 1656 1901 ad
1711 1830 2163 1919 inquirendos
2214 1853 2375 1903 nos:
2431 1832 2883 1920 salutatisque
2921 1855 3005 1902 ac
3040 1834 3158 1903 de·

600 1921 931 1992 osculatis
964 1975 980 2002 ,
1037 1942 1389 2011 regressus
1444 1933 1547 1989 est
1608 1921 1884 1990 iterum.
1938 1925 2092 1990 Erat
2138 1921 2322 1990 enim
2356 1921 2486 2011 (ut
2546 1921 2908 2010 diximus)
2957 1922 3156 1992 valde

603 2011 1001 2091 abstinens,
1057 2031 1313 2078 sanans
1364 2009 1797 2079 infirmorum
1853 2008 2243 2100 languores.
2297 2010 2421 2079 Sed
2476 2023 2554 2080 ut
2599 2011 2685 2079 de
2730 2011 3157 2081 abstinentia

601 2100 955 2178 sanctitas,
1011 2099 1103 2168 ita
1149 2097 1235 2167 de
1281 2099 1638 2167 sanctitate
1687 2097 1949 2166 vanitas
1981 2100 2204 2186 coepit
2235 2099 2585 2188 obrepere.
2624 2104 2788 2169 Nam
2821 2120 3154 2190 egressus

599 2188 685 2256 de
719 2187 993 2268 cellula,
1040 2186 1374 2274 jactantia
1419 2186 1838 2256 cothurnosa
1872 2185 1959 2255 ad
1992 2187 2439 2274 requirendos
2474 2187 2991 2276 visitandosque
3034 2212 3154 2277 pa-

605 2290 850 2355 rentes,
907 2277 974 2344 in
1027 2296 1280 2365 pagum
1337 2275 1838 2355 Pictavensem,
1891 2275 2094 2364 cujus
2155 2298 2369 2365 supra
2418 2277 2890 2357 meminimus,
2953 2277 3147 2347 abiit.

603 2371 1119 2452 Regressusque
1155 2364 1465 2433 tumidus
1493 2365 1909 2454 arrogantia,
1951 2364 2081 2433 sibi
2121 2365 2250 2434 soli
2303 2365 2569 2454 placere
2611 2365 2983 2435 nitebatur.
3023 2366 3148 2436 Sed

599 2453 1008 2544 objurgatus
1055 2474 1092 2523 a
1146 2453 1365 2533 nobis
1418 2465 1485 2523 et
1528 2457 1810 2543 accepta
1856 2452 2142 2533 ratione,
2179 2454 2363 2542 quod
2404 2476 2485 2523 su
2540 2454 2686 2524 erbi
2729 2453 2933 2556 longe
2983 2455 3155 2526 fiant

599 2566 636 2612 a
695 2564 906 2633 regno
961 2543 1118 2625 Dei,
1173 2542 1265 2611 ita
1314 2564 1386 2611 se
1438 2556 1806 2632 purgatum
1849 2543 2232 2631 jactantiA,
2289 2544 2482 2613 humi
2514 2566 2622 2613 em
2679 2543 3024 2622 reddidit,
3079 2558 3153 2613 ut

602 2631 793 2701 nulla
843 2632 909 2700 in
962 2652 1040 2700 eo
1092 2631 1364 2719 penitus
1415 2632 1606 2701 radix
1655 2632 2024 2720 superbiae
2064 2646 2466 2713 remaneret,
2521 2631 2692 2701 adeo
2740 2646 2818 2703 ut
2870 2634 3149 2722 profite-

601 2735 833 2802 retur,
897 2719 1181 2790 dicens:
1237 2725 1464 2789 «Vera
1519 2742 1706 2790 nunc
1758 2742 1909 2791 esse
1948 2722 2233 2811 cognovi
2272 2742 2448 2809 quae
2495 2722 2738 2792 beatus
2786 2722 3151 2812 Apostolus

597 2810 775 2879 sacri
824 2810 965 2879 oris
1011 2821 1433 2878 contestatur
1476 2808 1775 2897 eloquio,
1828 2809 2105 2879 dicens:
2164 2812 2296 2893 Qui
2336 2813 2700 2900 qloriatur,
2759 2812 2829 2879 in
2869 2814 3149 2882 Domino

592 2901 929 2989 ylorietur
957 2898 1054 2986 (l.
1097 2902 1243 2969 Gor.
1282 2907 1356 2981 1).
1406 2920 1442 2964 »

687 2994 726 3069 ἓ
764 2993 852 3059 ὅ.
907 2986 1031 3056 Sed
1082 3009 1240 3056 cum
1280 3007 1400 3076 per
1430 3007 1590 3054 eum
1628 2985 1960 3056 Dominus
1992 3007 2203 3075 super
2243 2986 2559 3058 infirmos
2611 2986 2862 3057 multas
2898 2987 3150 3058 faceret

605 3076 913 3155 virtuteS,
965 3088 1031 3144 et
1079 3075 1193 3144 ille
1243 3075 1335 3144 ita
1385 3096 1457 3144 se
1503 3074 1787 3145 dixisset
1837 3073 2192 3145 includere
2239 3074 2429 3155 velle,
2485 3089 2563 3146 ut
2603 3098 2965 3162 nunquam
3022 3077 3152 3148 hu-

601 3165 824 3237 manis
854 3163 1300 3254 adspectibus
1345 3176 1728 3253 appareret,
1766 3162 2134 3233 consilium
2172 3165 2545 3245 suasimuS,
2596 3177 2674 3234 ut
2723 3187 2858 3235 non
2892 3187 2966 3235 se
3005 3187 3152 3256 per·

599 3265 800 3342 petuo
849 3254 916 3321 in
969 3253 1099 3323 hac
1164 3252 1609 3321 conclusione
1672 3253 2219 3341 constringeret,
2279 3254 2413 3324 nisi
2461 3254 2529 3322 in
2583 3252 2723 3323 illis
2787 3254 3151 3324 dumtaxat

595 3341 868 3420 diebus,
907 3341 1023 3428 qui
1066 3342 1240 3410 inter
1270 3340 1769 3430 depositionem
1813 3343 2032 3410 sancti
2076 3340 2371 3423 Martini,
2409 3364 2488 3412 ac
2521 3342 2857 3413 Dominici
2895 3343 3148 3414 natalis

596 3428 1099 3500 solemnitatem
1141 3431 1516 3499 habentur:
1571 3428 1671 3497 vel
1725 3430 1793 3498 in
1852 3429 1991 3499 illis
2038 3429 2360 3500 similiter
2405 3431 2869 3521 quadraginta
2900 3486 2917 3514 ,
2971 3454 3149 3519 quos

594 3531 753 3588 ante
807 3518 1165 3589 Paschalia
1228 3517 1398 3589 festa
1454 3518 1522 3586 in
1585 3540 1860 3588 summa
1910 3517 2071 3587 duci
2127 3518 2543 3590 abstinentia
2594 3533 2868 3609 patrum
2921 3521 3151 3595 sanxit

594 3608 1017 3677 auctoritas:
1072 3606 1357 3694 reliquis
1407 3627 1564 3676 vero
1610 3606 1882 3686 diebuS,
1937 3606 2376 3677 infirmorum
2427 3611 2687 3700 gratie,
2744 3610 3026 3700 populis
3074 3632 3149 3680 se

599 3697 973 3787 praeberet.
1029 3696 1272 3766 Audito
1320 3709 1548 3765 autem
1599 3695 1891 3765 consilio
1928 3710 2183 3776 nostro,
2222 3695 2512 3768 libenter
2540 3720 2717 3786 quae
2756 3698 2941 3769 dicta
2982 3711 3150 3767 sunt
3215 3696 3228 3707 “

594 3786 884 3875 accepit,
942 3785 1389 3876 implevitque
1436 3784 1586 3855 sine
1633 3784 2109 3871 ambiguitate.
2164 3786 2468 3872 Denique
2513 3788 2678 3874 quia
2726 3786 2813 3857 de
2859 3808 3144 3856 conver·

591 3876 854 3944 satione
901 3874 1053 3944 e'us
1105 3896 1325 3964 pauca
1374 3872 1712 3964 prolocuti
1761 3895 2031 3952 sumus,
2075 3873 2159 3942 ad
2217 3875 2522 3956 virtutes»,
2564 3898 2742 3963 quas
2785 3897 2899 3965 per
2930 3873 3130 3944 illum

598 3897 1029 4120 meidicabilis
1094 3963 1369 4033 divinae
1431 3962 1773 4053 potentiae
1818 3962 2093 4032 dextera
2154 3964 2424 4054 operari
2490 3964 2778 4055 dignata
2818 3975 2967 4044 est,
3021 3984 3143 4032 ac-

593 4073 672 4120 ce
724 4075 953 4123 amus.
1859 4100 1870 4115 .

681 4142 717 4226 §
766 4147 859 4211 θ.
914 4146 1169 4212 Caecus
1206 4140 1490 4227 quidam
1526 4194 1542 4220 ,
1596 4135 1966 4228 Po‘pusitus
2016 4139 2296 4209 nomine
2325 4193 2346 4221 ,
2402 4139 2490 4209 ad
2539 4162 2698 4211 eum
2747 4141 2928 4211 venit
2975 4146 3153 4226 (erat

593 4242 821 4297 autem
865 4242 1027 4299 tunc
1064 4231 1304 4299 beatus
1340 4228 1603 4298 Senoch
1632 4228 1777 4316 jam
1817 4228 2175 4317 Presbyter
2212 4229 2628 4319 ordinatus),
2658 4231 2778 4316 qui
2817 4229 2986 4300 dum
3024 4228 3153 4298 ali-

592 4316 758 4403 quid
801 4316 1112 4387 alimenti
1150 4317 1472 4407 postulat‚
1528 4317 1726 4387 tactis
1772 4339 1811 4386 a
1851 4317 2071 4387 sancti
2107 4317 2493 4387 Sacerdotis
2538 4340 2751 4388 manu
2784 4317 3037 4398 oculiS,
3079 4329 3157 4387 ut

647 4443 673 4469 ¹·
703 4442 747 4485 8.
770 4439 1027 4494 Gmssorlun
1046 4444 1106 4485 ad
1124 4444 1395 4506 cathedram
1418 4445 1744 4485 'turonensem
1764 4444 2011 4494 promotu·
2027 4443 2120 4485 tut
2138 4454 2261 4485 mo
2278 4445 2372 4487 5⁰1⁸.
