3347 4999
650 249 777 314 630
1244 266 1319 312 nn
1368 265 1459 325 ss..
1515 264 1761 312 nasum
1808 265 1881 310 ET
1930 262 2229 312 somnus
2277 264 2392 311 nx.
2778 244 2951 311 OCT.
3006 247 3081 310 21

560 350 628 419 in
681 350 1089 441 baptismate
1139 371 1546 440 praesagum
1601 371 1846 418 nomen
1904 348 2147 418 Ursula
2198 348 2490 418 inditum
2526 361 2650 419 est.
2689 354 2875 432 Quae
2898 370 3089 428 cum,

558 452 635 508 ut
685 440 938 530 regiam
997 439 1251 530 prolem
1305 438 1534 508 decuit
1581 438 1792 529 regali
1842 438 2214 508 ambitione
2275 437 2601 521 educata,
2660 436 3094 507 naturalibus

558 528 1001 600 incrementis
1051 526 1429 618 proficeret,
1486 540 1751 597 teneros
1800 527 2038 596 aetatis
2086 548 2304 597 annos
2353 548 2620 597 morum
2662 526 2882 617 coe-pit
2942 547 3096 595 ma-

559 617 832 688 turitate
883 617 1303 708 praecedere,
1340 629 1405 686 et
1434 617 1546 685 cui
1590 616 1733 704 jam
1773 627 1915 685 tum
1965 615 2270 686 mundus
2318 616 2625 695 viluerat,
2667 614 3094 705 Evangelicis

555 705 824 775 imbuta
875 706 1273 796 praeceptiS,
1328 706 1396 775 in
1435 704 1580 795 lege
1629 705 1899 775 Domini
1946 704 2058 775 die
2097 727 2175 775 ac
2224 718 2420 774 nocte
2471 705 2957 775 meditabatur:
3026 716 3092 773 et

555 795 714 881 quia
757 795 837 864 ad
883 795 1308 884 spiritualem
1361 795 1595 883 sponsi
1646 793 1752 863 sui
1790 792 2169 863 thalamum
2220 792 2423 864 corde
2471 807 2536 862 et
2583 793 2816 863 animo
2857 793 3090 883 suspi-

563 884 758 965 ravit,
811 884 1038 953 omnis
1085 883 1490 972 compositio
1536 884 1687 974 ejus
1719 897 1782 951 et
1830 882 2071 973 gloria,
2128 904 2260 952 non
2313 881 2589 965 deforiS‚
2645 882 2757 954 sed
2811 881 3089 951 deintus

558 970 719 1041 fuit:
775 985 850 1041 ut
874 973 1016 1059 jam
1061 986 1203 1042 tum
1258 971 1520 1059 liquido
1559 972 1826 1042 cunctis
1873 972 2151 1041 daretur
2188 971 2557 1052 advertere,
2610 970 2788 1059 quod
2828 969 2909 1040 ad
2946 992 3091 1038 ma·
3198 984 3209 991 ‘

555 1083 770 1151 gnum
814 1062 1112 1148 aliquem
1165 1061 1504 1130 Ecclesiae
1574 1074 1919 1141 ornatum,
1976 1082 2292 1130 summus
2358 1060 2472 1130 ille
2528 1059 2765 1129 artifex
2817 1081 3088 1148 marga-

557 1149 767 1219 ritum
821 1151 949 1220 hoc
1002 1149 1198 1219 vellet
1245 1149 1584 1239 expolire,
1639 1171 1719 1218 ac
1779 1150 1836 1218 si
1882 1149 1943 1218 ei
1991 1149 2135 1236 jam
2196 1162 2338 1219 tum
2402 1161 2704 1239 patenter
2751 1148 3080 1217 dixisset:

552 1240 753 1319 Audi,
788 1241 962 1328 filia,
1000 1249 1061 1307 et
1123 1240 1295 1318 vide,
1345 1249 1406 1308 et
1466 1240 1723 1307 inclina
1777 1261 2009 1308 aurem
2058 1249 2269 1320 tuam,
2304 1241 2469 1329 quia
2515 1239 2889 1329 concupivit
2936 1241 3087 1310 Rem

554 1330 839 1417 speciem
888 1339 1074 1397 tuam
1110 1332 1245 1411 (Ps.
1291 1326 1430 1415 44).

639 1418 678 1501 ἓ
724 1421 815 1487 8.
869 1422 1136 1485 Praeter
1185 1417 1308 1485 has
1342 1416 1651 1503 aliasque
1685 1415 2066 1505 spiritualis
2106 1416 2365 1505 gratiae
2419 1414 2632 1495 dotes,
2685 1427 2829 1482 erat
2874 1414 3075 1482 etiam

557 1503 1125 1594 incomparabilis
1159 1503 1415 1576 formae
1443 1516 1508 1573 et
1543 1504 1757 1573 mirae
1806 1503 2334 1593 pulcritudinis,
2390 1516 2455 1574 et
2500 1502 2813 1572 omnium
2862 1501 3084 1571 oculis

554 1593 875 1749 gratiosa.
932 1593 1054 1662 Sed
1126 1594 1313 1683 virgo
1361 1593 1545 1675 sola,
1599 1614 1777 1680 quae
1826 1593 2095 1662 Domini
2153 1607 2392 1675 erant,
2462 1591 2794 1682 cogitans,
2852 1591 3083 1659 minus

604 1702 685 1750 oc
733 1680 1008 1753 amabat
1058 1682 1124 1750 in
1176 1704 1269 1763 se,
1327 1681 1507 1769 quod
1561 1681 1798 1772 sponsi
1856 1682 1966 1751 sui
2013 1682 2233 1752 oculis
2288 1682 2546 1751 sciebat
2604 1701 2736 1749 non
2782 1678 3077 1749 multum

560 1769 850 1859 placere.
905 1775 1208 1858 Cumque
1255 1770 1338 1839 de
1374 1784 1558 1840 tanta
1610 1769 2080 1841 nobilissimae
2128 1771 2416 1871 virginis
2465 1768 2695 1838 indole
2746 1767 2946 1858 longe
2983 1769 3084 1836 la·-

554 1870 754 1945 teque
800 1858 982 1928 fama
1035 1860 1574 1949 percrebuisset,
1639 1859 1723 1928 ad
1775 1881 1977 1929 aures
2038 1860 2315 1949 gentilis
2377 1859 2650 1949 tyranni
2711 1856 3079 1945 cuiusdam

560 1948 1021 2036 permanavit:
1060 1948 1177 2034 qui
1224 1962 1627 2038 praepotens
1668 1948 1954 2028 viribus,
2005 1948 2070 2016 in
2125 1950 2364 2018 robore
2408 1946 2687 2017 militari
2739 1931 3082 2037 gloriaba-

556 2049 689 2115 tur,
725 2050 789 2105 et
828 2037 1184 2107 barbarica
1220 2037 1480 2107 feritate
1530 2037 1736 2106 latius
1778 2036 2122 2127 regnabat.
2182 2042 2337 2106 Erat
2382 2037 2444 2106 ei
2492 2057 2780 2126 magnae
2826 2034 3081 2103 indolis

553 2123 766 2203 filius,
804 2146 1006 2211 quem
1064 2139 1341 2213 paterno
1374 2127 1620 2195 affectu
1663 2123 1944 2207 arct'iuS‚
1991 2139 2066 2194 ut
2105 2127 2297 2217 regni
2361 2146 2849 2206 successorem,
2917 2123 3080 2191 dili-

556 2211 780 2302 gebat.
836 2214 955 2283 Cui
1005 2236 1162 2282 cum
1217 2235 1654 2304 summopere
1688 2213 1770 2282 ad
1821 2213 2115 2314 regalem
2171 2213 2752 2304 magnificentiam
2793 2233 3077 2302 prospe-

552 2312 742 2370 ctum
810 2301 1046 2382 vellet,
1104 2313 1416 2391 reputare
1466 2325 1695 2372 secum
1734 2316 1990 2391 coepit,
2051 2324 2334 2392 regnum
2403 2324 2604 2373 suum
2663 2300 3073 2393 propagari,

557 2411 804 2458 nomen
845 2412 1045 2458 suum
1097 2404 1162 2460 et
1211 2391 1621 2480 posteritatis
1670 2389 1957 2479 gloriam
2012 2390 2402 2472 nobilitari,
2449 2392 2506 2460 si
2565 2390 2706 2460 filio
2755 2413 2880 2461 suo
2931 2404 3070 2459 tam

550 2477 842 2548 celebris
876 2477 1141 2568 puellae
1178 2480 1615 2551 matrimonio
1639 2479 2038 2571 contigisset
2076 2480 2410 2569 copulari.
2451 2485 2688 2568 Itaque
2722 2477 2906 2549 filius
2939 2501 3079 2549 non

554 2569 792 2638 minus
833 2569 1165 2658 pervicax,
1220 2582 1452 2658 utpote
1484 2571 1601 2657 qui
1634 2570 1779 2659 jam
1817 2569 2195 2670 pubertatis
2232 2592 2451 2639 annos
2501 2569 2833 2649 intrabat,
2891 2583 3079 2658 patre

552 2672 922 2737 annuente,
963 2657 1672 2747 prosequentibusque
1719 2681 1835 2745 qui
1873 2658 2097 2748 capita
2133 2658 2368 2748 populi
2407 2671 2638 2739 erant,
2687 2656 2943 2748 legatos
2990 2655 3077 2726 ad

555 2758 818 2834 patrem
862 2746 1148 2835 virginis
1197 2747 1584 2830 destinavit,
1651 2747 2000 2834 multaque
2054 2748 2344 2836 pretiosa
2404 2746 2897 2828 transmittens,
2955 2744 3075 2814 sed

551 2834 752 2923 plura
796 2836 1221 2925 promittenS,
1261 2836 1468 2906 urbes
1498 2836 1834 2927 egregia5‚
1874 2836 2046 2904 situs
2078 2849 2411 2906 terrarum
2447 2848 2512 2904 et
2552 2845 2806 2904 tractus
2837 2835 3068 2914 mariS‚

551 2935 764 2993 toturn
839 2924 1136 3011 denique
1174 2926 1383 3014 patris
1438 2947 1749 3015 regnum,
1804 2936 1867 2994 et
1921 2925 2250 3012 quicquid
2318 2923 2622 2995 mundus
2670 2923 3073 2993 deliciarum

550 3011 802 3082 habere
852 3025 1068 3103 potest
1105 3013 1202 3082 vel
1247 3015 1486 3103 potuit,
1539 3015 1606 3082 in
1650 3013 1830 3083 dotis
1883 3015 2461 3103 computationem
2506 3012 2806 3082 dictavit.
2862 3013 3078 3081 Minas

549 3101 751 3169 etiam
793 3124 913 3190 pro
964 3102 1440 3191 magnitudine
1493 3103 1789 3174 nominis
1823 3103 1954 3184 sui,
2009 3103 2207 3190 quasi
2244 3122 2588 3184 summam
2626 3123 2906 3170 manum
2948 3103 3082 3170 im-

553 3191 815 3279 posuit:
871 3203 947 3259 ut
977 3190 1214 3260 saltem
1256 3192 1650 3272 terroribuS,
1702 3191 1886 3279 quod
1925 3191 2211 3272 volebat,
2265 3192 2582 3282 exigeret,
2622 3190 2681 3260 si
2722 3189 3079 3259 blanditiis

551 3279 1093 3366 muneribusque
1142 3280 1374 3350 minus
1426 3280 1839 3371 profecisset.

639 3367 675 3452 ξ
722 3372 807 3439 4.
859 3372 934 3436 At
984 3367 1107 3447 illi,
1161 3370 1456 3458 acceptis
1504 3393 1544 3438 a
1591 3374 1772 3459 Rege
1816 3368 2179 3449 mandatiS,
2224 3368 2499 3458 profecti
2543 3379 2731 3449 sunt,
2767 3390 3073 3438 emenso·

550 3476 680 3541 que
712 3455 957 3544 grandi
995 3456 1254 3537 itinere,
1292 3458 1374 3526 ad
1417 3473 1672 3547 patrem
1708 3458 1992 3548 virginis
2031 3469 2521 3546 pervenerunt:
2561 3456 2859 3544 dataque
2886 3456 3069 3526 fandi

551 3543 773 3633 copia,
815 3566 988 3631 quae
1020 3567 1059 3612 a
1092 3543 1374 3616 domino
1413 3569 1538 3617 suo
1568 3547 1749 3632 [ussi
1799 3561 1998 3628 sunt,
2039 3546 2160 3615 dili
2213 3547 2567 3616 entissime
2619 3558 3063 3638 peregerunt:

549 3644 614 3702 et
656 3645 805 3722 post
841 3632 1232 3715 blanditiaS,
1278 3635 1456 3723 quod
1498 3569 2057 3706 efficacissimum
2100 3658 2176 3705 ar
2230 3635 2408 3705 itrati
2441 3649 2624 3717 sunt,
2657 3637 2858 3722 quasi
2891 3655 3073 3707 scor-

553 3722 812 3812 piones,
864 3723 1084 3792 minas
1130 3735 1194 3791 et
1235 3735 1521 3793 terrores
1571 3724 1851 3794 bellicos
1887 3724 2429 3795 subintulerunt.
2473 3728 2546 3793 Αῑ
2586 3724 2815 3794 senior
2853 3723 3076 3815 provi-

549 3810 704 3893 duS,
744 3824 808 3880 et
847 3824 1025 3881 totus
1059 3812 1412 3883 charitatis
1462 3814 1841 3883 visceribus
1889 3813 2210 3895 diffusuS‚
2265 3813 2600 3884 fluctuare
2639 3814 2866 3904 coepit
2900 3814 3081 3882 intra

552 3921 644 3980 se,
689 3899 1249 3991 indignissimum
1306 3914 1628 3991 reputans
1681 3901 1892 3970 filiam
1937 3923 2134 3972 suam
2185 3902 2456 3972 coelesti
2515 3923 2768 3992 sponso
2819 3902 3078 3973 arctius

550 3988 1043 4069 inhaerentem,
1098 3989 1184 4060 ab
1234 3991 1486 4060 aeterni
1539 3991 1741 4080 Regis
1801 3990 2236 4080 amplexibus
2288 3992 2687 4061 renitentem
2740 3990 3077 4070 avellere,

550 4090 615 4148 et
666 4075 992 4149 barbarae
1041 4078 1312 4149 libidini
1366 4079 1805 4169 polluendam
1859 4079 2128 4171 jugare.
2176 4084 2252 4150 At
2298 4101 2377 4150 ex
2426 4079 2637 4149 altera
2687 4093 2898 4171 parte,
2954 4080 3082 4150 etsi

552 4167 810 4268 proprii
860 4168 1222 4258 sanguinis
1277 4168 1608 4260 prodigus
1646 4182 1822 4238 esset
1882 4190 2003 4259 pro
2062 4167 2397 4238 catholica
2451 4168 2570 4238 reli
2625 4169 2780 4238 ione
2819 4183 2885 4238 et
2938 4168 3086 4238 zelo

542 4254 874 4345 Justitiae‚
918 4259 1035 4343 qui
1096 4280 1174 4345 pe
1223 4259 1336 4327 cui
1388 4257 1606 4327 vivere
1655 4258 1964 4328 Christus
2013 4269 2205 4339 erat,
2261 4270 2324 4327 et
2378 4258 2547 4327 rnori
2628 4280 2913 4328 ucrum:
2987 4271 3089 4328 ta-

555 4365 707 4412 men
760 4346 923 4431 quia
963 4280 1089 4415 sug
1131 4346 1248 4416 illo
1287 4369 1454 4417 cura
1503 4347 1694 4438 regni
1745 4360 1908 4426 erat,
1953 4361 2016 4416 et
2065 4360 2200 4417 tam
2250 4347 2523 4417 efferam
2569 4347 2840 4418 barbari
2893 4344 3087 4421 illius
