3347 4999
239 170 415 237 OCT.
474 171 551 235 14
976 189 1054 234 na
1104 190 1157 234 s.
1215 187 1584 234 nuncu-iano
1636 190 1882 236 nauale.
1936 191 2033 235 Er.
2558 172 2685 236 389

237 272 804 430 prudentissima,
861 273 1058 342 nobis
1115 273 1347 342 lumen
1402 287 1712 342 nostrum
1769 275 2191 362 primitivum
2241 274 2608 344 destinavit
2664 275 2778 343 Ki-

271 363 535 439 ianum,
568 361 963 451 Burgundis
996 361 1524 440 Columbanuin,
1569 362 1967 432 Alamannis
1994 363 2259 433 Gallum
2295 386 2309 442 ;
2349 370 2439 432 An
2499 362 2587 432 lia
2622 386 2780 433 vero

234 450 603 521 universae
654 451 1057 520 Germaniae
1121 472 1452 539 magnum
1506 450 1927 520 Bonifacium
1969 452 2034 530 ⁸,
2091 464 2153 519 et
2202 452 2515 521 orientai
2568 458 2780 521 Fran-

234 539 384 609 ciae
436 539 786 626 primum,
865 540 1168 626 satisque
1235 539 1558 607 idoneum
1615 553 1952 629 pastorem
1986 594 2000 619 ,
2054 552 2117 608 et
2171 539 2348 625 quod
2425 541 2780 609 verissime

235 627 570 706 creditur,
625 627 852 696 adhuc
905 628 1202 698 incultae
1238 627 1446 696 nimis
1496 629 1834 697 Ecclesiae
1876 627 2068 696 valde
2118 628 2576 697 necessarium
2631 651 2781 729 spe-

236 716 479 786 culum
501 716 570 750 *²*
601 716 1101 785 Burchardum.
1134 716 1397 799 Quibus
1435 740 1464 786 s
1522 717 1815 787 iritualis
1844 716 2127 785 militiae
2154 716 2450 787 ducibus
2484 717 2776 800 exim1i5‚

234 804 490 891 cuique
526 806 634 876 sui
688 806 1061 895 magisterii
1111 827 1363 891 sequax
1413 828 1449 874 a
1508 805 1831 875 haerebat
1879 806 1946 873 in
1989 810 2115 877 Deo
2150 804 2342 874 fortis
2390 805 2771 888 exercitus;

235 916 533 981 quorum
587 893 858 981 singula
908 895 1071 981 quia
1121 915 1256 962 non
1299 908 1484 964 vacat
1535 895 1840 963 invenire
1888 893 2241 974 vocabula,
2297 893 2505 962 libeat
2534 915 2770 962 eorum

237 981 574 1071 exemplis
617 983 842 1071 potius
877 984 1152 1052 studere
1204 983 1678 1071 poenitentiae,
1731 1006 1937 1069 quam
2001 982 2423 1052 nominibus.
2461 983 2598 1053 .His
2649 982 2774 1050 ita-

238 1092 374 1157 que
416 1092 537 1159 pro
580 1072 871 1140 stamine
912 1071 1079 1141 telae
1110 1072 1494 1160 propositae
1546 1074 1927 1161 praetextiS,
1968 1072 2230 1140 Christo
2272 1072 2576 1157 juvante,
2647 1071 2778 1140 ‘am

238 1172 515 1247 tempus
547 1159 754 1249 exigit
801 1172 1179 1246 utcumque
1228 1162 1358 1230 sub
1404 1173 1671 1251 tegmen
1728 1174 2222 1246 consequenter
2285 1161 2596 1248 innecten
2656 1181 2769 1228 um

236 1247 599 1328 innodare,
654 1247 738 1317 ad
793 1249 1250 1318 renovandam
1290 1249 1548 1319 scilicet
1578 1264 1923 1319 aeternam
1962 1248 2360 1317 memoriam
2417 1248 2622 1337 primi
2660 1270 2777 1317 no-

240 1337 362 1406 stri
430 1336 804 1407 Mandritae
875 1337 1421 1428 praenominati,
1476 1339 1889 1430 saepiusque
1941 1336 2342 1405 nominandi
2393 1336 2779 1407 Burchardi

238 1425 608 1494 Praesulis.

327 1516 363 1600 ξ
412 1520 486 1586 1.
544 1514 732 1583 Sicut
780 1513 1047 1584 diversa
1096 1514 1519 1584 diversorum
1568 1520 1843 1584 Patrum
1902 1525 2231 1583 testantur
2279 1514 2556 1603 scripta,
2611 1514 2777 1582 dum

243 1602 700 1691 Gregorianae
749 1602 1026 1694 signum
1082 1603 1549 1692 plantationis,
1597 1604 1969 1693 Anglorum
2003 1602 2262 1671 novella
2292 1603 2770 1692 germinasset,

242 1690 678 1780 pullulasset,
741 1705 1073 1760 cresceret
1134 1704 1335 1778 atque
1386 1692 1771 1762 floresceret
1817 1691 2162 1770 Ecclesia,
2218 1712 2520 1779 semper,
2572 1706 2645 1759 ut
2694 1692 2779 1759 de

242 1779 480 1848 eodem
526 1778 779 1849 dicitur
825 1780 1123 1857 doctore,
1180 1781 1561 1850 venerabile
1628 1782 1942 1849 meritum
2016 1782 2164 1869 ejus
2214 1779 2466 1848 ibidem
2520 1779 2783 1867 accepit

243 1868 800 1951 incrementum3
881 1868 1335 1938 fructificante
1404 1869 1733 1938 nimirum
1811 1869 2116 1957 ejusdem
2197 1869 2419 1958 gentis
2465 1867 2601 1936 fide
2709 1890 2784 1936 er

242 1955 498 2025 multas
550 1972 935 2045 temporum
974 1959 1443 2027 successiones
1492 1959 1683 2026 omni
1728 1958 2076 2048 religionis
2135 1956 2512 2036 devotione,
2553 1967 2616 2025 et
2674 1978 2779 2024 er·-

245 2045 487 2113 tilitate
536 2045 872 2114 bonorum
925 2068 1235 2135 operum.
1292 2046 1600 2115 Florebat
1648 2047 1901 2115 interea
1967 2045 2202 2114 eadem
2267 2046 2332 2113 in
2389 2045 2614 2114 insula
2679 2044 2778 2113 vel

242 2133 468 2223 patria
515 2133 644 2201 sub
685 2156 841 2223 rege
892 2134 1474 2203 Christianissimo
1521 2136 1891 2204 aromatica
1927 2134 2261 2221 quaedam
2315 2134 2559 2203 Christi
2623 2134 2779 2202 boni

242 2222 473 2290 odoris
521 2222 792 2302 areola,
851 2224 1101 2294 nobilis
1159 2224 1393 2309 utique
1462 2223 1876 2294 nobilissimi
1939 2222 2316 2292 Burchardi
2382 2221 2776 2323 parentela;

249 2332 425 2396 quae
475 2323 608 2379 tarn
656 2312 882 2391 rebuS,
937 2334 1141 2398 quam
1203 2334 1448 2401 genere
1496 2311 1678 2381 clara
1711 2367 1725 2393 ,
1780 2312 1994 2381 divini
2047 2312 2311 2380 timoris
2381 2312 2516 2380 insi
2575 2311 2781 2380 nibus

245 2400 612 2468 notabatur
660 2400 745 2467 ab
780 2401 1102 2469 omnibus
1139 2400 1508 2489 praeclara;
1564 2423 1849 2487 seseque
1904 2401 2268 2491 praecipue
2322 2422 2440 2489 per
2496 2400 2514 2467 i
2574 2455 2588 2481 ‚
2645 2422 2779 2469 non

245 2502 509 2558 tantum
564 2489 996 2559 convicaneis
1031 2504 1093 2559 et
1141 2490 1668 2570 contribulibuS,
1716 2490 1831 2559 sed
1883 2503 1947 2560 et
1979 2490 2296 2559 universo
2327 2511 2535 2578 regno
2586 2512 2781 2578 prac-

241 2577 397 2647 buit
429 2576 990 2659 famosissimam,
1045 2578 1226 2665 quod
1265 2579 1331 2646 in
1384 2579 1584 2647 bonis
1631 2580 1901 2648 actibus
1953 2579 2124 2648 nulli
2174 2578 2595 2667 generationi
2654 2590 2782 2646 ter-

242 2687 359 2734 rae
412 2665 623 2744 illius,
678 2688 748 2734 se
799 2667 1182 2755 patiebatur
1227 2688 1374 2735 esse
1434 2668 1834 2737 secundam.
1891 2673 2034 2750 Qua
2092 2667 2175 2734 de
2227 2688 2295 2735 re
2346 2688 2476 2734 non
2541 2667 2779 2734 incon-

244 2776 415 2843 grue
473 2754 872 2823 Davidicum
925 2755 1095 2824 illud
1150 2755 1448 2845 elogium
1500 2756 1832 2825 divinitus
1881 2757 1977 2825 ibi
2026 2755 2478 2846 implebatur:
2547 2759 2785 2822 Potens

244 2845 532 2911 interra
571 2845 697 2911 erit
742 2867 961 2913 semen
1016 2847 1207 2935 ejus:
1255 2848 1599 2936 qeneratz‘o
1647 2856 1976 2914 rectorum
2028 2845 2446 2913 benedicetur
2476 2842 2628 2930 (Ps.
2671 2841 2775 2929 3).

245 2932 492 3000 Ditavit
538 2932 796 3022 quippe
842 2954 958 3002 eos
1006 2933 1389 3003 benedictio
1437 2934 1667 3003 divina
1712 2934 1898 3024 prole
1927 2933 2197 3023 gemina
2255 2931 2461 2999 nimis
2502 2931 2774 3011 eximia,

244 3042 421 3106 quae
472 3022 683 3110 patris
718 3021 1037 3091 simulac
1082 3023 1343 3103 matris,
1391 3023 1602 3091 immo
1654 3024 1859 3090 totius
1907 3019 2366 3110 generationis
2406 3018 2596 3088 illius
2646 3018 2780 3086 uti-

244 3132 377 3195 que
431 3109 777 3198 praeclara
826 3110 1180 3179 excelleret
1231 3110 1492 3192 merita,
1540 3110 1936 3196 Bur-charde
1989 3107 2297 3177 videlicet
2343 3120 2546 3194 atque
2596 3107 2782 3176 swit-

244 3197 460 3277 hun0‚
516 3211 804 3284 utroque
875 3198 1161 3267 coelitus
1234 3199 1365 3269 sibi
1431 3199 1805 3268 destinatae
1872 3198 1973 3267 vel
2035 3197 2341 3286 provisae
2412 3195 2780 3264 cathedrae

244 3297 479 3385 postea
520 3286 841 3375 pontifice
886 3287 1138 3357 futuro.
1184 3290 1235 3356 Ο
1268 3309 1472 3373 quam
1512 3287 1911 3357 benedictus
1958 3287 2220 3355 fructus
2255 3286 2507 3355 ventris
2546 3286 2782 3353 matris

245 3374 481 3456 nlius,
542 3376 661 3462 qui
741 3376 1152 3444 medicinam
1222 3389 1532 3444 aeternae
1608 3375 1849 3446 salutis
1902 3375 2318 3445 sufficienter
2370 3374 2783 3443 ministravit

246 3463 523 3549 duabus
572 3485 879 3533 seorsum
936 3464 1353 3545 nationibuS,
1407 3463 1686 3554 Angliae
1725 3486 1843 3553 per
1893 3465 2284 3554 indigenam
2339 3485 2544 3532 suum
2598 3462 2784 3532 vait-

244 3550 543 3632 hunum,
592 3552 917 3621 Orientali
949 3552 1403 3622 nihilominus
1429 3554 1755 3622 Franciae
1784 3553 1886 3588 *Ἠ*
1926 3575 2043 3655 per
2082 3552 2414 3621 advenam
2446 3551 2784 3619 Burchar-

245 3640 451 3710 durnl
491 3645 695 3710 Porro
745 3653 1109 3728 antequam
1168 3641 1250 3710 de
1310 3641 1619 3727 ejusdem
1676 3654 1944 3732 patroni
2009 3642 2220 3711 nostri
2270 3640 2784 3709 conversatione

245 3729 646 3810 narrationi,
679 3730 887 3816 cujus
919 3730 1061 3816 jam
1104 3729 1552 3798 fundamenta
1577 3731 1901 3819 jecimus,
1936 3743 2349 3802 structuram
2397 3727 2783 3817 praemedi-

247 3829 450 3886 tatam
503 3839 1078 3908 superponamus,
1115 3840 1326 3908 pauca
1364 3839 1541 3904 quae
1591 3818 1675 3888 de
1723 3841 2050 3911 germano
2098 3818 2247 3908 ejus
2287 3816 2775 3905 comperimus,

245 3927 456 3994 aeque
485 3907 921 3976 sanctissimo
948 3909 1303 3996 Episcopo,
1337 3907 1608 3977 silentio
1646 3909 1919 3997 penitus
1957 3930 2086 3977 non
2127 3905 2775 4008 praetermittamus

248 3999 340 4063 Ex
405 3995 643 4086 Anglia
707 3995 848 4065 nati
895 3994 1136 4066 fratres
1184 3995 1444 4066 Gotwin
1496 4009 1559 4064 et
1605 3996 1964 4080 Adelmar‚
2028 3996 2283 4082 aliique
2331 3992 2783 4082 quamplures

300 4192 323 4212 *
343 4191 451 4230 Vita.
471 4191 512 4231 S.
542 4192 768 4232 Bonifacii
790 4191 847 4231 M.
867 4191 1069 4231 habetur
1087 4191 1135 4230 in
1155 4191 1296 4237 Surio,
1317 4191 1418 4231 Vol.
1441 4191 1516 4237 VI,
1534 4201 1636 4241 pag.
1664 4193 1754 4236 112,
1774 4192 1860 4231 etc.

302 4246 356 4271 *³¹²
385 4245 654 4292 Legendum
675 4247 809 4288 forte.
829 4247 1151 4296 speculatorem.

299 4298 385 4326 *Β*
413 4297 609 4337 Francia
628 4299 858 4338 ortenaealis
880 4302 1045 4339 vocata
1063 4300 1135 4339 est
1154 4298 1316 4340 seculo
1336 4299 1516 4344 octavo,
1536 4307 1655 4346 quae
1677 4299 1839 4347 postea
1855 4297 2121 4337 Francorum.
