3347 4999
199 353 373 419 OCT.
427 355 511 418 25
781 372 860 417 ns
917 371 1009 418 ss,
1061 371 1253 418 nar.
1307 369 1596 419 cmsrmo
1643 369 1722 418 m·
1770 370 2171 420 cmsrmuno
2531 355 2602 420 7⁴
2618 357 2658 422 9

195 455 278 525 ad
333 454 675 527 Christum
725 454 1299 546 commigrarunt.
1366 460 1496 526 Eos
1561 456 1779 526 secuti
1852 456 2000 545 pari
2062 455 2224 526 fidei
2274 456 2634 528 devotione
2679 470 2745 528 et

195 545 467 635 generis
524 543 893 633 splendore
953 544 1312 634 Crispinus
1370 557 1436 613 et
1505 544 2023 635 crispinianus,
2087 546 2490 617 Suessiones
2543 546 2579 581 ³*
2636 569 2746 617 ve-

195 646 469 704 nerunt.
525 633 652 702 Sed
701 656 863 703 cum
914 644 1143 704 essent
1192 632 1582 716 Christiani,
1657 634 1745 705 ob
1799 634 2299 723 persecutionis
2350 635 2747 706 immanita-

197 736 356 804 tem,
410 722 692 813 hospitii
737 734 803 791 et
828 721 1298 791 humanitatis
1335 721 1563 793 officia
1609 722 1711 793 eis
1759 735 1956 792 erant
2005 723 2393 793 interdicta.
2432 725 2746 796 volentes

197 823 424 881 autem
489 833 567 881 ex
631 810 930 901 Apostoli
997 811 1536 900 praescriptione
1601 811 1834 882 labore
1897 834 2233 883 manuum
2303 813 2559 884 victum
2612 813 2745 885 sihi

245 921 463 980 arare,
517 912 730 969 artem
778 903 1144 980 sutrinam,
1199 899 1382 988 quod
1433 901 1664 987 quieta
1714 902 1825 982 sit,
1879 900 2206 982 didicere,
2261 901 2598 990 facileque
2635 904 2748 972 Dei

196 923 530 1060 beneficio
572 989 642 1057 in
692 1009 771 1058 ea
821 990 920 1058 sic
968 1000 1272 1058 caeteros
1319 990 1803 1071 antecelluere,
1849 1003 1927 1059 ut
1958 989 2198 1060 multis
2230 1003 2296 1060 et
2320 991 2489 1073 cari,
2525 1003 2589 1060 et
2622 991 2742 1061 ad-

197 1078 544 1147 mirationi
594 1090 821 1147 essent
851 1132 866 1159 ,
924 1077 1218 1147 maxime
1282 1079 1464 1165 quod
1518 1078 1775 1149 laboris
1825 1078 1934 1149 sui
1985 1078 2259 1149 nullum
2310 1080 2660 1170 exigerent
2706 1102 2746 1149 a

193 1188 543 1254 quoquam
600 1166 921 1256 pretium,
969 1166 1124 1236 licet
1169 1167 1337 1237 artis
1382 1167 1724 1258 elegantia
1758 1190 1931 1257 pene
1962 1169 2206 1238 omnes
2246 1168 2618 1239 vincerent.
2658 1168 2745 1238 Il-

194 1255 357 1325 lexit
403 1277 482 1324 ea
517 1276 625 1324 res
675 1254 1071 1336 nonnullos,
1129 1268 1203 1325 ut
1250 1277 1385 1325 non
1440 1269 1574 1325 tam
1623 1256 1901 1327 artificii
1931 1278 2170 1327 eorum
2215 1259 2616 1330 necessitate
2643 1259 2740 1327 vel

193 1346 429 1435 opera,
482 1365 689 1430 quam
743 1345 932 1414 verbi
996 1344 1110 1414 Dei
1159 1345 1490 1415 audiendi
1541 1346 1772 1415 studio
1821 1346 2129 1424 invitati,
2185 1345 2269 1415 ad
2338 1369 2456 1418 eos
2503 1346 2743 1417 crebro

195 1433 664 1502 convenirent.
711 1438 946 1520 ltaque
994 1433 1250 1503 factum
1295 1446 1420 1516 est,
1473 1447 1550 1504 ut
1599 1434 1845 1504 Christi
1896 1435 2118 1525 gratia
2171 1457 2288 1525 per
2325 1458 2441 1507 eos
2480 1436 2548 1505 id
2599 1435 2744 1505 effi-

192 1523 438 1602 ciente,
495 1521 718 1603 multi‚
775 1522 1011 1592 relicto
1058 1544 1287 1593 errore
1334 1536 1400 1592 et
1437 1523 1630 1593 cultu
1664 1523 2228 1608 simulacrorum,
2267 1529 2477 1596 Deum
2510 1525 2740 1595 vivum

192 1624 258 1681 et
307 1632 539 1679 verum
579 1622 715 1680 toto
768 1625 1036 1700 pectore
1083 1611 1302 1681 colere
1348 1624 1412 1680 et
1461 1634 1695 1681 amare
1744 1613 2337 1702 concupiscerent.

283 1701 320 1787 ξ
372 1704 459 1770 ².
506 1700 579 1769 Id
651 1700 771 1769 ubi
840 1701 1141 1790 percepit
1208 1700 1467 1792 impius
1532 1702 1990 1772 Maximianus
2037 1701 2151 1782 ⁴⁴²,
2212 1702 2571 1773 confestim
2626 1703 2743 1772 Ri-

195 1788 574 1859 ctiovarum
627 1810 792 1858 suae
838 1788 1266 1859 crudelitatis
1315 1789 1806 1860 administrum
1837 1844 1857 1871 ,
1916 1789 1998 1859 ad
2052 1811 2168 1859 eos
2244 1791 2742 1880 perquirendos

199 1877 407 1946 misit.
455 1882 522 1946 Is
556 1899 713 1946 vero
762 1878 947 1966 apud
985 1879 1387 1949 Suessiones
1422 1878 1672 1968 reperit
1703 1900 1819 1949 eos
1862 1901 2243 1969 pauperum
2275 1880 2542 1951 calceos
2581 1901 2740 1950 con-

197 1978 497 2046 suentes,
552 1966 1078 2054 sciscitatusque
1107 1980 1317 2038 estex
1347 1968 1470 2048 eis,
1502 1988 1678 2055 quos
1716 1967 1879 2038 deos
1928 1968 2250 2038 colerent.
2298 1968 2740 2060 Respondent

197 2053 327 2136 illi,
376 2076 446 2124 se
507 2077 729 2125 unum
780 2056 1217 2142 eundemque
1270 2077 1504 2126 verum
1556 2060 1771 2126 Deum
1823 2055 2082 2126 colere:
2149 2057 2393 2128 Jovem
2432 2111 2447 2140 ‚
2491 2057 2741 2148 Apolli-

196 2165 381 2224 nem,
438 2145 881 2226 Mercurium,
949 2145 1166 2214 aliave
1222 2143 1289 2212 id
1340 2166 1562 2234 genus
1614 2156 1921 2234 portenta
1980 2168 2054 2215 se
2114 2167 2236 2215 nec
2294 2146 2563 2226 colere,
2617 2168 2741 2216 nec

194 2231 505 2301 adorare.
580 2256 616 2299 »
685 2237 920 2319 ltaque
969 2232 1399 2303 Rictiovarus
1447 2233 1709 2303 catenis
1756 2234 2017 2304 vinctos
2066 2234 2351 2306 adducit
2399 2235 2483 2306 ad
2536 2235 2740 2305 Maxi-

201 2320 540 2399 mianum,
595 2322 716 2407 qui
764 2342 879 2390 eos
930 2334 1004 2389 ut
1051 2321 1431 2391 edictorum
1485 2321 1954 2411 imperialium
2007 2334 2513 2413 contemptores
2545 2325 2630 2393 ad
2668 2346 2740 2394 se

184 2409 384 2498 jubet
434 2409 800 2488 introduci,
855 2409 1084 2495 aitque
1132 2410 1218 2478 ad
1267 2432 1419 2479 eos:
1476 2433 1511 2476 «
1555 2414 1786 2481 Genus
1845 2424 2142 2483 vestrum
2196 2413 2740 2505 religionemque

193 2495 463 2566 edicite.
506 2520 542 2565 »
592 2497 1034 2587 Respondent
1075 2499 1346 2569 Sancti:
1404 2523 1440 2567 «
1475 2505 1730 2570 Romae
1780 2523 1914 2571 non
1950 2503 2246 2573 obscura
2281 2503 2545 2573 familia
2577 2504 2733 2585 orti,

194 2585 262 2653 in
316 2584 572 2656 Gallias
614 2609 737 2676 pro
777 2587 1020 2657 Christi
1064 2610 1297 2658 amore
1354 2589 1693 2670 venimus,
1746 2591 1868 2678 qui
1916 2614 2074 2661 cum
2129 2596 2322 2662 Patre
2368 2604 2433 2661 et
2483 2592 2741 2681 Spiritu

193 2679 437 2744 Sancto
488 2697 673 2746 unus
721 2689 823 2745 est
873 2681 1074 2759 DeuS,
1111 2689 1376 2747 creator
1421 2677 2087 2770 omnium-regnans
2136 2680 2205 2748 in
2256 2680 2489 2749 secula
2538 2701 2735 2749 secu-

190 2762 441 2833 lorum.
475 2765 595 2835 Cui
644 2768 984 2835 servimus
1031 2766 1099 2835 in
1153 2766 1309 2845 fide,
1353 2767 1669 2856 prompta
1699 2767 1917 2837 animi
1955 2768 2337 2850 devotione,
2376 2767 2737 2859 cupimus-

188 2874 325 2940 que
362 2908 377 2935 ,
431 2875 591 2923 cum
657 2854 944 2945 spiritus
1008 2853 1133 2924 hos
1196 2869 1381 2946 reget
1427 2868 1665 2937 artuS‚
1724 2858 1792 2924 in
1845 2857 1996 2947 ejus
2043 2855 2236 2927 cultu
2284 2871 2351 2928 et
2396 2856 2739 2926 famulatu

191 2944 619 3031 permanere.
673 2971 698 3006 u
737 2944 857 3012 His
892 2942 1172 3026 auditi5‚
1213 2945 1316 3014 ira
1367 2958 1719 3035 permotus
1776 2945 2270 3016 Maximianus:
2328 2968 2364 3012 «
2415 2950 2541 3014 Per
2577 2945 2739 3014 deo·

191 3051 346 3099 rum
399 3032 740 3112 virtutem,
786 3032 1034 3120 inquit,
1081 3032 1139 3101 si
1178 3033 1246 3101 in
1284 3033 1412 3102 hac
1446 3032 1735 3104 stultitia
1771 3034 2312 3122 permanseritiS,
2352 3032 2588 3103 multis
2620 3055 2737 3103 vos

191 3121 547 3190 tormentis
606 3122 1030 3191 excruciatos
1093 3121 1272 3191 male
1376 3121 1639 3201 erdam,
1679 3122 1744 3190 e't
1776 3122 2088 3212 exempla
2125 3123 2194 3190 in
2234 3144 2351 3193 vos
2389 3120 2614 3191 edam.
2667 3121 2735 3191 Si

190 3228 346 3276 vero
384 3207 521 3279 diis
568 3209 1144 3290 sacrificaveritis,
1200 3232 1322 3280 mu
1356 3211 1440 3279 tis
1504 3230 1620 3278 vos
1665 3210 1920 3300 opibus
1967 3225 2228 3291 auctoS‚
2300 3210 2575 3311 magnis
2612 3233 2736 3281 cu-

187 3296 356 3365 rabo
404 3296 786 3367 honoribus
833 3297 1040 3367 affici.
1074 3321 1109 3364 »
1147 3299 1377 3368 Sancti
1415 3310 1751 3387 martyres
1786 3300 2238 3389 respondent:
2281 3322 2318 3366 «
2362 3300 2564 3369 Minis
2596 3302 2734 3370 tuis

187 3405 323 3452 non
377 3385 662 3454 terrebis
713 3408 858 3467 nos,
923 3387 1180 3473 quibus
1236 3386 1458 3456 vivere
1507 3386 1818 3457 Christus
1876 3402 2024 3469 est,
2078 3402 2144 3458 et
2200 3389 2374 3458 mori
2429 3389 2727 3459 lucrum.

186 3476 363 3561 Opes
412 3493 566 3542 vero
637 3485 788 3543 tuas
835 3485 899 3544 et
958 3476 1276 3554 honores,
1344 3498 1520 3562 quos
1584 3475 1954 3565 polliceris,
1995 3479 2317 3567 praebeto
2388 3478 2558 3548 tuis:
2608 3500 2732 3547 nos

181 3559 528 3651 ejusmodi
551 3562 699 3651 jam
725 3562 918 3643 olim,
964 3563 1211 3633 Christi
1245 3569 1482 3643 causa,
1514 3566 2088 3655 contempsimus,
2130 3579 2196 3636 et
2228 3566 2730 3656 contempsisse

187 3651 551 3719 laetamur.
591 3656 689 3720 Tu
727 3672 1003 3739 quoque
1037 3651 1095 3722 si
1130 3672 1369 3722 nosses
1410 3652 1755 3723 Christum
1792 3666 1858 3723 et
1886 3676 2182 3737 amares,
2225 3676 2357 3724 non
2398 3655 2602 3725 modo
2631 3654 2735 3723 di·

189 3738 388 3808 vitias
434 3750 499 3808 et
548 3739 777 3840 ipsum
827 3762 1102 3828 quoque
1157 3741 1556 3831 imperium,
1613 3741 1732 3811 sed
1785 3764 1995 3813 vanos
2042 3744 2247 3812 etiam
2311 3742 2729 3813 daemonum

184 3827 417 3898 cultus
464 3827 664 3897 facile
707 3849 1092 3919 respuereS‚
1132 3840 1337 3917 atque
1377 3831 1465 3900 ab
1498 3829 1650 3918 ejus
1685 3831 2109 3922 benignitate
2150 3832 2354 3901 vitam
2396 3832 2733 3922 reciperes

189 3917 707 4008 sempiternam.
747 3918 938 4001 Quod
975 3918 1033 3988 si
1075 3940 1231 3988 vero
1273 3919 1340 3988 in
1395 3920 1522 3988 hac
1570 3920 1865 3990 vanitate
1899 3921 2296 4011 perstiteris,
2332 3942 2494 3990 cum
2535 3919 2737 3989 malis

186 4005 670 4087 daemonibus,
723 4028 1019 4093 quorum
1071 4006 1244 4077 colis
1292 4007 1689 4089 simulacra,
1749 4008 1817 4077 in
1873 4020 2200 4079 tartarum
2239 4009 2733 4098 demergeris.»

191 4095 643 4165 Maximianus
668 4096 876 4166 dicit:
913 4119 949 4163 «
984 4095 1292 4166 Sufficiat
1321 4098 1511 4167 vobis
1542 4097 1875 4167 hactenus
1902 4098 2156 4167 multos
2183 4098 2422 4168 vestris
2452 4097 2736 4187 periisse

190 4183 552 4254 maleficiis
599 4196 663 4255 et
721 4184 922 4257 malis
984 4185 1274 4255 artibus.
1315 4208 1352 4253 »
1413 4185 1853 4276 Respondent
1894 4200 2259 4276 martyres:
2316 4209 2351 4252 «
2407 4191 2729 4277 IgnoraS‚

237 4379 262 4438 f
291 4380 558 4422 suessionis
575 4383 708 4433 urbs,
728 4382 895 4432 gallice
914 4383 1127 4427 Soteron,
1146 4379 1457 4423 celeberrim·
1489 4381 1654 4433 utique
1675 4384 1724 4424 et
1762 4350 1904 4425 valde
1938 4383 2135 4434 antiqua
2153 4385 2238 4427 ast.
2269 4384 2337 4427 Ab
2356 4385 2568 4435 Augusto
2605 4383 2732 4425 diets

185 4432 283 4474 funt
304 4436 499 4484 Ateguam
519 4436 813 4477 Suessionum.
835 4437 1002 4477 sedem
1021 4436 1164 4476 habet
1183 4433 1511 4486 episcopalem.
2102 4462 2108 4469 -

243 4486 299 4513 *¹⁸¹
328 4487 417 4536 Qui
435 4490 537 4530 tum
557 4490 606 4530 tn
632 4490 786 4532 Gallia
803 4490 1181 4532 commorabatur
1198 4486 1378 4532 bellum
1400 4499 1544 4541 agens
1563 4499 1671 4532 cum
1693 4489 1936 4543 Baqoeudie.
