3347 4999
626 259 755 324 246
1277 273 1355 319 niz
1403 273 1460 320 s.
1516 271 1743 319 OSITHA
1794 271 1963 318 viiio.
2017 271 2092 317 nr
2141 271 2332 317 imur.
2816 251 2990 318 OCT.
3047 254 3097 318 8

535 382 616 430 eo
649 360 797 429 loco
833 357 1096 428 meritis
1145 369 1422 426 sanctae
1453 356 1753 446 Virginis
1786 354 2167 434 miraculis,
2215 354 2332 424 illa
2368 355 2434 423 in
2482 355 2628 424 visu
2663 353 2939 424 cuidam
2982 354 3098 424 fa-

537 451 661 520 bro
702 471 738 517 a
797 469 1069 538 parens,
1125 469 1160 512 «
1197 450 1329 515 Sur
1378 468 1437 525 e,
1475 445 1727 530 inquit,
1780 457 1846 514 et
1901 445 2069 515 vade
2131 443 2216 513 ad
2257 443 2616 514 ecclesiam
2659 443 3089 522 Ailesbiriae,

534 552 601 608 et
650 537 738 606 tol
771 558 895 606 ens
929 534 1238 605 loculum
1282 533 1478 604 ilum
1535 533 1983 623 plumbeum,
2041 535 2106 601 in
2173 554 2309 620 quo
2369 548 2534 602 sunt
2586 555 2740 601 ossa
2798 555 2967 612 mea,
3022 546 3100 601 et

534 648 712 714 equo
757 647 917 695 eum
967 636 1166 694 caute
1216 624 1606 713 imponens,
1652 623 1736 690 ad
1788 621 2150 691 ecclesiam
2190 621 2639 692 Chichensein
2677 621 2956 691 deserto.
3009 627 3098 691 Et

535 738 623 785 ne
665 727 894 784 tantus
930 712 1124 783 labor
1156 711 1279 783 tibi
1324 712 1545 802 pariat
1577 710 2061 791 diffidentiam,
2101 710 2221 780 ubi
2260 713 2387 780 iter
2428 712 2782 801 ingressus
2840 710 3080 794 fueris,

535 805 604 872 in
644 804 789 872 viae
825 802 1079 883 labore,
1117 813 1183 870 et
1203 801 1518 870 sarcinae
1552 800 1804 870 sudore
1838 800 2195 870 relevatrix
2226 814 2291 869 et
2322 799 2623 890 adjutrix
2659 799 2780 870 tibi
2806 800 3013 869 adero
3050 823 3093 868 »

535 897 691 962 Post
742 892 991 961 trinam
1041 890 1383 984 ejusmodi
1432 889 1935 979 apparitionem
1966 944 1982 970 ,
2048 902 2240 958 nocte
2289 889 2616 976 quadam,
2686 901 2927 957 nactus
2965 911 3096 978 op-

535 981 1053 1072 portunitatem,
1107 979 1467 1049 ecclesiam
1521 979 1928 1068 ingressuS,
1983 977 2403 1047 excubantes
2479 981 2724 1067 sopore
2773 994 3096 1068 gravatos

530 1070 840 1149 offendit,
899 1068 1205 1138 loculum
1259 1068 1664 1158 plumbeum
1699 1089 1736 1136 e
1787 1081 1962 1136 terra
1995 1080 2376 1136 extractum
2409 1089 2586 1153 equo
2636 1067 2987 1155 imposuit,
3024 1079 3098 1136 et

530 1158 885 1228 abscessit.
944 1163 1136 1226 Mane
1183 1158 1586 1247 evigilantes
1635 1155 1979 1235 custodes,
2019 1156 2319 1226 excitant
2354 1156 2639 1234 vicinOS,
2700 1155 3088 1244 platearum

533 1245 945 1317 diverticula
991 1260 1055 1315 et
1093 1245 1374 1316 callium
1407 1257 1664 1315 secreta
1715 1245 2125 1333 compendia
2164 1246 2528 1325 rimantur,
2562 1245 2617 1313 si
2653 1245 2844 1323 forte,
2878 1266 3092 1332 quem

532 1336 1145 1493 persequebantur,
1186 1334 1452 1426 possint
1482 1334 2089 1423 comprehendere.
2137 1339 2432 1404 Cernens
2471 1346 2700 1402 autem
2742 1333 2933 1404 faber
2973 1333 3094 1401 ille

585 1426 899 1495 ominum
954 1423 1225 1493 turbam
1300 1424 1806 1512 propinquare,
1862 1422 2016 1492 fusa
2064 1422 2151 1491 ad
2209 1428 2414 1491 Deum
2464 1437 2529 1491 et
2579 1435 2888 1493 sanctam
2952 1422 3093 1490 vir-

534 1514 765 1604 ginem
822 1535 1042 1603 prece,
1078 1526 1562 1601 persequentes
1608 1533 1795 1590 eum,
1840 1512 2087 1581 mentis
2114 1511 2548 1590 alienatione,
2586 1512 3094 1597 oculorumque

535 1615 815 1692 stupore
865 1601 1217 1681 mirabili,
1274 1602 1625 1691 percussi,
1680 1599 1773 1668 ad·
1842 1602 2118 1691 propria
2184 1601 2378 1670 vacui
2433 1601 2808 1670 redierunt.
2877 1603 3094 1669 Faber

534 1712 693 1760 vero
741 1691 865 1760 ubi
899 1712 1057 1759 cum
1095 1689 1408 1776 reliquiis
1448 1702 1723 1758 sanctae
1763 1689 2062 1780 Virginis
2101 1689 2183 1758 ad
2221 1689 2580 1760 ecclesiam
2637 1688 3091 1759 Chichensem

535 1780 865 1869 pervenit,
922 1779 1319 1858 Mauricius,
1376 1776 1874 1847 Londoniensis
1924 1780 2328 1867 Episcopus,
2370 1779 2437 1846 in
2486 1779 2779 1867 pretioso
2832 1777 3089 1846 scrinio

531 1891 649 1940 eas
695 1869 1076 1938 honorifice
1126 1867 1454 1956 reposuit,
1493 1880 1559 1936 et
1607 1867 1946 1936 Roffensis
1985 1867 2390 1958 EpiscopuS,
2443 1867 2564 1954 qui
2616 1888 2941 1957 praesens
2962 1865 3093 1935 ad-

529 1971 697 2039 erat,
752 1980 791 2026 a
840 1956 1031 2048 gravi
1082 1956 1484 2024 infirmitate
1523 1972 1807 2028 curatus
1855 1968 1980 2026 est.

616 2049 652 2133 5
699 2050 779 2117 θ.
834 2052 999 2115 Cum
1042 2044 1326 2131 quidam
1368 2057 1615 2114 nautae
1664 2044 1963 2130 frustum
2002 2045 2366 2113 marmoris
2414 2066 2494 2112 ex
2539 2044 2805 2132 porticu
2842 2043 3081 2133 templi

530 2146 809 2205 sanctae
840 2133 1115 2208 Osithae
1147 2133 1325 2202 clani
1379 2155 1611 2203 secum
1648 2132 2017 2210 auferrent,
2075 2132 2415 2213 navicula,
2472 2132 2540 2200 in
2592 2154 2729 2218 qua
2781 2154 3087 2202 marmor

531 2221 708 2292 illud
759 2222 1245 2311 deposuerant,
1302 2221 1486 2292 velut
1526 2235 1742 2292 terrae
1792 2221 2017 2300 affixa,
2075 2221 2357 2290 immota
2411 2222 2814 2311 permansit,
2868 2222 3089 2289 donec

528 2310 810 2399 culpam
863 2333 1060 2380 suam
1096 2310 1198 2379 illi
1233 2324 1708 2400 agnoscerent,
1740 2324 1805 2380 et
1843 2331 2145 2379 marmor
2195 2331 2359 2380 suae
2406 2310 2736 2378 ecclesiae
2772 2311 3089 2379 restitue-

530 2410 709 2469 rent.
763 2398 1064 2470 Clericus
1095 2399 1385 2486 quidam
1424 2413 1573 2469 voto
1606 2399 1909 2488 simplici
1942 2399 2011 2467 in
2058 2400 2471 2467 monasterio
2505 2412 2782 2468 sanctae
2811 2400 3090 2468 Osithae

529 2487 868 2578 virginiS‚
926 2487 1242 2558 habitum
1318 2489 1776 2558 monasticum
1849 2510 1920 2558 se
1999 2503 2488 2577 suscepturum
2545 2488 2906 2578 promisit:
2964 2487 3083 2557 sed

533 2578 992 2668 propositum,
1029 2577 1206 2647 male.
1231 2577 1629 2648 blandiente
1663 2576 1961 2658 fortuna,
1997 2578 2240 2664 exequi
2282 2577 2628 2658 differem,
2669 2577 2752 2645 ad
2783 2588 3090 2646 extrema

528 2667 726 2747 vitae,
788 2668 1025 2736 morbo
1074 2666 1611 2757 ingravescente,
1671 2666 2096 2754 perducitur.
2152 2668 2224 2734 Ei
2282 2681 2520 2736 sancta
2583 2667 2819 2735 Ositha
2869 2688 3089 2756 appa-

527 2778 711 2837 rens,
767 2778 803 2822 «
839 2755 1014 2838 Quid
1051 2769 1176 2836 est,
1232 2755 1479 2842 inquit,
1533 2755 1717 2842 quod
1773 2777 1879 2824 me
1930 2768 2063 2823 tam
2108 2755 2398 2825 sollicite
2434 2756 2760 2825 invocas?
2809 2759 2901 2824 An
2951 2776 3088 2824 non

532 2844 936 2924 meministi,
984 2845 1151 2932 quid
1203 2859 1450 2931 quarto
1498 2846 1584 2915 ab
1632 2844 1797 2913 hinc
1832 2865 2015 2913 anno
2057 2844 2178 2912 tibi
2223 2845 2728 2933 praestiterim?
2766 2849 2931 2913 Cum
2977 2866 3089 2912 ae-

529 2947 874 3022 grotares,
930 2934 1130 3004 morti
1186 2935 1500 3010 vicinus,
1577 2954 1880 3019 cumque
1949 2933 2408 3002 satisfacerem
2476 2933 2869 3023 provinciae
2919 2932 3082 3002 huic

528 3022 941 3092 mortalitate
990 3023 1420 3103 imminente,
1473 3023 1566 3090 im
1583 3022 1976 3112 petravique
2006 3044 2046 3090 a
2091 3023 2376 3092 Domino
2413 3044 2563 3092 ineo
2592 3023 2754 3092 lesu
2784 3022 3074 3103 Christo,

531 3122 608 3180 ut
656 3111 961 3181 visitaret
995 3111 1331 3201 populum
1387 3132 1645 3193 meum,
1684 3123 1850 3180 tunc
1883 3112 2087 3179 etiam
2134 3111 2499 3180 Dominum
2541 3134 2661 3201 pro
2705 3125 2765 3179 te
2818 3110 3073 3211 rogavi,

531 3211 597 3268 et
631 3210 701 3267 tu
750 3202 838 3269 ab
887 3199 1288 3269 infirmitate
1337 3199 1709 3281 liberatus,
1767 3200 1939 3269 vitae
1988 3200 2502 3270 conversionem
2558 3200 2959 3289 promisisti,
3012 3211 3079 3266 et

527 3298 752 3355 tamen
807 3289 895 3357 ab
942 3307 1021 3355 eo
1064 3299 1366 3378 tempore
1418 3290 1633 3379 teipso
1682 3310 1956 3376 semper
1990 3288 2287 3358 deterior
2333 3288 2635 3359 extitisti.
2677 3293 2823 3371 Qua
2874 3288 3080 3377 igitur

531 3374 776 3454 fronte,
832 3375 1045 3444 lucris
1092 3387 1157 3445 et
1196 3378 1405 3467 nugis
1454 3378 1702 3448 aulicis
1736 3377 2052 3453 deditus,
2100 3398 2207 3446 me
2266 3377 2583 3446 invocare
2630 3399 2849 3448 ausus
2885 3376 3000 3445 es‘?
3031 3397 3068 3441 »

526 3462 656 3532 Illo
705 3485 859 3532 vero
907 3464 1455 3534 emendationem
1504 3468 1680 3535 vitae
1754 3489 1916 3536 cum
1983 3465 2311 3556 lacrymis
2388 3466 2791 3556 pollicentel.
2848 3476 3083 3536 sancta

530 3552 735 3653 Virgo
785 3551 1107 3623 hilariore
1145 3553 1293 3643 jam
1330 3555 1526 3625 vultu
1571 3548 1740 3625 eum*
1794 3556 2108 3626 intuens:
2156 3577 2193 3623 «
2232 3555 2573 3635 Misereor,
2630 3556 2899 3643 inquit,
2954 3554 3078 3633 tui,

526 3662 589 3709 si
639 3652 865 3731 tuipse
917 3642 1014 3711 tui
1058 3641 1406 3725 misertuS,
1462 3649 1594 3713 Deo
1653 3646 1909 3713 servire
1958 3643 2055 3711 vel
2124 3665 2275 3713 sero
2325 3644 2648 3713 volueris.
2685 3667 2721 3711 »
2771 3650 2921 3713 Mox
2972 3641 3084 3712 ille

523 3728 680 3817 ejtls
729 3743 1050 3801 contactu
1098 3745 1425 3812 sanatus,
1500 3733 1959 3803 monasticum
2012 3732 2325 3802 habitum
2378 3735 2681 3824 accepit,
2735 3747 2801 3801 et
2848 3732 3084 3801 devote

529 3822 663 3888 Deo
712 3820 1038 3896 serviens,
1082 3820 1152 3889 in
1204 3819 1508 3889 Priorem
1537 3821 1721 3909 apud
1761 3826 1827 3891 S.
1881 3820 2478 3891 Bartholomaeum
2524 3822 2916 3893 Londoniae
2948 3819 3086 3889 ele-

528 3921 683 3977 ctus
732 3920 857 3977 est.
910 3909 1264 3979 Mulierem
1315 3921 1736 3979 contractam
1791 3910 1992 4000 Virgo
2043 3924 2281 3980 sancta
2326 3911 2561 3991 erexit;
2606 3912 2846 4002 juveni
2895 3923 3084 3978 muto

526 4008 591 4065 et
629 3996 842 4066 surdo
892 3997 1221 4084 loquendi
1255 4012 1319 4067 et
1359 3997 1691 4068 audiendi
1721 3998 2113 4068 facultatem
2161 4000 2480 4079 restituit,
2524 4013 2589 4069 et
2626 3999 2861 4069 multis
2894 3998 3077 4078 aliis,

526 4107 729 4174 opem
770 4086 931 4187 ejus
1004 4087 1075 4155 in
1128 4109 1254 4157 sua
1331 4087 1734 4157 infirmitate
1793 4087 2374 4176 implorantibuS,
2430 4088 2697 4159 reddita
2746 4088 3080 4167 sanitate,

529 4175 874 4243 subvenit.
929 4174 1162 4245 Puella
1211 4176 1550 4262 quaedam
1602 4176 1831 4246 officio
1880 4177 2144 4246 brachii
2195 4177 2364 4247 adeo
2430 4178 2713 4266 privata,
2765 4190 2841 4247 ut
2891 4175 3088 4245 lateri

524 4262 679 4352 ejus
730 4263 1287 4354 inseparabiliter
1324 4264 1736 4348 inhaereret,
1791 4287 1950 4335 cum
1995 4267 2259 4336 meritis
2308 4278 2585 4336 sanctae
2634 4267 2908 4336 Osithae
2937 4286 3089 4355 per-

524 4351 698 4422 fecte
746 4366 985 4422 sanata
1035 4367 1253 4435 esset,
1310 4367 1547 4425 votum
1615 4354 2081 4425 continentiae
2153 4356 2624 4446 nuncupavit3
2680 4355 2797 4426 sed
2854 4367 3088 4444 postea

2276 4530 2306 4557 Ο
