3347 4999
721 327 847 390 168
1488 341 1567 387 DE
1615 341 1670 387 s.
1726 338 2069 388 rnffictsco
2118 339 2301 388 conr.
2914 321 3120 388 OCT.
3179 326 3213 389 4

628 428 1013 508 Narniensi,
1054 449 1211 497 cum
1246 425 1702 516 paralyticum
1740 425 2137 512 quemdam,
2189 424 2657 494 membrorum
2701 425 3039 494 omnium
3080 425 3210 494 de·

628 520 942 590 stitutum
978 515 1223 594 officiO,
1279 516 1477 604 signo
1518 514 1753 583 Crucis
1786 536 1824 582 a
1882 514 2106 602 capite
2158 536 2377 602 usque
2422 514 2506 582 ad
2549 513 2753 604 pedes
2782 513 2868 582 ad
2913 515 3213 583 instan-

629 609 791 676 tiam
827 607 1164 694 signasset
1208 604 1547 704 Episcopi,
1609 604 1897 691 perfecte
1937 603 2233 672 restituit
2273 603 2573 674 sanitati.
2632 608 2709 671 In
2760 603 3214 693 Episcopatu

627 695 911 765 Reatino
950 715 1117 784 puer
1155 693 1437 780 quidam
1469 694 1567 761 sic
1596 692 1915 782 turgidus
1955 715 1993 760 a
2031 705 2328 778 quatuor
2364 691 2590 772 anuis,
2630 706 2708 761 ut
2745 692 2943 761 nullo
2990 693 3211 763 modo

627 785 905 875 propria
938 805 1141 852 crura
1175 803 1452 851 cernere
1491 795 1737 870 posset,
1788 804 1828 849 a
1879 794 2090 849 matre
2124 802 2281 850 cum
2328 780 2653 868 lacrymis
2698 795 3208 870 praesentatus

625 872 873 951 eidem,
920 873 1145 941 statim
1178 925 1195 950 ,
1261 884 1334 938 ut
1378 871 1488 939 Vir
1521 883 1802 940 sanctus
1858 869 2074 956 tetigit
2129 891 2288 938 eum
2332 870 2657 938 manibus
2701 871 2949 950 sacriS‚
3007 871 3211 940 inco·

627 962 837 1031 lumis
870 975 971 1029 est
1002 962 1309 1028 effectus.
1348 957 1539 1048 Apud
1576 959 1915 1027 civitatem
1953 962 2304 1028 Ortensem
2347 980 2514 1047 puer
2548 981 2733 1027 unus
2768 960 2861 1027 ita
2896 960 3212 1050 conglo-

628 1066 933 1121 meratus
964 1104 978 1129 ,
1043 1063 1118 1117 ut
1156 1060 1364 1136 caput
1406 1047 1700 1137 pedibus
1751 1060 2046 1137 portaret
2093 1047 2528 1136 applicitum,
2586 1061 2649 1116 et
2696 1047 2993 1117 haberet
3047 1072 3212 1118 ossa

628 1139 969 1209 nonnulla
1001 1137 1371 1216 confracta,
1413 1137 1611 1225 signo
1646 1137 1883 1206 Crucis
1914 1135 1995 1205 ad
2033 1150 2393 1225 parentum
2421 1135 2913 1236 lacrymabiles
2957 1159 3212 1225 preces

628 1230 715 1298 ab
770 1228 1005 1296 eodem
1058 1239 1421 1315 suscepto,
1471 1225 1699 1293 subito
1751 1237 2070 1294 extensus
2127 1224 2394 1304 extitit,
2448 1238 2513 1294 et
2570 1224 2754 1294 illico
2816 1225 3204 1298 liberatus.

631 1318 874 1387 Mulier
931 1316 1267 1403 quaedam
1325 1315 1619 1383 civitatis
1680 1313 1971 1403 Eugubii
2007 1369 2021 1394 ,
2086 1315 2329 1383 ambas
2389 1327 2774 1384 contractas
2822 1327 2892 1383 et
2956 1316 3210 1385 aridas

629 1407 893 1476 habens
922 1427 1193 1483 manuS,
1233 1404 1401 1473 adeo
1444 1417 1517 1472 ut
1549 1401 1717 1471 nihil
1761 1425 1876 1491 per
1910 1402 2064 1471 illas
2097 1402 2366 1492 operari
2399 1402 2669 1481 valeret,
2709 1403 2914 1493 signo
2957 1406 3212 1474 Crucis

630 1495 715 1564 ab
771 1495 1006 1563 eodem
1071 1494 1136 1562 in
1201 1493 1479 1561 nomine
1540 1492 1808 1560 Domini
1849 1492 1979 1560 sibi
2032 1490 2231 1572 sact0,
2288 1506 2421 1560 tam
2470 1491 2832 1581 perfectam
2880 1493 3210 1564 obtinuit

632 1585 1074 1672 sospitatem,
1129 1581 1309 1668 quod
1368 1581 1594 1649 statim
1654 1579 1926 1649 rediens
1974 1580 2285 1661 domum,
2344 1581 2536 1650 cibos
2577 1581 2645 1649 in
2705 1582 3203 1652 ministerium

629 1673 778 1761 ejus
810 1685 873 1740 et
910 1692 1315 1762 pauperum,
1356 1669 1550 1756 quasi
1604 1668 1814 1738 altera
1851 1692 2089 1738 socrus
2132 1670 2454 1750 Simonis,
2506 1669 2802 1759 propriis
2856 1672 3210 1741 manibus

632 1775 1092 1852 praepararet.
1127 1765 1291 1828 Cum
1331 1759 1439 1826 his
1472 1772 1536 1827 et
1574 1757 1731 1826 aliis
1760 1758 1995 1828 multis
2033 1759 2524 1827 miraculorum
2565 1758 2904 1847 prodigiis
2939 1765 3211 1830 Praeco

631 1851 874 1920 Christi
917 1848 1322 1938 praedicans
1355 1859 1768 1927 coruscaret,
1822 1846 2299 1916 attendebatur
2332 1847 2442 1914 his
2472 1901 2487 1926 ,
2548 1868 2723 1934 quae
2771 1847 3215 1920 dicebantur

630 1940 715 2009 ab
755 1962 857 2019 e0,
896 1961 974 2006 ac
1012 1939 1065 2007 si
1102 1937 1399 2025 Angelus
1441 1937 1709 2005 Domini
1748 1935 2158 2021 loqueretur.
2207 1934 2556 2004 Excellens
2589 1956 2889 2021 namque
2928 1939 3009 2005 in
3062 1939 3211 2028 ipso

633 2028 1102 2117 praerogativa
1140 2027 1493 2105 virtutum,
1532 2025 1926 2114 prophetiae
1967 2025 2274 2113 spirituS,
2313 2024 2618 2093 efficacia
2652 2025 3205 2109 miraculorum,

630 2116 989 2190 oraculum
1028 2115 1111 2183 de
1148 2113 1607 2202 praedicando
1642 2113 1930 2182 coelitus
1970 2114 2233 2194 datum,
2280 2113 2668 2183 obedientia
2703 2128 3209 2186 creaturarum

631 2207 893 2275 ratione
941 2205 1366 2282 carentium,
1422 2204 1788 2271 vehemens
1856 2203 2244 2271 immutatio
2305 2201 2618 2271 cordium
2675 2202 2759 2271 ad
2812 2205 3208 2274 verborum

632 2295 653 2363 i
710 2295 855 2362 sius
889 2293 1230 2370 auditum,
1275 2291 1572 2361 eruditio
1620 2292 1774 2379 ejus
1813 2313 1851 2359 a
1894 2292 2152 2381 Spiritu
2189 2297 2433 2360 Sancto
2481 2304 2743 2378 praeter
2793 2292 3205 2362 humanam

681 2383 1013 2452 octrinam
1056 2436 1071 2462 ,
1135 2381 1576 2470 praedicandi
1638 2381 2010 2450 auctoritas
2057 2403 2092 2448 a
2146 2401 2419 2449 summo
2476 2380 2801 2449 Pontifice
2851 2403 3002 2450 non
3057 2385 3208 2453 sine

632 2471 1041 2540 revelatione
1090 2492 1459 2552 concessa3
1514 2470 1800 2560 insuper
1845 2484 1910 2538 et
1959 2468 2241 2559 Regula,
2298 2469 2367 2538 in
2432 2490 2567 2556 qua
2629 2469 2849 2539 forma
2918 2472 3209 2561 praedi-

633 2561 834 2629 candi
888 2560 1318 2647 exprimitur,
1373 2559 1459 2628 ab
1507 2559 1744 2627 eodem
1799 2559 2039 2628 Christi
2097 2559 2359 2627 Vicario
2408 2559 2863 2628 confirmata:
2926 2562 3206 2630 summi

631 2672 905 2738 quoque
937 2650 1141 2739 Regis
1192 2646 1548 2738 signacula
1583 2670 1705 2737 per
1752 2648 2031 2715 modum
2071 2647 2124 2716 si
2186 2647 2282 2716 illi
2332 2648 2600 2736 corpori
2649 2649 2800 2737 ejus
2841 2648 3208 2738 impressa

631 2752 981 2825 tamquam
1054 2738 1438 2807 testimonia
1490 2736 1764 2815 decem,
1820 2737 1936 2804 toti
1988 2757 2145 2804 secu
2181 2758 2219 2804 o
2271 2735 2737 2805 indubitanter
2785 2736 3201 2817 affirmant,

632 2828 877 2898 Christi
926 2848 1329 2915 praeconem
1384 2826 1850 2904 Franciscum,
1895 2840 1960 2893 et
1990 2824 2454 2907 venerandum
2490 2824 2737 2903 officiO,
2770 2840 2834 2894 et
2868 2826 3203 2898 doctrina

632 2917 1104 2986 authenticum
1143 2928 1207 2985 et
1240 2913 1718 2983 admirabilem
1758 2914 2137 2993 sanctitate,
2174 2936 2252 2981 ac
2289 2935 2406 3002 per
2448 2914 2598 2999 hoc,
2637 2926 3004 3002 tamquam
3049 2938 3205 2986 vere

636 3007 741 3074 Dei
786 3006 1145 3084 nuncium,
1204 3004 1449 3074 Christi
1501 3002 1945 3092 Evangelium
1992 3002 2445 3093 praedicasse.

1473 3203 1560 3267 De
1604 3199 2049 3288 Stz'yrnatibus
2095 3199 2330 3266 sacris,

722 3368 758 3441 ἓ
805 3362 968 3430 So.
1025 3364 1163 3427 Mos
1230 3372 1373 3428 erat
1437 3358 1751 3447 angelico
1810 3359 1953 3428 viro
2005 3358 2415 3438 Francisco,
2477 3379 2837 3445 nunquam
2889 3361 3106 3431 otiari
3159 3386 3198 3431 a

629 3450 845 3518 bono:
901 3448 1068 3535 quin
1124 3447 1349 3535 potius
1385 3447 1602 3516 instar
1648 3469 2108 3537 supernorum
2164 3447 2535 3533 spirituum
2589 3448 2657 3516 in
2708 3447 2891 3517 scala
2944 3450 3195 3531 Jacob,

629 3551 748 3608 aut
812 3536 1225 3605 ascendebat
1299 3536 1363 3603 in
1443 3542 1647 3605 Deum
1685 3591 1699 3616 ,
1754 3550 1872 3605 aut
1933 3535 2393 3605 descendebat
2441 3535 2523 3604 ad
2582 3537 2955 3626 proximos.
3017 3545 3197 3609 Nam

626 3640 900 3715 tempus
950 3625 1080 3695 sibi
1130 3645 1537 3693 concessum
1578 3624 1680 3697 ‚ad
1739 3625 2084 3705 meritum,
2139 3624 2445 3693 dividere
2497 3625 2594 3695 sic
2647 3625 3034 3712 prudenter
3084 3629 3196 3698 di-

628 3716 907 3789 dicerat,
964 3726 1038 3782 ut
1087 3712 1273 3782 aliud
1333 3714 1799 3801 proximorum
1842 3713 2054 3783 lucris
2105 3711 2465 3782 laboriosis
2501 3713 2954 3803 impenderet,
2987 3717 3196 3787 aliud

627 3802 1232 3892 contemplationis
1286 3801 1678 3887 tranquillis
1733 3801 2129 3871 excessibus
2183 3801 2555 3871 dedicaret.
2626 3804 2815 3872 Unde
2861 3825 3029 3874 cum
3087 3829 3204 3875 se-

625 3892 933 3963 cundum
986 3891 1395 3981 exigentiam
1461 3890 1768 3960 locorum
1822 3905 1886 3960 et
1939 3905 2372 3980 temporum,
2427 3891 2693 3960 alienae
2753 3892 3202 3964 condescen-

623 3983 835 4051 disset
886 3980 1361 4068 procurandae
1408 3980 1641 4060 saluti,
1707 3980 2322 4067 inquietationibus
2371 3979 2715 4050 derelictis
2773 3982 3187 4064 turbarum,

626 4066 1025 4141 solitudinis
1058 4083 1311 4141 secreta
1350 4070 1640 4170 petebat,
1677 4068 2047 4156 locumque
2077 4068 2367 4157 quietis:
2405 4091 2542 4157 quo
2577 4069 2863 4138 liberius
2900 4076 3038 4140 Deo
3076 4096 3202 4143 va-

624 4181 817 4239 canS,
856 4172 1253 4247 extergeret,
1310 4181 1364 4228 s1
1399 4157 1565 4245 quid
1607 4156 1914 4247 pulveris
1954 4158 2086 4226 sibi
2138 4158 2205 4227 in
2243 4159 2757 4228 conversatione
2806 4159 3195 4230 hominum

623 4249 1069 4318 adhaesisset.
1132 4247 1413 4316 Biennio
1473 4247 1728 4334 itaque,
1783 4261 2149 4334 antequam
2205 4248 2525 4335 spiritum
2597 4246 2911 4317 redderet
2951 4250 3192 4331 coelO‚

624 4338 857 4406 divina
910 4337 1339 4427 providentia
1387 4337 1586 4417 duce,
1648 4349 1799 4426 post
1835 4336 2104 4405 labores
2157 4336 2604 4407 multimodos
2693 4336 3031 4408 erductus
3085 4353 3206 4410 est

626 4427 694 4495 in
760 4426 987 4497 locum
1052 4426 1394 4495 excelsum
1448 4446 1788 4507 seorsum,
1854 4426 1972 4512 qui
2043 4425 2300 4495 dicitur
2352 4447 2547 4495 mons
2595 4432 2640 4494 A
2678 4447 2950 4495 vernae.
3007 4432 3198 4498 Cum
