<?xml version="1.0" encoding="UTF-8"?>
<!DOCTYPE html PUBLIC "-//W3C//DTD XHTML 1.0 Transitional//EN"
    "http://www.w3.org/TR/xhtml1/DTD/xhtml1-transitional.dtd">
<html xmlns="http://www.w3.org/1999/xhtml" xml:lang="en" lang="en">
 <head>
  <title>
</title>
<meta http-equiv="Content-Type" content="text/html;charset=utf-8" />
  <meta name='ocr-system' content='tesseract 3.04.00' />
  <meta name='ocr-capabilities' content='ocr_page ocr_carea ocr_par ocr_line ocrx_word'/>
</head>
<body>
  <div class='ocr_page' id='page_1' title='image "./historiaeseuvit03lippgoog_0272.png"; bbox 0 0 3347 4999; ppageno 0'>
   <div class='ocr_carea' id='block_1_1' title="bbox 683 332 3155 405">
    <p class='ocr_par' dir='ltr' id='par_1_1' title="bbox 683 332 3155 405">
     <span class='ocr_line' id='line_1_1' title="bbox 683 332 3155 405; baseline -0.001 -2"><span class='ocrx_word' id='word_1_1' title='bbox 683 339 813 405; x_wconf 72' lang='lat'><strong>242</strong></span> <span class='ocrx_word' id='word_1_2' title='bbox 1325 355 1404 400; x_wconf 71' lang='lat' dir='ltr'><strong>ns</strong></span> <span class='ocrx_word' id='word_1_3' title='bbox 1452 353 1543 402; x_wconf 88' lang='lat' dir='ltr'><strong>ss.</strong></span> <span class='ocrx_word' id='word_1_4' title='bbox 1600 349 1823 400; x_wconf 67' lang='lat' dir='ltr'><strong>sunem</strong></span> <span class='ocrx_word' id='word_1_5' title='bbox 1870 352 1947 399; x_wconf 70' lang='lat' dir='ltr'><strong>nr</strong></span> <span class='ocrx_word' id='word_1_6' title='bbox 1994 350 2236 398; x_wconf 64' lang='lat' dir='ltr'><strong>necno</strong></span> <span class='ocrx_word' id='word_1_7' title='bbox 2283 352 2398 398; x_wconf 74' lang='grc' dir='ltr'><strong>ιι.</strong></span> <span class='ocrx_word' id='word_1_8' title='bbox 2874 332 3049 398; x_wconf 87' lang='lat' dir='ltr'><strong>OCT.</strong></span> <span class='ocrx_word' id='word_1_9' title='bbox 3105 335 3155 400; x_wconf 85' lang='lat'><strong>7</strong></span> 
     </span>
    </p>
   </div>
   <div class='ocr_carea' id='block_1_2' title="bbox 584 434 3158 4517">
    <p class='ocr_par' dir='ltr' id='par_1_2' title="bbox 586 434 3158 2303">
     <span class='ocr_line' id='line_1_2' title="bbox 591 434 3158 518; baseline -0.003 -7"><span class='ocrx_word' id='word_1_10' title='bbox 591 464 752 512; x_wconf 89' lang='lat' dir='ltr'><strong>cum</strong></span> <span class='ocrx_word' id='word_1_11' title='bbox 803 439 1049 509; x_wconf 88' lang='lat' dir='ltr'><strong>oculis.</strong></span> <span class='ocrx_word' id='word_1_12' title='bbox 1108 437 1384 518; x_wconf 81' lang='lat' dir='ltr'>Deinde,</span> <span class='ocrx_word' id='word_1_13' title='bbox 1438 459 1600 506; x_wconf 90' lang='lat' dir='ltr'><strong>cum</strong></span> <span class='ocrx_word' id='word_1_14' title='bbox 1650 437 1712 505; x_wconf 90' lang='lat' dir='ltr'><strong>ei</strong></span> <span class='ocrx_word' id='word_1_15' title='bbox 1765 448 2145 506; x_wconf 80' lang='lat' dir='ltr'><strong>revocasset</strong></span> <span class='ocrx_word' id='word_1_16' title='bbox 2179 436 2245 503; x_wconf 92' lang='lat' dir='ltr'><strong>in</strong></span> <span class='ocrx_word' id='word_1_17' title='bbox 2284 434 2689 504; x_wconf 85' lang='lat' dir='ltr'><strong>memoriam</strong></span> <span class='ocrx_word' id='word_1_18' title='bbox 2720 457 2915 504; x_wconf 90' lang='lat' dir='ltr'><strong>suam</strong></span> <span class='ocrx_word' id='word_1_19' title='bbox 2953 457 3158 504; x_wconf 91' lang='lat' dir='ltr'><strong>com-</strong></span> 
     </span>
     <span class='ocr_line' id='line_1_3' title="bbox 594 523 3158 612; baseline -0.003 -12"><span class='ocrx_word' id='word_1_20' title='bbox 594 529 1133 607; x_wconf 79' lang='lat' dir='ltr'><strong>miserationem,</strong></span> <span class='ocrx_word' id='word_1_21' title='bbox 1187 526 1270 596; x_wconf 94' lang='lat' dir='ltr'><strong>ad</strong></span> <span class='ocrx_word' id='word_1_22' title='bbox 1324 548 1562 595; x_wconf 91' lang='lat' dir='ltr'><strong>eorum</strong></span> <span class='ocrx_word' id='word_1_23' title='bbox 1607 547 1908 612; x_wconf 89' lang='lat' dir='ltr'><strong>quoque,</strong></span> <span class='ocrx_word' id='word_1_24' title='bbox 2002 525 2076 592; x_wconf 93' lang='lat' dir='ltr'><strong>ui</strong></span> <span class='ocrx_word' id='word_1_25' title='bbox 2125 523 2323 593; x_wconf 88' lang='lat' dir='ltr'><strong>illum</strong></span> <span class='ocrx_word' id='word_1_26' title='bbox 2377 524 2805 602; x_wconf 87' lang='lat' dir='ltr'><strong>occidebant,</strong></span> <span class='ocrx_word' id='word_1_27' title='bbox 2861 525 3158 593; x_wconf 84' lang='lat' dir='ltr'><strong>vocabat</strong></span> 
     </span>
     <span class='ocr_line' id='line_1_4' title="bbox 590 611 3144 697; baseline -0.003 -8"><span class='ocrx_word' id='word_1_28' title='bbox 590 616 1167 697; x_wconf 87' lang='lat' dir='ltr'><strong>misericordiam,</strong></span> <span class='ocrx_word' id='word_1_29' title='bbox 1221 615 1503 685; x_wconf 88' lang='lat' dir='ltr'><strong>dicens:</strong></span> <span class='ocrx_word' id='word_1_30' title='bbox 1545 615 1738 697; x_wconf 84' lang='lat' dir='ltr'><strong>«Qui</strong></span> <span class='ocrx_word' id='word_1_31' title='bbox 1788 614 1932 684; x_wconf 90' lang='lat' dir='ltr'><strong>sola</strong></span> <span class='ocrx_word' id='word_1_32' title='bbox 2020 614 2276 682; x_wconf 90' lang='lat' dir='ltr'><strong>onitate</strong></span> <span class='ocrx_word' id='word_1_33' title='bbox 2336 614 2570 681; x_wconf 89' lang='lat' dir='ltr'><strong>omnia</strong></span> <span class='ocrx_word' id='word_1_34' title='bbox 2618 635 2691 682; x_wconf 81' lang='lat' dir='ltr'><strong>es</strong></span> <span class='ocrx_word' id='word_1_35' title='bbox 2732 611 3144 692; x_wconf 81' lang='lat' dir='ltr'><strong>fabricatuS,</strong></span> 
     </span>
     <span class='ocr_line' id='line_1_5' title="bbox 591 701 3150 796; baseline -0.002 -20"><span class='ocrx_word' id='word_1_36' title='bbox 591 708 713 796; x_wconf 92' lang='lat' dir='ltr'><strong>qui</strong></span> <span class='ocrx_word' id='word_1_37' title='bbox 808 727 983 775; x_wconf 90' lang='lat' dir='ltr'><strong>enus</strong></span> <span class='ocrx_word' id='word_1_38' title='bbox 1024 705 1413 773; x_wconf 89' lang='lat' dir='ltr'><strong>humanum</strong></span> <span class='ocrx_word' id='word_1_39' title='bbox 1457 703 1539 772; x_wconf 90' lang='lat' dir='ltr'><strong>ad</strong></span> <span class='ocrx_word' id='word_1_40' title='bbox 1597 717 1784 772; x_wconf 89' lang='lat' dir='ltr'><strong>tuam</strong></span> <span class='ocrx_word' id='word_1_41' title='bbox 1836 702 2210 790; x_wconf 83' lang='lat' dir='ltr'><strong>imaginem</strong></span> <span class='ocrx_word' id='word_1_42' title='bbox 2265 701 2615 781; x_wconf 79' lang='lat' dir='ltr'><strong>effinxisti,</strong></span> <span class='ocrx_word' id='word_1_43' title='bbox 2653 715 2719 771; x_wconf 91' lang='lat' dir='ltr'><strong>et</strong></span> <span class='ocrx_word' id='word_1_44' title='bbox 2757 701 3150 790; x_wconf 83' lang='lat' dir='ltr'><strong>praefecisti</strong></span> 
     </span>
     <span class='ocr_line' id='line_1_6' title="bbox 591 791 3146 881; baseline -0.002 -16"><span class='ocrx_word' id='word_1_45' title='bbox 591 797 780 866; x_wconf 90' lang='lat' dir='ltr'><strong>omni</strong></span> <span class='ocrx_word' id='word_1_46' title='bbox 837 815 960 875; x_wconf 89' lang='lat' dir='ltr'><strong>us;</strong></span> <span class='ocrx_word' id='word_1_47' title='bbox 1004 794 1124 881; x_wconf 92' lang='lat' dir='ltr'><strong>qui</strong></span> <span class='ocrx_word' id='word_1_48' title='bbox 1172 793 1375 863; x_wconf 90' lang='lat' dir='ltr'><strong>etiam</strong></span> <span class='ocrx_word' id='word_1_49' title='bbox 1406 847 1421 874; x_wconf 98' lang='lat'><strong>,</strong></span> <span class='ocrx_word' id='word_1_50' title='bbox 1474 814 1634 861; x_wconf 91' lang='lat' dir='ltr'><strong>cum</strong></span> <span class='ocrx_word' id='word_1_51' title='bbox 1698 804 1895 860; x_wconf 91' lang='lat' dir='ltr'><strong>tuum</strong></span> <span class='ocrx_word' id='word_1_52' title='bbox 1940 791 2347 880; x_wconf 80' lang='lat' dir='ltr'><strong>transgressi</strong></span> <span class='ocrx_word' id='word_1_53' title='bbox 2391 806 2618 860; x_wconf 88' lang='lat' dir='ltr'><strong>essent</strong></span> <span class='ocrx_word' id='word_1_54' title='bbox 2669 804 3146 881; x_wconf 90' lang='lat' dir='ltr'><strong>praeceptum,</strong></span> 
     </span>
     <span class='ocr_line' id='line_1_7' title="bbox 590 878 3152 969; baseline -0.003 -14"><span class='ocrx_word' id='word_1_55' title='bbox 590 897 655 955; x_wconf 92' lang='lat' dir='ltr'><strong>et</strong></span> <span class='ocrx_word' id='word_1_56' title='bbox 706 899 765 954; x_wconf 92' lang='lat' dir='ltr'><strong>te</strong></span> <span class='ocrx_word' id='word_1_57' title='bbox 817 883 1182 954; x_wconf 90' lang='lat' dir='ltr'><strong>Dominum</strong></span> <span class='ocrx_word' id='word_1_58' title='bbox 1234 880 1858 969; x_wconf 86' lang='lat' dir='ltr'><strong>contempsissent,</strong></span> <span class='ocrx_word' id='word_1_59' title='bbox 1912 892 1977 949; x_wconf 89' lang='lat' dir='ltr'><strong>et</strong></span> <span class='ocrx_word' id='word_1_60' title='bbox 2040 880 2108 948; x_wconf 92' lang='lat' dir='ltr'><strong>in</strong></span> <span class='ocrx_word' id='word_1_61' title='bbox 2163 878 2662 948; x_wconf 87' lang='lat' dir='ltr'><strong>Benefactorem</strong></span> <span class='ocrx_word' id='word_1_62' title='bbox 2720 880 2784 947; x_wconf 92' lang='lat' dir='ltr'><strong>in</strong></span> <span class='ocrx_word' id='word_1_63' title='bbox 2846 881 2966 948; x_wconf 90' lang='lat' dir='ltr'><strong>rati</strong></span> <span class='ocrx_word' id='word_1_64' title='bbox 3021 902 3152 968; x_wconf 81' lang='lat' dir='ltr'><strong>ap·</strong></span> 
     </span>
     <span class='ocr_line' id='line_1_8' title="bbox 590 969 3138 1065; baseline -0.003 -22"><span class='ocrx_word' id='word_1_65' title='bbox 590 974 1009 1065; x_wconf 89' lang='lat' dir='ltr'><strong>paruissent,</strong></span> <span class='ocrx_word' id='word_1_66' title='bbox 1062 993 1178 1040; x_wconf 80' lang='lat' dir='ltr'><strong>eos</strong></span> <span class='ocrx_word' id='word_1_67' title='bbox 1228 992 1361 1040; x_wconf 90' lang='lat' dir='ltr'><strong>uon</strong></span> <span class='ocrx_word' id='word_1_68' title='bbox 1419 969 1769 1058; x_wconf 86' lang='lat' dir='ltr'><strong>repulisti,</strong></span> <span class='ocrx_word' id='word_1_69' title='bbox 1813 969 2026 1040; x_wconf 90' lang='lat' dir='ltr'><strong>immo</strong></span> <span class='ocrx_word' id='word_1_70' title='bbox 2063 981 2339 1057; x_wconf 74' lang='lat' dir='ltr'><strong>propter</strong></span> <span class='ocrx_word' id='word_1_71' title='bbox 2380 990 2505 1037; x_wconf 92' lang='lat' dir='ltr'><strong>nos</strong></span> <span class='ocrx_word' id='word_1_72' title='bbox 2546 969 2750 1038; x_wconf 88' lang='lat' dir='ltr'><strong>homo</strong></span> <span class='ocrx_word' id='word_1_73' title='bbox 2811 982 3003 1038; x_wconf 87' lang='lat' dir='ltr'><strong>actus</strong></span> <span class='ocrx_word' id='word_1_74' title='bbox 3036 990 3138 1048; x_wconf 89' lang='lat' dir='ltr'><strong>es,</strong></span> 
     </span>
     <span class='ocr_line' id='line_1_9' title="bbox 589 1057 3148 1147; baseline -0.003 -14"><span class='ocrx_word' id='word_1_75' title='bbox 589 1077 653 1133; x_wconf 91' lang='lat' dir='ltr'><strong>et</strong></span> <span class='ocrx_word' id='word_1_76' title='bbox 702 1063 879 1132; x_wconf 91' lang='lat' dir='ltr'><strong>servi</strong></span> <span class='ocrx_word' id='word_1_77' title='bbox 927 1062 1218 1130; x_wconf 88' lang='lat' dir='ltr'><strong>formam</strong></span> <span class='ocrx_word' id='word_1_78' title='bbox 1269 1058 1618 1147; x_wconf 90' lang='lat' dir='ltr'><strong>accepisti,</strong></span> <span class='ocrx_word' id='word_1_79' title='bbox 1673 1072 1738 1126; x_wconf 92' lang='lat' dir='ltr'><strong>et</strong></span> <span class='ocrx_word' id='word_1_80' title='bbox 1771 1058 2006 1127; x_wconf 89' lang='lat' dir='ltr'><strong>omnia</strong></span> <span class='ocrx_word' id='word_1_81' title='bbox 2043 1057 2425 1127; x_wconf 84' lang='lat' dir='ltr'><strong>voluntarie</strong></span> <span class='ocrx_word' id='word_1_82' title='bbox 2460 1057 2884 1134; x_wconf 86' lang='lat' dir='ltr'><strong>sustinuisti,</strong></span> <span class='ocrx_word' id='word_1_83' title='bbox 2922 1070 2987 1125; x_wconf 90' lang='lat' dir='ltr'><strong>et</strong></span> <span class='ocrx_word' id='word_1_84' title='bbox 3013 1079 3148 1126; x_wconf 87' lang='lat' dir='ltr'><strong>nec</strong></span> 
     </span>
     <span class='ocr_line' id='line_1_10' title="bbox 593 1146 3147 1237; baseline -0.002 -18"><span class='ocrx_word' id='word_1_85' title='bbox 593 1166 881 1220; x_wconf 90' lang='lat' dir='ltr'><strong>mortem</strong></span> <span class='ocrx_word' id='word_1_86' title='bbox 933 1148 1213 1237; x_wconf 89' lang='lat' dir='ltr'><strong>quidem</strong></span> <span class='ocrx_word' id='word_1_87' title='bbox 1270 1162 1612 1236; x_wconf 91' lang='lat' dir='ltr'><strong>postremo</strong></span> <span class='ocrx_word' id='word_1_88' title='bbox 1662 1147 2042 1226; x_wconf 88' lang='lat' dir='ltr'><strong>recusasti,</strong></span> <span class='ocrx_word' id='word_1_89' title='bbox 2100 1146 2246 1234; x_wconf 91' lang='lat' dir='ltr'><strong>ipse</strong></span> <span class='ocrx_word' id='word_1_90' title='bbox 2293 1167 2568 1233; x_wconf 89' lang='lat' dir='ltr'><strong>quoque</strong></span> <span class='ocrx_word' id='word_1_91' title='bbox 2617 1168 2808 1214; x_wconf 88' lang='lat' dir='ltr'><strong>nunc</strong></span> <span class='ocrx_word' id='word_1_92' title='bbox 2862 1146 3147 1234; x_wconf 84' lang='lat' dir='ltr'><strong>ignosce</strong></span> 
     </span>
     <span class='ocr_line' id='line_1_11' title="bbox 591 1233 3152 1327; baseline -0.003 -18"><span class='ocrx_word' id='word_1_93' title='bbox 591 1241 679 1309; x_wconf 90' lang='lat' dir='ltr'><strong>iis</strong></span> <span class='ocrx_word' id='word_1_94' title='bbox 727 1240 848 1327; x_wconf 92' lang='lat' dir='ltr'><strong>qui</strong></span> <span class='ocrx_word' id='word_1_95' title='bbox 895 1239 964 1307; x_wconf 92' lang='lat' dir='ltr'><strong>in</strong></span> <span class='ocrx_word' id='word_1_96' title='bbox 1019 1259 1143 1307; x_wconf 92' lang='lat' dir='ltr'><strong>nos</strong></span> <span class='ocrx_word' id='word_1_97' title='bbox 1197 1246 1692 1326; x_wconf 85' lang='lat' dir='ltr'><strong>peccaverunt:</strong></span> <span class='ocrx_word' id='word_1_98' title='bbox 1752 1248 1816 1303; x_wconf 91' lang='lat' dir='ltr'><strong>et</strong></span> <span class='ocrx_word' id='word_1_99' title='bbox 1867 1236 1993 1303; x_wconf 85' lang='lat' dir='ltr'><strong>hac</strong></span> <span class='ocrx_word' id='word_1_100' title='bbox 2053 1257 2287 1305; x_wconf 88' lang='lat' dir='ltr'><strong>crassa</strong></span> <span class='ocrx_word' id='word_1_101' title='bbox 2353 1236 2539 1305; x_wconf 92' lang='lat' dir='ltr'><strong>nube</strong></span> <span class='ocrx_word' id='word_1_102' title='bbox 2603 1235 2975 1324; x_wconf 89' lang='lat' dir='ltr'><strong>impietatis</strong></span> <span class='ocrx_word' id='word_1_103' title='bbox 3036 1233 3152 1302; x_wconf 90' lang='lat' dir='ltr'><strong>di-</strong></span> 
     </span>
     <span class='ocr_line' id='line_1_12' title="bbox 592 1322 3147 1415; baseline -0.003 -17"><span class='ocrx_word' id='word_1_104' title='bbox 592 1350 856 1408; x_wconf 89' lang='lat' dir='ltr'><strong>scussa,</strong></span> <span class='ocrx_word' id='word_1_105' title='bbox 908 1340 977 1396; x_wconf 91' lang='lat' dir='ltr'><strong>et</strong></span> <span class='ocrx_word' id='word_1_106' title='bbox 1023 1349 1063 1394; x_wconf 88' lang='lat' dir='ltr'><strong>a</strong></span> <span class='ocrx_word' id='word_1_107' title='bbox 1105 1325 1469 1415; x_wconf 81' lang='lat' dir='ltr'><strong>tyrannide</strong></span> <span class='ocrx_word' id='word_1_108' title='bbox 1505 1324 1770 1392; x_wconf 87' lang='lat' dir='ltr'><strong>inimici</strong></span> <span class='ocrx_word' id='word_1_109' title='bbox 1815 1323 2129 1395; x_wconf 89' lang='lat' dir='ltr'><strong>liberatis</strong></span> <span class='ocrx_word' id='word_1_110' title='bbox 2180 1324 2478 1404; x_wconf 89' lang='lat' dir='ltr'><strong>miseris,</strong></span> <span class='ocrx_word' id='word_1_111' title='bbox 2518 1322 2841 1392; x_wconf 86' lang='lat' dir='ltr'><strong>illucesce</strong></span> <span class='ocrx_word' id='word_1_112' title='bbox 2889 1325 2988 1393; x_wconf 91' lang='lat' dir='ltr'><strong>eis</strong></span> <span class='ocrx_word' id='word_1_113' title='bbox 3035 1322 3147 1391; x_wconf 89' lang='lat' dir='ltr'><strong>di-</strong></span> 
     </span>
     <span class='ocr_line' id='line_1_13' title="bbox 591 1411 3144 1505; baseline -0.002 -21"><span class='ocrx_word' id='word_1_114' title='bbox 591 1418 749 1486; x_wconf 87' lang='lat' dir='ltr'><strong>vina</strong></span> <span class='ocrx_word' id='word_1_115' title='bbox 801 1416 951 1486; x_wconf 91' lang='lat' dir='ltr'><strong>luce</strong></span> <span class='ocrx_word' id='word_1_116' title='bbox 1002 1429 1157 1484; x_wconf 91' lang='lat' dir='ltr'><strong>tuae</strong></span> <span class='ocrx_word' id='word_1_117' title='bbox 1206 1414 1488 1505; x_wconf 90' lang='lat' dir='ltr'><strong>gratiae,</strong></span> <span class='ocrx_word' id='word_1_118' title='bbox 1542 1425 1607 1482; x_wconf 89' lang='lat' dir='ltr'><strong>et</strong></span> <span class='ocrx_word' id='word_1_119' title='bbox 1654 1434 1894 1481; x_wconf 90' lang='lat' dir='ltr'><strong>revoca</strong></span> <span class='ocrx_word' id='word_1_120' title='bbox 1941 1433 2057 1482; x_wconf 91' lang='lat' dir='ltr'><strong>eos</strong></span> <span class='ocrx_word' id='word_1_121' title='bbox 2105 1427 2415 1483; x_wconf 89' lang='lat' dir='ltr'><strong>errantes</strong></span> <span class='ocrx_word' id='word_1_122' title='bbox 2451 1434 2706 1502; x_wconf 87' lang='lat' dir='ltr'><strong>magno</strong></span> <span class='ocrx_word' id='word_1_123' title='bbox 2758 1427 2872 1481; x_wconf 91' lang='lat' dir='ltr'><strong>tuo</strong></span> <span class='ocrx_word' id='word_1_124' title='bbox 2918 1425 2983 1481; x_wconf 91' lang='lat' dir='ltr'><strong>et</strong></span> <span class='ocrx_word' id='word_1_125' title='bbox 3014 1411 3144 1480; x_wconf 88' lang='lat' dir='ltr'><strong>ad-</strong></span> 
     </span>
     <span class='ocr_line' id='line_1_14' title="bbox 593 1502 3148 1589; baseline -0.003 -13"><span class='ocrx_word' id='word_1_126' title='bbox 593 1505 895 1576; x_wconf 90' lang='lat' dir='ltr'><strong>mirabili</strong></span> <span class='ocrx_word' id='word_1_127' title='bbox 947 1504 1226 1573; x_wconf 90' lang='lat' dir='ltr'><strong>nomine</strong></span> <span class='ocrx_word' id='word_1_128' title='bbox 1273 1518 1337 1573; x_wconf 91' lang='lat' dir='ltr'><strong>et</strong></span> <span class='ocrx_word' id='word_1_129' title='bbox 1387 1502 1685 1572; x_wconf 90' lang='lat' dir='ltr'><strong>veritate.</strong></span> <span class='ocrx_word' id='word_1_130' title='bbox 1757 1507 1960 1570; x_wconf 90' lang='lat' dir='ltr'><strong>Porro</strong></span> <span class='ocrx_word' id='word_1_131' title='bbox 2007 1514 2236 1571; x_wconf 89' lang='lat' dir='ltr'><strong>autem</strong></span> <span class='ocrx_word' id='word_1_132' title='bbox 2300 1524 2424 1572; x_wconf 91' lang='lat' dir='ltr'><strong>nos</strong></span> <span class='ocrx_word' id='word_1_133' title='bbox 2472 1523 2794 1588; x_wconf 92' lang='lat' dir='ltr'><strong>quoque,</strong></span> <span class='ocrx_word' id='word_1_134' title='bbox 2848 1502 2964 1587; x_wconf 91' lang='lat' dir='ltr'><strong>qui</strong></span> <span class='ocrx_word' id='word_1_135' title='bbox 3015 1523 3148 1589; x_wconf 88' lang='lat' dir='ltr'><strong>pro</strong></span> 
     </span>
     <span class='ocr_line' id='line_1_15' title="bbox 592 1591 3144 1680; baseline -0.003 -16"><span class='ocrx_word' id='word_1_136' title='bbox 592 1608 700 1672; x_wconf 91' lang='lat' dir='ltr'><strong>te,</strong></span> <span class='ocrx_word' id='word_1_137' title='bbox 753 1616 793 1665; x_wconf 93' lang='lat' dir='ltr'><strong>o</strong></span> <span class='ocrx_word' id='word_1_138' title='bbox 846 1593 1128 1662; x_wconf 86' lang='lat' dir='ltr'><strong>Domine</strong></span> <span class='ocrx_word' id='word_1_139' title='bbox 1164 1646 1179 1672; x_wconf 98' lang='lat'><strong>,</strong></span> <span class='ocrx_word' id='word_1_140' title='bbox 1237 1607 1660 1671; x_wconf 81' lang='lat' dir='ltr'><strong>mactamur,</strong></span> <span class='ocrx_word' id='word_1_141' title='bbox 1733 1591 2060 1680; x_wconf 87' lang='lat' dir='ltr'><strong>ipsasque</strong></span> <span class='ocrx_word' id='word_1_142' title='bbox 2126 1591 2398 1660; x_wconf 88' lang='lat' dir='ltr'><strong>animas</strong></span> <span class='ocrx_word' id='word_1_143' title='bbox 2445 1604 2510 1660; x_wconf 91' lang='lat' dir='ltr'><strong>et</strong></span> <span class='ocrx_word' id='word_1_144' title='bbox 2569 1612 2855 1679; x_wconf 91' lang='lat' dir='ltr'><strong>corpora</strong></span> <span class='ocrx_word' id='word_1_145' title='bbox 2911 1604 3144 1658; x_wconf 84' lang='lat' dir='ltr'><strong>nostra</strong></span> 
     </span>
     <span class='ocr_line' id='line_1_16' title="bbox 590 1680 3141 1774; baseline -0.002 -22"><span class='ocrx_word' id='word_1_146' title='bbox 590 1696 832 1774; x_wconf 91' lang='lat' dir='ltr'><strong>sponte</strong></span> <span class='ocrx_word' id='word_1_147' title='bbox 881 1682 1378 1760; x_wconf 80' lang='lat' dir='ltr'><strong>sacrificamus,</strong></span> <span class='ocrx_word' id='word_1_148' title='bbox 1418 1680 1695 1768; x_wconf 88' lang='lat' dir='ltr'><strong>suscipe</strong></span> <span class='ocrx_word' id='word_1_149' title='bbox 1730 1693 2079 1765; x_wconf 86' lang='lat' dir='ltr'><strong>tamquam</strong></span> <span class='ocrx_word' id='word_1_150' title='bbox 2118 1694 2434 1768; x_wconf 90' lang='lat' dir='ltr'><strong>acceptas</strong></span> <span class='ocrx_word' id='word_1_151' title='bbox 2469 1680 2728 1748; x_wconf 82' lang='lat' dir='ltr'><strong>hostias</strong></span> <span class='ocrx_word' id='word_1_152' title='bbox 2761 1693 2826 1748; x_wconf 88' lang='lat' dir='ltr'><strong>et</strong></span> <span class='ocrx_word' id='word_1_153' title='bbox 2861 1692 3141 1769; x_wconf 86' lang='lat' dir='ltr'><strong>gratum</strong></span> 
     </span>
     <span class='ocr_line' id='line_1_17' title="bbox 588 1766 3146 1856; baseline -0.002 -15"><span class='ocrx_word' id='word_1_154' title='bbox 588 1772 1036 1852; x_wconf 84' lang='lat' dir='ltr'><strong>sacrificium,</strong></span> <span class='ocrx_word' id='word_1_155' title='bbox 1090 1783 1155 1839; x_wconf 91' lang='lat' dir='ltr'><strong>et</strong></span> <span class='ocrx_word' id='word_1_156' title='bbox 1202 1769 1283 1839; x_wconf 92' lang='lat' dir='ltr'><strong>ad</strong></span> <span class='ocrx_word' id='word_1_157' title='bbox 1339 1791 1527 1837; x_wconf 90' lang='lat' dir='ltr'><strong>aram</strong></span> <span class='ocrx_word' id='word_1_158' title='bbox 1582 1782 1795 1848; x_wconf 91' lang='lat' dir='ltr'><strong>tuam,</strong></span> <span class='ocrx_word' id='word_1_159' title='bbox 1849 1790 2026 1855; x_wconf 89' lang='lat' dir='ltr'><strong>quae</strong></span> <span class='ocrx_word' id='word_1_160' title='bbox 2071 1783 2170 1838; x_wconf 91' lang='lat' dir='ltr'><strong>est</strong></span> <span class='ocrx_word' id='word_1_161' title='bbox 2237 1790 2444 1856; x_wconf 88' lang='lat' dir='ltr'><strong>supra</strong></span> <span class='ocrx_word' id='word_1_162' title='bbox 2502 1766 2766 1847; x_wconf 90' lang='lat' dir='ltr'><strong>coelos,</strong></span> <span class='ocrx_word' id='word_1_163' title='bbox 2822 1767 3146 1836; x_wconf 88' lang='lat' dir='ltr'><strong>introduc</strong></span> 
     </span>
     <span class='ocr_line' id='line_1_18' title="bbox 588 1856 3140 1939; baseline -0.002 -10"><span class='ocrx_word' id='word_1_164' title='bbox 588 1861 938 1931; x_wconf 90' lang='lat' dir='ltr'><strong>laetantes.</strong></span> <span class='ocrx_word' id='word_1_165' title='bbox 983 1882 1018 1926; x_wconf 83' lang='lat'>»</span> <span class='ocrx_word' id='word_1_166' title='bbox 1069 1863 1248 1927; x_wconf 88' lang='lat' dir='ltr'><strong>Haec</strong></span> <span class='ocrx_word' id='word_1_167' title='bbox 1297 1856 1545 1927; x_wconf 86' lang='lat' dir='ltr'><strong>oravit:</strong></span> <span class='ocrx_word' id='word_1_168' title='bbox 1584 1871 1647 1927; x_wconf 91' lang='lat' dir='ltr'><strong>et</strong></span> <span class='ocrx_word' id='word_1_169' title='bbox 1682 1879 1839 1925; x_wconf 91' lang='lat' dir='ltr'><strong>eum</strong></span> <span class='ocrx_word' id='word_1_170' title='bbox 1893 1857 2120 1926; x_wconf 91' lang='lat' dir='ltr'><strong>statim</strong></span> <span class='ocrx_word' id='word_1_171' title='bbox 2175 1878 2299 1926; x_wconf 80' lang='lat' dir='ltr'><strong>vox</strong></span> <span class='ocrx_word' id='word_1_172' title='bbox 2343 1857 2533 1925; x_wconf 91' lang='lat' dir='ltr'><strong>illinc</strong></span> <span class='ocrx_word' id='word_1_173' title='bbox 2584 1858 2865 1926; x_wconf 89' lang='lat' dir='ltr'><strong>vocavit.</strong></span> <span class='ocrx_word' id='word_1_174' title='bbox 2917 1861 3140 1939; x_wconf 88' lang='lat' dir='ltr'><strong>Quam</strong></span> 
     </span>
     <span class='ocr_line' id='line_1_19' title="bbox 586 1944 3145 2035; baseline -0.002 -16"><span class='ocrx_word' id='word_1_175' title='bbox 586 1971 744 2019; x_wconf 91' lang='lat' dir='ltr'><strong>cum</strong></span> <span class='ocrx_word' id='word_1_176' title='bbox 798 1949 911 2017; x_wconf 93' lang='lat' dir='ltr'><strong>ille</strong></span> <span class='ocrx_word' id='word_1_177' title='bbox 961 1947 1277 2017; x_wconf 89' lang='lat' dir='ltr'><strong>lubenter</strong></span> <span class='ocrx_word' id='word_1_178' title='bbox 1322 1960 1390 2015; x_wconf 89' lang='lat' dir='ltr'><strong>et</strong></span> <span class='ocrx_word' id='word_1_179' title='bbox 1437 1968 1597 2015; x_wconf 91' lang='lat' dir='ltr'><strong>cum</strong></span> <span class='ocrx_word' id='word_1_180' title='bbox 1667 1946 2012 2034; x_wconf 91' lang='lat' dir='ltr'><strong>voluptate</strong></span> <span class='ocrx_word' id='word_1_181' title='bbox 2082 1946 2413 2015; x_wconf 82' lang='lat' dir='ltr'><strong>audiisset</strong></span> <span class='ocrx_word' id='word_1_182' title='bbox 2445 2000 2459 2024; x_wconf 92' lang='lat'><strong>,</strong></span> <span class='ocrx_word' id='word_1_183' title='bbox 2513 1944 2770 2015; x_wconf 92' lang='lat' dir='ltr'><strong>collum</strong></span> <span class='ocrx_word' id='word_1_184' title='bbox 2826 1945 3145 2035; x_wconf 90' lang='lat' dir='ltr'><strong>protinus</strong></span> 
     </span>
     <span class='ocr_line' id='line_1_20' title="bbox 589 2035 3148 2125; baseline -0.002 -18"><span class='ocrx_word' id='word_1_185' title='bbox 589 2038 907 2108; x_wconf 91' lang='lat' dir='ltr'><strong>alacriter</strong></span> <span class='ocrx_word' id='word_1_186' title='bbox 957 2036 1336 2125; x_wconf 81' lang='lat' dir='ltr'><strong>porrigenS,</strong></span> <span class='ocrx_word' id='word_1_187' title='bbox 1394 2047 1754 2104; x_wconf 89' lang='lat' dir='ltr'><strong>truncatur</strong></span> <span class='ocrx_word' id='word_1_188' title='bbox 1804 2035 2173 2124; x_wconf 85' lang='lat' dir='ltr'><strong>martyrico</strong></span> <span class='ocrx_word' id='word_1_189' title='bbox 2221 2036 2488 2123; x_wconf 88' lang='lat' dir='ltr'><strong>capite,</strong></span> <span class='ocrx_word' id='word_1_190' title='bbox 2547 2035 2837 2122; x_wconf 87' lang='lat' dir='ltr'><strong>septimo</strong></span> <span class='ocrx_word' id='word_1_191' title='bbox 2880 2035 3148 2103; x_wconf 89' lang='lat' dir='ltr'><strong>mensis</strong></span> 
     </span>
     <span class='ocr_line' id='line_1_21' title="bbox 591 2124 3143 2211; baseline -0.003 -14"><span class='ocrx_word' id='word_1_192' title='bbox 591 2126 942 2197; x_wconf 86' lang='lat' dir='ltr'><strong>Octobris:</strong></span> <span class='ocrx_word' id='word_1_193' title='bbox 986 2137 1051 2194; x_wconf 92' lang='lat' dir='ltr'><strong>et</strong></span> <span class='ocrx_word' id='word_1_194' title='bbox 1082 2126 1299 2194; x_wconf 91' lang='lat' dir='ltr'><strong>currit</strong></span> <span class='ocrx_word' id='word_1_195' title='bbox 1346 2124 1430 2194; x_wconf 91' lang='lat' dir='ltr'><strong>ad</strong></span> <span class='ocrx_word' id='word_1_196' title='bbox 1484 2137 1836 2194; x_wconf 89' lang='lat' dir='ltr'><strong>vocantem</strong></span> <span class='ocrx_word' id='word_1_197' title='bbox 1895 2126 2287 2203; x_wconf 89' lang='lat' dir='ltr'><strong>Dominum,</strong></span> <span class='ocrx_word' id='word_1_198' title='bbox 2333 2146 2371 2192; x_wconf 91' lang='lat' dir='ltr'><strong>a</strong></span> <span class='ocrx_word' id='word_1_199' title='bbox 2420 2146 2556 2211; x_wconf 95' lang='lat' dir='ltr'><strong>quo</strong></span> <span class='ocrx_word' id='word_1_200' title='bbox 2595 2144 2885 2192; x_wconf 90' lang='lat' dir='ltr'><strong>coronas</strong></span> <span class='ocrx_word' id='word_1_201' title='bbox 2919 2176 2934 2202; x_wconf 98' lang='lat'><strong>,</strong></span> <span class='ocrx_word' id='word_1_202' title='bbox 2989 2145 3143 2191; x_wconf 90' lang='lat' dir='ltr'><strong>eas-</strong></span> 
     </span>
     <span class='ocr_line' id='line_1_22' title="bbox 589 2212 3136 2303; baseline -0.002 -18"><span class='ocrx_word' id='word_1_203' title='bbox 589 2238 722 2303; x_wconf 88' lang='lat' dir='ltr'><strong>que</strong></span> <span class='ocrx_word' id='word_1_204' title='bbox 790 2212 1196 2303; x_wconf 85' lang='lat' dir='ltr'><strong>magnificas</strong></span> <span class='ocrx_word' id='word_1_205' title='bbox 1261 2227 1326 2284; x_wconf 91' lang='lat' dir='ltr'><strong>et</strong></span> <span class='ocrx_word' id='word_1_206' title='bbox 1386 2213 1774 2303; x_wconf 80' lang='lat' dir='ltr'><strong>praeclaras</strong></span> <span class='ocrx_word' id='word_1_207' title='bbox 1840 2214 2153 2303; x_wconf 89' lang='lat' dir='ltr'><strong>suscipit.</strong></span> <span class='ocrx_word' id='word_1_208' title='bbox 2210 2217 2301 2281; x_wconf 80' lang='lat' dir='ltr'><strong>Ex</strong></span> <span class='ocrx_word' id='word_1_209' title='bbox 2352 2213 2436 2282; x_wconf 91' lang='lat' dir='ltr'><strong>iis</strong></span> <span class='ocrx_word' id='word_1_210' title='bbox 2485 2224 2712 2282; x_wconf 84' lang='lat' dir='ltr'><strong>autem</strong></span> <span class='ocrx_word' id='word_1_211' title='bbox 2768 2212 3136 2292; x_wconf 92' lang='lat' dir='ltr'><strong>nonnulli,</strong></span> 
     </span>
    </p>

    <p class='ocr_par' dir='ltr' id='par_1_3' title="bbox 590 2301 3146 2660">
     <span class='ocr_line' id='line_1_23' title="bbox 641 2301 3138 2392; baseline -0.002 -19"><span class='ocrx_word' id='word_1_212' title='bbox 641 2304 715 2373; x_wconf 91' lang='lat' dir='ltr'><strong>ui</strong></span> <span class='ocrx_word' id='word_1_213' title='bbox 763 2302 848 2371; x_wconf 99' lang='lat' dir='ltr'><strong>ad</strong></span> <span class='ocrx_word' id='word_1_214' title='bbox 902 2301 1343 2392; x_wconf 85' lang='lat' dir='ltr'><strong>spectandam</strong></span> <span class='ocrx_word' id='word_1_215' title='bbox 1408 2314 1732 2370; x_wconf 88' lang='lat' dir='ltr'><strong>venerant</strong></span> <span class='ocrx_word' id='word_1_216' title='bbox 1778 2302 2442 2388; x_wconf 25' lang='lat' dir='ltr'><strong>consumma-tionem</strong></span> <span class='ocrx_word' id='word_1_217' title='bbox 2475 2356 2489 2381; x_wconf 95' lang='lat'><strong>,</strong></span> <span class='ocrx_word' id='word_1_218' title='bbox 2545 2323 2703 2371; x_wconf 76' lang='lat' dir='ltr'><strong>cunt</strong></span> <span class='ocrx_word' id='word_1_219' title='bbox 2762 2301 3138 2388; x_wconf 90' lang='lat' dir='ltr'><strong>pretiosum</strong></span> 
     </span>
     <span class='ocr_line' id='line_1_24' title="bbox 590 2389 3145 2482; baseline -0.001 -22"><span class='ocrx_word' id='word_1_220' title='bbox 590 2391 763 2460; x_wconf 93' lang='lat' dir='ltr'><strong>ilud</strong></span> <span class='ocrx_word' id='word_1_221' title='bbox 816 2413 1067 2481; x_wconf 89' lang='lat' dir='ltr'><strong>corpus</strong></span> <span class='ocrx_word' id='word_1_222' title='bbox 1114 2391 1250 2482; x_wconf 91' lang='lat' dir='ltr'><strong>piis</strong></span> <span class='ocrx_word' id='word_1_223' title='bbox 1297 2403 1362 2460; x_wconf 87' lang='lat' dir='ltr'><strong>et</strong></span> <span class='ocrx_word' id='word_1_224' title='bbox 1409 2390 1808 2482; x_wconf 89' lang='lat' dir='ltr'><strong>optantibus</strong></span> <span class='ocrx_word' id='word_1_225' title='bbox 1847 2389 2290 2460; x_wconf 86' lang='lat' dir='ltr'><strong>sustulissent</strong></span> <span class='ocrx_word' id='word_1_226' title='bbox 2330 2390 2679 2470; x_wconf 79' lang='lat' dir='ltr'><strong>manibuS,</strong></span> <span class='ocrx_word' id='word_1_227' title='bbox 2726 2403 2791 2459; x_wconf 91' lang='lat' dir='ltr'><strong>et</strong></span> <span class='ocrx_word' id='word_1_228' title='bbox 2841 2390 3145 2479; x_wconf 79' lang='lat' dir='ltr'><strong>peregis-</strong></span> 
     </span>
     <span class='ocr_line' id='line_1_25' title="bbox 591 2478 3146 2570; baseline -0.001 -20"><span class='ocrx_word' id='word_1_229' title='bbox 591 2491 744 2551; x_wconf 90' lang='lat' dir='ltr'><strong>sent</strong></span> <span class='ocrx_word' id='word_1_230' title='bbox 789 2503 867 2550; x_wconf 88' lang='lat' dir='ltr'><strong>ea</strong></span> <span class='ocrx_word' id='word_1_231' title='bbox 906 2503 1082 2568; x_wconf 93' lang='lat' dir='ltr'><strong>quae</strong></span> <span class='ocrx_word' id='word_1_232' title='bbox 1129 2481 1214 2550; x_wconf 94' lang='lat' dir='ltr'><strong>de</strong></span> <span class='ocrx_word' id='word_1_233' title='bbox 1248 2502 1434 2550; x_wconf 91' lang='lat' dir='ltr'><strong>more</strong></span> <span class='ocrx_word' id='word_1_234' title='bbox 1483 2479 1660 2550; x_wconf 87' lang='lat' dir='ltr'><strong>fiunt</strong></span> <span class='ocrx_word' id='word_1_235' title='bbox 1710 2480 1779 2549; x_wconf 93' lang='lat' dir='ltr'><strong>in</strong></span> <span class='ocrx_word' id='word_1_236' title='bbox 1842 2479 2222 2570; x_wconf 85' lang='lat' dir='ltr'><strong>sepultu‘ra,</strong></span> <span class='ocrx_word' id='word_1_237' title='bbox 2267 2479 2612 2570; x_wconf 85' lang='lat' dir='ltr'><strong>praeclare</strong></span> <span class='ocrx_word' id='word_1_238' title='bbox 2658 2491 2723 2550; x_wconf 87' lang='lat' dir='ltr'><strong>et</strong></span> <span class='ocrx_word' id='word_1_239' title='bbox 2772 2478 3146 2570; x_wconf 84' lang='lat' dir='ltr'><strong>magnifice</strong></span> 
     </span>
     <span class='ocr_line' id='line_1_26' title="bbox 592 2568 2498 2660; baseline -0.002 -20"><span class='ocrx_word' id='word_1_240' title='bbox 592 2570 1060 2660; x_wconf 90' lang='lat' dir='ltr'><strong>deposuerunt</strong></span> <span class='ocrx_word' id='word_1_241' title='bbox 1107 2569 1290 2660; x_wconf 92' lang='lat' dir='ltr'><strong>apud</strong></span> <span class='ocrx_word' id='word_1_242' title='bbox 1345 2570 1573 2660; x_wconf 90' lang='lat' dir='ltr'><strong>ipsum</strong></span> <span class='ocrx_word' id='word_1_243' title='bbox 1627 2568 1853 2638; x_wconf 92' lang='lat' dir='ltr'><strong>locum</strong></span> <span class='ocrx_word' id='word_1_244' title='bbox 1910 2569 2247 2656; x_wconf 82' lang='lat' dir='ltr'><strong>martyrii.</strong></span> <span class='ocrx_word' id='word_1_245' title='bbox 2495 2602 2498 2605; x_wconf 96' lang='lat'>·</span> 
     </span>
    </p>

    <p class='ocr_par' dir='ltr' id='par_1_4' title="bbox 584 2656 3146 4517">
     <span class='ocr_line' id='line_1_27' title="bbox 682 2656 3144 2747; baseline -0.002 -15"><span class='ocrx_word' id='word_1_246' title='bbox 682 2667 719 2741; x_wconf 69' lang='grc' dir='ltr'><strong>ἓ</strong></span> <span class='ocrx_word' id='word_1_247' title='bbox 769 2663 921 2732; x_wconf 67' lang='lat'><strong>18.</strong></span> <span class='ocrx_word' id='word_1_248' title='bbox 967 2664 1131 2728; x_wconf 86' lang='lat' dir='ltr'><strong>Cum</strong></span> <span class='ocrx_word' id='word_1_249' title='bbox 1185 2669 1412 2728; x_wconf 89' lang='lat' dir='ltr'><strong>autem</strong></span> <span class='ocrx_word' id='word_1_250' title='bbox 1465 2657 1762 2727; x_wconf 88' lang='lat' dir='ltr'><strong>multum</strong></span> <span class='ocrx_word' id='word_1_251' title='bbox 1800 2657 2294 2728; x_wconf 87' lang='lat' dir='ltr'><strong>intercessisset</strong></span> <span class='ocrx_word' id='word_1_252' title='bbox 2333 2656 2686 2747; x_wconf 90' lang='lat' dir='ltr'><strong>temporis,</strong></span> <span class='ocrx_word' id='word_1_253' title='bbox 2731 2656 3016 2743; x_wconf 91' lang='lat' dir='ltr'><strong>quidam</strong></span> <span class='ocrx_word' id='word_1_254' title='bbox 3062 2679 3144 2727; x_wconf 82' lang='lat' dir='ltr'><strong>ex</strong></span> 
     </span>
     <span class='ocr_line' id='line_1_28' title="bbox 591 2745 3138 2838; baseline -0.001 -21"><span class='ocrx_word' id='word_1_255' title='bbox 591 2748 677 2817; x_wconf 90' lang='lat' dir='ltr'><strong>iis</strong></span> <span class='ocrx_word' id='word_1_256' title='bbox 724 2749 842 2835; x_wconf 94' lang='lat' dir='ltr'><strong>qui</strong></span> <span class='ocrx_word' id='word_1_257' title='bbox 882 2761 1077 2818; x_wconf 88' lang='lat' dir='ltr'><strong>erant</strong></span> <span class='ocrx_word' id='word_1_258' title='bbox 1128 2748 1372 2838; x_wconf 89' lang='lat' dir='ltr'><strong>pietate</strong></span> <span class='ocrx_word' id='word_1_259' title='bbox 1420 2746 1882 2826; x_wconf 81' lang='lat' dir='ltr'><strong>ferventiores,</strong></span> <span class='ocrx_word' id='word_1_260' title='bbox 1938 2747 2285 2815; x_wconf 84' lang='lat' dir='ltr'><strong>venientes</strong></span> <span class='ocrx_word' id='word_1_261' title='bbox 2333 2769 2367 2814; x_wconf 91' lang='lat' dir='ltr'><strong>a</strong></span> <span class='ocrx_word' id='word_1_262' title='bbox 2420 2745 2763 2835; x_wconf 87' lang='lat' dir='ltr'><strong>praesidio</strong></span> <span class='ocrx_word' id='word_1_263' title='bbox 2799 2750 3138 2815; x_wconf 88' lang='lat' dir='ltr'><strong>Surorum</strong></span> 
     </span>
     <span class='ocr_line' id='line_1_29' title="bbox 589 2834 3137 2928; baseline -0.002 -21"><span class='ocrx_word' id='word_1_264' title='bbox 589 2859 677 2928; x_wconf 90' lang='lat' dir='ltr'><strong>ag</strong></span> <span class='ocrx_word' id='word_1_265' title='bbox 729 2839 893 2906; x_wconf 85' lang='lat' dir='ltr'><strong>ressi</strong></span> <span class='ocrx_word' id='word_1_266' title='bbox 936 2851 1098 2907; x_wconf 90' lang='lat' dir='ltr'><strong>sunt</strong></span> <span class='ocrx_word' id='word_1_267' title='bbox 1147 2836 1493 2926; x_wconf 90' lang='lat' dir='ltr'><strong>surripere</strong></span> <span class='ocrx_word' id='word_1_268' title='bbox 1542 2835 1871 2922; x_wconf 90' lang='lat' dir='ltr'><strong>reliquias</strong></span> <span class='ocrx_word' id='word_1_269' title='bbox 1933 2836 2272 2925; x_wconf 85' lang='lat' dir='ltr'><strong>Martyris.</strong></span> <span class='ocrx_word' id='word_1_270' title='bbox 2326 2834 2448 2904; x_wconf 93' lang='lat' dir='ltr'><strong>Ille</strong></span> <span class='ocrx_word' id='word_1_271' title='bbox 2497 2847 2749 2915; x_wconf 89' lang='lat' dir='ltr'><strong>autem,</strong></span> <span class='ocrx_word' id='word_1_272' title='bbox 2820 2856 2943 2904; x_wconf 89' lang='lat' dir='ltr'><strong>seu</strong></span> <span class='ocrx_word' id='word_1_273' title='bbox 3000 2857 3137 2903; x_wconf 91' lang='lat' dir='ltr'><strong>non</strong></span> 
     </span>
     <span class='ocr_line' id='line_1_30' title="bbox 591 2924 3138 3005; baseline -0.001 -11"><span class='ocrx_word' id='word_1_274' title='bbox 591 2949 674 2996; x_wconf 88' lang='lat' dir='ltr'><strong>vo</strong></span> <span class='ocrx_word' id='word_1_275' title='bbox 704 2947 827 2996; x_wconf 90' lang='lat' dir='ltr'><strong>ens</strong></span> <span class='ocrx_word' id='word_1_276' title='bbox 884 2925 1141 2995; x_wconf 89' lang='lat' dir='ltr'><strong>damno</strong></span> <span class='ocrx_word' id='word_1_277' title='bbox 1189 2924 1460 2994; x_wconf 86' lang='lat' dir='ltr'><strong>afficere</strong></span> <span class='ocrx_word' id='word_1_278' title='bbox 1509 2925 1877 3005; x_wconf 90' lang='lat' dir='ltr'><strong>civitatem,</strong></span> <span class='ocrx_word' id='word_1_279' title='bbox 1933 2947 2054 2994; x_wconf 91' lang='lat' dir='ltr'><strong>seu</strong></span> <span class='ocrx_word' id='word_1_280' title='bbox 2112 2946 2246 2993; x_wconf 90' lang='lat' dir='ltr'><strong>non</strong></span> <span class='ocrx_word' id='word_1_281' title='bbox 2299 2925 2650 2992; x_wconf 85' lang='lat' dir='ltr'><strong>sustinens</strong></span> <span class='ocrx_word' id='word_1_282' title='bbox 2690 2944 3138 2992; x_wconf 88' lang='lat' dir='ltr'><strong>communem</strong></span> 
     </span>
     <span class='ocr_line' id='line_1_31' title="bbox 590 3012 3146 3104; baseline -0.001 -19"><span class='ocrx_word' id='word_1_283' title='bbox 590 3015 989 3085; x_wconf 84' lang='lat' dir='ltr'><strong>thesaurum</strong></span> <span class='ocrx_word' id='word_1_284' title='bbox 1054 3036 1203 3085; x_wconf 90' lang='lat' dir='ltr'><strong>esse</strong></span> <span class='ocrx_word' id='word_1_285' title='bbox 1269 3014 1572 3103; x_wconf 87' lang='lat' dir='ltr'><strong>alicujus</strong></span> <span class='ocrx_word' id='word_1_286' title='bbox 1642 3013 2000 3104; x_wconf 92' lang='lat' dir='ltr'><strong>proprium</strong></span> <span class='ocrx_word' id='word_1_287' title='bbox 2039 3068 2053 3093; x_wconf 93' lang='lat'><strong>,</strong></span> <span class='ocrx_word' id='word_1_288' title='bbox 2112 3034 2433 3103; x_wconf 86' lang='lat' dir='ltr'><strong>magnam</strong></span> <span class='ocrx_word' id='word_1_289' title='bbox 2500 3013 2851 3080; x_wconf 85' lang='lat' dir='ltr'><strong>flammam</strong></span> <span class='ocrx_word' id='word_1_290' title='bbox 2917 3012 3146 3082; x_wconf 77' lang='lat' dir='ltr'><strong>effecit</strong></span> 
     </span>
     <span class='ocr_line' id='line_1_32' title="bbox 588 3100 3135 3192; baseline -0.001 -21"><span class='ocrx_word' id='word_1_291' title='bbox 588 3103 754 3173; x_wconf 87' lang='lat' dir='ltr'><strong>furti</strong></span> <span class='ocrx_word' id='word_1_292' title='bbox 804 3103 1143 3171; x_wconf 89' lang='lat' dir='ltr'><strong>indicem:</strong></span> <span class='ocrx_word' id='word_1_293' title='bbox 1187 3116 1253 3172; x_wconf 91' lang='lat' dir='ltr'><strong>et</strong></span> <span class='ocrx_word' id='word_1_294' title='bbox 1299 3104 1481 3192; x_wconf 90' lang='lat' dir='ltr'><strong>ignis</strong></span> <span class='ocrx_word' id='word_1_295' title='bbox 1517 3101 1659 3170; x_wconf 89' lang='lat' dir='ltr'><strong>illic</strong></span> <span class='ocrx_word' id='word_1_296' title='bbox 1700 3123 2034 3171; x_wconf 85' lang='lat' dir='ltr'><strong>accensus</strong></span> <span class='ocrx_word' id='word_1_297' title='bbox 2064 3101 2301 3171; x_wconf 90' lang='lat' dir='ltr'><strong>dolum</strong></span> <span class='ocrx_word' id='word_1_298' title='bbox 2348 3101 2704 3169; x_wconf 86' lang='lat' dir='ltr'><strong>manifeste</strong></span> <span class='ocrx_word' id='word_1_299' title='bbox 2742 3100 3135 3189; x_wconf 83' lang='lat' dir='ltr'><strong>publicanS,</strong></span> 
     </span>
     <span class='ocr_line' id='line_1_33' title="bbox 589 3190 3142 3280; baseline -0.001 -20"><span class='ocrx_word' id='word_1_300' title='bbox 589 3192 925 3262; x_wconf 89' lang='lat' dir='ltr'><strong>damnum</strong></span> <span class='ocrx_word' id='word_1_301' title='bbox 973 3205 1248 3280; x_wconf 90' lang='lat' dir='ltr'><strong>repente</strong></span> <span class='ocrx_word' id='word_1_302' title='bbox 1285 3191 1604 3261; x_wconf 90' lang='lat' dir='ltr'><strong>ostendit.</strong></span> <span class='ocrx_word' id='word_1_303' title='bbox 1656 3192 1788 3273; x_wconf 87' lang='lat' dir='ltr'><strong>Qui</strong></span> <span class='ocrx_word' id='word_1_304' title='bbox 1831 3191 2042 3280; x_wconf 88' lang='lat' dir='ltr'><strong>igitur</strong></span> <span class='ocrx_word' id='word_1_305' title='bbox 2087 3202 2282 3260; x_wconf 89' lang='lat' dir='ltr'><strong>erant</strong></span> <span class='ocrx_word' id='word_1_306' title='bbox 2338 3190 2405 3257; x_wconf 92' lang='lat' dir='ltr'><strong>in</strong></span> <span class='ocrx_word' id='word_1_307' title='bbox 2456 3190 2728 3258; x_wconf 90' lang='lat' dir='ltr'><strong>civitate</strong></span> <span class='ocrx_word' id='word_1_308' title='bbox 2782 3190 3142 3277; x_wconf 75' lang='lat' dir='ltr'><strong>Bosapho-</strong></span> 
     </span>
     <span class='ocr_line' id='line_1_34' title="bbox 590 3278 3136 3379; baseline -0.001 -31"><span class='ocrx_word' id='word_1_309' title='bbox 590 3302 772 3360; x_wconf 92' lang='lat' dir='ltr'><strong>rum,</strong></span> <span class='ocrx_word' id='word_1_310' title='bbox 816 3281 1078 3368; x_wconf 90' lang='lat' dir='ltr'><strong>opinati</strong></span> <span class='ocrx_word' id='word_1_311' title='bbox 1118 3280 1484 3350; x_wconf 91' lang='lat' dir='ltr'><strong>adventum</strong></span> <span class='ocrx_word' id='word_1_312' title='bbox 1521 3280 1825 3349; x_wconf 90' lang='lat' dir='ltr'><strong>hostium</strong></span> <span class='ocrx_word' id='word_1_313' title='bbox 1862 3302 1940 3348; x_wconf 89' lang='lat' dir='ltr'><strong>eo</strong></span> <span class='ocrx_word' id='word_1_314' title='bbox 1989 3279 2394 3379; x_wconf 84' lang='lat' dir='ltr'><strong>significari,</strong></span> <span class='ocrx_word' id='word_1_315' title='bbox 2440 3278 2683 3347; x_wconf 91' lang='lat' dir='ltr'><strong>armati</strong></span> <span class='ocrx_word' id='word_1_316' title='bbox 2719 3296 2957 3346; x_wconf 86' lang='lat' dir='ltr'><strong>omnes</strong></span> <span class='ocrx_word' id='word_1_317' title='bbox 2990 3289 3136 3345; x_wconf 89' lang='lat' dir='ltr'><strong>sta-</strong></span> 
     </span>
     <span class='ocr_line' id='line_1_35' title="bbox 593 3365 3127 3458; baseline -0.002 -20"><span class='ocrx_word' id='word_1_318' title='bbox 593 3368 713 3438; x_wconf 88' lang='lat' dir='ltr'><strong>tim</strong></span> <span class='ocrx_word' id='word_1_319' title='bbox 764 3367 1141 3438; x_wconf 89' lang='lat' dir='ltr'><strong>adveniunt</strong></span> <span class='ocrx_word' id='word_1_320' title='bbox 1196 3368 1281 3438; x_wconf 90' lang='lat' dir='ltr'><strong>ad</strong></span> <span class='ocrx_word' id='word_1_321' title='bbox 1336 3369 1736 3458; x_wconf 90' lang='lat' dir='ltr'><strong>sepulcrum</strong></span> <span class='ocrx_word' id='word_1_322' title='bbox 1800 3374 2139 3457; x_wconf 79' lang='lat' dir='ltr'><strong>Martyris.</strong></span> <span class='ocrx_word' id='word_1_323' title='bbox 2185 3368 2314 3451; x_wconf 87' lang='lat' dir='ltr'><strong>Qui</strong></span> <span class='ocrx_word' id='word_1_324' title='bbox 2361 3389 2520 3436; x_wconf 90' lang='lat' dir='ltr'><strong>cum</strong></span> <span class='ocrx_word' id='word_1_325' title='bbox 2572 3367 3000 3436; x_wconf 88' lang='lat' dir='ltr'><strong>rescivissent</strong></span> <span class='ocrx_word' id='word_1_326' title='bbox 3053 3365 3127 3433; x_wconf 93' lang='lat' dir='ltr'><strong>id</strong></span> 
     </span>
     <span class='ocr_line' id='line_1_36' title="bbox 588 3455 3132 3546; baseline -0.002 -20"><span class='ocrx_word' id='word_1_327' title='bbox 588 3455 773 3545; x_wconf 92' lang='lat' dir='ltr'><strong>quod</strong></span> <span class='ocrx_word' id='word_1_328' title='bbox 823 3468 989 3535; x_wconf 90' lang='lat' dir='ltr'><strong>erat,</strong></span> <span class='ocrx_word' id='word_1_329' title='bbox 1042 3469 1108 3526; x_wconf 93' lang='lat' dir='ltr'><strong>et</strong></span> <span class='ocrx_word' id='word_1_330' title='bbox 1156 3478 1240 3527; x_wconf 91' lang='lat' dir='ltr'><strong>ne</strong></span> <span class='ocrx_word' id='word_1_331' title='bbox 1286 3458 1632 3527; x_wconf 90' lang='lat' dir='ltr'><strong>auferrent</strong></span> <span class='ocrx_word' id='word_1_332' title='bbox 1675 3456 2199 3546; x_wconf 91' lang='lat' dir='ltr'><strong>prohibuerunt,</strong></span> <span class='ocrx_word' id='word_1_333' title='bbox 2237 3470 2303 3526; x_wconf 94' lang='lat' dir='ltr'><strong>et</strong></span> <span class='ocrx_word' id='word_1_334' title='bbox 2338 3478 2470 3524; x_wconf 86' lang='lat' dir='ltr'><strong>non</strong></span> <span class='ocrx_word' id='word_1_335' title='bbox 2513 3456 2693 3545; x_wconf 85' lang='lat' dir='ltr'><strong>passi</strong></span> <span class='ocrx_word' id='word_1_336' title='bbox 2737 3468 2898 3525; x_wconf 89' lang='lat' dir='ltr'><strong>sunt</strong></span> <span class='ocrx_word' id='word_1_337' title='bbox 2926 3459 3132 3523; x_wconf 84' lang='lat' dir='ltr'><strong>Sure-</strong></span> 
     </span>
     <span class='ocr_line' id='line_1_37' title="bbox 588 3543 3136 3616; baseline -0.001 0"><span class='ocrx_word' id='word_1_338' title='bbox 588 3567 716 3616; x_wconf 92' lang='lat' dir='ltr'><strong>nos</strong></span> <span class='ocrx_word' id='word_1_339' title='bbox 764 3568 871 3614; x_wconf 89' lang='lat' dir='ltr'><strong>am</strong></span> <span class='ocrx_word' id='word_1_340' title='bbox 933 3544 1070 3615; x_wconf 91' lang='lat' dir='ltr'><strong>lius</strong></span> <span class='ocrx_word' id='word_1_341' title='bbox 1122 3566 1396 3615; x_wconf 90' lang='lat' dir='ltr'><strong>manere</strong></span> <span class='ocrx_word' id='word_1_342' title='bbox 1445 3546 1513 3613; x_wconf 93' lang='lat' dir='ltr'><strong>in</strong></span> <span class='ocrx_word' id='word_1_343' title='bbox 1564 3568 1643 3616; x_wconf 91' lang='lat' dir='ltr'><strong>eo</strong></span> <span class='ocrx_word' id='word_1_344' title='bbox 1693 3547 1861 3616; x_wconf 89' lang='lat' dir='ltr'><strong>loco.</strong></span> <span class='ocrx_word' id='word_1_345' title='bbox 1927 3545 2035 3614; x_wconf 92' lang='lat' dir='ltr'><strong>Illi</strong></span> <span class='ocrx_word' id='word_1_346' title='bbox 2085 3558 2313 3614; x_wconf 89' lang='lat' dir='ltr'><strong>autem</strong></span> <span class='ocrx_word' id='word_1_347' title='bbox 2361 3567 2516 3613; x_wconf 92' lang='lat' dir='ltr'><strong>cum</strong></span> <span class='ocrx_word' id='word_1_348' title='bbox 2572 3544 2832 3614; x_wconf 89' lang='lat' dir='ltr'><strong>nollent</strong></span> <span class='ocrx_word' id='word_1_349' title='bbox 2880 3543 3136 3613; x_wconf 84' lang='lat' dir='ltr'><strong>frustra</strong></span> 
     </span>
     <span class='ocr_line' id='line_1_38' title="bbox 586 3632 3136 3725; baseline -0.002 -19"><span class='ocrx_word' id='word_1_350' title='bbox 586 3647 652 3706; x_wconf 91' lang='lat' dir='ltr'><strong>et</strong></span> <span class='ocrx_word' id='word_1_351' title='bbox 701 3633 876 3704; x_wconf 90' lang='lat' dir='ltr'><strong>inuti</strong></span> <span class='ocrx_word' id='word_1_352' title='bbox 914 3635 1038 3703; x_wconf 91' lang='lat' dir='ltr'><strong>iter</strong></span> <span class='ocrx_word' id='word_1_353' title='bbox 1104 3633 1501 3714; x_wconf 88' lang='lat' dir='ltr'><strong>advenisse,</strong></span> <span class='ocrx_word' id='word_1_354' title='bbox 1561 3657 1847 3725; x_wconf 89' lang='lat' dir='ltr'><strong>parvum</strong></span> <span class='ocrx_word' id='word_1_355' title='bbox 1881 3632 2254 3721; x_wconf 84' lang='lat' dir='ltr'><strong>quoddam</strong></span> <span class='ocrx_word' id='word_1_356' title='bbox 2308 3633 2640 3724; x_wconf 88' lang='lat' dir='ltr'><strong>templum</strong></span> <span class='ocrx_word' id='word_1_357' title='bbox 2692 3634 2760 3702; x_wconf 90' lang='lat' dir='ltr'><strong>in</strong></span> <span class='ocrx_word' id='word_1_358' title='bbox 2814 3633 3136 3723; x_wconf 90' lang='lat' dir='ltr'><strong>sepulcro</strong></span> 
     </span>
     <span class='ocr_line' id='line_1_39' title="bbox 589 3722 3131 3813; baseline -0.002 -20"><span class='ocrx_word' id='word_1_359' title='bbox 589 3735 1076 3805; x_wconf 82' lang='lat' dir='ltr'><strong>extruxerunt;</strong></span> <span class='ocrx_word' id='word_1_360' title='bbox 1129 3736 1195 3791; x_wconf 91' lang='lat' dir='ltr'><strong>et</strong></span> <span class='ocrx_word' id='word_1_361' title='bbox 1243 3722 1340 3793; x_wconf 87' lang='lat' dir='ltr'><strong>sic</strong></span> <span class='ocrx_word' id='word_1_362' title='bbox 1387 3745 1545 3792; x_wconf 92' lang='lat' dir='ltr'><strong>cum</strong></span> <span class='ocrx_word' id='word_1_363' title='bbox 1599 3723 1855 3813; x_wconf 90' lang='lat' dir='ltr'><strong>gaudio</strong></span> <span class='ocrx_word' id='word_1_364' title='bbox 1905 3723 2279 3802; x_wconf 89' lang='lat' dir='ltr'><strong>redierunt,</strong></span> <span class='ocrx_word' id='word_1_365' title='bbox 2333 3722 2565 3792; x_wconf 89' lang='lat' dir='ltr'><strong>dando</strong></span> <span class='ocrx_word' id='word_1_366' title='bbox 2622 3723 2868 3813; x_wconf 90' lang='lat' dir='ltr'><strong>magis,</strong></span> <span class='ocrx_word' id='word_1_367' title='bbox 2921 3744 3131 3809; x_wconf 88' lang='lat' dir='ltr'><strong>quam</strong></span> 
     </span>
     <span class='ocr_line' id='line_1_40' title="bbox 589 3811 3132 3903; baseline -0.001 -21"><span class='ocrx_word' id='word_1_368' title='bbox 589 3812 1042 3903; x_wconf 90' lang='lat' dir='ltr'><strong>accipiendo,</strong></span> <span class='ocrx_word' id='word_1_369' title='bbox 1105 3833 1232 3882; x_wconf 91' lang='lat' dir='ltr'><strong>suo</strong></span> <span class='ocrx_word' id='word_1_370' title='bbox 1290 3811 1358 3879; x_wconf 91' lang='lat' dir='ltr'><strong>in</strong></span> <span class='ocrx_word' id='word_1_371' title='bbox 1424 3825 1738 3882; x_wconf 84' lang='lat' dir='ltr'><strong>sanctum</strong></span> <span class='ocrx_word' id='word_1_372' title='bbox 1805 3811 2147 3882; x_wconf 89' lang='lat' dir='ltr'><strong>desiderio</strong></span> <span class='ocrx_word' id='word_1_373' title='bbox 2203 3811 2724 3881; x_wconf 87' lang='lat' dir='ltr'><strong>satisfacientes.</strong></span> <span class='ocrx_word' id='word_1_374' title='bbox 2794 3811 3132 3880; x_wconf 85' lang='lat' dir='ltr'><strong>Paulatim</strong></span> 
     </span>
     <span class='ocr_line' id='line_1_41' title="bbox 587 3900 3138 3991; baseline -0.002 -20"><span class='ocrx_word' id='word_1_375' title='bbox 587 3913 816 3971; x_wconf 90' lang='lat' dir='ltr'><strong>autem</strong></span> <span class='ocrx_word' id='word_1_376' title='bbox 867 3914 1217 3971; x_wconf 90' lang='lat' dir='ltr'><strong>crescente</strong></span> <span class='ocrx_word' id='word_1_377' title='bbox 1266 3901 1512 3991; x_wconf 89' lang='lat' dir='ltr'><strong>pietate</strong></span> <span class='ocrx_word' id='word_1_378' title='bbox 1555 3901 1620 3969; x_wconf 92' lang='lat' dir='ltr'><strong>in</strong></span> <span class='ocrx_word' id='word_1_379' title='bbox 1666 3900 2078 3971; x_wconf 90' lang='lat' dir='ltr'><strong>Salvatorem</strong></span> <span class='ocrx_word' id='word_1_380' title='bbox 2121 3913 2186 3969; x_wconf 90' lang='lat' dir='ltr'><strong>et</strong></span> <span class='ocrx_word' id='word_1_381' title='bbox 2235 3901 2597 3970; x_wconf 90' lang='lat' dir='ltr'><strong>Dominum</strong></span> <span class='ocrx_word' id='word_1_382' title='bbox 2657 3915 2969 3969; x_wconf 89' lang='lat' dir='ltr'><strong>nostrum</strong></span> <span class='ocrx_word' id='word_1_383' title='bbox 3018 3904 3138 3968; x_wconf 81' lang='lat' dir='ltr'><strong>Je-</strong></span> 
     </span>
     <span class='ocr_line' id='line_1_42' title="bbox 585 3988 3131 4079; baseline -0.002 -19"><span class='ocrx_word' id='word_1_384' title='bbox 585 4012 741 4060; x_wconf 90' lang='lat' dir='ltr'><strong>sum</strong></span> <span class='ocrx_word' id='word_1_385' title='bbox 794 3990 1162 4067; x_wconf 86' lang='lat' dir='ltr'><strong>Christum,</strong></span> <span class='ocrx_word' id='word_1_386' title='bbox 1216 3989 1536 4079; x_wconf 92' lang='lat' dir='ltr'><strong>Episcopi</strong></span> <span class='ocrx_word' id='word_1_387' title='bbox 1586 4010 1875 4059; x_wconf 89' lang='lat' dir='ltr'><strong>numero</strong></span> <span class='ocrx_word' id='word_1_388' title='bbox 1922 3988 2364 4077; x_wconf 88' lang='lat' dir='ltr'><strong>quindecim,</strong></span> <span class='ocrx_word' id='word_1_389' title='bbox 2433 3989 2721 4079; x_wconf 90' lang='lat' dir='ltr'><strong>ingressi</strong></span> <span class='ocrx_word' id='word_1_390' title='bbox 2784 3990 3131 4059; x_wconf 89' lang='lat' dir='ltr'><strong>civitatem</strong></span> 
     </span>
     <span class='ocr_line' id='line_1_43' title="bbox 584 4077 3139 4170; baseline -0.003 -19"><span class='ocrx_word' id='word_1_391' title='bbox 584 4078 1093 4169; x_wconf 88' lang='lat' dir='ltr'><strong>Rosaphorum,</strong></span> <span class='ocrx_word' id='word_1_392' title='bbox 1139 4080 1414 4170; x_wconf 87' lang='lat' dir='ltr'><strong>insigne</strong></span> <span class='ocrx_word' id='word_1_393' title='bbox 1447 4078 1783 4169; x_wconf 89' lang='lat' dir='ltr'><strong>templum</strong></span> <span class='ocrx_word' id='word_1_394' title='bbox 1817 4080 2074 4150; x_wconf 90' lang='lat' dir='ltr'><strong>sanctis</strong></span> <span class='ocrx_word' id='word_1_395' title='bbox 2122 4090 2483 4147; x_wconf 85' lang='lat' dir='ltr'><strong>extruunt:</strong></span> <span class='ocrx_word' id='word_1_396' title='bbox 2529 4092 2785 4148; x_wconf 89' lang='lat' dir='ltr'><strong>etcum</strong></span> <span class='ocrx_word' id='word_1_397' title='bbox 2842 4077 2907 4145; x_wconf 88' lang='lat' dir='ltr'><strong>id</strong></span> <span class='ocrx_word' id='word_1_398' title='bbox 2965 4098 3139 4145; x_wconf 89' lang='lat' dir='ltr'><strong>con-</strong></span> 
     </span>
     <span class='ocr_line' id='line_1_44' title="bbox 585 4163 3130 4258; baseline -0.003 -18"><span class='ocrx_word' id='word_1_399' title='bbox 585 4181 1007 4250; x_wconf 86' lang='lat' dir='ltr'><strong>secrassent,</strong></span> <span class='ocrx_word' id='word_1_400' title='bbox 1077 4170 1144 4237; x_wconf 92' lang='lat' dir='ltr'><strong>in</strong></span> <span class='ocrx_word' id='word_1_401' title='bbox 1195 4190 1275 4237; x_wconf 92' lang='lat' dir='ltr'><strong>eo</strong></span> <span class='ocrx_word' id='word_1_402' title='bbox 1322 4167 1793 4258; x_wconf 88' lang='lat' dir='ltr'><strong>deposuerunt</strong></span> <span class='ocrx_word' id='word_1_403' title='bbox 1853 4168 2122 4236; x_wconf 90' lang='lat' dir='ltr'><strong>divinas</strong></span> <span class='ocrx_word' id='word_1_404' title='bbox 2173 4172 2548 4257; x_wconf 85' lang='lat' dir='ltr'><strong>Martyrum</strong></span> <span class='ocrx_word' id='word_1_405' title='bbox 2621 4165 2986 4251; x_wconf 87' lang='lat' dir='ltr'><strong>reliquias;</strong></span> <span class='ocrx_word' id='word_1_406' title='bbox 3040 4163 3130 4233; x_wconf 87' lang='lat' dir='ltr'><strong>ad</strong></span> 
     </span>
     <span class='ocr_line' id='line_1_45' title="bbox 584 4254 3130 4347; baseline -0.002 -20"><span class='ocrx_word' id='word_1_407' title='bbox 584 4257 873 4347; x_wconf 89' lang='lat' dir='ltr'><strong>gloriam</strong></span> <span class='ocrx_word' id='word_1_408' title='bbox 930 4256 1041 4327; x_wconf 90' lang='lat' dir='ltr'><strong>Dei</strong></span> <span class='ocrx_word' id='word_1_409' title='bbox 1097 4271 1161 4327; x_wconf 92' lang='lat' dir='ltr'><strong>et</strong></span> <span class='ocrx_word' id='word_1_410' title='bbox 1211 4258 1477 4327; x_wconf 89' lang='lat' dir='ltr'><strong>Domini</strong></span> <span class='ocrx_word' id='word_1_411' title='bbox 1533 4258 1747 4327; x_wconf 91' lang='lat' dir='ltr'><strong>nostri</strong></span> <span class='ocrx_word' id='word_1_412' title='bbox 1805 4261 1972 4325; x_wconf 89' lang='lat' dir='ltr'><strong>Jesu</strong></span> <span class='ocrx_word' id='word_1_413' title='bbox 2028 4256 2315 4326; x_wconf 81' lang='lat' dir='ltr'><strong>Christi:</strong></span> <span class='ocrx_word' id='word_1_414' title='bbox 2368 4278 2572 4342; x_wconf 93' lang='lat' dir='ltr'><strong>quem</strong></span> <span class='ocrx_word' id='word_1_415' title='bbox 2626 4254 2819 4324; x_wconf 87' lang='lat' dir='ltr'><strong>decet</strong></span> <span class='ocrx_word' id='word_1_416' title='bbox 2881 4255 3130 4333; x_wconf 88' lang='lat' dir='ltr'><strong>honor,</strong></span> 
     </span>
     <span class='ocr_line' id='line_1_46' title="bbox 585 4342 3140 4437; baseline -0.001 -21"><span class='ocrx_word' id='word_1_417' title='bbox 585 4347 910 4437; x_wconf 88' lang='lat' dir='ltr'><strong>potentia,</strong></span> <span class='ocrx_word' id='word_1_418' title='bbox 952 4347 1272 4435; x_wconf 89' lang='lat' dir='ltr'><strong>majestas</strong></span> <span class='ocrx_word' id='word_1_419' title='bbox 1312 4360 1377 4417; x_wconf 93' lang='lat' dir='ltr'><strong>et</strong></span> <span class='ocrx_word' id='word_1_420' title='bbox 1412 4346 1948 4437; x_wconf 84' lang='lat' dir='ltr'><strong>magnificentia,</strong></span> <span class='ocrx_word' id='word_1_421' title='bbox 1989 4367 2174 4415; x_wconf 91' lang='lat' dir='ltr'><strong>nunc</strong></span> <span class='ocrx_word' id='word_1_422' title='bbox 2220 4358 2286 4416; x_wconf 93' lang='lat' dir='ltr'><strong>et</strong></span> <span class='ocrx_word' id='word_1_423' title='bbox 2334 4366 2628 4436; x_wconf 89' lang='lat' dir='ltr'><strong>semper,</strong></span> <span class='ocrx_word' id='word_1_424' title='bbox 2673 4359 2737 4415; x_wconf 91' lang='lat' dir='ltr'><strong>et</strong></span> <span class='ocrx_word' id='word_1_425' title='bbox 2777 4345 2845 4413; x_wconf 91' lang='lat' dir='ltr'><strong>in</strong></span> <span class='ocrx_word' id='word_1_426' title='bbox 2895 4342 3140 4413; x_wconf 77' lang='lat' dir='ltr'><strong>secula</strong></span> 
     </span>
     <span class='ocr_line' id='line_1_47' title="bbox 584 4435 1307 4517; baseline -0.006 -9"><span class='ocrx_word' id='word_1_427' title='bbox 584 4435 1016 4517; x_wconf 88' lang='lat' dir='ltr'><strong>seculorum,</strong></span> <span class='ocrx_word' id='word_1_428' title='bbox 1072 4440 1307 4505; x_wconf 81' lang='lat' dir='ltr'><strong>Amen.</strong></span> 
     </span>
    </p>
   </div>
  </div>
 </body>
</html>
