3347 4999
252 338 423 403 OCT.
483 337 564 401 ⁴6
984 354 1059 399 na
1109 352 1466 409 Quissusnax
1517 353 1787 398 marva.
1840 350 2049 397 Arme.
2568 334 2697 399 447

252 452 506 519 nostr0,
561 439 694 508 nisi
745 437 1007 515 feceris,
1081 438 1450 506 rationem:
1524 458 1657 506 non
1717 435 1897 521 quod
1968 433 2082 503 ille
2131 447 2422 515 curaret,
2495 434 2616 504 ubi
2665 448 2785 505 aut

251 527 547 616 qualiter
595 550 795 597 suum
837 526 1236 616 sepeliretur
1274 547 1558 615 corpus,
1613 524 1730 594 sed
1793 537 1871 594 ut
1918 522 2089 594 illud
2142 524 2728 593 demonstraretur
2766 579 2781 605 ,

250 617 429 704 quod
505 638 694 685 servo
773 637 898 685 suo
948 615 1357 684 revelaverat
1434 619 1630 684 Deus.
1683 636 1719 679 »
1771 611 2157 702 Respondet
2214 612 2397 681 Felix
2459 625 2523 681 et
2570 613 2782 682 dicit:

251 730 284 771 «
319 706 505 775 Absit
552 728 590 773 a
643 704 874 785 nobis,
929 704 1277 773 confessor
1354 701 1795 772 venerabilis:
1874 700 1989 770 sed
2048 700 2372 790 sepeliam
2420 711 2478 768 te
2526 701 2595 769 in
2647 724 2787 770 una

249 794 697 863 basilicarum
735 815 892 862 cum
948 792 1299 882 triumpho
1327 805 1391 861 et
1437 792 1679 881 gratia,
1715 812 1924 878 quam
1978 790 2346 859 mereris.»
2374 788 2495 858 Cui
2543 789 2787 859 beatus

251 891 619 973 Armogas:
674 887 901 961 «Non,
961 881 1075 951 sed
1149 879 1331 967 quod
1383 880 1562 961 dixi,
1622 879 1932 949 facturus
1978 900 2150 948 es.»
2200 877 2322 947 Ille
2373 877 2621 947 timens
2669 877 2786 946 Dei

251 972 600 1041 hominem
637 972 1064 1051 contristare,
1122 970 1469 1051 veraciter,
1521 969 1703 1056 quod
1763 969 2182 1057 ingesserat,
2243 967 2558 1056 promisit
2636 987 2786 1035 esse

253 1061 621 1130 facturum.
660 1063 898 1129 Statim
942 1058 1119 1128 intra
1147 1058 1603 1148 paucissimos
1629 1058 1777 1127 dies
1802 1079 2032 1127 comes
2080 1057 2299 1126 bonae
2333 1054 2786 1125 confessionis

255 1150 336 1218 de
388 1149 517 1219 hac
566 1149 700 1217 vita
751 1148 1092 1238 migravit.
1145 1147 1510 1217 Festinavit
1558 1147 1740 1216 Felix
1771 1146 1904 1215 sibi
1938 1145 2323 1234 delegatum
2363 1146 2493 1214 sub
2542 1142 2785 1213 arbore

251 1238 480 1307 fodere
536 1236 958 1326 sepulcrum.
1012 1236 1132 1306 Cui
1180 1259 1336 1306 cum
1395 1235 1683 1305 intextae
1748 1234 2013 1305 radices
2064 1247 2127 1303 et
2175 1233 2487 1304 soliditas
2552 1232 2784 1303 aridae

253 1327 518 1396 telluris
569 1347 829 1394 moram
882 1323 1201 1407 facerent,
1228 1338 1291 1394 et
1341 1324 1569 1394 labore
1617 1337 2007 1415 angeretur,
2046 1322 2225 1409 quod
2267 1322 2529 1393 tardius
2565 1321 2783 1391 sancti

250 1415 562 1485 membra
589 1413 898 1503 corporis
922 1414 1397 1494 humarentur,
1439 1413 1741 1494 tandem,
1778 1412 2105 1483 abscissis
2146 1411 2521 1490 radicibus,
2564 1408 2782 1480 multo

250 1505 460 1575 altius
510 1517 757 1573 terram
790 1525 1064 1583 cavans,
1111 1502 1446 1592 conspicit
1477 1501 1987 1592 sarcophagum
2024 1498 2574 1591 splendidissimi
2604 1520 2785 1568 mar-

252 1594 465 1663 moris
503 1606 1009 1682 praeparatum,
1062 1592 1336 1679 qualem
1397 1590 1563 1660 sorte
1601 1590 1838 1660 nullus
1876 1589 2159 1658 omnino
2208 1588 2450 1658 habuit
2488 1593 2776 1677 Regum.

251 1683 376 1752 Sed
432 1703 554 1751 nec
585 1681 930 1767 quendam
969 1680 1470 1760 Archiminum‚
1512 1680 1790 1750 nomine
1820 1677 2302 1758 Masculinum‚
2343 1676 2556 1746 debeo
2596 1697 2785 1765 prae-

253 1772 477 1840 terire.
518 1770 648 1852 Qui
696 1792 853 1839 cum
910 1767 1145 1838 multis
1195 1768 1466 1838 insidiis
1516 1781 1959 1858 premeretur,
2012 1779 2088 1837 ut
2134 1765 2538 1836 catholicam
2581 1764 2786 1834 omit-

254 1873 421 1931 teret
470 1858 701 1937 fidem,
751 1858 895 1947 ipse
956 1878 1112 1926 eum
1155 1864 1292 1927 Rex
1344 1870 1573 1947 postea
1621 1855 2038 1926 blandiendo
2086 1855 2407 1925 affatibus
2455 1853 2786 1923 seculari-

250 1948 381 2017 bus
431 1946 465 1981 *
514 1947 842 2027 mutabat,
893 1947 1295 2035 promittens
1339 1946 1576 2015 multis
1629 1967 1786 2015 eum
1837 1945 2094 2014 divitiis
2141 1942 2671 2022 cumulandum,
2726 1942 2785 2010 si

257 2036 591 2105 voluntati
639 2036 791 2122 ejus
865 2035 1179 2105 auditum
1251 2034 1519 2104 facilem
1591 2033 2117 2104 commodasset.
2173 2033 2303 2115 Qui
2360 2054 2518 2101 cum
2592 2029 2785 2101 fortis

252 2138 455 2211 atque
502 2124 798 2193 invictus
847 2137 1174 2204 maneret,
1209 2124 1406 2212 jubet
1444 2145 1602 2193 eum
1644 2122 1878 2192 subire
1927 2122 2332 2192 sententiam
2361 2119 2772 2210 ‘capitalem,

254 2214 346 2281 ita
402 2226 625 2281 tamen
658 2211 953 2282 callidus
978 2212 1241 2282 occulte
1271 2211 1720 2303 praecipiens,
1759 2224 1835 2280 ut
1881 2212 1940 2281 si
1973 2211 2038 2280 in
2083 2210 2203 2280 illa
2234 2210 2404 2280 hora
2451 2207 2786 2278 vibrantis

253 2300 468 2391 gladii
519 2301 1020 2389 pertimesceret
1068 2301 1305 2380 ictum,
1377 2301 1596 2390 magis
1634 2323 1791 2370 eum
1843 2300 2201 2380 occideret,
2269 2321 2353 2368 ne
2416 2309 2781 2386 martyrem

253 2389 630 2480 gloriosum
682 2389 974 2458 fecisset.
1035 2391 1100 2459 Si
1150 2402 1375 2459 autem
1427 2389 1661 2460 sortem
1717 2390 1783 2457 in
1851 2388 2276 2459 confessione
2333 2387 2781 2477 conspiceret,

251 2477 555 2637 acgladio
602 2489 1031 2568 temperaret.
1090 2477 1216 2549 Sed
1268 2478 1381 2548 ille
1428 2490 1504 2549 ut
1560 2479 1881 2549 columna
1933 2476 2333 2558 immobilis,
2388 2475 2651 2546 Christo
2684 2496 2784 2543 so·

253 2569 298 2637 li
354 2581 534 2647 ante,
584 2566 775 2637 fortis
823 2567 1143 2646 effectus,
1198 2567 1545 2638 confessor
1594 2569 1950 2637 revertitur
1997 2567 2359 2657 gloriosus.
2416 2565 2553 2634 Etsi
2608 2585 2782 2631 mar-

254 2671 471 2747 tyrem
523 2655 803 2725 invidus
836 2657 1051 2726 hostis
1100 2656 1320 2726 noluit
1368 2656 1623 2738 facere,
1680 2655 2136 2726 consessorem
2192 2669 2414 2725 tamen
2470 2665 2777 2721 nostrum

253 2769 386 2816 non
445 2746 663 2832 potuit
713 2745 986 2816 violare.

340 2844 377 2917 ἓ
429 2839 523 2905 9.
579 2834 904 2903 Novimus
949 2845 1012 2903 et
1074 2833 1286 2904 alium
1330 2857 1408 2904 ea
1458 2846 1852 2925 tempestate
1905 2832 2182 2903 nomine
2249 2835 2595 2900 Saturum.
2648 2828 2778 2910 Qui

248 2945 410 2994 cum
479 2923 790 2992 lucidum
841 2935 1018 2993 esset
1084 2925 1470 2993 membrum
1530 2923 1870 2993 Ecclesiae
1921 2921 2191 2999 Christi,
2247 2931 2311 2987 et
2384 2917 2778 3007 pravitatem

248 3013 691 3082 Arrianorum
735 3010 1043 3082 libertate
1080 3012 1415 3083 catholica
1461 3011 1849 3098 frequenter
1895 3021 2210 3099 argueret
2254 3007 2414 3096 (fuit
2463 3005 2573 3074 bic
2626 3026 2780 3093 pro-

247 3113 525 3172 curator
548 3100 796 3171 domus
827 3101 1204 3190 Hunerici),
1243 3101 1666 3180 convenitur,
1717 3110 2081 3169 accusante
2111 3094 2452 3165 Marivado
2481 3093 2779 3181 quodam

248 3190 564 3269 diacon0‚
620 3210 824 3275 quem
865 3191 1252 3260 Hunericus
1323 3189 1665 3258 infaustus
1735 3187 2179 3276 singulariter
2238 3182 2663 3263 honorabat,
2709 3194 2785 3250 ut

249 3279 442 3349 fieret
477 3282 763 3347 Saturus
796 3279 1146 3349 Arrianus.
1200 3279 1699 3348 Promittuntur
1746 3276 2036 3345 honores
2084 3288 2149 3344 et
2181 3273 2457 3343 divitiae
2498 3270 2778 3350 multae,

243 3368 306 3446 si
355 3368 648 3436 faceret:
705 3379 1201 3456 praeparantur
1256 3366 1600 3457 supplicia
1660 3363 1835 3443 dira,
1901 3365 1959 3433 si
2010 3363 2239 3433 nollet.
2311 3367 2452 3431 Hac
2510 3360 2785 3451 optione

249 3455 624 3546 proposita,
679 3467 755 3524 ut
803 3456 861 3523 si
910 3454 1258 3545 regalibus
1296 3456 1515 3543 jussis
1565 3474 1699 3523 non
1750 3453 2102 3534 obediret,
2164 3452 2383 3542 primo
2451 3449 2629 3519 facta
2677 3447 2783 3516 di-

250 3545 633 3623 scussione,
670 3556 735 3612 et
766 3555 921 3612 ante
954 3544 1210 3613 amissa
1249 3544 1452 3612 domo
1489 3542 1589 3612 vel
1625 3542 2035 3624 substantia,
2074 3540 2420 3611 distractis
2456 3537 2783 3607 omnibus

248 3633 621 3722 mancipiis
668 3654 746 3701 ac
795 3631 982 3712 filiis,
1036 3654 1208 3702 uxor
1253 3632 1426 3720 ejuS,
1483 3632 1632 3721 ipso
1682 3643 2059 3715 praesente,
2105 3629 2471 3699 camelario
2522 3626 2588 3693 in
2622 3646 2780 3693 con·

243 3721 524 3813 jugium
578 3720 976 3791 traderetur.
1007 3721 1196 3803 Quod
1244 3721 1356 3790 ille
1401 3719 1645 3809 plenus
1681 3725 1835 3801 ΠΕΟ,
1886 3720 2106 3809 magis
2153 3729 2229 3788 ut
2276 3716 2594 3785 velociter
2629 3735 2784 3804 pro·

253 3811 570 3892 venisset,
624 3809 874 3967 imssios
903 3811 1333 3900 provocabat.
1366 3809 1464 3879 Ob
1511 3832 1718 3896 quam
1769 3830 2049 3879 causam
2079 3828 2245 3877 uxor
2286 3805 2433 3894 ejus
2466 3802 2784 3872 inducias

253 3900 395 3968 visa
445 3913 544 3968 est
592 3900 677 3968 ab
780 3899 837 3966 is
883 3899 1002 3985 qui
1050 3900 1582 3986 exequebantur,
1638 3898 1981 3967 nesciente
2018 3896 2286 3975 marim,
2346 3893 2616 3983 petisse.
2666 3894 2786 3959 Ac-

253 3988 433 4085 cedit
482 3988 567 4057 ad
623 3987 944 4056 maritum
1021 3987 1157 4057 alia
1205 3992 1379 4068 Eva,
1434 3986 1723 4058 consilio
1772 3986 2170 4076 magistrata
2240 3981 2598 4072 serpentis.
2652 3979 2777 4080 Sed

251 4075 392 4156 llle,
435 4076 644 4145 Adam
697 4098 829 4145 non
873 4074 1022 4156 fuit,
1076 4076 1197 4163 qui
1245 4076 1647 4147 illecebrosa
1693 4076 1932 4145 vetitae
1971 4072 2235 4144 arboris
2268 4093 2470 4162 poma
2517 4080 2783 4139 contin-

251 4176 474 4253 geret:
528 4165 693 4253 quia
743 4187 877 4234 non
928 4165 1270 4254 indigens,
1328 4164 1443 4236 sed
1489 4169 1800 4246 Saturus„
1856 4163 2245 4242 vocabatur,
2301 4171 2649 4231 saturatus
2691 4156 2778 4224 ab

251 4251 558 4323 ubertate
631 4254 877 4324 domus
943 4253 1082 4334 Dei,
1146 4266 1213 4324 et
1274 4264 1569 4323 torrente
1637 4253 2041 4322 deliciarum
2092 4251 2243 4339 ejus
2291 4260 2586 4340 potatus,
2654 4243 2785 4343 Ad-

256 4342 434 4409 venit
468 4341 716 4412 mulier
753 4342 839 4413 ad
881 4342 1136 4423 locum,
1174 4342 1296 4412 ubi
1328 4342 1618 4413 maritus
1660 4341 2037 4431 singularis
2086 4338 2360 4422 orabat,
2414 4334 2782 4407 conscissis

304 4467 328 4486 ¹*
357 4467 584 4514 Invitabat,
602 4470 850 4520 legendum
872 4471 1000 4521 puto.
