3347 4999
700 287 833 352 7⁴2
2850 285 3034 353 OC‘r.
3086 289 3172 356 25

795 452 1416 557 MARTYRtUM
1483 453 1623 553 SS.
1697 451 2196 554 MARClANl
2272 454 2394 555 ΕΤ
2463 455 2971 559 ΜΑΒΤΥΒΙΙ

1613 657 2154 725 ΝοΤΑΒΙοΒυΜ

887 847 1172 897 weron
1217 844 1346 896 811.
1399 848 1871 896 nunnusn.
1917 846 2210 898 annun
2255 850 2322 898 11!
2368 849 2557 899 roms
2599 850 2879 900 Amtsu.

1284 1008 1483 1066 Pausi
1520 1011 1688 1066 aunt
1732 1023 1911 1066 anno
1952 1011 2068 1065 361
2095 1038 2170 1051 —
2211 1009 2473 1069 Graeci.

699 1193 736 1280 ἓ
783 1197 860 1265 1.
915 1191 1327 1261 Versabatur
1356 1189 1637 1277 quidem
1680 1190 1829 1280 jam
1878 1211 2154 1279 quoque
2200 1190 2396 1278 prius
2424 1190 2681 1280 dogma
2717 1191 3059 1262 Arianum
3093 1196 3162 1263 in

612 1282 872 1352 ditione
923 1285 1417 1360 Romanorum,
1459 1293 1525 1349 et
1564 1280 1872 1350 vastabat
1909 1280 2060 1368 ejus
2106 1293 2351 1364 partes,
2411 1301 2537 1350 nec
2583 1280 2859 1351 sinebat
2907 1281 3160 1373 vulgus

610 1369 1023 1441 orthodoxos
1074 1389 1243 1459 pure
1291 1369 1464 1438 tueri
1515 1369 1965 1440 Homousion.
2021 1369 2148 1438 Sed
2202 1368 2508 1439 nondum
2552 1368 2619 1437 id
2667 1369 2934 1440 malum
2976 1383 3157 1440 tanta

607 1460 933 1530 utebatur
980 1456 1312 1539 libertate,
1369 1479 1492 1526 nec
1544 1456 1838 1526 habebat
1871 1469 2007 1527 tam
2063 1456 2341 1539 multOS,
2393 1458 2517 1546 qui
2562 1458 2626 1528 ei
2674 1458 3152 1530 adhaererent.

610 1553 774 1618 Cum
818 1560 1046 1616 autem
1091 1547 1238 1632 jam
1292 1546 1586 1616 venisset
1633 1546 2004 1636 imperium
2042 1545 2125 1616 ad
2171 1547 2671 1629 Constantium,
2727 1546 2962 1618 filium
3028 1554 3159 1618 hla-

606 1637 727 1727 gni
778 1635 1228 1716 Constantini,
1272 1657 1478 1723 quem
1528 1635 1734 1705 etiam
1785 1657 1867 1704 ex
1915 1635 2122 1705 rebus
2170 1636 2379 1725 gestis
2415 1640 2737 1727 Magnum
2792 1651 3154 1714 vocarunt.

607 1725 909 1795 invidiae
959 1736 1171 1815 pater,
1222 1738 1288 1794 et
1337 1722 1539 1794 bonis
1570 1724 1658 1793 ab
1708 1724 1905 1795 initio
1944 1723 2262 1794 invidens
2312 1724 2667 1808 inimicuS,
2731 1747 2867 1796 non
2923 1726 3162 1797 valens

607 1814 1021 1905 persuadere
1059 1813 1489 1894 Christianis,
1544 1826 1620 1883 ut
1665 1834 1745 1882 ea
1787 1813 2218 1914 repellerent,
2270 1835 2449 1900 quae
2480 1829 2679 1884 erant
2731 1815 3160 1886 Christiano-

605 1925 786 1984 rum,
830 1925 947 1994 per
975 1902 1339 1989 quosdam,
1377 1902 1500 1988 qui
1533 1901 1809 1971 fuerant
1861 1901 2150 1992 indigne
2195 1901 2426 1993 adepti
2474 1902 2882 1993 dignitatem
2922 1909 3159 1975 Sacer·

606 1992 801 2069 dotii,
841 2014 914 2061 se
959 1991 1352 2062 Constantio
1391 1991 1805 2071 insinuanS,
1867 2013 2024 2061 eum
2085 2003 2301 2061 totum
2357 2005 2697 2078 quantum
2750 1991 3033 2064 inducit
3078 1993 3158 2063 ad

609 2081 1101 2151 Arianismum.
1158 2081 1334 2149 Hinc
1384 2079 1556 2149 illud
1623 2080 1918 2169 impium
1968 2079 2223 2169 dogma
2271 2080 2679 2151 Arianorum
2713 2134 2733 2161 ,
2797 2093 3159 2170 tamquam

608 2191 802 2239 arma
851 2168 1108 2256 aliqua,
1149 2169 1551 2256 impositum
1591 2169 1928 2257 potentiae
1961 2169 2427 2257 Imperatoris,
2466 2168 2891 2239 dilatabatur
2929 2185 3001 2240 et
3043 2195 3163 2241 au-

610 2258 923 2349 gebatur,
968 2270 1033 2327 et
1093 2270 1730 2344 quantamcumque
1790 2258 2135 2348 regionem
2188 2263 2656 2329 Romanorum
2711 2258 2991 2328 tenebat
3037 2261 3163 2329 im-

609 2347 934 2436 perium,
1023 2366 1143 2436 per
1219 2346 1351 2414 vim
1420 2345 1875 2416 contendebat
1934 2345 2017 2416 ad
2071 2369 2268 2417 suam
2333 2346 2678 2418 adducere
2726 2347 3159 2438 opinionem.

607 2435 687 2506 Id
719 2435 754 2469 ⁴
786 2434 1023 2525 igitur,
1058 2433 1177 2523 qui
1235 2435 1594 2505 Homousii
1645 2437 1967 2507 tenebant
2004 2436 2428 2525 opinionem,
2465 2450 2531 2506 et
2561 2455 2738 2524 quae
2771 2451 2943 2508 sunt
2975 2437 3164 2509 Chri·

609 2525 1017 2604 stianorum,
1061 2523 1489 2604 exercebant,
1528 2537 1603 2595 ut
1660 2525 2083 2596 Christianos
2137 2525 2352 2607 decet,
2412 2525 2899 2595 afficiebantur
2958 2526 3166 2597 malis

608 2612 1268 2697 innumerabilibus,
1322 2613 1616 2683 maxime
1679 2636 1838 2684 cum
1897 2613 2236 2684 Eusebius
2288 2627 2353 2684 et
2411 2614 2776 2715 Philippus
2820 2615 3159 2705 (quorum

608 2704 778 2773 alter
809 2702 1088 2789 quidem
1131 2714 1413 2772 ornatus
1466 2700 1688 2771 fuerat
1736 2703 1991 2774 honore
2040 2702 2437 2794 Praepositi,
2495 2702 2863 2794 Philippus
2926 2716 3158 2774 autem

606 2805 752 2862 erat
799 2790 1183 2861 Praefectus
1231 2791 1620 2881 praetorio),
1652 2790 1947 2862 fuissent
1994 2793 2382 2862 Constantio
2413 2792 2631 2863 fomes
2663 2791 2932 2863 amoris
2971 2794 3166 2863 Aria·

608 2902 883 2950 norum.
938 2880 1056 2951 Isti
1087 2880 1158 2915 *⁴²
1186 2893 1251 2949 et
1300 2880 1571 2949 beatum
1622 2880 1911 2951 Paulum
1960 2902 2038 2950 ex
2090 2881 2203 2950 elli
2248 2881 2335 2951 ab
2383 2880 2708 2961 Ecclesia,
2752 2894 2821 2950 et
2851 2882 3156 2973 impium

607 2970 760 3060 ejus
809 2967 958 3037 loco
1001 2968 1345 3038 introduci
1386 2967 1857 3039 Macedonium
1901 2969 2046 3039 vole
2097 2982 2239 3049 ant,
2278 2983 2343 3039 et
2400 2970 2637 3041 omnia
2690 2969 3075 3052 faciebant,
3124 2993 3161 3039 a

605 3058 865 3145 quibus
901 3058 1183 3144 quidem
1220 3057 1485 3138 verbiS,
1525 3080 1561 3127 a
1609 3058 1867 3144 quibus
1925 3072 2153 3128 autem
2216 3059 2413 3130 factis
2446 3113 2462 3139 ‚
2501 3080 2538 3127 a
2600 3079 2912 3147 quonam
2965 3059 3162 3128 deni·

604 3168 740 3233 que
787 3145 1043 3216 damno
1090 3147 1512 3216 abstinentes
1577 3146 1909 3216 adversus
1968 3169 2085 3218 eos
2146 3149 2266 3234 qui
2332 3160 2609 3218 tuentur
2673 3148 3166 3218 Homousion?

606 3240 772 3304 Nam
824 3234 997 3305 alios
1044 3235 1321 3322 quidem
1373 3235 1747 3306 effecerunt
1818 3235 2207 3324 relinquere
2254 3237 2632 3317 civitatem;
2697 3235 2876 3306 alios
2922 3251 3158 3307 autem

606 3323 1029 3393 damnarunt
1080 3337 1430 3413 perpetuo,
1465 3345 1684 3413 eoque
1732 3324 2013 3413 injusto,
2065 3326 2352 3407 exsilio;
2406 3324 2563 3395 aliis
2611 3346 2767 3395 vero
2819 3347 3164 3416 procura·

606 3425 768 3481 runt
814 3412 1017 3481 etiam
1083 3434 1121 3481 a
1185 3413 1319 3482 vita
1381 3412 1768 3483 decessum.
1833 3415 2010 3484 Hinc
2068 3414 2411 3485 frontibus
2478 3414 2855 3504 inscriptae
2926 3430 3164 3506 turpes

607 3512 830 3579 notae,
883 3500 1125 3569 tacitae
1180 3500 1389 3570 fidem
1426 3501 1902 3590 significantes
1934 3502 2417 3584 orthodoxam,
2462 3516 2528 3573 et
2560 3502 2699 3572 alia
2730 3503 2920 3573 mala
2956 3504 3160 3575 innu-

608 3589 969 3660 merabilia
999 3590 1377 3680 excogitata
1410 3588 1692 3660 fuerunt
1741 3591 2072 3663 adversus
2120 3592 2577 3673 Christianos;
2630 3592 2905 3661 etiamsi
2949 3612 3156 3683 parva

608 3680 1017 3750 videbantur
1058 3679 1190 3769 piis
1237 3680 1472 3748 omnia
1526 3692 1804 3770 propter
1850 3681 2224 3760 Christum,
2276 3694 2341 3751 et
2386 3701 2546 3750 cum
2588 3701 2711 3770 spe
2751 3680 3149 3751 futurorum

605 3790 739 3838 non
791 3767 1227 3837 conserenda.
1287 3767 1464 3837 Hinc
1514 3768 1870 3840 secundus
1900 3769 2005 3804 *μ
2052 3769 2333 3856 quidem
2383 3769 2498 3846 hic
2546 3768 2830 3849 PauluS,
2873 3771 3003 3858 qui
3039 3790 3150 3838 co-

653 3879 898 3928 nomen
950 3856 1194 3927 habuit
1231 3878 1272 3925 a
1318 3855 1771 3937 confessione,
1816 3857 2181 3947 expellitur
2225 3881 2264 3927 a
2316 3857 2485 3928 Sede
2532 3857 3010 3932 Pontificatus.
3053 3855 3141 3926 11-

630 3947 760 4018 otis
807 3957 1064 4026 autem,
1118 3957 1194 4015 ut
1238 3945 1515 4026 dicitur,
1586 3946 1881 4035 pedibus
1935 3969 2135 4017 sacra
2191 3946 2666 4037 profanantur.

690 4037 726 4122 ξ
776 4041 865 4106 2.
924 4038 1183 4104 Horum
1230 4056 1305 4104 er
1354 4056 1394 4105 o
1451 4036 1824 4105 Constantii
1861 4049 2247 4125 temporum
2281 4057 2459 4126 opus
2489 4048 2591 4107 est
2622 4047 2688 4105 et
2730 4035 3148 4114 Marcianus,

602 4136 667 4193 et
723 4124 1128 4213 Martyrius:
1188 4124 1307 4211 qui
1365 4146 1450 4195 us
1485 4124 1707 4214 patria
1740 4124 2019 4211 quidem
2062 4138 2163 4196 est
2203 4126 2372 4195 urbs
2425 4145 2676 4214 magna
2713 4124 2944 4224 regim
2983 4123 3154 4194 edu·

602 4211 779 4281 catio
816 4226 1044 4282 autem
1088 4226 1154 4283 et
1196 4212 1516 4295 eruditio,
1554 4212 1831 4301 qualem
1864 4214 1968 4283 vir
2001 4214 2159 4306 pius
2209 4213 2461 4284 habere
2506 4225 2862 4303 optaverit.
2904 4217 3160 4293 Mores.

659 4373 685 4400 ⁸
712 4372 987 4421 negendam
1011 4370 1224 4413 videtur:
1249 4375 1308 4414 οὺ
1326 4375 1385 4415 td.
1834 4374 1888 4403 ⁸·
1917 4371 2123 4422 scincet,
2142 4375 2315 4416 Ariani.

655 4426 737 4453 ‘W‘
769 4427 869 4476 Quo
886 4426 1005 4469 haec
1025 4436 1113 4466 vox
1136 4426 1377 4477 respiciat.
1395 4424 1534 4468 saone
1553 4437 1650 4468 non
1669 4429 1798 4470 esset
1818 4428 2072 4470 declarare.
