<?xml version="1.0" encoding="UTF-8"?>
<!DOCTYPE html PUBLIC "-//W3C//DTD XHTML 1.0 Transitional//EN"
    "http://www.w3.org/TR/xhtml1/DTD/xhtml1-transitional.dtd">
<html xmlns="http://www.w3.org/1999/xhtml" xml:lang="en" lang="en">
 <head>
  <title>
</title>
<meta http-equiv="Content-Type" content="text/html;charset=utf-8" />
  <meta name='ocr-system' content='tesseract 3.04.00' />
  <meta name='ocr-capabilities' content='ocr_page ocr_carea ocr_par ocr_line ocrx_word'/>
</head>
<body>
  <div class='ocr_page' id='page_1' title='image "./historiaeseuvit03lippgoog_0728.png"; bbox 0 0 3347 4999; ppageno 0'>
   <div class='ocr_carea' id='block_1_1' title="bbox 647 309 3087 379">
    <p class='ocr_par' dir='ltr' id='par_1_1' title="bbox 647 309 3087 379">
     <span class='ocr_line' id='line_1_1' title="bbox 647 309 3087 379; baseline -0.001 0"><span class='ocrx_word' id='word_1_1' title='bbox 647 315 773 379; x_wconf 80' lang='lat'><strong>598</strong></span> <span class='ocrx_word' id='word_1_2' title='bbox 1440 326 1521 376; x_wconf 75' lang='lat' dir='ltr'><strong>Dr.</strong></span> <span class='ocrx_word' id='word_1_3' title='bbox 1569 330 1624 376; x_wconf 90' lang='lat' dir='ltr'><strong>s.</strong></span> <span class='ocrx_word' id='word_1_4' title='bbox 1679 326 1951 376; x_wconf 72' lang='lat' dir='ltr'><strong>Aarssfflo</strong></span> <span class='ocrx_word' id='word_1_5' title='bbox 2001 329 2188 375; x_wconf 65' lang='lat' dir='ltr'><strong>naar.</strong></span> <span class='ocrx_word' id='word_1_6' title='bbox 2776 309 2948 375; x_wconf 83' lang='lat' dir='ltr'><strong>OCT.</strong></span> <span class='ocrx_word' id='word_1_7' title='bbox 3002 312 3087 376; x_wconf 69' lang='lat'><strong>20</strong></span> 
     </span>
    </p>
   </div>
   <div class='ocr_carea' id='block_1_2' title="bbox 560 411 3193 681">
    <p class='ocr_par' dir='ltr' id='par_1_2' title="bbox 560 411 3193 681">
     <span class='ocr_line' id='line_1_2' title="bbox 560 411 3084 504; baseline -0 -21"><span class='ocrx_word' id='word_1_8' title='bbox 560 417 816 497; x_wconf 82' lang='lat' dir='ltr'><strong>virtuS,</strong></span> <span class='ocrx_word' id='word_1_9' title='bbox 871 437 1046 502; x_wconf 91' lang='lat' dir='ltr'><strong>quae</strong></span> <span class='ocrx_word' id='word_1_10' title='bbox 1113 414 1511 503; x_wconf 87' lang='lat' dir='ltr'><strong>alligaverat</strong></span> <span class='ocrx_word' id='word_1_11' title='bbox 1578 412 1992 483; x_wconf 89' lang='lat' dir='ltr'><strong>daemonum</strong></span> <span class='ocrx_word' id='word_1_12' title='bbox 2061 413 2526 504; x_wconf 80' lang='lat' dir='ltr'>operationes:</span> <span class='ocrx_word' id='word_1_13' title='bbox 2584 411 2878 481; x_wconf 79' lang='lat' dir='ltr'>maxime</span> <span class='ocrx_word' id='word_1_14' title='bbox 2924 435 3084 484; x_wconf 92' lang='lat' dir='ltr'><strong>cum</strong></span> 
     </span>
     <span class='ocr_line' id='line_1_3' title="bbox 560 501 3193 593; baseline -0.001 -20"><span class='ocrx_word' id='word_1_15' title='bbox 560 504 875 585; x_wconf 90' lang='lat' dir='ltr'><strong>daemon,</strong></span> <span class='ocrx_word' id='word_1_16' title='bbox 915 504 1034 591; x_wconf 92' lang='lat' dir='ltr'><strong>qui</strong></span> <span class='ocrx_word' id='word_1_17' title='bbox 1068 526 1102 572; x_wconf 88' lang='lat' dir='ltr'><strong>a</strong></span> <span class='ocrx_word' id='word_1_18' title='bbox 1156 502 1310 571; x_wconf 90' lang='lat' dir='ltr'><strong>ebat</strong></span> <span class='ocrx_word' id='word_1_19' title='bbox 1348 501 1756 591; x_wconf 75' lang='lat' dir='ltr'><strong>Apollinem,</strong></span> <span class='ocrx_word' id='word_1_20' title='bbox 1793 502 1855 570; x_wconf 91' lang='lat' dir='ltr'><strong>ei</strong></span> <span class='ocrx_word' id='word_1_21' title='bbox 1895 514 2125 591; x_wconf 87' lang='lat' dir='ltr'><strong>aperte</strong></span> <span class='ocrx_word' id='word_1_22' title='bbox 2158 501 2644 593; x_wconf 80' lang='lat' dir='ltr'><strong>respondisset,</strong></span> <span class='ocrx_word' id='word_1_23' title='bbox 2692 514 2767 570; x_wconf 91' lang='lat' dir='ltr'><strong>ut</strong></span> <span class='ocrx_word' id='word_1_24' title='bbox 2804 501 3081 584; x_wconf 91' lang='lat' dir='ltr'><strong>dicitur,</strong></span> <span class='ocrx_word' id='word_1_25' title='bbox 3178 516 3193 529; x_wconf 86' lang='lat'><strong>·</strong></span> 
     </span>
     <span class='ocr_line' id='line_1_4' title="bbox 562 590 2023 681; baseline -0.005 -16"><span class='ocrx_word' id='word_1_26' title='bbox 562 615 631 665; x_wconf 92' lang='lat' dir='ltr'><strong>se</strong></span> <span class='ocrx_word' id='word_1_27' title='bbox 680 614 815 663; x_wconf 93' lang='lat' dir='ltr'><strong>non</strong></span> <span class='ocrx_word' id='word_1_28' title='bbox 870 613 1066 681; x_wconf 88' lang='lat' dir='ltr'><strong>posse</strong></span> <span class='ocrx_word' id='word_1_29' title='bbox 1142 592 1305 678; x_wconf 90' lang='lat' dir='ltr'><strong>oqui</strong></span> <span class='ocrx_word' id='word_1_30' title='bbox 1356 603 1628 680; x_wconf 89' lang='lat' dir='ltr'><strong>propter</strong></span> <span class='ocrx_word' id='word_1_31' title='bbox 1677 590 2023 679; x_wconf 76' lang='lat' dir='ltr'><strong>Babylarn.</strong></span> 
     </span>
    </p>
   </div>
   <div class='ocr_carea' id='block_1_3' title="bbox 647 677 3205 770">
    <p class='ocr_par' dir='ltr' id='par_1_3' title="bbox 647 677 3205 770">
     <span class='ocr_line' id='line_1_5' title="bbox 647 677 3205 770; baseline -0.004 -16"><span class='ocrx_word' id='word_1_32' title='bbox 647 684 683 770; x_wconf 67' lang='grc' dir='ltr'>ξ</span> <span class='ocrx_word' id='word_1_33' title='bbox 729 685 886 753; x_wconf 72' lang='lat'><strong>85.</strong></span> <span class='ocrx_word' id='word_1_34' title='bbox 941 681 1066 750; x_wconf 87' lang='lat' dir='ltr'><strong>Hic</strong></span> <span class='ocrx_word' id='word_1_35' title='bbox 1103 680 1287 749; x_wconf 90' lang='lat' dir='ltr'><strong>enim</strong></span> <span class='ocrx_word' id='word_1_36' title='bbox 1338 679 1625 769; x_wconf 82' lang='lat' dir='ltr'><strong>Babylas</strong></span> <span class='ocrx_word' id='word_1_37' title='bbox 1663 679 1917 749; x_wconf 89' lang='lat' dir='ltr'><strong>dicitur</strong></span> <span class='ocrx_word' id='word_1_38' title='bbox 1964 680 2243 767; x_wconf 87' lang='lat' dir='ltr'><strong>quidem</strong></span> <span class='ocrx_word' id='word_1_39' title='bbox 2281 678 2491 747; x_wconf 88' lang='lat' dir='ltr'><strong>fuisse</strong></span> <span class='ocrx_word' id='word_1_40' title='bbox 2531 677 2911 767; x_wconf 83' lang='lat' dir='ltr'><strong>Episcopus</strong></span> <span class='ocrx_word' id='word_1_41' title='bbox 2948 683 3087 747; x_wconf 81' lang='lat' dir='ltr'><strong>An-</strong></span> <span class='ocrx_word' id='word_1_42' title='bbox 3189 695 3205 711; x_wconf 71' lang='lat'><strong><em>⁹</em></strong></span> 
     </span>
    </p>
   </div>
   <div class='ocr_carea' id='block_1_4' title="bbox 451 766 3109 4493">
    <p class='ocr_par' dir='ltr' id='par_1_4' title="bbox 451 766 3089 3782">
     <span class='ocr_line' id='line_1_6' title="bbox 562 766 3088 858; baseline -0.001 -18"><span class='ocrx_word' id='word_1_43' title='bbox 562 770 890 840; x_wconf 88' lang='lat' dir='ltr'><strong>tiochiae:</strong></span> <span class='ocrx_word' id='word_1_44' title='bbox 957 768 1447 839; x_wconf 82' lang='lat' dir='ltr'><strong>Numerianum</strong></span> <span class='ocrx_word' id='word_1_45' title='bbox 1525 782 1751 837; x_wconf 90' lang='lat' dir='ltr'><strong>autem</strong></span> <span class='ocrx_word' id='word_1_46' title='bbox 1821 773 2354 858; x_wconf 77' lang='lat' dir='ltr'><strong>Imperatorem,</strong></span> <span class='ocrx_word' id='word_1_47' title='bbox 2432 766 2764 836; x_wconf 89' lang='lat' dir='ltr'><strong>volentem</strong></span> <span class='ocrx_word' id='word_1_48' title='bbox 2817 767 3088 856; x_wconf 82' lang='lat' dir='ltr'><strong>ingredi</strong></span> 
     </span>
     <span class='ocr_line' id='line_1_7' title="bbox 559 854 3080 945; baseline -0.001 -18"><span class='ocrx_word' id='word_1_49' title='bbox 559 859 629 927; x_wconf 91' lang='lat' dir='ltr'><strong>in</strong></span> <span class='ocrx_word' id='word_1_50' title='bbox 682 857 1054 927; x_wconf 84' lang='lat' dir='ltr'><strong>Ecclesiam</strong></span> <span class='ocrx_word' id='word_1_51' title='bbox 1105 857 1670 937; x_wconf 89' lang='lat' dir='ltr'><strong>Christianorum,</strong></span> <span class='ocrx_word' id='word_1_52' title='bbox 1725 857 1795 924; x_wconf 90' lang='lat' dir='ltr'><strong>in</strong></span> <span class='ocrx_word' id='word_1_53' title='bbox 1844 857 2141 943; x_wconf 88' lang='lat' dir='ltr'><strong>quodam</strong></span> <span class='ocrx_word' id='word_1_54' title='bbox 2192 856 2360 926; x_wconf 87' lang='lat' dir='ltr'><strong>festo</strong></span> <span class='ocrx_word' id='word_1_55' title='bbox 2410 868 2597 925; x_wconf 87' lang='lat' dir='ltr'><strong>stans</strong></span> <span class='ocrx_word' id='word_1_56' title='bbox 2635 877 2757 945; x_wconf 91' lang='lat' dir='ltr'><strong>pro</strong></span> <span class='ocrx_word' id='word_1_57' title='bbox 2791 854 3080 936; x_wconf 82' lang='lat' dir='ltr'><strong>foribuS,</strong></span> 
     </span>
     <span class='ocr_line' id='line_1_8' title="bbox 611 943 3085 1037; baseline 0 -21"><span class='ocrx_word' id='word_1_58' title='bbox 611 946 996 1016; x_wconf 91' lang='lat' dir='ltr'><strong>rohibuisse</strong></span> <span class='ocrx_word' id='word_1_59' title='bbox 1036 945 1305 1037; x_wconf 84' lang='lat' dir='ltr'><strong>ingredi</strong></span> <span class='ocrx_word' id='word_1_60' title='bbox 1352 945 1587 1014; x_wconf 90' lang='lat' dir='ltr'><strong>dicens</strong></span> <span class='ocrx_word' id='word_1_61' title='bbox 1635 967 1708 1014; x_wconf 91' lang='lat' dir='ltr'><strong>se</strong></span> <span class='ocrx_word' id='word_1_62' title='bbox 1759 967 1877 1033; x_wconf 93' lang='lat' dir='ltr'><strong>pro</strong></span> <span class='ocrx_word' id='word_1_63' title='bbox 1928 946 2187 1017; x_wconf 87' lang='lat' dir='ltr'><strong>viribus</strong></span> <span class='ocrx_word' id='word_1_64' title='bbox 2239 967 2372 1014; x_wconf 91' lang='lat' dir='ltr'><strong>non</strong></span> <span class='ocrx_word' id='word_1_65' title='bbox 2412 943 2896 1033; x_wconf 88' lang='lat' dir='ltr'><strong>despecturum</strong></span> <span class='ocrx_word' id='word_1_66' title='bbox 2935 966 3085 1016; x_wconf 91' lang='lat' dir='ltr'><strong>esse</strong></span> 
     </span>
     <span class='ocr_line' id='line_1_9' title="bbox 586 1033 3075 1125; baseline -0.002 -19"><span class='ocrx_word' id='word_1_67' title='bbox 586 1058 801 1125; x_wconf 89' lang='lat' dir='ltr'><strong>upum</strong></span> <span class='ocrx_word' id='word_1_68' title='bbox 853 1057 1127 1125; x_wconf 84' lang='lat' dir='ltr'><strong>gregem</strong></span> <span class='ocrx_word' id='word_1_69' title='bbox 1200 1033 1654 1103; x_wconf 73' lang='lat' dir='ltr'><strong>invadentem.</strong></span> <span class='ocrx_word' id='word_1_70' title='bbox 1707 1033 1829 1103; x_wconf 92' lang='lat' dir='ltr'><strong>Ille</strong></span> <span class='ocrx_word' id='word_1_71' title='bbox 1877 1047 2100 1104; x_wconf 90' lang='lat' dir='ltr'><strong>autem</strong></span> <span class='ocrx_word' id='word_1_72' title='bbox 2169 1034 2254 1103; x_wconf 92' lang='lat' dir='ltr'><strong>ab</strong></span> <span class='ocrx_word' id='word_1_73' title='bbox 2311 1035 2625 1123; x_wconf 88' lang='lat' dir='ltr'><strong>ingressu</strong></span> <span class='ocrx_word' id='word_1_74' title='bbox 2685 1045 2847 1102; x_wconf 89' lang='lat' dir='ltr'><strong>tunc</strong></span> <span class='ocrx_word' id='word_1_75' title='bbox 2918 1034 3075 1119; x_wconf 91' lang='lat' dir='ltr'><strong>qui-</strong></span> 
     </span>
     <span class='ocr_line' id='line_1_10' title="bbox 558 1121 3079 1212; baseline -0.001 -19"><span class='ocrx_word' id='word_1_76' title='bbox 558 1124 713 1194; x_wconf 92' lang='lat' dir='ltr'><strong>dem</strong></span> <span class='ocrx_word' id='word_1_77' title='bbox 762 1123 891 1194; x_wconf 85' lang='lat' dir='ltr'><strong>fuit</strong></span> <span class='ocrx_word' id='word_1_78' title='bbox 938 1123 1263 1210; x_wconf 81' lang='lat' dir='ltr'><strong>dejectuS‚</strong></span> <span class='ocrx_word' id='word_1_79' title='bbox 1318 1123 1455 1194; x_wconf 88' lang='lat' dir='ltr'><strong>sive</strong></span> <span class='ocrx_word' id='word_1_80' title='bbox 1502 1122 1684 1209; x_wconf 92' lang='lat' dir='ltr'><strong>quod</strong></span> <span class='ocrx_word' id='word_1_81' title='bbox 1736 1124 2205 1212; x_wconf 88' lang='lat' dir='ltr'><strong>suspicaretur</strong></span> <span class='ocrx_word' id='word_1_82' title='bbox 2250 1122 2553 1191; x_wconf 87' lang='lat' dir='ltr'><strong>suturam</strong></span> <span class='ocrx_word' id='word_1_83' title='bbox 2605 1121 2845 1211; x_wconf 90' lang='lat' dir='ltr'><strong>populi</strong></span> <span class='ocrx_word' id='word_1_84' title='bbox 2896 1121 3079 1191; x_wconf 91' lang='lat' dir='ltr'><strong>sedi-</strong></span> 
     </span>
     <span class='ocr_line' id='line_1_11' title="bbox 561 1210 3083 1301; baseline -0.001 -18"><span class='ocrx_word' id='word_1_85' title='bbox 561 1213 860 1292; x_wconf 80' lang='lat' dir='ltr'><strong>tionem,</strong></span> <span class='ocrx_word' id='word_1_86' title='bbox 938 1212 1077 1282; x_wconf 90' lang='lat' dir='ltr'><strong>sive</strong></span> <span class='ocrx_word' id='word_1_87' title='bbox 1128 1213 1272 1301; x_wconf 89' lang='lat' dir='ltr'><strong>ipse</strong></span> <span class='ocrx_word' id='word_1_88' title='bbox 1318 1233 1588 1299; x_wconf 90' lang='lat' dir='ltr'><strong>quoque</strong></span> <span class='ocrx_word' id='word_1_89' title='bbox 1647 1210 1834 1281; x_wconf 88' lang='lat' dir='ltr'><strong>aliud</strong></span> <span class='ocrx_word' id='word_1_90' title='bbox 1909 1211 2273 1281; x_wconf 91' lang='lat' dir='ltr'><strong>consilium</strong></span> <span class='ocrx_word' id='word_1_91' title='bbox 2340 1212 2649 1300; x_wconf 83' lang='lat' dir='ltr'><strong>cepisset.</strong></span> <span class='ocrx_word' id='word_1_92' title='bbox 2695 1210 3083 1297; x_wconf 81' lang='lat' dir='ltr'><strong>Aegerrime</strong></span> 
     </span>
     <span class='ocr_line' id='line_1_12' title="bbox 557 1298 3085 1389; baseline -0.001 -18"><span class='ocrx_word' id='word_1_93' title='bbox 557 1316 784 1371; x_wconf 89' lang='lat' dir='ltr'><strong>autem</strong></span> <span class='ocrx_word' id='word_1_94' title='bbox 827 1300 981 1370; x_wconf 90' lang='lat' dir='ltr'><strong>tulit</strong></span> <span class='ocrx_word' id='word_1_95' title='bbox 1027 1301 1479 1371; x_wconf 79' lang='lat' dir='ltr'><strong>constantiam</strong></span> <span class='ocrx_word' id='word_1_96' title='bbox 1532 1300 1873 1389; x_wconf 88' lang='lat' dir='ltr'><strong>Episcopi.</strong></span> <span class='ocrx_word' id='word_1_97' title='bbox 1929 1306 2290 1387; x_wconf 88' lang='lat' dir='ltr'><strong>Postquam</strong></span> <span class='ocrx_word' id='word_1_98' title='bbox 2356 1321 2509 1368; x_wconf 88' lang='lat' dir='ltr'><strong>vero</strong></span> <span class='ocrx_word' id='word_1_99' title='bbox 2572 1298 2717 1388; x_wconf 90' lang='lat' dir='ltr'><strong>ipse</strong></span> <span class='ocrx_word' id='word_1_100' title='bbox 2765 1298 3085 1369; x_wconf 84' lang='lat' dir='ltr'><strong>discessit</strong></span> 
     </span>
     <span class='ocr_line' id='line_1_13' title="bbox 559 1388 3081 1479; baseline -0.001 -20"><span class='ocrx_word' id='word_1_101' title='bbox 559 1391 627 1459; x_wconf 93' lang='lat' dir='ltr'><strong>in</strong></span> <span class='ocrx_word' id='word_1_102' title='bbox 669 1391 949 1479; x_wconf 88' lang='lat' dir='ltr'><strong>regiam,</strong></span> <span class='ocrx_word' id='word_1_103' title='bbox 994 1389 1205 1479; x_wconf 90' lang='lat' dir='ltr'><strong>jussit</strong></span> <span class='ocrx_word' id='word_1_104' title='bbox 1241 1411 1396 1457; x_wconf 90' lang='lat' dir='ltr'><strong>eum</strong></span> <span class='ocrx_word' id='word_1_105' title='bbox 1449 1410 1728 1457; x_wconf 91' lang='lat' dir='ltr'><strong>causam</strong></span> <span class='ocrx_word' id='word_1_106' title='bbox 1781 1410 1974 1457; x_wconf 90' lang='lat' dir='ltr'><strong>suam</strong></span> <span class='ocrx_word' id='word_1_107' title='bbox 2027 1388 2495 1467; x_wconf 86' lang='lat' dir='ltr'><strong>defensurum,</strong></span> <span class='ocrx_word' id='word_1_108' title='bbox 2554 1409 2782 1456; x_wconf 89' lang='lat' dir='ltr'><strong>coram</strong></span> <span class='ocrx_word' id='word_1_109' title='bbox 2826 1409 2896 1455; x_wconf 95' lang='lat' dir='ltr'><strong>se</strong></span> <span class='ocrx_word' id='word_1_110' title='bbox 2929 1388 3081 1456; x_wconf 92' lang='lat' dir='ltr'><strong>sisti</strong></span> 
     </span>
     <span class='ocr_line' id='line_1_14' title="bbox 562 1475 3080 1570; baseline -0.002 -22"><span class='ocrx_word' id='word_1_111' title='bbox 562 1501 682 1570; x_wconf 94' lang='lat' dir='ltr'><strong>pro</strong></span> <span class='ocrx_word' id='word_1_112' title='bbox 732 1477 1086 1548; x_wconf 88' lang='lat' dir='ltr'><strong>tribunali.</strong></span> <span class='ocrx_word' id='word_1_113' title='bbox 1142 1482 1305 1546; x_wconf 84' lang='lat' dir='ltr'><strong>Cum</strong></span> <span class='ocrx_word' id='word_1_114' title='bbox 1359 1478 1505 1566; x_wconf 92' lang='lat' dir='ltr'><strong>ipse</strong></span> <span class='ocrx_word' id='word_1_115' title='bbox 1552 1488 1775 1546; x_wconf 90' lang='lat' dir='ltr'><strong>autem</strong></span> <span class='ocrx_word' id='word_1_116' title='bbox 1813 1488 1986 1548; x_wconf 88' lang='lat' dir='ltr'><strong>esset</strong></span> <span class='ocrx_word' id='word_1_117' title='bbox 2021 1476 2418 1565; x_wconf 80' lang='lat' dir='ltr'><strong>productuS,</strong></span> <span class='ocrx_word' id='word_1_118' title='bbox 2461 1476 2760 1566; x_wconf 91' lang='lat' dir='ltr'><strong>primum</strong></span> <span class='ocrx_word' id='word_1_119' title='bbox 2801 1475 3080 1563; x_wconf 89' lang='lat' dir='ltr'><strong>quidem</strong></span> 
     </span>
     <span class='ocr_line' id='line_1_15' title="bbox 559 1563 3082 1655; baseline -0.002 -18"><span class='ocrx_word' id='word_1_120' title='bbox 559 1568 905 1637; x_wconf 90' lang='lat' dir='ltr'><strong>accusavit</strong></span> <span class='ocrx_word' id='word_1_121' title='bbox 966 1566 1370 1647; x_wconf 89' lang='lat' dir='ltr'><strong>audaciam,</strong></span> <span class='ocrx_word' id='word_1_122' title='bbox 1436 1565 1615 1653; x_wconf 91' lang='lat' dir='ltr'><strong>quod</strong></span> <span class='ocrx_word' id='word_1_123' title='bbox 1667 1587 1823 1634; x_wconf 90' lang='lat' dir='ltr'><strong>eum</strong></span> <span class='ocrx_word' id='word_1_124' title='bbox 1888 1588 2100 1636; x_wconf 88' lang='lat' dir='ltr'><strong>ausus</strong></span> <span class='ocrx_word' id='word_1_125' title='bbox 2146 1575 2320 1634; x_wconf 90' lang='lat' dir='ltr'><strong>esset</strong></span> <span class='ocrx_word' id='word_1_126' title='bbox 2389 1564 2782 1655; x_wconf 90' lang='lat' dir='ltr'><strong>prohibere:</strong></span> <span class='ocrx_word' id='word_1_127' title='bbox 2834 1563 3082 1633; x_wconf 89' lang='lat' dir='ltr'><strong>deinde</strong></span> 
     </span>
     <span class='ocr_line' id='line_1_16' title="bbox 549 1653 3083 1747; baseline -0.003 -21"><span class='ocrx_word' id='word_1_128' title='bbox 549 1656 942 1747; x_wconf 85' lang='lat' dir='ltr'><strong>jussiteum</strong></span> <span class='ocrx_word' id='word_1_129' title='bbox 978 1654 1364 1726; x_wconf 87' lang='lat' dir='ltr'><strong>sacrificare</strong></span> <span class='ocrx_word' id='word_1_130' title='bbox 1389 1654 1866 1735; x_wconf 84' lang='lat' dir='ltr'><strong>daemonibuS,</strong></span> <span class='ocrx_word' id='word_1_131' title='bbox 1903 1655 1955 1724; x_wconf 93' lang='lat' dir='ltr'><strong>si</strong></span> <span class='ocrx_word' id='word_1_132' title='bbox 1998 1655 2294 1743; x_wconf 76' lang='lat' dir='ltr'><strong>effugere</strong></span> <span class='ocrx_word' id='word_1_133' title='bbox 2336 1653 2530 1723; x_wconf 87' lang='lat' dir='ltr'><strong>vellet</strong></span> <span class='ocrx_word' id='word_1_134' title='bbox 2572 1674 2824 1742; x_wconf 90' lang='lat' dir='ltr'><strong>poenas</strong></span> <span class='ocrx_word' id='word_1_135' title='bbox 2852 1653 3083 1722; x_wconf 89' lang='lat' dir='ltr'><strong>crimi-</strong></span> 
     </span>
     <span class='ocr_line' id='line_1_17' title="bbox 561 1741 3087 1834; baseline -0.002 -20"><span class='ocrx_word' id='word_1_136' title='bbox 561 1745 879 1814; x_wconf 88' lang='lat' dir='ltr'><strong>nationis.</strong></span> <span class='ocrx_word' id='word_1_137' title='bbox 933 1749 1086 1834; x_wconf 91' lang='lat' dir='ltr'><strong>Ipse</strong></span> <span class='ocrx_word' id='word_1_138' title='bbox 1125 1755 1352 1813; x_wconf 89' lang='lat' dir='ltr'><strong>autem</strong></span> <span class='ocrx_word' id='word_1_139' title='bbox 1395 1742 1744 1833; x_wconf 89' lang='lat' dir='ltr'><strong>respondit</strong></span> <span class='ocrx_word' id='word_1_140' title='bbox 1836 1742 2065 1811; x_wconf 88' lang='lat' dir='ltr'><strong>uidem</strong></span> <span class='ocrx_word' id='word_1_141' title='bbox 2118 1742 2200 1811; x_wconf 90' lang='lat' dir='ltr'><strong>ad</strong></span> <span class='ocrx_word' id='word_1_142' title='bbox 2236 1742 2807 1822; x_wconf 84' lang='lat' dir='ltr'><strong>criminationem,</strong></span> <span class='ocrx_word' id='word_1_143' title='bbox 2850 1741 3087 1831; x_wconf 87' lang='lat' dir='ltr'><strong>rejecit</strong></span> 
     </span>
     <span class='ocr_line' id='line_1_18' title="bbox 559 1765 3079 1920; baseline -0.002 -18"><span class='ocrx_word' id='word_1_144' title='bbox 559 1845 787 1902; x_wconf 92' lang='lat' dir='ltr'><strong>autem</strong></span> <span class='ocrx_word' id='word_1_145' title='bbox 837 1832 1394 1902; x_wconf 83' lang='lat' dir='ltr'><strong>exhortationem:</strong></span> <span class='ocrx_word' id='word_1_146' title='bbox 1436 1831 1621 1901; x_wconf 90' lang='lat' dir='ltr'><strong>illam</strong></span> <span class='ocrx_word' id='word_1_147' title='bbox 1664 1765 1970 1919; x_wconf 68' lang='lat' dir='ltr'><strong>quidem,</strong></span> <span class='ocrx_word' id='word_1_148' title='bbox 2006 1831 2265 1910; x_wconf 79' lang='lat' dir='ltr'><strong>dicenS,</strong></span> <span class='ocrx_word' id='word_1_149' title='bbox 2311 1851 2381 1901; x_wconf 91' lang='lat' dir='ltr'><strong>se</strong></span> <span class='ocrx_word' id='word_1_150' title='bbox 2414 1852 2573 1900; x_wconf 91' lang='lat' dir='ltr'><strong>cum</strong></span> <span class='ocrx_word' id='word_1_151' title='bbox 2613 1842 2788 1900; x_wconf 89' lang='lat' dir='ltr'><strong>esset</strong></span> <span class='ocrx_word' id='word_1_152' title='bbox 2824 1842 3079 1920; x_wconf 89' lang='lat' dir='ltr'><strong>pastor,</strong></span> 
     </span>
     <span class='ocr_line' id='line_1_19' title="bbox 560 1919 3088 2012; baseline -0.002 -21"><span class='ocrx_word' id='word_1_153' title='bbox 560 1934 868 2012; x_wconf 90' lang='lat' dir='ltr'><strong>oportere</strong></span> <span class='ocrx_word' id='word_1_154' title='bbox 934 1921 1100 1990; x_wconf 90' lang='lat' dir='ltr'><strong>velle</strong></span> <span class='ocrx_word' id='word_1_155' title='bbox 1161 1921 1391 1989; x_wconf 90' lang='lat' dir='ltr'><strong>omnia</strong></span> <span class='ocrx_word' id='word_1_156' title='bbox 1459 1920 1770 1990; x_wconf 89' lang='lat' dir='ltr'><strong>lubenter</strong></span> <span class='ocrx_word' id='word_1_157' title='bbox 1821 1920 1954 2009; x_wconf 91' lang='lat' dir='ltr'><strong>pati</strong></span> <span class='ocrx_word' id='word_1_158' title='bbox 2059 1942 2129 1990; x_wconf 91' lang='lat' dir='ltr'><strong>ro</strong></span> <span class='ocrx_word' id='word_1_159' title='bbox 2178 1940 2419 2009; x_wconf 91' lang='lat' dir='ltr'><strong>grege:</strong></span> <span class='ocrx_word' id='word_1_160' title='bbox 2475 1919 2652 1987; x_wconf 86' lang='lat' dir='ltr'><strong>hanc</strong></span> <span class='ocrx_word' id='word_1_161' title='bbox 2702 1931 2954 1999; x_wconf 90' lang='lat' dir='ltr'><strong>autem,</strong></span> <span class='ocrx_word' id='word_1_162' title='bbox 3012 1940 3088 1988; x_wconf 93' lang='lat' dir='ltr'><strong>se</strong></span> 
     </span>
     <span class='ocr_line' id='line_1_20' title="bbox 562 2006 3087 2093; baseline -0.001 -13"><span class='ocrx_word' id='word_1_163' title='bbox 562 2032 696 2081; x_wconf 90' lang='lat' dir='ltr'><strong>non</strong></span> <span class='ocrx_word' id='word_1_164' title='bbox 739 2010 1235 2089; x_wconf 88' lang='lat' dir='ltr'><strong>admissurum,</strong></span> <span class='ocrx_word' id='word_1_165' title='bbox 1287 2021 1370 2077; x_wconf 86' lang='lat' dir='ltr'><strong>ut</strong></span> <span class='ocrx_word' id='word_1_166' title='bbox 1412 2031 1451 2077; x_wconf 92' lang='lat' dir='ltr'><strong>a</strong></span> <span class='ocrx_word' id='word_1_167' title='bbox 1499 2030 1653 2078; x_wconf 91' lang='lat' dir='ltr'><strong>vero</strong></span> <span class='ocrx_word' id='word_1_168' title='bbox 1720 2013 1849 2078; x_wconf 91' lang='lat' dir='ltr'><strong>Deo</strong></span> <span class='ocrx_word' id='word_1_169' title='bbox 1897 2008 1981 2077; x_wconf 92' lang='lat' dir='ltr'><strong>de</strong></span> <span class='ocrx_word' id='word_1_170' title='bbox 2035 2009 2261 2089; x_wconf 90' lang='lat' dir='ltr'><strong>ciens,</strong></span> <span class='ocrx_word' id='word_1_171' title='bbox 2314 2008 2730 2077; x_wconf 87' lang='lat' dir='ltr'><strong>sacrificaret</strong></span> <span class='ocrx_word' id='word_1_172' title='bbox 2778 2007 2895 2088; x_wconf 86' lang='lat' dir='ltr'><strong>iis,</strong></span> <span class='ocrx_word' id='word_1_173' title='bbox 2962 2006 3087 2093; x_wconf 88' lang='lat' dir='ltr'><strong>qui</strong></span> 
     </span>
     <span class='ocr_line' id='line_1_21' title="bbox 559 2095 3086 2186; baseline -0.001 -18"><span class='ocrx_word' id='word_1_174' title='bbox 559 2098 733 2168; x_wconf 84' lang='lat' dir='ltr'><strong>falso</strong></span> <span class='ocrx_word' id='word_1_175' title='bbox 766 2099 862 2167; x_wconf 90' lang='lat' dir='ltr'><strong>dii</strong></span> <span class='ocrx_word' id='word_1_176' title='bbox 891 2098 1241 2178; x_wconf 90' lang='lat' dir='ltr'><strong>dicuntur,</strong></span> <span class='ocrx_word' id='word_1_177' title='bbox 1272 2109 1336 2165; x_wconf 93' lang='lat' dir='ltr'><strong>et</strong></span> <span class='ocrx_word' id='word_1_178' title='bbox 1369 2111 1529 2167; x_wconf 89' lang='lat' dir='ltr'><strong>sunt</strong></span> <span class='ocrx_word' id='word_1_179' title='bbox 1561 2096 1922 2186; x_wconf 88' lang='lat' dir='ltr'><strong>perniciosi</strong></span> <span class='ocrx_word' id='word_1_180' title='bbox 1958 2097 2347 2167; x_wconf 90' lang='lat' dir='ltr'><strong>daemones.</strong></span> <span class='ocrx_word' id='word_1_181' title='bbox 2385 2096 2630 2165; x_wconf 90' lang='lat' dir='ltr'><strong>Deinde</strong></span> <span class='ocrx_word' id='word_1_182' title='bbox 2656 2095 2771 2164; x_wconf 89' lang='lat' dir='ltr'><strong>ille</strong></span> <span class='ocrx_word' id='word_1_183' title='bbox 2801 2095 3086 2182; x_wconf 88' lang='lat' dir='ltr'><strong>quidem</strong></span> 
     </span>
     <span class='ocr_line' id='line_1_22' title="bbox 560 2184 3085 2276; baseline -0.001 -20"><span class='ocrx_word' id='word_1_184' title='bbox 560 2210 717 2257; x_wconf 92' lang='lat' dir='ltr'><strong>cum</strong></span> <span class='ocrx_word' id='word_1_185' title='bbox 775 2186 1028 2256; x_wconf 88' lang='lat' dir='ltr'><strong>videret</strong></span> <span class='ocrx_word' id='word_1_186' title='bbox 1073 2208 1228 2255; x_wconf 91' lang='lat' dir='ltr'><strong>eum</strong></span> <span class='ocrx_word' id='word_1_187' title='bbox 1282 2208 1414 2254; x_wconf 93' lang='lat' dir='ltr'><strong>non</strong></span> <span class='ocrx_word' id='word_1_188' title='bbox 1470 2188 1726 2274; x_wconf 81' lang='lat' dir='ltr'><strong>parere,</strong></span> <span class='ocrx_word' id='word_1_189' title='bbox 1772 2186 2004 2276; x_wconf 87' lang='lat' dir='ltr'><strong>jussit,</strong></span> <span class='ocrx_word' id='word_1_190' title='bbox 2057 2200 2132 2255; x_wconf 91' lang='lat' dir='ltr'><strong>ut</strong></span> <span class='ocrx_word' id='word_1_191' title='bbox 2179 2208 2335 2254; x_wconf 90' lang='lat' dir='ltr'><strong>cum</strong></span> <span class='ocrx_word' id='word_1_192' title='bbox 2386 2208 2543 2254; x_wconf 91' lang='lat' dir='ltr'><strong>eum</strong></span> <span class='ocrx_word' id='word_1_193' title='bbox 2594 2184 2926 2275; x_wconf 87' lang='lat' dir='ltr'><strong>ligassent</strong></span> <span class='ocrx_word' id='word_1_194' title='bbox 2972 2206 3085 2253; x_wconf 91' lang='lat' dir='ltr'><strong>ca-</strong></span> 
     </span>
     <span class='ocr_line' id='line_1_23' title="bbox 562 2272 3085 2364; baseline -0.002 -18"><span class='ocrx_word' id='word_1_195' title='bbox 562 2276 740 2346; x_wconf 88' lang='lat' dir='ltr'><strong>tenis</strong></span> <span class='ocrx_word' id='word_1_196' title='bbox 772 2274 1335 2364; x_wconf 83' lang='lat' dir='ltr'><strong>etcompedibuS,</strong></span> <span class='ocrx_word' id='word_1_197' title='bbox 1389 2274 1471 2342; x_wconf 87' lang='lat' dir='ltr'><strong>ad</strong></span> <span class='ocrx_word' id='word_1_198' title='bbox 1527 2287 1809 2343; x_wconf 90' lang='lat' dir='ltr'><strong>mortem</strong></span> <span class='ocrx_word' id='word_1_199' title='bbox 1857 2274 2205 2354; x_wconf 88' lang='lat' dir='ltr'><strong>ducerent,</strong></span> <span class='ocrx_word' id='word_1_200' title='bbox 2258 2286 2463 2362; x_wconf 92' lang='lat' dir='ltr'><strong>caput</strong></span> <span class='ocrx_word' id='word_1_201' title='bbox 2510 2272 2956 2364; x_wconf 90' lang='lat' dir='ltr'><strong>amputaturi.</strong></span> <span class='ocrx_word' id='word_1_202' title='bbox 3008 2277 3085 2342; x_wconf 82' lang='lat' dir='ltr'><strong>At</strong></span> 
     </span>
     <span class='ocr_line' id='line_1_24' title="bbox 560 2360 3077 2442; baseline -0.002 -9"><span class='ocrx_word' id='word_1_203' title='bbox 560 2364 622 2433; x_wconf 91' lang='lat' dir='ltr'><strong>is</strong></span> <span class='ocrx_word' id='word_1_204' title='bbox 661 2386 816 2432; x_wconf 91' lang='lat' dir='ltr'><strong>cum</strong></span> <span class='ocrx_word' id='word_1_205' title='bbox 857 2363 1222 2432; x_wconf 88' lang='lat' dir='ltr'><strong>duceretur</strong></span> <span class='ocrx_word' id='word_1_206' title='bbox 1258 2363 1651 2442; x_wconf 91' lang='lat' dir='ltr'><strong>moriturus,</strong></span> <span class='ocrx_word' id='word_1_207' title='bbox 1685 2369 2046 2433; x_wconf 86' lang='lat' dir='ltr'><strong>assumens</strong></span> <span class='ocrx_word' id='word_1_208' title='bbox 2079 2364 2324 2432; x_wconf 89' lang='lat' dir='ltr'><strong>cecinit</strong></span> <span class='ocrx_word' id='word_1_209' title='bbox 2355 2363 2519 2432; x_wconf 90' lang='lat' dir='ltr'><strong>haec</strong></span> <span class='ocrx_word' id='word_1_210' title='bbox 2552 2362 2734 2430; x_wconf 89' lang='lat' dir='ltr'><strong>dicta</strong></span> <span class='ocrx_word' id='word_1_211' title='bbox 2782 2360 3077 2430; x_wconf 88' lang='lat' dir='ltr'><strong>Psalmi:</strong></span> 
     </span>
     <span class='ocr_line' id='line_1_25' title="bbox 560 2451 3085 2544; baseline -0.001 -21"><span class='ocrx_word' id='word_1_212' title='bbox 560 2457 971 2531; x_wconf 84' lang='lat' dir='ltr'><strong>Convertere,</strong></span> <span class='ocrx_word' id='word_1_213' title='bbox 1026 2453 1255 2521; x_wconf 70' lang='lat' dir='ltr'><strong>anima</strong></span> <span class='ocrx_word' id='word_1_214' title='bbox 1303 2474 1473 2532; x_wconf 87' lang='lat' dir='ltr'><strong>mea,</strong></span> <span class='ocrx_word' id='word_1_215' title='bbox 1531 2454 1602 2520; x_wconf 78' lang='lat' dir='ltr'><strong>in</strong></span> <span class='ocrx_word' id='word_1_216' title='bbox 1646 2454 1942 2544; x_wconf 80' lang='lat' dir='ltr'><strong>requiem</strong></span> <span class='ocrx_word' id='word_1_217' title='bbox 1992 2463 2202 2534; x_wconf 82' lang='lat' dir='ltr'><strong>tuam,</strong></span> <span class='ocrx_word' id='word_1_218' title='bbox 2255 2454 2569 2544; x_wconf 82' lang='lat' dir='ltr'><strong>quonia-m</strong></span> <span class='ocrx_word' id='word_1_219' title='bbox 2616 2453 2935 2521; x_wconf 80' lang='lat' dir='ltr'><strong>Dominus</strong></span> <span class='ocrx_word' id='word_1_220' title='bbox 2975 2451 3085 2520; x_wconf 82' lang='lat' dir='ltr'><strong>be-</strong></span> 
     </span>
     <span class='ocr_line' id='line_1_26' title="bbox 554 2540 3084 2631; baseline -0.002 -19"><span class='ocrx_word' id='word_1_221' title='bbox 554 2544 796 2631; x_wconf 79' lang='lat' dir='ltr'><strong>nefecit</strong></span> <span class='ocrx_word' id='word_1_222' title='bbox 844 2542 966 2609; x_wconf 79' lang='lat' dir='ltr'><strong>tibi</strong></span> <span class='ocrx_word' id='word_1_223' title='bbox 1006 2541 1218 2629; x_wconf 84' lang='lat' dir='ltr'><strong>(Psal.</strong></span> <span class='ocrx_word' id='word_1_224' title='bbox 1276 2540 1454 2629; x_wconf 65' lang='lat' dir='ltr'><strong>tstt).</strong></span> <span class='ocrx_word' id='word_1_225' title='bbox 1510 2545 1713 2609; x_wconf 88' lang='lat' dir='ltr'><strong>Porro</strong></span> <span class='ocrx_word' id='word_1_226' title='bbox 1776 2555 2001 2610; x_wconf 89' lang='lat' dir='ltr'><strong>autem</strong></span> <span class='ocrx_word' id='word_1_227' title='bbox 2074 2542 2312 2611; x_wconf 92' lang='lat' dir='ltr'><strong>dicunt</strong></span> <span class='ocrx_word' id='word_1_228' title='bbox 2358 2543 2559 2610; x_wconf 86' lang='lat' dir='ltr'><strong>etiam</strong></span> <span class='ocrx_word' id='word_1_229' title='bbox 2640 2552 2772 2610; x_wconf 91' lang='lat' dir='ltr'><strong>tres</strong></span> <span class='ocrx_word' id='word_1_230' title='bbox 2825 2560 3084 2630; x_wconf 88' lang='lat' dir='ltr'><strong>pueros</strong></span> 
     </span>
     <span class='ocr_line' id='line_1_27' title="bbox 562 2628 3086 2722; baseline -0.001 -22"><span class='ocrx_word' id='word_1_231' title='bbox 562 2652 809 2722; x_wconf 86' lang='lat' dir='ltr'><strong>genere</strong></span> <span class='ocrx_word' id='word_1_232' title='bbox 842 2629 1107 2710; x_wconf 86' lang='lat' dir='ltr'><strong>fratres,</strong></span> <span class='ocrx_word' id='word_1_233' title='bbox 1158 2630 1276 2716; x_wconf 90' lang='lat' dir='ltr'><strong>qui</strong></span> <span class='ocrx_word' id='word_1_234' title='bbox 1310 2629 1396 2698; x_wconf 92' lang='lat' dir='ltr'><strong>ab</strong></span> <span class='ocrx_word' id='word_1_235' title='bbox 1431 2628 1716 2698; x_wconf 86' lang='lat' dir='ltr'><strong>infantia</strong></span> <span class='ocrx_word' id='word_1_236' title='bbox 1750 2629 1835 2697; x_wconf 92' lang='lat' dir='ltr'><strong>ab</strong></span> <span class='ocrx_word' id='word_1_237' title='bbox 1887 2652 1965 2699; x_wconf 86' lang='lat' dir='ltr'><strong>eo</strong></span> <span class='ocrx_word' id='word_1_238' title='bbox 2014 2630 2249 2699; x_wconf 89' lang='lat' dir='ltr'><strong>nutriti</strong></span> <span class='ocrx_word' id='word_1_239' title='bbox 2290 2629 2582 2708; x_wconf 86' lang='lat' dir='ltr'><strong>fuerant,</strong></span> <span class='ocrx_word' id='word_1_240' title='bbox 2637 2630 2722 2697; x_wconf 92' lang='lat' dir='ltr'><strong>ab</strong></span> <span class='ocrx_word' id='word_1_241' title='bbox 2771 2633 3086 2718; x_wconf 91' lang='lat' dir='ltr'><strong>Impera-</strong></span> 
     </span>
     <span class='ocr_line' id='line_1_28' title="bbox 560 2716 3083 2819; baseline -0.002 -30"><span class='ocrx_word' id='word_1_242' title='bbox 560 2733 700 2789; x_wconf 86' lang='lat' dir='ltr'><strong>tore</strong></span> <span class='ocrx_word' id='word_1_243' title='bbox 747 2719 961 2819; x_wconf 83' lang='lat' dir='ltr'><strong>fuisse</strong></span> <span class='ocrx_word' id='word_1_244' title='bbox 1003 2740 1172 2819; x_wconf 31' lang='lat' dir='ltr'><strong>‘arre</strong></span> <span class='ocrx_word' id='word_1_245' title='bbox 1228 2731 1350 2800; x_wconf 74' lang='lat' dir='ltr'><strong>toS,</strong></span> <span class='ocrx_word' id='word_1_246' title='bbox 1401 2735 1662 2789; x_wconf 89' lang='lat' dir='ltr'><strong>etcum</strong></span> <span class='ocrx_word' id='word_1_247' title='bbox 1728 2739 1849 2787; x_wconf 91' lang='lat' dir='ltr'><strong>nec</strong></span> <span class='ocrx_word' id='word_1_248' title='bbox 1899 2717 1998 2787; x_wconf 89' lang='lat' dir='ltr'><strong>illi</strong></span> <span class='ocrx_word' id='word_1_249' title='bbox 2046 2719 2321 2806; x_wconf 90' lang='lat' dir='ltr'><strong>quidem</strong></span> <span class='ocrx_word' id='word_1_250' title='bbox 2392 2718 2762 2788; x_wconf 91' lang='lat' dir='ltr'><strong>voluissent</strong></span> <span class='ocrx_word' id='word_1_251' title='bbox 2811 2716 3083 2787; x_wconf 87' lang='lat' dir='ltr'><strong>sacrifi-</strong></span> 
     </span>
     <span class='ocr_line' id='line_1_29' title="bbox 557 2806 3088 2897; baseline -0.002 -19"><span class='ocrx_word' id='word_1_252' title='bbox 557 2830 736 2889; x_wconf 90' lang='lat' dir='ltr'><strong>care,</strong></span> <span class='ocrx_word' id='word_1_253' title='bbox 791 2821 913 2877; x_wconf 78' lang='lat' dir='ltr'><strong>etst</strong></span> <span class='ocrx_word' id='word_1_254' title='bbox 957 2829 1056 2876; x_wconf 77' lang='lat' dir='ltr'><strong>eis</strong></span> <span class='ocrx_word' id='word_1_255' title='bbox 1104 2830 1140 2875; x_wconf 92' lang='lat' dir='ltr'><strong>a</strong></span> <span class='ocrx_word' id='word_1_256' title='bbox 1198 2819 1422 2876; x_wconf 87' lang='lat' dir='ltr'><strong>eretur</strong></span> <span class='ocrx_word' id='word_1_257' title='bbox 1467 2808 1693 2876; x_wconf 88' lang='lat' dir='ltr'><strong>omnis</strong></span> <span class='ocrx_word' id='word_1_258' title='bbox 1743 2810 2130 2889; x_wconf 88' lang='lat' dir='ltr'><strong>necessitas,</strong></span> <span class='ocrx_word' id='word_1_259' title='bbox 2188 2808 2414 2897; x_wconf 90' lang='lat' dir='ltr'><strong>ipsum</strong></span> <span class='ocrx_word' id='word_1_260' title='bbox 2470 2827 2742 2894; x_wconf 91' lang='lat' dir='ltr'><strong>quoque</strong></span> <span class='ocrx_word' id='word_1_261' title='bbox 2788 2806 3088 2895; x_wconf 90' lang='lat' dir='ltr'><strong>jussisse</strong></span> 
     </span>
     <span class='ocr_line' id='line_1_30' title="bbox 557 2892 3087 2986; baseline -0.002 -20"><span class='ocrx_word' id='word_1_262' title='bbox 557 2902 1072 2986; x_wconf 87' lang='lat' dir='ltr'><strong>Imperatorem,</strong></span> <span class='ocrx_word' id='word_1_263' title='bbox 1110 2896 1209 2965; x_wconf 93' lang='lat' dir='ltr'><strong>eis</strong></span> <span class='ocrx_word' id='word_1_264' title='bbox 1256 2895 1472 2965; x_wconf 90' lang='lat' dir='ltr'><strong>adimi</strong></span> <span class='ocrx_word' id='word_1_265' title='bbox 1518 2896 1766 2986; x_wconf 89' lang='lat' dir='ltr'><strong>capita.</strong></span> <span class='ocrx_word' id='word_1_266' title='bbox 1821 2901 2025 2978; x_wconf 86' lang='lat' dir='ltr'><strong>Quos,</strong></span> <span class='ocrx_word' id='word_1_267' title='bbox 2083 2908 2440 2986; x_wconf 88' lang='lat' dir='ltr'><strong>postquam</strong></span> <span class='ocrx_word' id='word_1_268' title='bbox 2490 2907 2821 2964; x_wconf 89' lang='lat' dir='ltr'><strong>venerunt</strong></span> <span class='ocrx_word' id='word_1_269' title='bbox 2878 2895 2946 2962; x_wconf 90' lang='lat' dir='ltr'><strong>in</strong></span> <span class='ocrx_word' id='word_1_270' title='bbox 2987 2892 3087 2963; x_wconf 89' lang='lat' dir='ltr'><strong>lo·</strong></span> 
     </span>
     <span class='ocr_line' id='line_1_31' title="bbox 558 2982 3083 3076; baseline -0.002 -21"><span class='ocrx_word' id='word_1_271' title='bbox 558 3008 714 3056; x_wconf 91' lang='lat' dir='ltr'><strong>cum</strong></span> <span class='ocrx_word' id='word_1_272' title='bbox 787 2986 1263 3076; x_wconf 89' lang='lat' dir='ltr'><strong>propositum,</strong></span> <span class='ocrx_word' id='word_1_273' title='bbox 1320 2983 1609 3073; x_wconf 88' lang='lat' dir='ltr'><strong>Babylas</strong></span> <span class='ocrx_word' id='word_1_274' title='bbox 1658 2997 1815 3052; x_wconf 90' lang='lat' dir='ltr'><strong>ante</strong></span> <span class='ocrx_word' id='word_1_275' title='bbox 1875 3007 1945 3053; x_wconf 93' lang='lat' dir='ltr'><strong>se</strong></span> <span class='ocrx_word' id='word_1_276' title='bbox 2007 2997 2359 3065; x_wconf 91' lang='lat' dir='ltr'><strong>statuens,</strong></span> <span class='ocrx_word' id='word_1_277' title='bbox 2431 2984 2687 3074; x_wconf 91' lang='lat' dir='ltr'><strong>priores</strong></span> <span class='ocrx_word' id='word_1_278' title='bbox 2750 2983 2947 3052; x_wconf 83' lang='lat' dir='ltr'><strong>duxit</strong></span> <span class='ocrx_word' id='word_1_279' title='bbox 2993 2982 3083 3052; x_wconf 90' lang='lat' dir='ltr'><strong>ad</strong></span> 
     </span>
     <span class='ocr_line' id='line_1_32' title="bbox 558 3073 3082 3165; baseline -0.002 -23"><span class='ocrx_word' id='word_1_280' title='bbox 558 3074 920 3165; x_wconf 89' lang='lat' dir='ltr'><strong>gladium,</strong></span> <span class='ocrx_word' id='word_1_281' title='bbox 990 3095 1072 3142; x_wconf 92' lang='lat' dir='ltr'><strong>ne</strong></span> <span class='ocrx_word' id='word_1_282' title='bbox 1136 3075 1290 3160; x_wconf 90' lang='lat' dir='ltr'><strong>quis</strong></span> <span class='ocrx_word' id='word_1_283' title='bbox 1355 3095 1589 3142; x_wconf 88' lang='lat' dir='ltr'><strong>eorum</strong></span> <span class='ocrx_word' id='word_1_284' title='bbox 1666 3073 1906 3142; x_wconf 90' lang='lat' dir='ltr'><strong>timore</strong></span> <span class='ocrx_word' id='word_1_285' title='bbox 1972 3073 2294 3153; x_wconf 81' lang='lat' dir='ltr'><strong>aflectus,</strong></span> <span class='ocrx_word' id='word_1_286' title='bbox 2367 3087 2651 3142; x_wconf 92' lang='lat' dir='ltr'><strong>mortem</strong></span> <span class='ocrx_word' id='word_1_287' title='bbox 2708 3084 3082 3143; x_wconf 86' lang='lat' dir='ltr'><strong>recusaret.</strong></span> 
     </span>
     <span class='ocr_line' id='line_1_33' title="bbox 558 3159 3089 3252; baseline 0 -20"><span class='ocrx_word' id='word_1_288' title='bbox 558 3168 862 3250; x_wconf 89' lang='lat' dir='ltr'><strong>Cumque</strong></span> <span class='ocrx_word' id='word_1_289' title='bbox 909 3183 1143 3231; x_wconf 89' lang='lat' dir='ltr'><strong>eorum</strong></span> <span class='ocrx_word' id='word_1_290' title='bbox 1194 3162 1414 3252; x_wconf 87' lang='lat' dir='ltr'><strong>capita</strong></span> <span class='ocrx_word' id='word_1_291' title='bbox 1451 3161 1740 3230; x_wconf 84' lang='lat' dir='ltr'><strong>fuissent</strong></span> <span class='ocrx_word' id='word_1_292' title='bbox 1772 3175 2147 3252; x_wconf 86' lang='lat' dir='ltr'><strong>amputata,</strong></span> <span class='ocrx_word' id='word_1_293' title='bbox 2198 3173 2554 3250; x_wconf 89' lang='lat' dir='ltr'><strong>postquam</strong></span> <span class='ocrx_word' id='word_1_294' title='bbox 2590 3160 2766 3230; x_wconf 88' lang='lat' dir='ltr'><strong>hanc</strong></span> <span class='ocrx_word' id='word_1_295' title='bbox 2799 3159 3089 3232; x_wconf 84' lang='lat' dir='ltr'><strong>dixisset</strong></span> 
     </span>
     <span class='ocr_line' id='line_1_34' title="bbox 558 3250 3085 3340; baseline 0 -23"><span class='ocrx_word' id='word_1_296' title='bbox 558 3272 786 3319; x_wconf 86' lang='lat' dir='ltr'><strong>vocem</strong></span> <span class='ocrx_word' id='word_1_297' title='bbox 817 3273 828 3316; x_wconf 89' lang='lat'><strong>:</strong></span> <span class='ocrx_word' id='word_1_298' title='bbox 876 3273 910 3315; x_wconf 88' lang='lat'>«</span> <span class='ocrx_word' id='word_1_299' title='bbox 948 3256 1113 3320; x_wconf 88' lang='lat' dir='ltr'><strong>Ecce</strong></span> <span class='ocrx_word' id='word_1_300' title='bbox 1142 3272 1267 3340; x_wconf 91' lang='lat' dir='ltr'><strong>ego</strong></span> <span class='ocrx_word' id='word_1_301' title='bbox 1299 3264 1364 3319; x_wconf 89' lang='lat' dir='ltr'><strong>et</strong></span> <span class='ocrx_word' id='word_1_302' title='bbox 1396 3252 1610 3338; x_wconf 90' lang='lat' dir='ltr'><strong>pueri,</strong></span> <span class='ocrx_word' id='word_1_303' title='bbox 1665 3272 1838 3336; x_wconf 88' lang='lat' dir='ltr'><strong>quos</strong></span> <span class='ocrx_word' id='word_1_304' title='bbox 1887 3251 2056 3319; x_wconf 88' lang='lat' dir='ltr'><strong>mihi</strong></span> <span class='ocrx_word' id='word_1_305' title='bbox 2092 3251 2278 3320; x_wconf 92' lang='lat' dir='ltr'><strong>dedit</strong></span> <span class='ocrx_word' id='word_1_306' title='bbox 2312 3255 2519 3319; x_wconf 86' lang='lat' dir='ltr'><strong>Deus:</strong></span> <span class='ocrx_word' id='word_1_307' title='bbox 2560 3273 2595 3317; x_wconf 89' lang='lat'>»</span> <span class='ocrx_word' id='word_1_308' title='bbox 2631 3250 2778 3339; x_wconf 90' lang='lat' dir='ltr'><strong>ipse</strong></span> <span class='ocrx_word' id='word_1_309' title='bbox 2806 3269 3085 3336; x_wconf 89' lang='lat' dir='ltr'><strong>quoque</strong></span> 
     </span>
     <span class='ocr_line' id='line_1_35' title="bbox 451 3337 3078 3428; baseline -0.001 -21"><span class='ocrx_word' id='word_1_310' title='bbox 451 3339 460 3347; x_wconf 82' lang='grc'><strong><em>’</em></strong></span> <span class='ocrx_word' id='word_1_311' title='bbox 559 3338 810 3407; x_wconf 90' lang='lat' dir='ltr'><strong>deinde</strong></span> <span class='ocrx_word' id='word_1_312' title='bbox 881 3360 1085 3408; x_wconf 90' lang='lat' dir='ltr'><strong>suum</strong></span> <span class='ocrx_word' id='word_1_313' title='bbox 1154 3339 1447 3428; x_wconf 88' lang='lat' dir='ltr'><strong>porrexit</strong></span> <span class='ocrx_word' id='word_1_314' title='bbox 1513 3337 1812 3419; x_wconf 89' lang='lat' dir='ltr'><strong>collum,</strong></span> <span class='ocrx_word' id='word_1_315' title='bbox 1875 3350 1951 3409; x_wconf 91' lang='lat' dir='ltr'><strong>ut</strong></span> <span class='ocrx_word' id='word_1_316' title='bbox 2015 3361 2178 3411; x_wconf 85' lang='lat' dir='ltr'><strong>ense</strong></span> <span class='ocrx_word' id='word_1_317' title='bbox 2239 3352 2857 3418; x_wconf 89' lang='lat' dir='ltr'><strong>consummaretur,</strong></span> <span class='ocrx_word' id='word_1_318' title='bbox 2918 3357 3078 3405; x_wconf 88' lang='lat' dir='ltr'><strong>cum</strong></span> 
     </span>
     <span class='ocr_line' id='line_1_36' title="bbox 559 3427 3072 3518; baseline -0.001 -23"><span class='ocrx_word' id='word_1_319' title='bbox 559 3428 752 3518; x_wconf 89' lang='lat' dir='ltr'><strong>prius</strong></span> <span class='ocrx_word' id='word_1_320' title='bbox 794 3427 1116 3512; x_wconf 87' lang='lat' dir='ltr'><strong>jussisset</strong></span> <span class='ocrx_word' id='word_1_321' title='bbox 1185 3428 1267 3496; x_wconf 92' lang='lat' dir='ltr'><strong>iis</strong></span> <span class='ocrx_word' id='word_1_322' title='bbox 1315 3428 1433 3514; x_wconf 90' lang='lat' dir='ltr'><strong>qui</strong></span> <span class='ocrx_word' id='word_1_323' title='bbox 1493 3449 1747 3517; x_wconf 91' lang='lat' dir='ltr'><strong>corpus</strong></span> <span class='ocrx_word' id='word_1_324' title='bbox 1805 3427 1953 3515; x_wconf 85' lang='lat' dir='ltr'><strong>ejus</strong></span> <span class='ocrx_word' id='word_1_325' title='bbox 2001 3441 2195 3497; x_wconf 87' lang='lat' dir='ltr'><strong>erant</strong></span> <span class='ocrx_word' id='word_1_326' title='bbox 2242 3427 2621 3508; x_wconf 91' lang='lat' dir='ltr'><strong>collecturi,</strong></span> <span class='ocrx_word' id='word_1_327' title='bbox 2688 3440 2958 3496; x_wconf 86' lang='lat' dir='ltr'><strong>catenas</strong></span> <span class='ocrx_word' id='word_1_328' title='bbox 3006 3435 3072 3493; x_wconf 91' lang='lat' dir='ltr'><strong>et</strong></span> 
     </span>
     <span class='ocr_line' id='line_1_37' title="bbox 557 3511 3072 3605; baseline -0.002 -20"><span class='ocrx_word' id='word_1_329' title='bbox 557 3514 924 3605; x_wconf 85' lang='lat' dir='ltr'><strong>compedes</strong></span> <span class='ocrx_word' id='word_1_330' title='bbox 970 3537 1126 3584; x_wconf 91' lang='lat' dir='ltr'><strong>cum</strong></span> <span class='ocrx_word' id='word_1_331' title='bbox 1192 3537 1269 3584; x_wconf 92' lang='lat' dir='ltr'><strong>eo</strong></span> <span class='ocrx_word' id='word_1_332' title='bbox 1329 3516 1658 3605; x_wconf 90' lang='lat' dir='ltr'><strong>sepelire:</strong></span> <span class='ocrx_word' id='word_1_333' title='bbox 1715 3527 1786 3586; x_wconf 89' lang='lat' dir='ltr'><strong>ut</strong></span> <span class='ocrx_word' id='word_1_334' title='bbox 1835 3516 1994 3597; x_wconf 91' lang='lat' dir='ltr'><strong>sint,</strong></span> <span class='ocrx_word' id='word_1_335' title='bbox 2058 3517 2302 3603; x_wconf 89' lang='lat' dir='ltr'><strong>inquit,</strong></span> <span class='ocrx_word' id='word_1_336' title='bbox 2346 3515 2519 3597; x_wconf 62' lang='lat' dir='ltr'><strong>⁸haec</strong></span> <span class='ocrx_word' id='word_1_337' title='bbox 2575 3537 2847 3603; x_wconf 84' lang='lat' dir='ltr'><strong>quoque</strong></span> <span class='ocrx_word' id='word_1_338' title='bbox 2905 3511 3072 3581; x_wconf 91' lang='lat' dir='ltr'><strong>mihi</strong></span> 
     </span>
     <span class='ocr_line' id='line_1_38' title="bbox 548 3604 3084 3705; baseline -0.001 -32"><span class='ocrx_word' id='word_1_339' title='bbox 548 3604 807 3705; x_wconf 80' lang='lat' dir='ltr'><strong>jacenti</strong></span> <span class='ocrx_word' id='word_1_340' title='bbox 865 3617 1290 3673; x_wconf 89' lang='lat' dir='ltr'><strong>ornamento.</strong></span> <span class='ocrx_word' id='word_1_341' title='bbox 1341 3610 1552 3691; x_wconf 77' lang='lat' dir='ltr'><strong>Atque</strong></span> <span class='ocrx_word' id='word_1_342' title='bbox 1583 3626 1742 3673; x_wconf 88' lang='lat' dir='ltr'><strong>curn</strong></span> <span class='ocrx_word' id='word_1_343' title='bbox 1792 3605 1891 3673; x_wconf 92' lang='lat' dir='ltr'><strong>eis</strong></span> <span class='ocrx_word' id='word_1_344' title='bbox 1924 3605 2205 3693; x_wconf 87' lang='lat' dir='ltr'><strong>quidem</strong></span> <span class='ocrx_word' id='word_1_345' title='bbox 2271 3616 2449 3675; x_wconf 88' lang='lat' dir='ltr'><strong>certe</strong></span> <span class='ocrx_word' id='word_1_346' title='bbox 2494 3604 2724 3674; x_wconf 87' lang='lat' dir='ltr'><strong>adhuc</strong></span> <span class='ocrx_word' id='word_1_347' title='bbox 2763 3606 2965 3694; x_wconf 88' lang='lat' dir='ltr'><strong>jacet,</strong></span> <span class='ocrx_word' id='word_1_348' title='bbox 3002 3612 3084 3671; x_wconf 89' lang='lat' dir='ltr'><strong>ut</strong></span> 
     </span>
     <span class='ocr_line' id='line_1_39' title="bbox 556 3707 774 3782; baseline -0.009 -19"><span class='ocrx_word' id='word_1_349' title='bbox 556 3707 774 3782; x_wconf 72' lang='lat' dir='ltr'><strong>ajunt.</strong></span> 
     </span>
    </p>

    <p class='ocr_par' dir='ltr' id='par_1_5' title="bbox 554 3779 3109 4493">
     <span class='ocr_line' id='line_1_40' title="bbox 642 3779 3089 3869; baseline -0.002 -15"><span class='ocrx_word' id='word_1_350' title='bbox 642 3785 679 3869; x_wconf 66' lang='grc' dir='ltr'><strong>ξ</strong></span> <span class='ocrx_word' id='word_1_351' title='bbox 726 3786 891 3854; x_wconf 70' lang='lat'><strong>88.</strong></span> <span class='ocrx_word' id='word_1_352' title='bbox 931 3786 1130 3851; x_wconf 90' lang='lat' dir='ltr'><strong>Hunc</strong></span> <span class='ocrx_word' id='word_1_353' title='bbox 1171 3795 1396 3850; x_wconf 77' lang='lat' dir='ltr'><strong>autern</strong></span> <span class='ocrx_word' id='word_1_354' title='bbox 1448 3780 1774 3868; x_wconf 86' lang='lat' dir='ltr'><strong>Babylam</strong></span> <span class='ocrx_word' id='word_1_355' title='bbox 1824 3803 1983 3852; x_wconf 90' lang='lat' dir='ltr'><strong>cum</strong></span> <span class='ocrx_word' id='word_1_356' title='bbox 2034 3783 2120 3852; x_wconf 93' lang='lat' dir='ltr'><strong>ab</strong></span> <span class='ocrx_word' id='word_1_357' title='bbox 2169 3781 2459 3852; x_wconf 87' lang='lat' dir='ltr'><strong>Eusebio</strong></span> <span class='ocrx_word' id='word_1_358' title='bbox 2506 3780 2837 3851; x_wconf 91' lang='lat' dir='ltr'><strong>audiisset</strong></span> <span class='ocrx_word' id='word_1_359' title='bbox 2866 3779 3089 3849; x_wconf 81' lang='lat' dir='ltr'><strong>Julia-</strong></span> 
     </span>
     <span class='ocr_line' id='line_1_41' title="bbox 554 3867 3093 3960; baseline -0.002 -20"><span class='ocrx_word' id='word_1_360' title='bbox 554 3894 687 3943; x_wconf 90' lang='lat' dir='ltr'><strong>nus</strong></span> <span class='ocrx_word' id='word_1_361' title='bbox 750 3892 898 3940; x_wconf 89' lang='lat' dir='ltr'><strong>esse</strong></span> <span class='ocrx_word' id='word_1_362' title='bbox 944 3870 1436 3960; x_wconf 88' lang='lat' dir='ltr'><strong>impedimento</strong></span> <span class='ocrx_word' id='word_1_363' title='bbox 1489 3870 1756 3951; x_wconf 75' lang='lat' dir='ltr'><strong>statuiS,</strong></span> <span class='ocrx_word' id='word_1_364' title='bbox 1823 3890 1958 3957; x_wconf 90' lang='lat' dir='ltr'><strong>quo</strong></span> <span class='ocrx_word' id='word_1_365' title='bbox 2018 3873 2250 3940; x_wconf 88' lang='lat' dir='ltr'><strong>minus</strong></span> <span class='ocrx_word' id='word_1_366' title='bbox 2317 3868 2812 3960; x_wconf 91' lang='lat' dir='ltr'><strong>respondeant,</strong></span> <span class='ocrx_word' id='word_1_367' title='bbox 2871 3867 3093 3959; x_wconf 88' lang='lat' dir='ltr'><strong>jussit</strong></span> 
     </span>
     <span class='ocr_line' id='line_1_42' title="bbox 554 3957 3093 4060; baseline -0.001 -31"><span class='ocrx_word' id='word_1_368' title='bbox 554 3961 778 4030; x_wconf 90' lang='lat' dir='ltr'><strong>statim</strong></span> <span class='ocrx_word' id='word_1_369' title='bbox 830 3960 983 4048; x_wconf 87' lang='lat' dir='ltr'><strong>ejus</strong></span> <span class='ocrx_word' id='word_1_370' title='bbox 1012 3981 1291 4049; x_wconf 87' lang='lat' dir='ltr'><strong>capsam</strong></span> <span class='ocrx_word' id='word_1_371' title='bbox 1339 3958 1470 4060; x_wconf 76' lang='lat' dir='ltr'><strong>(est</strong></span> <span class='ocrx_word' id='word_1_372' title='bbox 1518 3970 1747 4028; x_wconf 92' lang='lat' dir='ltr'><strong>autem</strong></span> <span class='ocrx_word' id='word_1_373' title='bbox 1784 3981 1819 4027; x_wconf 89' lang='lat' dir='ltr'><strong>e</strong></span> <span class='ocrx_word' id='word_1_374' title='bbox 1855 3958 2082 4049; x_wconf 89' lang='lat' dir='ltr'><strong>lapide</strong></span> <span class='ocrx_word' id='word_1_375' title='bbox 2118 3958 2444 4048; x_wconf 83' lang='lat' dir='ltr'><strong>maximo)</strong></span> <span class='ocrx_word' id='word_1_376' title='bbox 2475 3980 2514 4027; x_wconf 92' lang='lat' dir='ltr'><strong>a</strong></span> <span class='ocrx_word' id='word_1_377' title='bbox 2550 3957 2832 4048; x_wconf 90' lang='lat' dir='ltr'><strong>Daphne</strong></span> <span class='ocrx_word' id='word_1_378' title='bbox 2866 3971 3093 4027; x_wconf 92' lang='lat' dir='ltr'><strong>trans-</strong></span> 
     </span>
     <span class='ocr_line' id='line_1_43' title="bbox 554 4046 3098 4138; baseline -0.002 -20"><span class='ocrx_word' id='word_1_379' title='bbox 554 4048 750 4118; x_wconf 79' lang='lat' dir='ltr'><strong>ferre.</strong></span> <span class='ocrx_word' id='word_1_380' title='bbox 805 4048 1040 4118; x_wconf 89' lang='lat' dir='ltr'><strong>Statim</strong></span> <span class='ocrx_word' id='word_1_381' title='bbox 1090 4069 1251 4138; x_wconf 89' lang='lat' dir='ltr'><strong>ergo</strong></span> <span class='ocrx_word' id='word_1_382' title='bbox 1315 4048 1607 4117; x_wconf 77' lang='lat' dir='ltr'><strong>civitatis</strong></span> <span class='ocrx_word' id='word_1_383' title='bbox 1672 4046 1947 4138; x_wconf 87' lang='lat' dir='ltr'><strong>profusa</strong></span> <span class='ocrx_word' id='word_1_384' title='bbox 2018 4047 2424 4129; x_wconf 88' lang='lat' dir='ltr'><strong>multitudo,</strong></span> <span class='ocrx_word' id='word_1_385' title='bbox 2476 4058 2551 4116; x_wconf 91' lang='lat' dir='ltr'><strong>ut</strong></span> <span class='ocrx_word' id='word_1_386' title='bbox 2604 4068 2780 4134; x_wconf 91' lang='lat' dir='ltr'><strong>quae</strong></span> <span class='ocrx_word' id='word_1_387' title='bbox 2836 4066 3098 4136; x_wconf 86' lang='lat' dir='ltr'><strong>magna</strong></span> 
     </span>
     <span class='ocr_line' id='line_1_44' title="bbox 554 4136 3089 4226; baseline -0.002 -20"><span class='ocrx_word' id='word_1_388' title='bbox 554 4136 639 4206; x_wconf 91' lang='lat' dir='ltr'><strong>de</strong></span> <span class='ocrx_word' id='word_1_389' title='bbox 686 4158 893 4206; x_wconf 87' lang='lat' dir='ltr'><strong>causa</strong></span> <span class='ocrx_word' id='word_1_390' title='bbox 933 4136 1303 4216; x_wconf 90' lang='lat' dir='ltr'><strong>accederet,</strong></span> <span class='ocrx_word' id='word_1_391' title='bbox 1347 4136 1654 4206; x_wconf 88' lang='lat' dir='ltr'><strong>trahebat</strong></span> <span class='ocrx_word' id='word_1_392' title='bbox 1712 4158 2016 4226; x_wconf 89' lang='lat' dir='ltr'><strong>capsam.</strong></span> <span class='ocrx_word' id='word_1_393' title='bbox 2071 4136 2196 4206; x_wconf 91' lang='lat' dir='ltr'><strong>llla</strong></span> <span class='ocrx_word' id='word_1_394' title='bbox 2241 4148 2493 4216; x_wconf 90' lang='lat' dir='ltr'><strong>autem,</strong></span> <span class='ocrx_word' id='word_1_395' title='bbox 2549 4147 2901 4222; x_wconf 88' lang='lat' dir='ltr'><strong>tamquam</strong></span> <span class='ocrx_word' id='word_1_396' title='bbox 2947 4155 3089 4203; x_wconf 92' lang='lat' dir='ltr'><strong>non</strong></span> 
     </span>
     <span class='ocr_line' id='line_1_45' title="bbox 555 4224 3093 4316; baseline -0.002 -22"><span class='ocrx_word' id='word_1_397' title='bbox 555 4225 777 4314; x_wconf 89' lang='lat' dir='ltr'><strong>magis</strong></span> <span class='ocrx_word' id='word_1_398' title='bbox 825 4226 1204 4295; x_wconf 89' lang='lat' dir='ltr'><strong>traheretur</strong></span> <span class='ocrx_word' id='word_1_399' title='bbox 1250 4224 1337 4294; x_wconf 88' lang='lat' dir='ltr'><strong>ab</strong></span> <span class='ocrx_word' id='word_1_400' title='bbox 1384 4225 1825 4306; x_wconf 75' lang='lat' dir='ltr'><strong>hominibUS,</strong></span> <span class='ocrx_word' id='word_1_401' title='bbox 1878 4247 2087 4312; x_wconf 91' lang='lat' dir='ltr'><strong>quam</strong></span> <span class='ocrx_word' id='word_1_402' title='bbox 2135 4248 2175 4294; x_wconf 90' lang='lat' dir='ltr'><strong>a</strong></span> <span class='ocrx_word' id='word_1_403' title='bbox 2228 4224 2597 4316; x_wconf 91' lang='lat' dir='ltr'><strong>potentiore</strong></span> <span class='ocrx_word' id='word_1_404' title='bbox 2627 4280 2642 4306; x_wconf 96' lang='lat'><strong>,</strong></span> <span class='ocrx_word' id='word_1_405' title='bbox 2711 4244 2887 4311; x_wconf 91' lang='lat' dir='ltr'><strong>quae</strong></span> <span class='ocrx_word' id='word_1_406' title='bbox 2933 4242 3093 4292; x_wconf 88' lang='lat' dir='ltr'><strong>eam</strong></span> 
     </span>
     <span class='ocr_line' id='line_1_46' title="bbox 555 4309 3104 4401; baseline -0.001 -20"><span class='ocrx_word' id='word_1_407' title='bbox 555 4313 910 4394; x_wconf 89' lang='lat' dir='ltr'><strong>movebat,</strong></span> <span class='ocrx_word' id='word_1_408' title='bbox 968 4315 1257 4395; x_wconf 87' lang='lat' dir='ltr'><strong>virtute,</strong></span> <span class='ocrx_word' id='word_1_409' title='bbox 1309 4313 1617 4383; x_wconf 89' lang='lat' dir='ltr'><strong>celeriter</strong></span> <span class='ocrx_word' id='word_1_410' title='bbox 1669 4314 2067 4384; x_wconf 89' lang='lat' dir='ltr'><strong>movebatur</strong></span> <span class='ocrx_word' id='word_1_411' title='bbox 2113 4335 2407 4401; x_wconf 91' lang='lat' dir='ltr'><strong>sequens</strong></span> <span class='ocrx_word' id='word_1_412' title='bbox 2446 4335 2683 4383; x_wconf 90' lang='lat' dir='ltr'><strong>eorum</strong></span> <span class='ocrx_word' id='word_1_413' title='bbox 2713 4367 2729 4395; x_wconf 95' lang='lat'><strong>,</strong></span> <span class='ocrx_word' id='word_1_414' title='bbox 2791 4311 2915 4399; x_wconf 89' lang='lat' dir='ltr'><strong>qui</strong></span> <span class='ocrx_word' id='word_1_415' title='bbox 2964 4309 3104 4379; x_wconf 88' lang='lat' dir='ltr'><strong>du-</strong></span> 
     </span>
     <span class='ocr_line' id='line_1_47' title="bbox 557 4399 3109 4493; baseline -0.002 -21"><span class='ocrx_word' id='word_1_416' title='bbox 557 4402 823 4483; x_wconf 88' lang='lat' dir='ltr'><strong>cebant,</strong></span> <span class='ocrx_word' id='word_1_417' title='bbox 864 4403 1080 4471; x_wconf 89' lang='lat' dir='ltr'><strong>animi</strong></span> <span class='ocrx_word' id='word_1_418' title='bbox 1129 4403 1572 4473; x_wconf 89' lang='lat' dir='ltr'><strong>alacritatem.</strong></span> <span class='ocrx_word' id='word_1_419' title='bbox 1646 4406 1814 4473; x_wconf 89' lang='lat' dir='ltr'><strong>Cum</strong></span> <span class='ocrx_word' id='word_1_420' title='bbox 1877 4424 2029 4472; x_wconf 93' lang='lat' dir='ltr'><strong>eam</strong></span> <span class='ocrx_word' id='word_1_421' title='bbox 2091 4416 2320 4472; x_wconf 89' lang='lat' dir='ltr'><strong>autem</strong></span> <span class='ocrx_word' id='word_1_422' title='bbox 2372 4404 2522 4493; x_wconf 93' lang='lat' dir='ltr'><strong>ipso</strong></span> <span class='ocrx_word' id='word_1_423' title='bbox 2591 4402 2705 4472; x_wconf 90' lang='lat' dir='ltr'><strong>die</strong></span> <span class='ocrx_word' id='word_1_424' title='bbox 2775 4399 3109 4471; x_wconf 87' lang='lat' dir='ltr'><strong>tulissent</strong></span> 
     </span>
    </p>
   </div>
  </div>
 </body>
</html>
