3347 4999
443 1227 456 1245 ·
558 1203 794 1273 infelix
844 1226 963 1273 mu

641 213 770 278 626
1299 231 1379 276 ns
1425 230 1480 278 s.
1518 227 1774 277 uALcno
1821 229 1972 278 uon.
2026 231 2101 277 ar
2147 228 2329 278 cour.
2780 210 2954 279 OCT.
3009 214 3095 277 24

550 318 1029 387 incanescente
1052 314 1198 404 jam
1235 313 1457 404 capite
1497 314 1711 416 virgo,
1760 314 2049 385 maritus
2082 314 2368 384 flerem?
2404 313 2580 398 Quid
2622 313 2921 404 prodest,
2968 337 3103 405 pa-

550 417 799 485 renteS,
855 404 1170 494 patriam,
1231 424 1370 472 rem
1422 402 1831 472 familtarem
1889 403 2388 493 contempsisse
2459 424 2581 492 pro
2636 403 2967 483 Domino,
3027 404 3097 473 si

550 495 680 565 hoc
713 491 912 575 facio,
963 491 1146 579 quod
1197 514 1281 561 ne
1313 490 1632 567 facerem.
1676 491 1792 561 illa
1826 493 2251 583 contempsi:
2307 493 2437 561 nisi
2471 491 2654 579 quod
2707 491 2877 561 forte
2929 514 3099 582 pro-

552 597 780 675 pterea
847 582 1015 651 haec
1066 580 1396 659 sustineo,
1462 582 1628 668 quia
1691 581 1983 670 patriam
2050 580 2479 651 desideravi?
2536 580 2710 663 Quid
2777 582 3089 682 agimus,

553 672 836 743 anima?
885 670 1215 761 perimus,
1246 691 1333 738 an
1368 669 1758 741 vincimus?
1805 674 2294 759 Exspectamus
2327 692 2610 739 manum
2663 670 2959 750 Domlni,
3001 692 3095 739 an

554 760 835 853 proprio
883 780 1214 829 mucrone
1273 757 1756 828 confodimur?
1816 763 2007 827 Verte
2064 759 2134 827 in
2186 770 2247 828 te
2296 758 2647 848 gladium:
2689 772 2803 828 tua
2862 759 3101 849 magis

557 871 745 920 mors
777 846 1081 917 timenda
1110 860 1235 929 est,
1272 869 1479 935 quam
1510 847 1840 938 corporis.
1872 847 2089 918 Habet
2119 860 2183 918 et
2207 861 2470 917 servata
2508 845 2840 937 pudicitia
2873 869 3097 916 suum

558 937 1005 1027 martyrium:
1051 937 1277 1026 jaceat
1323 936 1715 1025 insepultus
1747 936 1993 1006 Christi
2043 936 2233 1006 testis
2284 937 2353 1006 in
2408 938 2670 1005 eremo:
2725 936 2873 1026 ipse
2916 936 3104 1005 mihi

554 1049 670 1097 ero
723 1038 1115 1116 persecutor
1160 1038 1225 1095 et
1274 1030 1557 1114 martyr.
1612 1026 1721 1095 Sic
1780 1024 1999 1105 satus,
2062 1023 2266 1094 eduxi
2325 1025 2393 1093 in
2462 1024 2758 1095 tenebris
2812 1046 3106 1112 quoque

556 1116 922 1186 micantem
1024 1112 1310 1195 ladium,
1361 1125 1427 1184 et
1462 1115 1781 1183 acumine
1827 1125 2065 1184 contra
2114 1135 2222 1184 me
2271 1135 2505 1194 verso;
2547 1113 2729 1194 Vale,
2773 1113 3096 1200 inquam,

969 1138 1134 1272 fier:
1189 1202 1434 1272 habeto
1469 1223 1575 1272 me
1625 1214 1993 1303 martyrem
2048 1202 2298 1292 potius,
2353 1224 2559 1291 quam
2601 1202 2953 1271 maritum.

642 1296 801 1381 §Q
856 1314 892 1357 «
928 1297 1116 1362 Tunc
1165 1290 1280 1361 illa
1349 1290 1644 1382 pedibus
1693 1313 1864 1362 mets
1981 1290 2322 1361 rovoluta:
2376 1296 2620 1362 Precor
2669 1302 2754 1372 te,
2820 1290 3096 1377 inquit,

558 1403 689 1473 per·
728 1382 958 1451 lesum
1012 1379 1381 1462 Christum,
1414 1392 1481 1450 et
1527 1402 1646 1470 per
1696 1380 1907 1469 hujus
1987 1401 2145 1451 orae
2182 1380 2648 1450 necessitatem
2700 1378 2970 1480 adjuro,
3007 1400 3104 1448 ne

556 1469 874 1540 effundas
923 1467 1330 1560 sanguinem
1377 1481 1571 1539 tuum
1622 1469 1692 1536 in
1742 1468 2003 1539 crimen
2056 1491 2313 1538 meum.
2358 1469 2470 1538 Vel
2522 1467 2582 1538 si
2632 1490 2804 1539 mort
2840 1468 3096 1559 placet,

556 1559 629 1628 in
682 1580 791 1629 me
838 1558 1140 1649 primum
1185 1570 1365 1627 verte
1413 1579 1849 1627 mucronem:
1888 1558 1987 1627 sic
2044 1557 2244 1629 nobis
2291 1557 2521 1648 potius
2552 1557 3095 1647 conjungamur.

557 1647 845 1717 Etiamsi
892 1647 994 1715 vir
1034 1667 1228 1717 meus
1276 1646 1362 1715 ad
1415 1667 1523 1715 me
1573 1645 1846 1725 rediret,
1898 1668 2234 1715 servarem
2272 1646 2676 1724 castitatem,
2729 1667 2936 1733 quam
2984 1666 3100 1715 me

558 1735 918 1826 captivitas
955 1733 1196 1804 docui:
1236 1733 1334 1804 vel
1386 1734 1731 1805 interirem
1786 1735 2035 1824 potiuS,
2088 1757 2298 1822 quam
2350 1734 2728 1824 perderem.
2781 1738 2913 1804 Cur
2947 1735 3100 1802 mb-

559 1824 757 1907 reriS,
805 1846 888 1894 ne
937 1823 1110 1893 mihi
1150 1822 1513 1913 jungaris?
1552 1829 1689 1913 Ego
1739 1845 2059 1903 morerer,
2115 1824 2172 1893 si
2223 1824 2391 1893 mihi
2432 1823 2636 1913 jungi
2673 1822 2900 1893 velles.
2952 1825 3099 1891 Ha-

558 1915 715 1985 beto
766 1934 874 1983 me
921 1934 1085 2004 ergo
1139 1912 1504 2002 conjugem
1571 1911 1981 2002 pudicitiae,
2044 1924 2111 1982 et
2157 1912 2379 2003 magis
2438 1912 2713 1981 animae
2763 1909 3093 2001 copulam

561 2014 813 2083 amato,
847 2023 1052 2089 quarn
1096 2003 1426 2091 corporis.
1467 2006 1751 2091 Sperent
1779 2000 2044 2072 domini
2079 2002 2429 2082 maritum,
2486 2000 2796 2070 Christus
2830 1998 3100 2069 noverit

560 2090 865 2161 fratrem.
905 2088 1126 2159 Facile
1173 2088 1621 2159 suadebimus
1661 2091 1964 2179 nuptiaS,
2017 2112 2175 2159 cum
2214 2111 2340 2160 nos
2375 2089 2665 2159 viderint
2696 2088 2797 2159 sic
2826 2108 3087 2158 amare.

559 2184 819 2259 Fateor,
877 2178 1126 2265 inquit,
1161 2177 1513 2267 obstupui,
1566 2190 1630 2249 et
1678 2177 2060 2248 admiratus
2091 2179 2408 2249 virtutem
2467 2177 2786 2260 feminae,
2846 2176 3092 2265 conju-

560 2289 713 2358 gem
768 2266 927 2358 plus
973 2266 1220 2335 amavi.
1272 2271 1635 2354 Nunquam
1691 2279 1912 2337 tamen
1952 2267 2143 2338 illius
2190 2267 2458 2337 nudum
2511 2288 2764 2356 corpus
2796 2264 3093 2335 intuitus

560 2378 754 2426 sum:
810 2376 1164 2442 nunquam
1202 2354 1351 2444 ejus
1390 2376 1665 2424 carnem
1709 2355 1925 2447 attigi,
1966 2356 2217 2427 timens
2251 2356 2317 2426 in
2358 2377 2522 2446 pace
2554 2355 2862 2446 perdere,
2897 2351 3087 2441 quod

559 2445 628 2514 in
684 2443 943 2534 proelio
991 2464 1441 2513 servaveram.

648 2535 685 2621 ξ
733 2539 829 2606 θ.
884 2555 919 2598 «
975 2538 1359 2602 Transeunt
1405 2534 1473 2601 in
1538 2531 1653 2602 tali
1725 2532 2165 2605 matrimonio
2221 2532 2368 2604 dies
2434 2532 2753 2624 plurimi:
2825 2531 3091 2601 amabi—

556 2621 763 2692 liores
812 2642 937 2690 nos
970 2620 1273 2691 dominis
1320 2620 1620 2691 fecerant
1667 2623 1970 2712 nuptiae.
2015 2621 2213 2692 Nulla
2249 2621 2449 2711 fugae
2496 2621 2826 2712 suspicio:
2877 2620 3087 2689 inter-

559 2710 724 2781 dum
777 2723 842 2780 et
883 2731 1116 2780 mense
1151 2721 1283 2780 toto
1340 2711 1613 2781 aberam
1666 2709 1849 2782 fidus
1887 2711 2115 2803 gregis
2164 2724 2396 2800 pastor
2446 2732 2563 2799 per
2611 2710 3080 2781 solitudinem.

556 2804 712 2869 Post
759 2798 1018 2889 grande
1068 2797 1526 2881 intervallum,
1578 2799 1744 2869 dum
1797 2800 1985 2870 solus
2040 2802 2106 2868 in
2158 2821 2388 2870 eremo
2434 2799 2659 2881 sedec,
2697 2811 2763 2868 et
2823 2809 3086 2889 praeter

558 2887 825 2958 coelum
879 2899 1265 2975 terramque
1316 2887 1483 2956 nihil
1546 2888 1764 2969 video,
1818 2887 2010 2978 coepi
2062 2910 2331 2958 mecum
2385 2888 2630 2958 tacitus
2677 2886 2963 2967 volvere,
3018 2899 3085 2954 et

558 2977 735 3046 inter
792 2975 1030 3057 multa,
1081 2975 1516 3047 contubernii
1559 2998 1835 3064 quoque
1885 2976 2374 3047 monachorum
2441 2975 2810 3058 recordari,
2866 2974 3081 3043 maxi-

561 3086 806 3152 meque
847 3065 1107 3134 vultum
1161 3065 1374 3156 patris
1412 3067 1566 3146 mei,
1621 3066 1743 3223 gui
1793 3087 1900 3134 mc
1958 3064 2326 3145 erudierat,
2384 3077 2716 3146 tenuerat,
2765 3063 3083 3155 perdide-

558 3165 822 3240 ratque.
888 3156 1133 3241 Sicque
1194 3154 1527 3244 cogitanS,
1583 3177 1618 3224 a
1675 3153 1889 3243 spicio
1939 3153 2381 3224 formicarum
2445 3175 2721 3244 gregem
2789 3165 3085 3243 angusto

557 3240 730 3310 calle
790 3240 1070 3321 fervere,
1138 3240 1312 3312 ferre
1373 3263 1583 3312 onera
1656 3243 1939 3343 majora,
2009 3264 2217 3330 quam
2291 3264 2602 3332 corpora.
2679 3241 2863 3312 Aliae
2933 3242 3081 3310 her-

555 3330 803 3399 barum
876 3329 1213 3417 quaedam
1280 3330 1542 3400 semina
1616 3330 1874 3421 forcipe
1930 3332 2071 3401 oris
2143 3332 2538 3412 trahebant,
2616 3330 2792 3400 aliae
2853 3353 2889 3400 e
2939 3351 3075 3400 ere·

553 3417 724 3487 bant
771 3418 1063 3488 humum
1101 3418 1185 3486 de
1231 3417 1463 3499 fovei3‚
1511 3431 1574 3488 et
1636 3442 1973 3507 aquarum
2025 3433 2289 3490 meatus
2347 3443 2381 3489 a
2435 3420 2717 3509 geribus
2762 3441 2883 3490 exc
2918 3418 3074 3489 ude·

550 3505 744 3576 bant.
799 3505 989 3585 Illae,
1033 3519 1354 3577 venturae
1402 3507 1649 3579 hiemis
1699 3530 2058 3589 memoreS‚
2114 3531 2197 3578 ne
2261 3531 2368 3578 ma
2424 3508 2638 3578 efacta
2705 3508 2962 3578 humus
3004 3507 3068 3574 in

549 3594 836 3664 herbam
897 3595 1139 3665 horrea
1204 3607 1505 3677 verteret,
1562 3596 1748 3666 illata
1811 3596 2075 3667 semina
2139 3597 2646 3688 praecidebant.
2702 3601 2845 3667 Hae
2891 3596 3077 3666 luctu

548 3683 807 3754 celebri
872 3705 1158 3773 corpora
1219 3682 1540 3754 defuncta
1610 3685 2088 3775 deportabant.
2141 3686 2474 3774 Quodque
2545 3688 2768 3777 magis
2820 3684 3072 3755 mirum

547 3786 674 3857 est,
728 3774 797 3842 in
854 3784 1038 3842 tanto
1086 3773 1363 3863 agmine
1399 3772 1760 3863 egrediens
1808 3796 1943 3845 non
1993 3775 2306 3845 obstabat
2354 3774 2677 3845 intranti:
2742 3774 2908 3862 quin
2963 3794 3083 3873 po-

545 3861 687 3931 tius
728 3861 786 3932 si
835 3883 1041 3950 quam
1081 3861 1411 3931 vidissent
1457 3862 1588 3932 sub
1636 3862 1817 3935 fasce
1862 3875 1928 3932 et
1986 3885 2192 3934 onere
2248 3864 2656 3943 concidisse,
2703 3862 3088 3952 suppositis

545 3947 861 4020 humeris
927 3949 1367 4041 adjuvabant.
1421 3951 1597 4033 Quid
1662 3951 1922 4022 multa?
1980 3952 2304 4023 Pulcrum
2364 3952 2535 4022 mihi
2607 3950 3081 4109 s'pectaculum

548 4036 697 4106 dies
746 4038 862 4108 illa
914 4039 1250 4129 praebuit.
1308 4039 1499 4109 Unde
1569 4041 1965 4110 recordatus
2033 4041 2440 4122 SalomoniS,
2496 4041 2579 4111 ad
2659 4040 3083 4111 ormicarum

549 4126 893 4196 solertiam
940 4149 1063 4198 nos
1098 4128 1451 4210 mittentis,
1496 4140 1560 4198 et
1593 4129 1828 4221 pigras
1863 4141 2122 4201 mentes
2157 4130 2274 4200 tali
2307 4129 2617 4221 exemplo
2650 4129 3079 4210 suscitantis,

550 4215 743 4315 coepi
796 4216 1059 4286 taedere
1106 4217 1541 4307 captivitatis,
1594 4230 1658 4287 et
1692 4219 2085 4289 monasterii
2118 4219 2403 4290 cellulas
2449 4239 2799 4306 quaerere,
2833 4240 2911 4287 ac
2945 4215 3089 4288 for—

548 4323 886 4377 mtcarum
962 4304 1237 4376 illarum
1304 4306 1833 4378 similitudinem
1897 4306 2331 4391 desiderare,
2402 4308 2526 4379 ubi
2591 4307 2944 4378 laboratur
3004 4307 3081 4376 in
