3347 4999
226 230 403 296 OCT.
456 231 496 293 8
1101 247 1178 292 DE
1227 247 1281 293 s.
1340 245 1604 292 partiam
1652 245 1922 292 porum..
2555 233 2683 297 257

225 329 659 422 amplissima
697 342 1133 420 reponentem
1173 331 1499 420 praemia,
1535 331 1667 420 ipsi
1695 327 1905 398 sidem'
1938 331 2270 421 integram
2308 335 2766 410 servantibus.

226 434 290 489 et
320 420 403 489 ad
434 420 583 508 ejus
611 418 1025 488 voluntatem
1066 419 1181 499 ita,
1228 432 1303 487 ut
1336 441 1458 509 par
1496 432 1619 498 est,
1657 440 1804 488 sese.
1839 420 2546 502 accommodantibus,
2602 423 2776 492 divi-

227 511 358 579 tias
406 522 469 578 et
518 508 813 577 honores
865 509 1239 576 immensos
1285 507 1351 575 in
1395 506 1628 586 coelis,
1684 507 1981 594 denique
2028 529 2106 576 ea
2140 530 2315 596 quae
2354 510 2598 581 oculus
2634 535 2771 582 non

228 598 420 677 vidit,
465 619 586 665 nec
628 596 817 665 auris
867 596 1153 676 audivit,
1214 617 1337 665 nec
1389 596 1457 664 in
1492 617 1610 665 cor
1659 596 1961 667 hominis
1999 597 2479 681 ascenderunt,
2522 599 2773 670 libera-

230 687 388 756 liter
443 701 506 754 et
564 684 820 775 prolixe
871 685 1426 776 promittentem;
1486 684 1655 752 nihil
1709 682 2070 756 studemus
2124 687 2455 756 ornandis
2504 688 2788 760 miseris

232 775 600 844 animabus
654 774 925 848 nostris,
970 795 1191 859 neque
1239 774 1563 842 sordibus
1611 773 2047 864 detergendis
2080 772 2466 864 culpisque,
2520 777 2777 862 quibus

232 865 503 933 animae
555 862 952 963 turpissime
992 861 1375 944 foedantur,
1412 862 1813 953 expiandis;
1870 862 1986 933 sed
2023 863 2328 953 patimur
2381 886 2496 933 eas
2546 865 2777 953 jacere

233 953 546 1040 supinas,
594 964 730 1021 otio
763 951 1166 1039 desidiaque
1201 972 1646 1022 marcescere.
1687 973 1724 1017 »

321 1044 357 1129 ξ
404 1046 495 1112 3.
548 1040 943 1120 His.dictis,
999 1039 1454 1131 apprehendit
1502 1061 1786 1108 manum
1840 1061 2087 1122 meam,
2143 1040 2492 1127 simulque
2544 1044 2776 1132 perve-

234 1131 470 1199 nimus
518 1128 587 1196 in
640 1129 1041 1219 hospitium,
1082 1129 1200 1197 ubi
1239 1128 1435 1199 nobis
1476 1127 1878 1198 cubiculum
1922 1142 2232 1219 paratum
2273 1143 2454 1199 erat:
2489 1131 2556 1199 in
2591 1131 2774 1217 quod

233 1219 349 1289 ille
400 1219 753 1307 ingressus
804 1239 1095 1308 pronum
1141 1239 1212 1286 se
1250 1216 1447 1286 humi
1496 1218 1767 1305 abjecit,
1826 1231 2198 1306 pectusque
2233 1239 2437 1287 suum
2479 1219 2775 1289 multum

233 1308 626 1387 verberanS,
680 1318 743 1374 et
790 1307 1084 1376 ubertim
1137 1306 1442 1396 plorans,
1475 1306 1756 1375 dixitad
1797 1307 2204 1381 Dominum:
2242 1328 2277 1372 «
2310 1309 2595 1377 Domine
2618 1309 2780 1378 Jesu

234 1398 520 1477 Christe,
560 1395 839 1485 ignosce
869 1395 1033 1463 mihi
1071 1397 1322 1464 misero
1351 1407 1414 1464 et
1440 1395 1730 1485 indigno
1766 1396 2127 1484 peccatori.
2152 1399 2319 1465 Ecce
2345 1397 2530 1465 enim
2567 1397 2777 1467 unius

230 1486 372 1554 diei
419 1497 744 1565 ornatu5‚
807 1506 983 1571 quae
1032 1484 1196 1553 haec
1262 1483 1521 1553 femina
1582 1483 1864 1554 adhibet
1927 1485 2407 1585 componendo
2454 1497 2518 1555 et
2580 1503 2780 1554 exco-

235 1573 441 1645 lendo
491 1575 760 1661 corpori
810 1595 979 1654 suo,
1036 1573 1247 1642 vincit
1295 1594 1567 1642 ornnem
1618 1588 1934 1642 ornatum
1987 1595 2259 1643 ammae
2311 1595 2522 1643 meae.
2575 1573 2778 1657 Quali

232 1685 400 1753 ergo
466 1660 685 1730 fronte
750 1673 807 1731 te
872 1661 1283 1752 respiciam,
1340 1666 1516 1730 Deus
1566 1683 1764 1730 meus
1800 1716 1814 1743 ,
1869 1672 1987 1730 aut
2033 1663 2289 1750 quibus
2337 1664 2777 1733 sermonibus

234 1767 471 1844 potero
522 1772 630 1819 me
668 1750 1052 1840 justificare
1093 1751 1158 1819 in
1196 1761 1569 1839 conspectu
1619 1753 1784 1820 tuo?
1829 1755 1970 1819 Non
2022 1752 2204 1820 enim
2257 1750 2407 1821 volo
2453 1750 2677 1821 celare
2712 1765 2778 1820 et

156 1855 160 1858 '
233 1839 660 1911 abscondere
709 1839 831 1909 tibi
878 1861 996 1908 cor
1046 1861 1299 1919 meum,
1355 1838 1915 1927 quandoquidem
1969 1839 2091 1910 tibi
2126 1852 2355 1931 patent
2401 1841 2635 1909 omnia
2669 1862 2781 1909 ar-

232 1952 410 2000 cana
462 1928 752 2018 pectoris
803 1929 958 2008 mei,
1012 1942 1076 1997 et
1134 1927 1323 1997 nulla
1377 1942 1437 1996 te
1486 1927 1647 1997 latet
1687 1928 2030 2017 cogitatio,
2069 1934 2146 1999 Et
2176 1950 2296 1998 vae
2332 1929 2503 1997 mihi
2544 1949 2781 2019 pecca-

238 2018 368 2089 tori
414 2031 478 2087 et
512 2016 822 2108 indign0‚
858 2017 977 2104 qui
1022 2019 1269 2088 assisto
1317 2017 1401 2086 ad
1455 2030 1767 2087 sanctum
1812 2016 2024 2086 altare
2073 2031 2293 2096 tuum,
2336 2040 2454 2087 nec
2498 2017 2781 2086 exhibeo

238 2108 364 2177 tibi
416 2105 722 2195 pulcram
766 2162 780 2187 ,
838 2109 1014 2177 sicut
1065 2120 1135 2175 tu
1181 2106 1485 2194 expetis,
1540 2106 1845 2174 animam
1901 2128 2150 2175 meam.
2233 2106 2360 2176 Illa
2411 2107 2775 2208 promisit,

233 2196 421 2284 quod
458 2195 549 2263 ita
582 2217 983 2297 comparare
1019 2217 1088 2264 se
1144 2195 1325 2273 velit,
1370 2207 1446 2264 ut
1487 2193 1752 2284 placeat
1803 2195 2208 2264 mortalibus
2242 2194 2665 2277 hominibuS,
2720 2207 2784 2264 et

239 2298 372 2356 stat
432 2285 792 2373 promiss1s
841 2285 1023 2365 suis;
1076 2306 1201 2373 ego
1252 2305 1407 2352 vero
1458 2282 1806 2372 pollicitus
1856 2305 2011 2352 sum
2064 2284 2389 2353 daturum
2463 2305 2571 2353 me
2619 2305 2782 2374 ope-

242 2395 418 2453 ram,
470 2385 547 2441 ut
597 2372 900 2462 placeam
936 2371 1155 2442 oculis
1195 2372 1467 2441 divinae
1520 2371 1894 2460 majestatis
1945 2384 2123 2453 tuae,
2159 2385 2224 2440 et
2275 2374 2565 2462 turpiter
2596 2394 2784 2441 men-

192 2475 193 2478 ’
242 2462 408 2531 titus
449 2480 629 2541 sum,
683 2460 1027 2549 fidemque
1077 2460 1284 2531 fefelli
1334 2460 1599 2530 desidia
1647 2473 1712 2530 et
1772 2460 2050 2551 pigritia
2102 2482 2275 2531 mea.
2330 2462 2571 2533 Nudus
2620 2482 2783 2553 ergo

247 2572 401 2619 sum
433 2561 583 2619 tam
623 2549 688 2617 in
740 2549 950 2632 coelo,
982 2572 1187 2636 quam
1222 2553 1293 2619 in
1346 2563 1546 2632 terra,
1601 2549 1769 2618 dum
1823 2571 1954 2618 non
1993 2573 2195 2639 pareo
2233 2551 2578 2620 mandatis
2613 2553 2773 2633 tuiS‚

243 2660 370 2708 nec
419 2637 693 2728 imple0‚
747 2660 924 2725 quae
972 2652 1044 2706 tu
1078 2639 1374 2726 jussisti.
1442 2644 1582 2709 Non
1647 2660 1810 2728 ergo
1869 2638 2041 2709 mihi
2099 2640 2436 2709 bonorum
2489 2661 2779 2728 operum

242 2748 403 2818 spes
442 2737 563 2807 est,
609 2727 725 2795 sed
779 2749 977 2818 spero
1027 2740 1250 2797 tamen
1303 2729 1372 2796 in
1427 2726 1896 2797 misericordia
1933 2739 2072 2809 tua,
2119 2750 2258 2816 qua
2291 2749 2400 2797 me
2442 2727 2780 2796 salvatum

244 2814 751 2886 iriconfido.»

334 2908 369 2993 ἓ
418 2910 503 2978 4.
546 2911 725 2975 Haec
775 2904 893 2974 illo
943 2903 1249 2986 dicente,
1289 2917 1352 2974 et
1390 2904 1686 2974 multum
1729 2904 2035 2994 plorante
2070 2916 2274 2990 atque
2305 2902 2630 2994 ejulante,
2671 2924 2784 2972 eo—

240 2994 399 3063 dem
449 2994 560 3063 die
612 3014 935 3085 magnam
985 2994 1257 3085 egimus
1307 2994 1796 3063 celebritatem.
1846 2993 2253 3063 Adveniente
2288 3004 2516 3062 autem
2555 2992 2787 3060 Domi-

245 3084 401 3152 nico
449 3082 583 3164 die,
639 3097 791 3174 post
824 3083 1176 3153 absolutas
1217 3096 1588 3153 nocturnas
1620 3082 1985 3163 orationes,
2025 3081 2193 3150 dicit
2227 3080 2308 3150 ad
2357 3102 2462 3150 me
2498 3093 2784 3151 sanctus

240 3177 528 3242 Nonnus
574 3173 978 3262 episcopus:
1042 3194 1078 3238 «
1111 3172 1477 3241 Somnium
1524 3171 1710 3253 vidi,
1751 3170 1956 3240 frater
2012 3169 2257 3240 Jacobe
2291 3169 2618 3250 diacone,
2662 3189 2785 3238 nec

245 3259 683 3331 mediocriter
732 3261 1141 3350 perturbor,
1193 3262 1375 3348 quod
1450 3261 1624 3329 scire
1689 3281 1820 3328 non
1876 3280 2208 3348 possum,
2263 3257 2596 3347 quidnam
2649 3257 2784 3327 sibi

183 3394 191 3400 -
245 3347 430 3418 velit.
486 3348 635 3416 Vidi
684 3350 893 3431 enim,
933 3348 1016 3419 ad
1056 3370 1274 3419 cornu
1329 3349 1566 3419 altaris
1618 3360 1807 3418 stans
1839 3402 1853 3429 ,
1892 3348 2284 3417 columbam
2338 3346 2781 3438 nigerrimam

247 3436 487 3507 multis
525 3435 845 3507 sordibus
878 3452 1436 3528 conspurcatam;
1492 3458 1792 3523 cumque
1832 3436 2094 3507 circum
2131 3459 2240 3507 me
2274 3438 2605 3515 volitaret,
2644 3433 2785 3504 foe-

246 3541 460 3595 torem
496 3537 561 3594 et
592 3525 980 3613 squalorem
1018 3526 1323 3596 sordium
1360 3529 1509 3617 ejus
1544 3525 1717 3594 serre
1755 3547 1886 3595 non
1942 3526 2154 3616 potui.
2224 3530 2301 3596 At
2352 3525 2472 3594 illa
2530 3524 2786 3593 nihilo-

250 3614 484 3684 minus
536 3615 914 3704 permansit
972 3615 1153 3706 apud
1229 3637 1377 3697 me,
1447 3615 1664 3684 donec
1722 3615 2192 3685 catechumeni
2246 3615 2780 3683 dimitterentur.

247 3708 415 3774 Nam
467 3702 675 3773 simul
712 3715 917 3790 atque
969 3703 1417 3793 proclamavit
1454 3703 1792 3773 Diaconus
1832 3704 1913 3773 ad
1960 3704 2514 3784 catechumenos,
2552 3708 2785 3771 Proce-

244 3794 407 3872 dite,
467 3791 563 3862 vel
614 3793 976 3875 Abscedite,
1033 3814 1376 3880 nusquam
1429 3791 1548 3861 illa
1581 3792 1993 3882 comparuit.
2048 3798 2254 3862 Porro
2305 3803 2458 3882 post
2506 3791 2787 3862 Missam

246 3880 520 3950 fidelem
569 3893 633 3950 et
684 3893 1035 3970 peractum
1062 3881 1517 3963 sacrificium,
1565 3903 1726 3951 cum
1768 3881 2057 3951 dimissa
2098 3890 2278 3952 esset
2311 3879 2641 3961 ecclesia,
2683 3901 2792 3948 me

242 3982 433 4038 extra
460 3969 710 4039 domus
750 3970 859 4038 Dei
890 3969 1094 4038 limen
1131 3969 1530 4061 prodeunte,
1570 3992 1816 4040 rursus
1849 3969 2126 4039 advenit
2158 3969 2506 4050 columba,
2553 3966 2793 4038 multis

245 4060 712 4128 contaminata
763 4057 1123 4139 sordibuS,
1192 4071 1258 4128 et
1321 4060 1504 4128 circa
1565 4081 1673 4128 me
1730 4058 2043 4129 volitans.
2097 4063 2236 4149 Ego
2304 4079 2460 4127 vero
2510 4069 2792 4127 extensa

249 4169 464 4216 manu
509 4147 995 4239 comprehendi
1048 4169 1223 4229 eam,
1281 4148 1672 4237 projecique
1722 4148 1792 4216 in
1837 4147 2186 4218 lavacrum
2238 4149 2420 4234 aqua
2472 4145 2783 4238 plenum,

246 4235 433 4321 quod
493 4250 634 4306 erat
702 4237 770 4305 in
829 4248 1103 4307 sanctae
1174 4237 1501 4308 ecclesiae
1565 4236 1777 4307 atrio:
1836 4236 1901 4305 in
1953 4257 2092 4323 qua
2156 4258 2336 4323 aqua
2384 4256 2624 4305 omnes
2675 4233 2792 4302 illa

242 4322 490 4392 sordes
528 4325 697 4396 adeo
745 4325 1089 4417 deposuit,
1155 4336 1229 4396 ut
1277 4325 1439 4397 inde
1496 4327 1715 4400 instar
1762 4324 1938 4396 nivis
1969 4324 2269 4397 candida
2314 4325 2548 4406 exiret,
2592 4333 2797 4411 atque

416 4443 655 4502 surius
686 4475 707 4489 -
750 4444 917 4506 Vitae
946 4446 1059 4507 SS.
1089 4475 1114 4489 ·
1145 4442 1276 4506 Vol.
1307 4442 1381 4508 X.
2565 4438 2635 4500 ¹7
