3347 4999
165 305 352 373 OCT.
405 309 446 371 2
823 326 901 372 nn:
951 326 1006 372 s.
1059 325 1449 373 Leoni-:asmo
1500 325 1700 373 srtsc.
1753 326 1827 373 ΕΤ
1875 322 2072 372 usar.
2548 310 2629 375 73

166 423 316 491 est,
370 409 539 491 filii,
582 424 658 479 ut
705 410 970 480 diutius
1020 431 1133 478 vos
1183 410 1498 499 fatigetis.
1555 410 1764 497 Cujus
1810 413 2020 481 causa
2071 410 2208 479 huc
2267 410 2593 492 venistiS,
2651 410 2719 480 id

168 520 386 586 ocyus
429 511 831 589 perpetrate,
884 512 962 568 ut
994 499 1160 568 satis
1191 498 1311 566 fiat
1340 512 1488 567 voto
1538 513 1783 568 vestro.
1835 499 1928 567 Ad
1970 497 2126 585 ejus
2175 512 2402 569 autem
2440 501 2719 570 caedem

164 601 471 676 quatuor
520 588 711 659 missi
761 599 994 656 erant:
1047 610 1084 656 e
1130 587 1390 674 quibus
1442 600 1576 657 tres
1626 586 1966 677 provoluti
2015 588 2099 656 ad
2150 588 2355 677 pedes
2384 588 2560 675 ejus,
2619 607 2724 659 ro-

166 678 432 766 gabant
464 690 541 746 ut
579 677 749 766 ipsis
795 677 1065 745 veniam
1102 674 1314 757 daret,
1368 688 1433 744 et
1480 697 1675 745 suam
1717 675 2260 746 benedictionem
2313 678 2717 766 impertiret.

168 771 475 848 Quartus
512 786 667 834 vero
694 787 777 835 su
829 766 992 834 erbe
1028 774 1321 845 erectus,
1362 765 1675 834 districto
1708 763 1942 855 gladio
1969 780 2250 855 paratus
2279 779 2423 835 erat
2455 766 2538 834 ad
2576 788 2724 857 per-

168 854 583 945 petrandam
633 877 751 923 cae
805 876 940 924 em.

265 945 303 1030 §
350 947 480 1016 12.
535 948 900 1031 Postquam
952 952 1204 1021 autern,
1259 941 1416 1009 data
1459 941 1953 1021 benedictione,
2010 942 2536 1030 percussoribus
2576 941 2722 1013 suis

170 1032 351 1101 bene
387 1044 704 1121 precatus
750 1044 851 1101 est
888 1032 986 1099 vir
1040 1030 1175 1112 Dei,
1210 1042 1274 1099 et
1305 1030 1584 1099 verbum
1618 1031 1732 1098 Dei
1764 1030 1863 1099 eis
1899 1030 2337 1118 ministravit,
2380 1032 2446 1098 in
2488 1052 2721 1119 preces

168 1121 615 1199 incumbens,
668 1121 796 1190 ait:
850 1143 886 1186 «
923 1120 1204 1188 Domine
1258 1124 1431 1187 Deus
1461 1119 1921 1208 omnipotenS,
1963 1133 2153 1209 pater
2186 1120 2451 1188 Domini
2507 1119 2722 1188 nostri

167 1215 344 1279 Jesu
392 1210 662 1291 Christi,
713 1222 771 1278 te
819 1208 1172 1290 benedico,
1211 1219 1273 1276 te
1302 1207 1635 1296 glorifico,
1677 1208 1796 1293 qui
1830 1229 1940 1277 me
1967 1208 2296 1298 dignatus
2321 1229 2395 1277 es
2419 1208 2502 1278 ad
2536 1208 2721 1277 bunc

174 1299 578 1367 certaminis
621 1298 991 1388 perducere
1040 1296 1249 1365 diem.
1305 1300 1437 1366 Oro
1472 1311 1536 1364 et
1582 1296 1868 1366 obsecro
1920 1308 2004 1376 te,
2070 1297 2383 1373 Domine,
2445 1309 2517 1365 ut
2568 1310 2723 1367 tuae

173 1388 453 1477 pietatis
486 1386 1025 1457 misericordiam
1080 1385 1249 1454 mihi
1287 1385 1667 1473 impertias,
1717 1398 1783 1454 et
1815 1396 2209 1454 sanctorum
2248 1399 2522 1455 tuorum
2579 1406 2722 1454 me·

172 1476 332 1544 ritis
370 1475 660 1566 dignum
717 1497 824 1544 me
871 1474 1107 1552 facias,
1162 1490 1225 1543 et
1273 1495 1506 1543 eorum
1565 1474 1993 1564 participem,
2048 1474 2359 1560 vitaeque
2407 1488 2723 1543 aeternae

170 1578 591 1634 consortem.
660 1569 947 1654 Ignosce
1009 1563 1147 1632 illis
1211 1563 1331 1648 qui
1380 1561 1696 1650 affligunt
1748 1585 1891 1632 me:
1951 1561 2516 1649 quandoquidem
2565 1584 2716 1650 ego,

175 1653 715 1723 clementissime
763 1658 980 1732 Pater,
1039 1673 1160 1741 per
1203 1672 1320 1721 eos
1366 1651 1570 1720 credo
1619 1672 1729 1720 me
1777 1652 1844 1719 in
1896 1664 2268 1740 conspectu
2319 1665 2434 1721 tuo
2464 1650 2725 1740 glorifi-

176 1742 510 1811 candum.
545 1765 580 1808 »
632 1747 803 1810 Dum
857 1741 1022 1810 haec
1056 1740 1334 1818 diceret,
1382 1760 1746 1828 percussor
1777 1738 2051 1809 sublato
2081 1738 2310 1828 gladio
2343 1740 2726 1826 amputavit

176 1844 391 1919 caput
427 1830 602 1918 ejus.
660 1834 910 1898 Ferunt
943 1842 1087 1898 tum
1134 1828 1428 1898 erexisse
1476 1849 1624 1897 sese
1671 1850 1928 1918 corpus
1971 1827 2149 1915 ciue,
2193 1842 2257 1896 et
2285 1830 2483 1915 quasi
2518 1828 2726 1898 horae

175 1919 396 1988 unius
443 1920 665 2008 spatio
713 1918 1001 1989 stetisse.
1054 1916 1128 1985 Id
1175 1916 1618 2006 conspicatus
1670 1938 2036 2006 percussor
2080 1916 2231 1986 e'us
2261 1970 2282 1997 ,
2341 1917 2509 2007 pede
2563 1938 2723 1986 eum

179 2008 410 2087 trusit,
466 2019 540 2076 ut
587 2006 791 2077 citius
838 2007 906 2075 in
961 2018 1610 2076 terram.corrueret.
1667 2005 1793 2075 Sed
1833 2006 2040 2075 miser
2088 1939 2203 2074 ille
2253 2026 2385 2075 non
2419 2006 2540 2074 diu
2574 2018 2725 2105 post

86 2102 89 2105 ’
178 2107 498 2185 arreptus
544 2117 584 2164 a
631 2094 1085 2164 daemonibus
1133 2107 1196 2163 et
1248 2108 1473 2164 mente
1533 2106 1803 2183 captuS,
1858 2093 2093 2163 divina
2144 2095 2208 2161 in
2252 2116 2408 2163 eum
2463 2093 2724 2164 ultione

178 2184 788 2263 animadvertente,
825 2184 893 2252 in
928 2184 1155 2273 ignem
1191 2204 1262 2253 se
1309 2184 1601 2271 conjecit
1633 2196 1697 2251 et
1730 2194 2045 2252 mortuus
2077 2194 2201 2250 est.
2250 2189 2463 2252 Jussu
2490 2197 2719 2252 autem

180 2271 500 2363 conjugis
548 2272 673 2341 viri
725 2273 931 2364 hujus
962 2270 1428 2351 Chrodoberti,
1470 2271 1536 2340 in
1578 2271 1809 2341 villam
1850 2271 2372 2361 Sarcingensem
2405 2271 2439 2306 ⁴*
2474 2293 2722 2357 magno

178 2362 497 2431 omnium
546 2360 738 2430 luctu
770 2361 1168 2452 deportatus
1215 2384 1254 2429 a
1306 2360 1665 2441 ministriS,
1700 2373 1767 2430 et
1798 2382 1957 2431 cum
1993 2360 2318 2441 vestibus,
2360 2360 2425 2428 in
2469 2361 2724 2446 quibus

181 2450 568 2520 trucidatus
612 2449 854 2532 fuerat,
911 2450 976 2519 in
1028 2450 1275 2539 exiguo
1321 2448 1616 2519 oratorio
1665 2450 1908 2521 beatus
1957 2462 2219 2539 martyr
2264 2449 2578 2540 sepultus
2624 2463 2725 2520 est

181 2553 371 2609 sexto
436 2544 660 2609 Nonas
721 2539 1053 2610 OctobriS.
1109 2544 1184 2608 In
1236 2560 1373 2625 quo
1434 2553 1882 2609 monumento
1929 2539 2135 2608 annis
2181 2537 2456 2609 duobus
2500 2551 2564 2608 et
2611 2539 2719 2609 di-

181 2627 399 2696 midio
448 2627 813 2698 humatum
851 2627 1064 2697 fuisse
1110 2628 1328 2715 ajunt.

269 2719 306 2804 §
353 2720 490 2789 18.
545 2721 634 2785 Ea
672 2729 1069 2807 tempestate
1115 2714 1435 2786 sacerdos
1465 2715 1776 2802 quidam,
1811 2716 1967 2786 e'us
2015 2717 2292 2787 oratorii
2332 2737 2567 2786 curam
2604 2735 2722 2805 ge-

177 2825 359 2885 renS,
416 2804 647 2875 lumen
701 2804 1344 2894 splendidissimum
1396 2805 1714 2874 noctibus
1753 2804 1820 2873 di
1883 2805 1996 2874 icit
2044 2807 2226 2876 eoin
2265 2805 2411 2874 loco
2459 2806 2582 2874 abs
2635 2825 2720 2873 ue

176 2893 487 2962 humano
523 2894 905 2964 ministerio
936 2893 1236 2963 fulsisse.
1289 2892 1457 2981 Ejus
1498 2894 1594 2962 rei
1629 2893 1809 2963 fama
1842 2894 1912 2962 in
1947 2895 2167 2963 vicina
2215 2894 2361 2961 loca
2412 2913 2558 2962 sese
2641 2892 2722 2959 if-

175 2981 376 3050 fudit.
433 2987 669 3069 ltaque
719 2983 933 3052 multa
982 2982 1462 3073 languentium
1499 2983 1702 3052 turba
1736 2983 1820 3052 ad
1861 2982 2035 3051 beati
2092 2981 2412 3070 martyris
2446 3002 2720 3050 venera-

180 3071 433 3140 tionem
484 3071 815 3141 orationis
862 3072 1074 3141 causa
1133 3092 1215 3140 eo
1267 3070 1662 3152 adveniens,
1696 3093 1736 3139 a
1790 3071 2079 3140 diversis
2131 3069 2390 3141 morbis
2438 3070 2720 3139 liberata

175 3170 303 3229 esta
359 3159 598 3229 Claudi
652 3181 1017 3251 gressum,
1080 3160 1266 3229 caeci
1318 3160 1546 3229 lumen
1604 3172 2048 3250 receperunt:
2105 3159 2374 3250 purgati
2427 3172 2591 3229 sunt
2635 3158 2723 3227 ab

178 3247 461 3337 impuro
492 3250 742 3338 spiritu
789 3248 1244 3327 daemoniaci,
1286 3269 1407 3318 nec
1444 3269 1597 3318 raro
1628 3247 1698 3315 in
1734 3247 2119 3318 venerando
2153 3246 2273 3317 illo
2306 3247 2454 3317 loco
2483 3247 2721 3317 lumen

180 3337 488 3415 emicuit,
521 3337 1108 3423 quemadmodum
1135 3337 1330 3408 illius
1350 3336 1680 3406 ecclesiae
1705 3337 2023 3406 sacerdos
2050 3350 2357 3406 testatur.
2397 3336 2719 3426 Ejusdem

178 3424 557 3496 sacerdotis
587 3426 919 3505 minister,
959 3424 1254 3495 clericus
1282 3437 1347 3494 et
1373 3434 1607 3495 custos
1637 3423 1832 3496 illius
1861 3425 2213 3504 ecclesiae,
2251 3425 2552 3512 quadam
2601 3446 2722 3494 no-

180 3526 286 3583 cte
333 3513 541 3583 rebus
587 3514 735 3584 suis
781 3514 1110 3584 omnibus
1156 3536 1278 3603 per
1323 3512 1512 3584 fures
1557 3513 1895 3603 spoliatus
1963 3529 2107 3596 est,
2164 3514 2232 3582 in
2285 3513 2544 3600 quibus
2594 3512 2725 3583 suit

181 3602 385 3672 etiarn
437 3602 734 3692 caligula
782 3603 962 3672 beati
1015 3602 1359 3692 martyris,
1413 3624 1622 3690 quam
1678 3624 1799 3691 pro
1828 3603 1977 3692 ejus
2018 3603 2389 3671 reverentia
2431 3601 2614 3691 apud
2651 3624 2724 3670 se

183 3691 656 3762 absconditam
710 3691 1062 3762 habuerat.
1118 3696 1184 3762 Is
1231 3711 1394 3780 ergo
1446 3702 1710 3760 mature
1748 3691 1836 3761 ab
1887 3691 2184 3760 oratorio
2241 3707 2579 3781 surgens,
2636 3689 2720 3759 ad

182 3778 611 3850 domicilium
656 3801 865 3849 suum
915 3780 1106 3861 abiit,
1158 3791 1225 3849 et
1270 3779 1504 3848 omnia
1552 3800 1679 3848 sua
1725 3775 1949 3850 ablata
2002 3780 2374 3868 conspexit.
2433 3784 2726 3868 Propere

181 3889 341 3959 ergo
393 3867 564 3937 redit
596 3866 678 3936 ad
716 3867 896 3938 beati
926 3869 1055 3938 viri
1089 3868 1515 3958 sepulcrum,
1554 3889 1761 3937 orans
1789 3880 1865 3939 ut
1904 3868 2085 3938 furto
2109 3880 2338 3957 erepta
2385 3868 2717 3937 restituat.

184 3961 260 4026 Et
303 3957 582 4044 quidem
639 3968 773 4025 tota
803 3956 922 4025 illa
961 3957 1074 4027 die
1120 3966 1185 4026 et
1235 3966 1427 4026 nocte
1476 3957 1542 4026 in
1584 3957 1903 4027 oratione
1933 3970 1997 4026 et
2035 3955 2419 4045 psalmodia
2441 3941 2537 4025 bd
2570 3956 2723 4047 ejus

185 4045 530 4115 tumulum
559 4045 849 4135 jejunus
882 4045 1284 4136 permansit,
1314 4058 1516 4133 atque
1547 4046 1707 4115 inde
1744 4067 2056 4116 reversus
2086 4045 2397 4124 domurn,
2424 4066 2530 4113 res
2562 4066 2724 4114 suas

184 4155 422 4204 omnes
471 4135 606 4206 sibi
652 4132 958 4206 redditas
999 4134 1281 4204 invenit.
1335 4135 1520 4205 Servi
1554 4135 1838 4223 quidem
1875 4134 2090 4214 illius,
2144 4134 2266 4221 qui
2301 4133 2428 4203 hoc
2460 4133 2722 4203 furtum

238 4387 265 4414 ‘
290 4382 473 4427 Gallice
501 4387 650 4426 Serota
678 4386 804 4436 apud
833 4384 1003 4426 silvam
1032 4394 1153 4435 quae
1181 4395 1236 4428 ex
1265 4387 1424 4429 Sancti
1453 4387 1534 4438 Ep.
1566 4386 1627 4426 Μ.
1660 4386 1863 4431 nomine.
1889 4385 2142 4425 vernacule
2169 4384 2420 4426 hodiedum
2453 4384 2573 4424 Sarni
2592 4384 2730 4434 uper

184 4434 463 4490 apponant.
480 4439 531 4480 tn
548 4441 737 4481 Artenia.
755 4438 956 4490 (Aricia).
