3347 4999
211 346 388 413 OCT.
441 347 524 412 24
841 364 919 410 os
969 365 1022 411 s.
1078 365 1328 412 Anni-iu
1374 365 1563 412 nar.
1619 365 1695 411 ιτ
1743 363 1942 412 socns
1990 364 2142 414 mus
2543 348 2671 412 687

210 462 276 518 et
323 448 698 538 Aethiopia,
749 463 818 519 et
863 461 1020 518 ante
1068 461 1130 518 te
1181 449 1245 516 in
1298 447 1765 519 Homeritide:
1818 471 1992 536 quos
2023 471 2176 519 vera
2217 449 2546 528 dicentes,
2589 462 2762 519 etse

214 537 510 627 benigne
556 553 869 628 gerentes
918 538 987 608 in
1040 538 1428 628 subjectos,
1487 560 1619 608 non
1655 593 1670 619 ,
1733 552 1808 607 ut
1849 553 1918 608 tu
1971 542 2131 616 Rex,
2188 539 2591 629 pejerantes,
2637 539 2757 608 sed

215 625 372 696 aliis
408 627 745 716 promissa
795 627 1184 716 implentes,
1236 627 1432 714 quasi
1486 641 1559 697 ut
1610 632 1821 697 Deum
1876 626 2254 696 honorabat
2304 626 2626 716 populuS.
2680 632 2759 697 Et

210 720 392 784 Deus
437 714 715 801 quidem
766 737 1003 785 eorum
1056 738 1231 803 quae
1264 739 1303 785 a
1337 730 1399 786 te
1445 715 1645 796 fiunt,
1699 715 1855 785 odio
1904 715 2168 784 habens
2215 715 2751 804 improbitatem,

213 818 300 883 te,
355 804 475 890 qui
528 804 593 871 in
644 825 803 873 eum
836 802 1024 874 fuisti
1072 806 1332 894 impius
1378 819 1446 874 et
1490 804 1816 882 infidelis,
1873 826 2026 873 mox
2075 804 2368 893 deponet
2415 804 2503 872 ab
2545 805 2634 873 im
2690 827 2759 872 e-

216 894 340 973 rio,
397 892 604 978 idque
637 892 853 962 tradet
902 894 1046 962 viro
1094 894 1279 963 fideli
1328 907 1394 963 et
1443 894 1666 963 bono:
1721 894 2068 963 roborabit
2114 907 2340 963 autem
2378 905 2444 963 et
2487 906 2638 962 exto
2670 893 2762 963 let

216 1003 441 1071 genus
483 979 1054 1062 Christianorum,
1097 1004 1559 1073 magnamque
1592 1004 1789 1052 suam
1825 981 2072 1051 efficiet
2103 981 2501 1059 Ecclesiam,
2548 1003 2757 1067 quam

212 1086 286 1139 tu
335 1069 492 1160 igne
539 1071 1058 1159 consumpsisti,
1097 1087 1162 1140 et
1204 1071 1397 1141 humi
1448 1071 1779 1162 dejecisti.
1833 1076 1971 1161 Ego
2018 1086 2244 1141 autem
2281 1092 2434 1141 sum
2488 1070 2752 1149 beatus,

214 1180 351 1228 non
387 1158 475 1228 ob
513 1158 580 1227 id
623 1159 1044 1248 praesertim,
1081 1160 1262 1247 quod
1307 1161 1374 1228 in
1423 1159 1549 1228 hac
1585 1161 1717 1230 vita
1768 1161 1834 1228 in
1876 1162 2050 1229 bona
2084 1159 2182 1229 fui
2218 1159 2751 1229 existimatione:

214 1247 329 1317 sed
390 1247 552 1334 quia
604 1248 673 1315 in
729 1246 1065 1337 profunda
1120 1262 1464 1319 senectute
1508 1251 1543 1349 (
1553 1249 1698 1339 jam
1751 1250 1934 1318 enim
2004 1271 2135 1340 ago
2193 1248 2756 1338 nonagesimum—

217 1336 539 1423 quintum
592 1358 881 1415 annum,
937 1336 1174 1407 videns
1222 1337 1779 1418 filiosfiltorum,
1831 1351 1893 1407 et
1943 1337 2123 1406 filias
2172 1336 2503 1417 filiarum)
2544 1338 2760 1406 subeo

217 1424 653 1514 martyrium,
697 1437 763 1493 et
798 1437 931 1494 tam
972 1448 1292 1516 magnam
1336 1439 1400 1495 et
1436 1427 1690 1516 populo
1736 1439 1872 1495 tam
1924 1424 2345 1513 frequentem
2381 1425 2750 1503 civitatem,

213 1528 279 1581 et
326 1526 534 1582 totam
589 1514 888 1601 regionis
934 1515 1150 1604 ipsius
1198 1528 1466 1607 gentem
1514 1521 1643 1585 Deo
1688 1515 1941 1585 offero:
1995 1515 2114 1602 qui
2161 1515 2365 1585 etiam
2419 1515 2549 1582 mei
2604 1537 2756 1604 per-

217 1615 490 1692 petuam
532 1603 1039 1672 conservabunt
1079 1605 1506 1685 memoriam,
1549 1626 1860 1675 summas
1895 1603 1995 1673 illi
2028 1617 2306 1694 agentes
2345 1603 2689 1693 gratias.»

299 1693 336 1777 §
384 1695 532 1762 19.
586 1690 677 1759 Ad
759 1692 1090 1781 populum
1159 1706 1386 1762 autem
1452 1714 1868 1771 conversus,
1930 1706 1995 1761 et
2052 1693 2136 1761 ad
2207 1704 2751 1781 commartyres,

210 1779 439 1868 (erant
484 1780 666 1848 enim
736 1801 867 1848 non
937 1780 1160 1851 solum
1221 1782 1369 1850 visu
1407 1782 1999 1870 jucundissimuS,
2045 1781 2160 1850 sed
2211 1781 2415 1850 etiam
2470 1781 2537 1849 in
2589 1802 2754 1849 con·

211 1867 533 1938 cionibus
580 1868 663 1937 ad
729 1869 1058 1959 populum
1110 1868 1705 1958 facundissimus),
1762 1871 1859 1939 sic
1906 1869 2116 1939 dixit:
2167 1893 2201 1935 «
2240 1870 2376 1939 Viri
2426 1869 2634 1949 cives,
2687 1882 2754 1938 et

211 1957 444 2034 amici,
497 1970 561 2024 et
608 1958 904 2046 cognati,
938 1970 1003 2027 et
1034 1959 1457 2046 quicumque
1508 1972 1783 2049 propter
1820 1958 2389 2029 consuetudinem
2423 1972 2490 2027 et
2522 1979 2750 2027 rerum

211 2044 769 2116 communionem
822 2046 905 2115 ad
959 2068 1083 2117 nos
1153 2048 1452 2117 attinetis
1484 2103 1499 2128 ,
1553 2069 1728 2135 quae
1788 2048 2044 2137 patriae
2090 2047 2368 2135 quidem
2427 2060 2493 2115 et
2553 2047 2757 2116 nobis

210 2133 480 2203 civibus
525 2148 919 2214 evenerunt,
952 2158 1108 2203 cum
1143 2158 1275 2205 non
1310 2137 1502 2226 prius
1547 2136 2235 2217 consideraverimuS‚
2294 2156 2515 2223 neque
2553 2157 2752 2204 scru-

214 2222 331 2292 tati
384 2221 721 2292 fuerimus
784 2223 849 2291 id
902 2224 1083 2310 quod
1144 2238 1286 2294 erat
1341 2224 1681 2302 futurum,
1733 2225 1850 2295 sed
1906 2224 2134 2295 fallaci
2186 2225 2471 2304 homini,
2519 2238 2584 2294 et
2630 2224 2751 2310 qui

214 2333 339 2379 nos
396 2310 637 2380 fraude
694 2312 1013 2382 studebat
1065 2335 1330 2403 capere,
1390 2313 1913 2395 crediderimus,
1960 2314 2112 2400 ipsa
2161 2314 2480 2384 novimus
2547 2334 2751 2402 expe-

215 2399 501 2480 rientia,
558 2414 632 2469 ut
678 2403 794 2487 qui
846 2423 1002 2470 cum
1059 2403 1143 2470 iis
1195 2403 1312 2490 qui
1365 2402 1528 2473 foris
1587 2417 1827 2482 erant,
1885 2403 2353 2472 molestiarum
2416 2401 2756 2471 fuerimus

219 2490 610 2580 participes
676 2494 861 2573 Quae
911 2512 1064 2560 vero
1121 2492 1186 2559 in
1242 2496 1449 2561 Deum
1507 2492 1811 2582 linguam
1863 2514 2140 2561 movens
2175 2493 2445 2562 locutus
2491 2506 2592 2561 est
2642 2492 2752 2559 liic

213 2579 583 2667 superbuS‚
649 2580 817 2669 ipsis
857 2580 1146 2649 auribus
1206 2581 1589 2651 audivistis
1645 2581 1836 2664 Quod
1888 2596 2113 2650 autem
2174 2582 2255 2650 ad
2319 2581 2565 2650 Christi
2632 2581 2747 2648 Dei

216 2681 533 2757 provocet
590 2669 1066 2759 negationem,
1141 2684 1472 2740 testantur
1531 2670 1811 2758 quidem
1875 2691 2111 2739 eorum
2176 2670 2297 2757 qui
2365 2690 2752 2758 praecesse-

214 2770 417 2834 runt,
476 2756 817 2846 plurimae
876 2770 942 2826 et
996 2780 1198 2827 omne
1266 2780 1487 2848 genus
1547 2759 1831 2827 caedes:
1903 2771 2240 2828 testantur
2296 2772 2524 2827 autem
2580 2756 2746 2825 haec

210 2866 486 2932 quoque
537 2845 833 2926 vincula,
878 2869 1055 2933 quae
1107 2870 1226 2935 pro
1279 2848 1522 2936 pietate
1574 2848 1770 2917 nobis
1801 2859 1964 2916 sunt
2007 2848 2347 2937 imposita.
2396 2851 2468 2914 Et
2511 2845 2754 2915 fuisset

211 2933 488 3020 quidem
561 2934 1003 3023 sapientium,
1077 2958 1208 3005 non
1258 2958 1406 3005 esse
1455 2937 1755 3013 timidos,
1816 2948 1881 3004 et
1933 2936 2108 3005 vitae
2160 2936 2368 3004 nimis
2415 2933 2742 3023 cupidoS,

212 3043 435 3109 neque
484 3023 646 3092 huic
695 3023 946 3093 callido
996 3038 1061 3093 et
1123 3026 1435 3115 improbo
1495 3025 1846 3095 veteratori
1918 3024 2230 3102 credere,
2289 3022 2491 3091 fldem
2552 3022 2752 3091 adhi-
2821 3068 2841 3089 .

215 3111 448 3180 bentes
471 3111 916 3200 jusjurandO,
956 3114 1136 3200 quod
1174 3129 1275 3184 est
1312 3115 1905 3204 promptissimum
1947 3113 2285 3183 malorum
2325 3111 2697 3181 artificium
2730 3134 2745 3179 τ

214 3199 329 3269 sed
364 3199 621 3269 bellum
665 3200 995 3271 adversus
1048 3204 1272 3291 ipsum
1311 3204 1683 3292 suscipere,
1722 3216 1809 3282 et,
1851 3206 1979 3272 Deo
2029 3222 2331 3293 pugnam
2386 3200 2750 3269 nobiscum

211 3301 633 3377 capessente,
670 3289 914 3360 ulcisci
955 3290 1138 3359 hunc
1169 3291 1489 3381 impium.
1527 3296 1692 3361 Cum
1746 3303 1973 3359 autem
2018 3312 2124 3360 res
2161 3304 2429 3360 nostrae
2476 3288 2558 3356 ad
2597 3310 2746 3357 eam

212 3374 551 3445 adductae
600 3389 760 3446 sunt
812 3381 1277 3448 necessitatem
1311 3434 1326 3458 ,
1382 3394 1454 3448 ut
1528 3379 1625 3448 vel
1698 3385 2019 3468 Tyranno
2084 3390 2438 3469 parenteS,
2491 3391 2556 3447 et
2627 3400 2756 3447 nos

214 3464 426 3553 impie
496 3478 830 3555 gerenteS,
909 3467 1113 3535 vitam
1165 3489 1453 3557 agamus
1505 3468 1868 3537 miseram:
1938 3467 2035 3538 vel
2091 3490 2221 3538 non
2288 3480 2627 3556 parentes,
2687 3479 2753 3535 et

216 3552 531 3643 pietatem
583 3569 993 3636 exercentes,
1041 3555 1310 3625 beatum
1365 3557 1569 3625 finem
1628 3555 2123 3645 adipiscamur,
2176 3555 2578 3626 studeamus
2618 3557 2748 3624 im·

212 3641 568 3710 mortalem
620 3641 907 3732 gloriam
973 3645 1301 3731 consequi
1355 3668 1471 3735 per
1530 3646 1964 3734 martyrium.
2030 3651 2159 3715 Nec
2229 3665 2336 3714 me
2414 3645 2755 3714 existimet

209 3730 487 3817 aliquiS,
529 3746 876 3817 tamquam
910 3732 1056 3821 jam
1108 3755 1364 3814 senem,
1402 3750 1467 3803 et
1517 3733 1798 3824 plenum
1850 3734 2147 3814 dierum,
2201 3731 2408 3802 finem
2462 3754 2740 3833 cupere,

208 3832 277 3889 et
338 3820 488 3890 ideo
551 3818 724 3889 alios
784 3820 866 3889 ad
925 3836 1207 3891 mortem
1272 3824 1592 3892 incitare:
1647 3822 1764 3892 sed
1817 3823 2203 3892 consideret
2262 3842 2753 3908 unusquisque

211 3923 537 3987 vestrum,
596 3923 877 3978 mortem
935 3932 1082 3978 esse
1138 3932 1510 3982 commune
1555 3912 1865 3981 debitum
1908 3924 1972 3981 et
2014 3912 2277 3999 juveni,
2331 3922 2397 3980 et
2442 3909 2615 3990 seni,
2684 3921 2750 3979 et

208 4019 356 4068 esse
406 3997 867 4067 inevitabilem
902 4000 1210 4088 corporis
1242 3999 1793 4072 dissolutionem.
1843 4005 2080 4085 ltaque
2130 4022 2264 4069 non
2316 4010 2748 4156 exspectetur

212 4082 371 4154 finis
400 4087 814 4166 communiS,
853 4100 917 4156 et
962 4088 1080 4175 qui
1113 4111 1239 4158 sua
1270 4103 1513 4179 sponte
1565 4090 1784 4159 venit:
1838 4087 1955 4156 sed
1997 4090 2266 4158 studeat
2312 4088 2429 4175 qui
2467 4086 2624 4167 ibet,
2671 4100 2754 4157 ut

213 4173 301 4242 sit
329 4197 534 4261 quam
572 4174 720 4245 fieri
756 4176 999 4266 poterit
1031 4176 1374 4266 gloriosus
1406 4190 1471 4248 et
1503 4179 1766 4248 beatus.
1812 4176 2152 4259 Quidnam
2215 4191 2441 4247 autem
2502 4176 2752 4245 dixerit

210 4261 555 4352 quispiam
610 4265 940 4355 martyrio
969 4264 1362 4355 gloriosius,
1401 4280 1520 4338 aut
1555 4266 2062 4354 quaestuosius,
2113 4279 2232 4337 aut
2280 4266 2413 4356 piis
2448 4264 2749 4335 homini-

212 4349 344 4422 bus
392 4354 701 4424 beatius?
748 4359 886 4456 Ego
940 4354 1151 4437 enim,
1206 4355 1264 4424 si
1294 4355 1462 4425 .fieri
1516 4368 1784 4445 posset,
1853 4368 2129 4445 propter
2175 4355 2521 4425 Christum
2571 4354 2749 4423 mori

211 4460 414 4531 saepe
445 4456 510 4512 et
550 4444 696 4533 ipse
742 4443 1090 4535 eligerem,
1129 4456 1194 4516 et
1226 4443 1382 4515 aliis
1421 4442 1895 4517 consulerem:
1935 4446 2172 4533 sicque
2216 4456 2394 4518 esset
2426 4455 2493 4514 et
2530 4443 2751 4534 maj0r
