3347 4999
237 338 406 405 OCT.
463 339 488 403 l
1081 358 1160 404 na
1208 359 1263 406 s.
1318 357 1576 405 nummo
1623 355 1920 406 Ancurae.
2597 341 2666 405 Η

234 440 602 505 Censuram
638 436 1063 507 auctoritatis
1098 492 1114 519 ,
1197 440 1617 526 temperabat
1657 437 2116 507 mansuetudo
2149 437 2586 508 humilitatis.
2618 443 2767 524 ,De-

234 523 710 611 linquentibus
780 526 1056 613 quidem
1118 526 1518 596 minabatur
1591 527 1834 596 frontis
1908 528 2323 608 austeritaS,
2380 526 2500 597 sed
2574 526 2767 597 blan·

232 612 551 684 diebatur
587 613 814 684 cordis
863 615 1214 684 serenitas.
1269 620 1441 704 Erga
1494 616 1665 684 bene
1713 628 1992 716 agentes
2023 670 2038 696 ,
2093 621 2330 685 Petrus
2389 618 2768 709 apparebat

234 702 301 770 in
358 702 583 772 vultu:
641 725 804 793 erga
852 703 1375 791 delinquentes,
1439 704 1696 774 Paulus
1754 727 1824 772 in
1886 704 2178 793 spiritu:
2222 726 2303 773 ac
2361 706 2758 774 sic‘conve·

232 791 464 860 niente
510 791 581 859 in
632 814 772 861 uno
819 792 1207 862 diversitate
1255 793 1632 883 gratiarum
1666 847 1689 875 ,
1745 792 1936 863 illius
1985 792 2298 882 pietatis,
2356 793 2567 883 huJus
2621 805 2766 864 erat

232 880 615 950 aemulator
660 880 1142 951 districtionis:
1197 882 1289 951 ita
1338 878 1417 951 ut
1458 903 1618 951 cum
1686 882 2142 972 praesentiam
2191 880 2343 970 ejus
2389 882 2762 969 quisquam

231 968 341 1037 vix
389 970 794 1050 sustineret,
861 970 1239 1040 absentiam
1314 969 1488 1040 ferre
1553 991 1687 1039 non
1741 983 1989 1060 posset.
2045 976 2480 1039 Internorum
2531 983 2762 1040 autem

170 1108 177 1111 -
231 1057 569 1127 bonorum
614 1080 898 1130 suorum
945 1059 1202 1130 formas
1251 1081 1329 1128 ac
1377 1059 1665 1149 species,
1721 1060 1902 1129 sicut
1950 1079 2152 1127 nemo
2185 1058 2271 1127 ad
2316 1057 2599 1147 plenum
2636 1081 2757 1149 po-

235 1147 363 1215 tuit
410 1146 751 1237 inspicere
783 1202 799 1228 ‚
854 1147 946 1217 ita
998 1170 1197 1218 nemo
1245 1148 1501 1217 sufficit
1556 1147 1921 1237 explicare.
1990 1153 2173 1229 Quas
2222 1148 2402 1216 sicut
2451 1147 2565 1216 ille
2613 1160 2761 1217 stu-

231 1233 384 1303 duit
414 1236 742 1317 excolere,
788 1237 881 1305 ita
911 1250 977 1307 et
1009 1237 1339 1306 laboravit
1368 1236 1724 1306 occulere:
1760 1248 1826 1305 et
1864 1257 2025 1305 cum
2063 1236 2229 1304 haec
2265 1235 2463 1305 vellet
2491 1236 2756 1326 augeri,

233 1323 509 1393 nolebat
556 1324 858 1416 agnosci.
936 1325 1062 1396 Sed
1111 1326 1273 1413 quia
1322 1326 1490 1394 haec
1537 1336 1639 1394 est
1689 1338 1938 1394 natura
1976 1324 2287 1411 justitiae
2316 1378 2332 1404 ,
2384 1335 2462 1393 ut
2507 1338 2765 1411 quanto

230 1412 612 1485 studiosius
659 1414 989 1483 abscondi
1036 1426 1246 1505 optat,
1301 1426 1485 1483 tanto
1533 1413 1790 1482 clarius
1831 1414 2233 1493 innotescat,
2286 1426 2352 1482 et
2398 1414 2763 1482 occultatio

232 1501 425 1600 ipsa,
480 1502 897 1592 praedicatio
945 1503 1068 1573 sit:
1126 1525 1245 1591 per
1292 1501 1583 1593 populos
1633 1514 1978 1571 tantorum
2028 1502 2367 1572 bonorum
2419 1500 2601 1571 fama
2649 1524 2763 1571 vo·

230 1589 492 1660 litabat.
547 1591 906 1661 Eminebat
950 1593 1019 1660 in
1069 1592 1526 1661 admiratione
1581 1591 1897 1659 omnium
1933 1645 1949 1671 ,
2006 1590 2212 1660 veluti
2260 1589 2503 1661 civitas
2553 1612 2764 1680 super

230 1679 547 1748 verticem
614 1681 870 1750 montis
931 1682 1236 1770 exposita
1270 1735 1285 1762 ,
1341 1702 1464 1749 nec
1524 1680 1670 1770 jam
1725 1678 2006 1748 lucerna
2058 1692 2317 1768 poterat
2365 1679 2571 1748 latere
2634 1680 2765 1749 sub

231 1767 483 1838 modio.
540 1767 847 1837 Gloriosa
907 1768 1025 1838 illa
1080 1769 1313 1839 anima
1360 1768 1630 1859 aperuit
1668 1767 1956 1837 latentes
1998 1767 2069 1836 in
2119 1790 2190 1836 se
2238 1767 2513 1837 divitias
2550 1768 2765 1837 coele-

230 1856 439 1925 stium
475 1878 866 1937 munerum,
914 1870 978 1926 et
1016 1858 1100 1926 de
1137 1859 1437 1928 armario
1477 1856 2023 1927 suaveolentium
2058 1855 2414 1936 virtutum,
2459 1869 2765 1926 aromata

232 1944 800 2016 sanctificationis
823 1959 886 2016 et
915 1947 1292 2037 gratiarum
1330 1968 1613 2017 suarum
1644 1967 1856 2034 supra
1886 1966 2160 2014 omnem
2195 1945 2374 2013 hanc
2400 1944 2762 2014 ecclesiam

230 2032 498 2101 effudit.
536 2034 889 2124 Neglector
924 2036 1200 2122 quietis,
1240 2035 1479 2125 refuga
1519 2034 1913 2124 voluptatiS,
1953 2034 2293 2123 appetitor
2333 2034 2610 2115 laboris,
2646 2057 2767 2123 pa-

232 2121 415 2213 tiens*
450 2121 877 2209 abjectionis,
915 2124 1287 2214 impatiens
1327 2123 1633 2203 bonoriS,
1682 2144 1946 2213 pauper
1981 2123 2049 2190 in
2100 2122 2415 2211 pecunia,
2469 2123 2658 2191 dives
2693 2123 2764 2191 in

230 2210 670 2291 conscientia,
723 2212 1011 2283 humilis
1059 2214 1145 2282 ad
1199 2213 1465 2293 merita,
1504 2214 1851 2301 superbus
1897 2211 1982 2280 ad
2035 2211 2221 2280 vitia.
2278 2211 2384 2280 Sic
2435 2212 2505 2280 in
2548 2233 2619 2280 se
2652 2234 2766 2279 ex-

229 2297 442 2367 coluit
489 2299 794 2371 diversas
893 2303 1218 2371 ratiarum
1271 2302 1579 2380 virtuteS,
1633 2312 1711 2369 ut
1761 2300 1869 2369 vix
1919 2300 2121 2389 pauci
2171 2311 2477 2370 tenerent
2524 2300 2768 2389 singu-

230 2386 355 2467 laS,
408 2389 753 2473 quomodo
805 2324 917 2459 iffe
965 2390 1276 2480 implevit
1315 2390 1698 2459 universas.
1738 2392 2019 2478 Semper
2049 2388 2121 2457 in
2156 2389 2385 2478 operis
2417 2389 2759 2468 exercitio,

230 2496 502 2566 semper
534 2477 603 2546 in
654 2479 1209 2568 compunctionis
1258 2480 1527 2549 affectu.
1575 2477 1776 2549 Nulla
1823 2478 1924 2547 illi
1973 2499 2053 2547 ex
2100 2478 2426 2548 omnibus
2477 2499 2769 2568 propen-

230 2565 371 2634 sior
417 2588 608 2646 cura,
653 2567 784 2636 nisi
819 2580 895 2639 ut
927 2581 1046 2638 aut
1083 2568 1168 2638 de
1203 2574 1334 2638 Deo
1373 2568 1443 2637 in
1480 2568 1772 2637 lectione
1813 2580 2016 2655 atque
2049 2588 2389 2648 sermone,
2444 2578 2564 2637 aut
2599 2589 2762 2637 cum

227 2657 362 2721 Deo
394 2653 463 2721 in
498 2654 804 2725 oratione
853 2657 1268 2745 loqueretur.
1312 2658 1442 2739 Qui
1482 2657 1778 2726 contrita
1830 2656 2249 2725 continuatis
2272 2653 2563 2746 jejuniis
2612 2677 2769 2725 ossa

230 2740 550 2812 studebat
594 2743 680 2813 de
716 2759 1147 2834 persecutore
1178 2746 1483 2826 inimico,
1523 2745 1731 2835 longo
1773 2746 2206 2835 triumphare
2241 2744 2593 2833 martyrio,
2644 2766 2765 2834 pro

226 2830 380 2899 cibo
428 2853 506 2901 ac
547 2846 714 2921 potu
760 2834 888 2903 hoc
936 2856 1167 2904 secum
1223 2835 1644 2904 incessanter
1678 2835 2088 2902 ruminans:
2122 2839 2424 2901 Fuerunt
2452 2834 2627 2900 mihi
2665 2835 2768 2900 la-

228 2942 497 3009 crymae
543 2944 729 2990 meae
773 2946 982 3013 panes
1021 2925 1127 2993 die
1176 2947 1255 2993 ac
1286 2934 1493 2993 nocte.
1554 2925 1972 3011 Concupiscit
2001 2934 2064 2991 et
2092 2922 2312 3008 deficit
2351 2923 2583 2989 anima
2606 2943 2762 2990 mea

227 3009 298 3076 in
346 3011 528 3078 atria
574 3014 856 3081 Domini.
936 3018 1060 3084 Cor
1104 3036 1324 3084 meum
1379 3022 1440 3082 et
1503 3035 1656 3081 caro
1703 3035 1854 3080 mea
1901 3013 2387 3079 emanaverunt
2437 3012 2507 3078 in
2554 3014 2766 3079 Deum

224 3098 474 3166 vivum.
528 3102 776 3188 Defecit
826 3103 896 3168 in
923 3104 1229 3171 salutare
1275 3112 1466 3170 tuum
1515 3101 1749 3169 anima
1794 3122 1967 3168 mea.
2023 3098 2244 3166 Sitivit
2294 3098 2360 3165 in
2417 3110 2478 3168 te
2527 3098 2762 3166 anima

226 3205 403 3266 mea,
433 3208 640 3273 quam
674 3188 1144 3278 multipliciter
1174 3189 1298 3260 tibi
1325 3210 1484 3258 caro
1512 3210 1683 3257 mea.
1724 3188 1946 3256 Sitivit
1978 3186 2210 3255 anima
2248 3209 2398 3256 mea
2432 3186 2517 3256 ad
2549 3191 2767 3256 Deum

227 3270 481 3342 fontem
526 3276 801 3345 vivum:
854 3278 1132 3363 quando
1180 3279 1450 3347 veniam
1507 3292 1571 3345 et
1626 3276 1975 3364 apparebo
2005 3286 2162 3344 ante
2202 3273 2445 3344 faciem
2483 3276 2658 3345 Dei?
2690 3280 2767 3344 Et

226 3362 645 3432 consolando
684 3386 754 3434 se
788 3364 1093 3435 dicebat:
1148 3371 1371 3449 Quare
1419 3365 1633 3435 tristis
1666 3385 1739 3432 es
1781 3364 2014 3434 anima
2052 3385 2225 3444 mea,
2262 3376 2327 3432 et
2359 3385 2575 3451 quare
2598 3385 2765 3433 con-

226 3451 463 3521 turbas
514 3453 672 3520 me?
720 3458 928 3541 Spera
978 3455 1047 3522 in
1106 3460 1254 3537 Deo,
1308 3453 1641 3542 quoniam
1692 3451 1923 3522 adhuc
1970 3451 2351 3522 confitebor
2397 3452 2539 3521 illi:
2579 3452 2767 3521 salu-

225 3549 365 3608 tare
398 3539 626 3608 vultus
660 3542 791 3609 mei
822 3554 887 3610 et
923 3547 1093 3611 Deus
1127 3566 1344 3613 meus.
1380 3541 1716 3622 satiabor,
1755 3541 1922 3610 dum
1958 3541 2513 3612 manifestabitur
2547 3541 2768 3631 gloria

225 3628 377 3716 ejus
421 3628 488 3716 (c
534 3629 878 3719 Psalmis).

312 3718 348 3803 ξ
395 3720 488 3786 9.
544 3722 712 3786 Nam
744 3719 909 3805 quia
966 3720 1194 3808 specie
1233 3720 1342 3789 sui
1376 3718 1755 3788 conditoris
1795 3717 1881 3786 ad
1921 3739 2129 3805 quam
2174 3718 2566 3799 anhelabat,
2609 3738 2764 3786 nec-

223 3804 391 3873 dum
435 3805 837 3888 satiabatur,
877 3808 1228 3877 continuis
1277 3807 1600 3897 suspiriis
1647 3819 1853 3894 atque
1903 3807 2301 3896 gemitibus,
2350 3807 2623 3876 diurnis
2661 3817 2766 3874 at-

223 3915 356 3980 que
418 3896 775 3964 nocturnis
819 3897 1141 3984 lacrymis
1183 3897 1379 3965 illum
1414 3896 1840 3998 dpsiderans,
1891 3896 2003 3985 pio
2065 3895 2256 3964 luctu
2307 3895 2391 3964 ad
2455 3916 2758 3986 superna

220 3982 476 4137 gaudia
514 3983 888 4065 sublevata,
921 3986 1171 4066 flendo,
1207 4007 1279 4055 se
1318 3982 1553 4053 anima
1593 3995 1829 4054 sancta
1876 3985 2199 4073 pascebat
2232 4009 2247 4050 ε
2283 3996 2349 4053 et
2384 3984 2570 4054 intus
2613 3985 2765 4070 qui-

272 4091 377 4138 em
407 4071 662 4142 doloris
687 4073 796 4141 sui
822 4075 1155 4164 gemitum
1192 4073 1541 4153 tolerabat,
1575 4073 1693 4142 sed
1717 4094 1795 4141 eo
1829 4072 2217 4143 refectionis
2245 4073 2579 4162 pabulum
2609 4094 2765 4161 per-

225 4159 565 4248 cipiebat,
609 4183 745 4249 quo
810 4162 920 4230 hic
975 4164 1076 4232 vis
1133 4163 1391 4232 amoris
1459 4184 1579 4253 per
1640 4161 1983 4250 lacrymas
2045 4160 2432 4231 emanabat.
2499 4166 2771 4230 Praeter

226 4247 432 4316 vitam
484 4250 683 4319 avide
733 4250 902 4319 nihil
955 4252 1335 4333 esuriebat,
1379 4265 1645 4353 praeter
1683 4250 2025 4341 justitiam
2065 4249 2240 4319 nihil
2277 4249 2770 4330 delectabiliter

229 4336 520 4435 sitiebat.
575 4340 963 4409 Praesentia
1015 4353 1337 4428 tanquam
1378 4341 1613 4409 inania
1647 4354 1852 4426 atque
1901 4351 2266 4421 transacta,
2306 4339 2587 4408 absente
2624 4339 2767 4426 spi-

223 4438 358 4494 ritu
426 4448 563 4496 non
618 4428 912 4510 videbat,
970 4440 1036 4498 et
1100 4430 1169 4498 in
1236 4429 1467 4499 futuro
1525 4430 1824 4519 reposita
1893 4429 2096 4516 quasi
2173 4427 2396 4499 oculis
2481 4426 2763 4499 subdita
