3347 4999
202 335 388 403 OCT.
443 338 482 402 5
974 355 1054 404 m:
1087 355 1178 402 ss.
1219 354 1478 404 Pucino
1527 356 1601 402 ar
1648 355 1849 404 socns
1890 357 2005 404 uu.
2544 339 2675 406 ⁴87

202 437 418 507 modo
470 451 745 527 possent
803 437 1102 518 defendi,
1160 459 1379 525 neque
1426 439 1736 508 debitum
1817 461 2108 529 pensum
2157 462 2199 508 a
2249 441 2765 529 possessoribus

202 527 413 615 exffgi.
471 528 592 595 His
641 526 1052 598 venerabilis
1102 532 1295 597 Pater
1356 527 1651 607 auditis,
1705 549 1982 598 omnem
2033 549 2420 600 convocans
2477 550 2764 631 congre-

201 617 598 705 gationem,
653 638 829 702 quae
878 617 946 685 in
1019 616 1165 685 suis
1232 616 1788 703 possessionibus
1835 628 1985 686 acta
2018 669 2033 696 ,
2110 617 2379 704 sibique
2432 634 2762 690 nunciata

201 717 466 785 essent,
524 727 643 793 per
674 704 985 775 ordinem
1032 704 1291 793 pandit.
1331 709 1613 774 Demum
1652 726 1807 775 vero
1854 727 1935 775 ex
1982 705 2299 775 consulto
2332 706 2762 779 cassinensis

201 794 788 884 congregationis,
854 793 1206 863 Placidum
1279 794 1798 864 sanctissimum
1832 847 1848 874 ,
1903 793 2079 863 disci
2135 793 2333 863 ulum
2386 816 2619 875 suum,
2674 795 2760 866 ad

205 895 483 953 tantum
538 882 838 953 laborem
921 882 1402 952 sustinendum
1471 883 1911 973 aptissimum
1972 884 2055 972 ju
2112 883 2338 963 icanS,
2395 882 2483 951 ob
2536 883 2599 951 id
2655 885 2760 953 vel

204 971 544 1051 maxime,
599 972 764 1058 quia
810 971 1050 1041 nullus
1101 971 1376 1041 easdem
1446 972 1913 1059 possessiones
1962 973 2139 1041 sicut
2197 971 2356 1061 ipse'
2388 970 2762 1050 defendere

203 1073 271 1128 et
318 1060 670 1130 custodire
727 1059 999 1141 valeret,
1068 1074 1347 1139 evocat,
1400 1060 1740 1148 illumque
1787 1062 1870 1130 ad
1945 1061 2303 1132 tuitionem
2354 1060 2761 1130 earumdem

204 1150 508 1224 certium
544 1149 814 1231 direxit,
867 1148 1193 1237 deditque
1242 1149 1749 1220 commilitones
1799 1150 1968 1219 tanti
2018 1150 2283 1219 itineris
2332 1149 2760 1220 Gordianum

202 1252 270 1309 et
321 1243 687 1320 Donatum,
743 1239 1076 1308 mandans
1116 1251 1188 1307 ut
1222 1238 1314 1307 ita
1378 1238 1571 1309 beato
1626 1237 1926 1319 Placido,
1978 1238 2185 1308 unico
2233 1239 2368 1308 sibi
2416 1260 2496 1307 ac
2542 1239 2761 1309 caris-

204 1327 416 1406 simo,
469 1327 649 1397 sicut
694 1342 760 1397 et
804 1327 937 1398 sibi
986 1341 1272 1397 eatenus
1319 1326 1386 1395 in
1422 1327 1752 1397 omnibus
1797 1328 2364 1414 obsequerentur,
2409 1327 2760 1397 osculans·

202 1437 343 1502 que
396 1417 669 1488 beatum
726 1415 1076 1485 Placidum
1126 1427 1193 1484 et
1250 1416 1690 1496 benedicens,
1744 1415 2008 1486 dimisit
2055 1438 2095 1486 a
2145 1438 2239 1497 se,
2288 1438 2469 1485 anno
2527 1417 2760 1485 Domi·-

202 1505 410 1574 nicae
456 1506 952 1575 incarnationis
982 1504 1539 1606 quingentesimo
1580 1505 2145 1594 trigesimosexto.
2200 1506 2420 1607 Igitur
2475 1504 2760 1574 benedi-

202 1594 507 1664 ctionem
540 1605 605 1663 et
650 1593 963 1663 osculum
1002 1594 1391 1682 suscipiens
1428 1593 1594 1662 tanti
1640 1595 1876 1681 patris,
1918 1593 2385 1663 tertiodec1mo
2419 1592 2759 1664 Kalendas

200 1682 399 1751 Junii
456 1681 900 1752 beatissimus
949 1681 1270 1752 Placidus
1318 1703 1477 1751 cum
1530 1681 1806 1755 duobus
1869 1681 2153 1754 famulis
2215 1684 2363 1753 suis
2412 1683 2757 1753 Gordiano

200 1783 271 1840 et
324 1776 582 1841 Donato
619 1826 635 1852 ,
689 1772 995 1842 ascensis
1070 1771 1292 1858 equis,
1351 1770 1573 1859 primo
1621 1770 1934 1841 diluculo
1988 1771 2116 1841 iter
2160 1771 2592 1862 aggrediens,
2638 1771 2759 1841 ad-

205 1873 730 1949 vesperascente
770 1860 915 1949 jam
952 1859 1085 1940 die,
1141 1865 1533 1949 Capuanam
1588 1859 1894 1961 pervenit
1932 1859 2015 1929 ad
2071 1860 2339 1941 urbem,
2389 1861 2507 1930 ubi
2564 1861 2756 1930 beni-

82 1981 109 2004 *-
206 1971 348 2038 gne
402 1971 562 2017 cum
613 1949 760 2018 suis
828 1971 867 2017 a
916 1947 1111 2021 beato
1158 1954 1496 2019 Germano
1543 1947 1578 1984 ⁴*
1622 1949 1927 2035 ejusdem
2003 1949 2298 2019 civitatis
2365 1950 2745 2049 Epi-soom,

206 2050 580 2126 susceptus
624 2049 747 2106 est.
802 2037 1243 2107 Primicerius
1293 2057 1447 2107 vero
1493 2036 1807 2122 ejusdem
1857 2041 2218 2127 Capuanae
2254 2038 2601 2108 ecclesiae.
2639 2060 2759 2109 no-

204 2125 399 2195 mine
448 2127 698 2208 Zoffas‚
758 2125 1082 2195 laborans
1123 2126 1318 2196 valde
1375 2127 1673 2215 pessima
1741 2126 2141 2196 infirmitate
2199 2127 2486 2216 capitis,
2540 2149 2754 2213 quam

205 2213 463 2284 medici
513 2235 756 2304 graeco
808 2214 1137 2285 vocabulo
1193 2214 1589 2305 cephaleam
1660 2228 1941 2294 vocant,
1993 2216 2113 2285 ubi
2164 2217 2543 2305 comperit,
2615 2215 2758 2285 illic

208 2303 460 2372 adesse
509 2302 890 2384 Placidum,
944 2304 1320 2374 beatissimi
1392 2304 1603 2394 patris
1659 2304 2002 2374 Benedicti
2053 2305 2503 2394 discipulum,
2555 2305 2761 2394 cujus

196 2391 353 2481 jam
406 2413 526 2478 per
575 2405 788 2462 totum
838 2393 1070 2462 orbem
1144 2398 1531 2462 Romanum
1603 2393 2098 2463 miraculorum
2162 2392 2345 2462 fama
2398 2393 2754 2473 radiabat,

208 2478 513 2569 procidit
551 2481 634 2550 ad
686 2482 837 2572 ejus
896 2480 1132 2571 pedes,
1180 2482 1464 2552 dicens:
1519 2504 1555 2550 «
1586 2481 1843 2570 Adjuro
1893 2495 1976 2563 te,
2029 2482 2325 2563 Placide,
2405 2505 2607 2553 serve·
2643 2482 2759 2553 Dei

207 2569 496 2649 summi,
554 2593 672 2659 per
721 2570 1184 2658 venerandum
1226 2592 1472 2640 nomen
1520 2571 1999 2659 pretiosissimi
2044 2570 2356 2663 magistri
2405 2572 2512 2649 tui.
2547 2578 2766 2641 Bene-

206 2657 403 2741 dicti,
459 2670 534 2728 ut
580 2659 887 2749 digneris
935 2681 1147 2751 super
1190 2672 1400 2750 caput
1435 2681 1667 2730 meum
1715 2682 1964 2730 manus
2014 2673 2165 2730 tuas
2213 2672 2487 2730 sanctas
2536 2660 2627 2727 im
2685 2683 2760 2729 o-

208 2768 399 2828 nere,
430 2769 509 2817 ac
561 2770 794 2838 preces
828 2748 1264 2838 Redemptori
1313 2761 1378 2818 et
1413 2748 1743 2819 Salvatori
1766 2750 2081 2819 omnium
2133 2748 2445 2829 fundere;
2482 2770 2608 2818 con
2669 2748 2758 2818 do

202 2835 395 2907 enim
446 2850 510 2906 et
555 2838 1110 2907 constantissime
1155 2837 1384 2919 credo,
1435 2838 1624 2925 quia,
1664 2838 1724 2906 si
1784 2838 1913 2908 hoc
1964 2838 2229 2918 feceris,
2273 2838 2601 2907 continuo
2649 2859 2754 2905 re·-

203 2924 463 3014 cipiam
502 2916 958 2996 sanitatems»
1011 2930 1302 2997 Sanctus
1348 2940 1575 2996 autem
1634 2927 1902 2999 Domini
1966 2926 2326 3006 PlaciduS,
2376 2928 2462 2996 ab
2508 2925 2749 2995 eodem

207 3013 605 3104 primicerio
656 3014 817 3085 talia
863 3015 1029 3084 dum
1084 3016 1288 3086 verba
1335 3015 1664 3097 audisset,
1723 3038 1969 3105 pavore
2018 3016 2459 3104 perterritus,
2526 3014 2756 3084 omni-

206 3100 437 3173 mo‘dis
464 3104 933 3174 contradicere
968 3104 1214 3193 coepit,
1252 3104 1529 3174 dicens:
1564 3126 1601 3171 «
1637 3105 1977 3184 Recedite,
2012 3105 2178 3190 quia
2224 3104 2391 3173 haec
2434 3125 2585 3173 mea
2622 3124 2756 3173 non

208 3204 411 3269 sunt,
479 3192 594 3263 sed
650 3193 1041 3272 beatissimi,
1092 3194 1306 3282 patris
1353 3192 1748 3273 Benedicti,
1804 3205 1868 3261 et
1916 3192 2195 3263 illorum
2254 3193 2372 3280 qui
2424 3192 2754 3267 Salvatori

205 3280 525 3349 omnium
581 3280 1017 3370 placuerunt,
1066 3286 1203 3371 Ego
1248 3283 1435 3351 enim
1489 3294 1804 3371 peccator
1851 3303 2049 3362 sum,
2102 3294 2167 3351 et
2220 3280 2756 3371 perfectissimo-

208 3389 366 3438 rum
422 3368 721 3439 virorum
773 3370 1125 3461 suffragiis
1159 3370 1504 3472 indigen&
1544 3392 1580 3437 »
1632 3375 1926 3440 Sanctus
1975 3392 2131 3440 vero
2170 3374 2554 3440 Germanus
2597 3360 2758 3458 Epi—

206 3477 488 3547 scopuS,
542 3479 681 3527 una
720 3480 878 3529 cum
922 3457 1192 3529 clericis
1233 3481 1411 3537 suns,
1467 3459 1645 3528 servi
1683 3459 1947 3527 Domini
1979 3459 2236 3529 Placidi
2285 3481 2401 3529 ore
2434 3459 2602 3528 haec
2628 3480 2756 3527 au-

206 3544 433 3626 diens,
484 3558 550 3616 et
598 3551 730 3616 Deo
776 3559 841 3616 et
889 3548 1287 3618 hominibus
1337 3547 1535 3617 illum
1606 3546 2047 3618 carissimum
2104 3570 2184 3617 ac
2220 3547 2754 3618 dilectissimum

203 3655 357 3705 esse
402 3656 879 3725 praenoscenS,
925 3636 1297 3726 primicerii
1353 3635 1673 3725 precibus
1720 3636 2018 3718 vinctuS,
2070 3658 2193 3726 pro
2241 3636 2552 3724 ejusdem
2606 3634 2758 3704 lan-

206 3723 404 3809 guidi
456 3723 928 3794 incolumitate
977 3724 1175 3794 illum
1227 3746 1469 3826 rogare
1523 3724 2023 3795 instantissime
2071 3727 2317 3814 coepit.
2372 3724 2487 3793 Vir
2524 3735 2756 3794 autem

208 3812 509 3893 Domini,
563 3813 1139 3902 supplicationem
1177 3826 1350 3883 tanti
1400 3812 1615 3903 patris
1665 3813 1955 3884 minime
2001 3812 2573 3884 contemnendam
2626 3811 2755 3883 du-

205 3916 396 3981 cenS,
457 3902 666 3970 erexit
706 3923 800 3982 se,
868 3923 1301 3992 surgensque
1350 3923 1634 3972 manum
1673 3903 1886 3991 capiti
1924 3902 2078 3989 ejus
2119 3901 2473 4003 imposuit,
2538 3914 2602 3970 et
2667 3899 2756 3970 ad

206 3989 475 4060 coelum
512 3989 751 4060 oculos
796 3990 1096 4071 elevans,
1159 3992 1372 4061 dixit:
1427 3995 1570 4061 «In
1623 3992 1902 4060 nomine
1976 3992 2244 4060 Domini
2318 3990 2531 4060 nostri
2593 3990 2758 4060 Jesu

204 4079 481 4158 Christi,
533 4079 737 4168 cujus
787 4081 1034 4148 virtute
1085 4080 1256 4148 nihil
1311 4079 1561 4161 laesuS‚
1608 4103 1760 4150 sum
1814 4093 2089 4171 ereptus
2136 4080 2220 4148 de
2250 4080 2473 4167 aquis,
2527 4101 2567 4148 a
2605 4078 2759 4166 qui-

204 4165 338 4237 bus
388 4168 720 4249 trahebat,
773 4168 1053 4258 adjutus
1097 4169 1359 4239 meritis
1397 4181 1462 4239 et
1509 4169 1940 4239 orationibus
1991 4169 2303 4269 magistri
2370 4168 2583 4238 nostri
2636 4172 2755 4237 Be-

209 4256 488 4337 nedicti,
549 4257 606 4327 si
660 4257 864 4328 fidem
920 4257 1131 4327 babes
1173 4270 1399 4327 tantae
1438 4257 1891 4339 credulitatis,
1967 4270 2278 4327 restituat
2328 4271 2387 4326 te
2440 4262 2613 4326 Deus
2682 4257 2753 4325 in

210 4344 573 4430 pristinam
610 4347 1046 4418 sanitatem.»
1082 4351 1388 4435 Cumque
1421 4369 1687 4427 omnes,
1735 4346 1855 4433 qui
1891 4345 2176 4417 aderant
2211 4345 2751 4436 respondissent,

262 4466 287 4489 ⁹
315 4469 716 4521 Dequoxxxhuj.
