3347 4999
714 346 843 411 706
1245 362 1323 408 1)ss
1370 362 1463 409 ss.
1515 360 1926 409 cunrsfflrno
1975 361 2050 408 εἰ·
2095 362 2289 409 muna
2340 361 2528 409 unt.
2861 343 3043 412 ocT.
3095 349 3180 414 25

624 449 740 519 Vel
790 448 859 517 in
911 447 1184 518 arcanis
1232 446 1593 517 sacrificiis
1654 446 2124 536 Dionysiacis‚
2181 447 2280 516 vel
2331 447 2402 516 in
2462 446 2916 520 ebrietatibus
2962 462 3033 518 et
3079 451 3180 519 in·

627 536 1094 609 continentia?
1133 535 1498 623 Reliquum
1547 547 1671 616 est,
1728 548 1805 606 ut
1858 534 1943 605 ad
1995 536 2306 627 reginam
2345 541 2721 618 Junonem,
2765 551 2841 607 et
2896 537 3175 608 stultam

627 626 1000 707 Palladem,
1055 623 1976 714 Veneremqueimpudicam
2011 626 2396 695 veniamus.
2446 625 2896 718 Reperiemus
2945 641 3176 698 autem

627 717 818 808 ipsas
882 715 1061 784 inter
1121 736 1194 785 se
1238 713 1730 784 contendentes
1777 736 1857 783 ac
1906 714 2372 795 decertantes,
2451 735 2797 802 quaenam
2864 715 3178 806 ipsarum

631 803 1100 896 pulcritudine
1173 803 1460 873 caeteris
1525 802 1983 874 antecelleret.
2046 803 2370 873 Omnium
2439 806 2792 892 poetarum
2828 858 2845 883 ,
2909 817 2979 875 et
3028 828 3180 875 ora·

630 907 881 976 torum,
935 905 1139 981 atque
1173 892 1657 962 historicorum
1693 890 1890 963 libris
1909 891 2256 983 judicium
2297 891 2470 962 illud
2512 892 2946 974 decantatur,
2996 895 3179 982 quod

630 984 718 1054 ob
766 995 1033 1073 spretae
1079 981 1341 1052 formae
1387 979 1878 1067 contumeliam
1932 980 2354 1051 vindicatum
2409 993 2536 1051 est.
2591 987 2723 1050 Cur
2758 982 2947 1051 enim
3004 984 3184 1053 indi-

631 1085 879 1164 gnatae
946 1082 1112 1141 sunt
1186 1069 1395 1140 illae?
1443 1074 1575 1139 Cur
1629 1069 1798 1139 haec
1849 1068 2104 1140 laetitia
2169 1069 2429 1159 gestiit,
2485 1070 2619 1139 nisi
2687 1070 2928 1141 foedae
2987 1072 3183 1142 volu-

629 1161 836 1252 ptatis
876 1161 1147 1251 gratia?
1194 1159 1506 1229 Probavit
1554 1158 1733 1228 hanc
1786 1159 2077 1247 pastoris
2125 1159 2487 1240 sententia,
2527 1158 2684 1229 illas
2731 1161 3177 1249 improbavit.

631 1254 797 1320 Cum
851 1249 1062 1340 igitur
1123 1269 1365 1320 omnes
1403 1248 1514 1317 isti
1575 1247 1662 1316 ab
1714 1247 1970 1317 bonore
2017 1247 2395 1317 divinitatis
2452 1248 2853 1328 exciderint,
2891 1251 3178 1320 cuinam

629 1339 941 1409 omnium
998 1337 1409 1428 populorum
1445 1357 1827 1407 consensus
1861 1335 2130 1407 divinos
2157 1336 2452 1406 honores
2475 1336 2908 1427 adJudicabit
2931 1342 2964 1407 Ὺ
2997 1339 3180 1409 Nihil

629 1440 858 1498 autem
918 1439 1066 1508 est,
1135 1426 1582 1514 quamobrem
1651 1425 2057 1495 minutiores
2127 1424 2292 1496 deos
2361 1447 2867 1496 recenseamus.
2950 1433 3175 1498 Unum

628 1516 814 1587 enim
864 1529 966 1585 est
1002 1526 1233 1606 caput,
1280 1515 1391 1584 cui
1444 1513 1709 1601 reliqua
1758 1516 2070 1584 membra
2100 1526 2255 1605 apte
2292 1515 2758 1585 consentiunt.
2811 1521 2986 1586 Nam
3023 1517 3178 1604 quis

631 1626 867 1675 eorum
923 1618 1055 1675 tam
1109 1603 1362 1676 stultus
1427 1616 1551 1684 est,
1603 1617 1682 1674 ut
1728 1624 1800 1672 se
1847 1602 2053 1673 deum
2084 1657 2099 1684 ,
2166 1617 2286 1674 aut
2350 1603 2548 1672 deam
2607 1625 2756 1674 esse
2810 1603 3170 1695 glorietur.

628 1716 787 1764 cum
836 1695 1194 1773 Saturnus,
1245 1704 1313 1763 et
1355 1692 1642 1782 Jupiter,
1682 1704 1746 1761 et
1779 1697 2027 1773 VenuS,
2063 1692 2321 1778 quibus
2371 1693 2698 1783 majorem
2751 1693 2957 1783 impii
2991 1695 3176 1765 arbi·

630 1796 903 1853 trantur
946 1804 1095 1855 esse
1145 1781 1518 1863 neminem,
1581 1780 1693 1850 dei
1743 1802 1876 1850 non
1928 1781 2114 1851 sint?
2160 1779 2350 1865 Quod
2405 1782 2462 1851 si
2525 1782 2661 1860 isti,
2720 1783 2839 1869 qui
2911 1784 3176 1873 primas

627 1872 958 1952 obtinent,
1018 1871 1250 1941 miseri
1310 1869 1716 1956 scelestique
1778 1883 1986 1952 sunt,
2039 1883 2119 1940 ut
2163 1870 2838 1950 demonstravimus,
2912 1885 3178 1960 quanto

628 1972 791 2032 sunt
837 1960 1271 2040 infelicioreS,
1315 1959 1436 2047 qui
1469 1958 1646 2040 illos,
1693 1970 1767 2027 ut
1813 1957 1976 2029 deos
2025 1971 2437 2029 venerantur
2483 1972 2548 2029 et
2581 1959 2863 2030 colunt?

715 2058 753 2132 g
804 2054 897 2119 θ.
952 2072 988 2116 «
1020 2048 1348 2132 Quando,
1386 2048 1613 2136 inquit
1662 2050 1884 2129 Darla,
1925 2051 2276 2138 poetarum
2331 2047 2660 2138 figmenta
2695 2046 2969 2119 nullius
3017 2063 3178 2120 sunt

630 2139 854 2229 pretii,
893 2138 974 2208 ad
1013 2137 1463 2227 Philosophos
1495 2135 2009 2227 confugiamus,
2046 2159 2344 2224 quorum
2380 2137 2770 2227 prudentia,
2811 2137 3003 2207 vitiis
3035 2160 3175 2207 om·

626 2226 837 2296 nibus
891 2227 1266 2316 amputatis
1296 2281 1312 2308 ‚
1368 2224 1637 2296 virtutis
1678 2226 1976 2296 cervices
2024 2226 2327 2316 subjicit.
2381 2227 2465 2296 Hi
2507 2227 2714 2296 variis
2764 2227 3172 2318 interpreta-

627 2316 932 2386 tionibus
976 2314 1216 2387 mundi
1267 2313 1835 2404 gubernationem
1888 2314 2306 2404 significant.
2345 2320 2513 2386 Nam
2553 2315 2841 2385 deorum
2886 2317 3170 2386 nomina

627 2403 990 2494 allegorice
1041 2403 1602 2494 interpretanteS‚
1657 2407 2030 2473 Saturnum
2093 2402 2335 2472 dicunt
2388 2424 2537 2473 esse
2587 2418 2884 2493 tempuS,
2940 2405 3166 2474 Jovem

626 2493 875 2564 caloris
922 2492 1403 2573 intensionem,
1454 2492 1792 2562 lunonem
1845 2494 2069 2562 ae‘rem
2121 2491 2495 2583 appellant.
2545 2493 2930 2563 Veneremi
2989 2516 3165 2573 nem,

626 2588 1016 2672 Neptunum
1079 2603 1291 2663 mare,
1345 2586 1649 2651 Cererem
1716 2594 2008 2651 terram:
2062 2579 2381 2669 idemque
2428 2582 2689 2652 faciunt
2750 2582 2818 2651 in
2886 2584 3012 2653 rei
3065 2584 3168 2652 uis

625 2672 782 2741 diis.
821 2696 857 2739 »
891 2709 968 2720 —
1016 2693 1053 2738 «
1083 2670 1208 2741 Sed
1260 2692 1523 2748 eorum,
1583 2670 1809 2757 inquit
1841 2670 2337 2761 ChrysanthuS,
2395 2670 2730 2761 imagines
2765 2670 2918 2740 fieri
2956 2694 3029 2743 so
3055 2683 3165 2739 ent

623 2783 800 2849 quae
848 2780 1119 2850 semper
1164 2759 1403 2829 adesse
1453 2780 1585 2829 non
1641 2771 1976 2850 possunt;
2032 2772 2209 2828 terra
2281 2771 2510 2828 autem
2590 2780 2959 2846 nunquam
3033 2781 3162 2829 non

623 2849 859 2931 adest;
926 2849 1110 2939 ignis
1169 2849 1328 2919 item
1381 2870 1652 2938 semper
1716 2860 1818 2918 est
1884 2860 2192 2938 praesto;
2258 2860 2322 2917 et
2386 2850 2504 2917 aer
2566 2849 2898 2919 omnibus
2962 2861 3161 2939 patet.

624 2944 860 3028 Itaque
897 2960 1022 3008 cur
1068 2937 1236 3008 haec
1282 2959 1361 3008 ex
1409 2936 1805 3007 simulacris
1852 2957 2059 3028 opera
2106 2936 2414 3006 humana
2443 2935 2772 3007 confectis
2810 2937 3164 3007 adoranda

622 3027 1051 3109 censuerim,
1091 3028 1355 3117 ignor0,
1417 3040 1480 3095 et
1535 3025 1726 3096 nullo
1778 3038 1972 3116 pacto
2019 3025 2351 3117 intelligo.
2407 3028 2541 3096 Cur
2586 3026 2769 3094 enim
2827 3026 3164 3117 imaginae
3238 3019 3252 3037 ‘

624 3130 690 3187 et
723 3116 1089 3187 simulacra
1129 3116 1380 3206 potius,
1417 3137 1626 3202 quam
1679 3115 1868 3205 ipsas
1917 3135 2048 3196 rea,
2086 3113 2443 3184 adoratis?
2496 3119 2699 3183 Estne
2747 3119 2887 3184 Rex
2951 3114 3163 3193 ullus,

623 3217 743 3276 aut
784 3204 1154 3295 principes,
1208 3206 1330 3291 qui
1379 3205 1684 3294 seipsum
1737 3203 1999 3293 despici
2047 3202 2529 3292 contemnique
2567 3203 2853 3292 jubeat,
2915 3216 2987 3272 et
3029 3202 3164 3273 effi·

623 3294 802 3384 giem
855 3315 1050 3365 suam
1104 3292 1427 3363 adorari?
1473 3292 1666 3377 Quod
1716 3292 1777 3362 si
1827 3314 2027 3362 nemo
2059 3305 2202 3373 est,
2262 3292 2382 3380 qui
2433 3292 2523 3362 ita
2566 3291 2992 3383 praecipiat,
3046 3312 3164 3361 nec

622 3381 813 3451 ullus
862 3382 1292 3472 principatus
1342 3382 1408 3451 id
1458 3380 1779 3472 patiatur,
1833 3380 2301 3451 confitendum
2335 3397 2438 3454 est
2470 3380 2881 3460 necessario,
2922 3381 3165 3451 statuis

623 3471 775 3541 istis
820 3483 886 3540 et
936 3471 1359 3561 imaginibus
1408 3493 1543 3540 non
1579 3470 1939 3551 elementa,
1979 3490 2110 3540 non
2146 3468 2309 3539 deos
2337 3471 2654 3559 exprimi,
2694 3469 2810 3539 sed
2850 3469 3164 3540 homines

624 3558 969 3630 mortales.
1012 3566 1160 3626 »-”-
1198 3582 1234 3626 «
1269 3564 1686 3650 Argumenta
1747 3571 1912 3640 tua,
1969 3559 2192 3646 inquit
2241 3562 2439 3628 Darla
2468 3613 2484 3640 ,
2539 3560 2873 3629 rationem
2942 3578 3161 3629 meam

620 3650 1061 3719 confirmant.
1117 3650 1325 3718 Docui
1373 3649 1558 3719 enim
1612 3670 1840 3718 rerum
1893 3647 2231 3738 imagines
2278 3646 2366 3717 ab
2414 3647 2817 3719 hominibus
2882 3647 3166 3738 imperi-

621 3738 909 3809 tissimis
955 3738 1135 3807 coli:
1189 3758 1314 3808 nos
1382 3751 1608 3808 autem
1661 3758 1769 3806 res
1829 3737 2016 3825 ipsas
2063 3736 2443 3805 adorare.»
2471 3776 2561 3786 —
2595 3760 2631 3803 «
2668 3737 2844 3806 Scite
2879 3789 2894 3816 ,
2945 3736 3170 3824 inquit

620 3827 1136 3917 Chrysanthus,
1192 3828 1594 3896 sententiam
1652 3840 1837 3896 tuam
1889 3825 2162 3894 conaris
2210 3825 2642 3915 argumentis
2697 3825 2955 3894 nostris
2999 3845 3162 3894 oon·

620 3916 921 3986 firmare.
975 3920 1228 3987 Omnes
1278 3916 1488 4005 igitur
1543 3914 2037 3985 elementorum
2101 3914 2399 3984 cultores
2447 3914 2516 3983 in
2569 3912 2883 3983 medium
2940 3910 3160 3982 addu-

620 4027 885 4076 camus.
940 4006 994 4074 li
1042 4005 1098 4075 si
1144 4017 1391 4074 terram
1445 4004 1900 4075 venerationis
1948 4003 2167 4093 gratia
2218 4015 2481 4073 tantum
2533 4002 2813 4085 colunt,
2871 4002 3164 4093 dignum

619 4116 698 4162 ac
737 4093 1045 4164 debitum
1095 4093 1191 4163 illi
1237 4095 1565 4164 honorem
1615 4093 2029 4172 exhibeant;
2083 4113 2304 4179 neque
2351 4090 2537 4162 illam
2590 4104 2809 4172 arent,
2863 4105 2984 4161 aut
3027 4088 3174 4160 alio

620 4196 815 4272 pacto
863 4183 1180 4253 scindant
1218 4196 1283 4253 et
1329 4195 1730 4263 exerceant;
1784 4182 1902 4254 sed
1935 4183 2021 4252 ab
2054 4193 2304 4262 aratro,
2350 4180 2716 4270 ligoneque
2758 4191 3166 4281 temperent.

615 4269 804 4340 Alius
838 4285 1063 4341 autem
1112 4285 1307 4363 neget
1363 4293 1512 4343 esse
1558 4271 1785 4352 deam,
1841 4285 2285 4357 aratrumque
2330 4281 2396 4339 et
2445 4268 2743 4359 ligonem
2795 4268 3180 4359 diligenter

615 4358 989 4442 adhibeat,
1043 4374 1246 4448 atque
1302 4360 1646 4451 agricolae
1698 4382 1953 4432 munus
2002 4359 2170 4450 impi
2226 4381 2296 4429 re
2352 4357 2775 4458 obeam-nec
2822 4355 3056 4426 ullum
3103 4356 3172 4427 ei

612 4447 974 4531 honorem,
1031 4462 1106 4520 ut
1153 4450 1376 4521 cultor
1422 4462 1540 4522 aut
1587 4450 1907 4520 adorator
1942 4448 2161 4540 ipsius
2243 4446 2462 4517 abeat.
2516 4449 2829 4527 Cuinam,
2873 4466 3174 4532 quaeso,
