3347 4999
221 329 408 395 OCT.
467 327 549 392 ⁴8
1161 345 1239 390 na
1287 345 1345 391 s.
1398 342 1657 391 nonnae
1705 346 1894 392 mar.
2572 335 2700 399 545

223 455 309 502 ac
353 430 593 499 matris
629 429 742 498 Dei
773 439 1269 509 consecratam,
1306 428 1392 496 ab
1423 429 1615 496 omni
1654 430 2006 498 exactione
2042 429 2355 502 liberam.
2397 436 2790 526 Episcopali

223 519 655 599 auctoritate,
712 519 780 586 in
834 540 959 587 sua
994 516 1401 605 provinciali
1437 517 1726 605 synod0,
1786 531 2115 607 perpetuo
2164 541 2313 589 esse
2354 521 2674 593 decrevit.
2716 530 2792 594 Et

223 632 314 679 ne
340 631 419 678 ex
450 623 613 678 tunc
654 607 917 676 deesset
955 606 1260 675 officium
1304 605 1725 675 sacerdotale
1762 607 1829 674 in
1865 606 2154 677 ecclesia
2197 612 2498 699 Hoyensi
2535 626 2601 682 et
2630 613 2791 683 villa

219 698 540 777 Amania,
579 695 664 765 ad
715 695 1245 784 persolvendum
1298 694 1611 763 divinum
1665 694 1971 765 officium
2024 698 2412 767 sacerdotes
2462 701 2781 782 instituit,

219 788 349 875 qui
393 808 514 876 per
554 787 736 855 vices
785 784 916 853 sibi
972 795 1212 853 mutuo
1264 782 1711 853 succedentes
1759 785 2124 855 Missarum
2160 787 2494 856 solemnia
2532 789 2616 858 ad
2669 791 2790 861 ho-

222 898 466 946 norem
514 873 844 964 praedicti
896 872 1235 961 MartyriS‚
1293 878 1425 941 Deo
1475 873 1977 961 persolverent,
2040 896 2403 962 quousque
2462 900 2582 967 per
2622 891 2790 949 tem-

217 965 418 1056 poris
468 963 825 1032 intervalla
875 961 1111 1031 eadem
1151 959 1438 1030 ecclesia
1471 984 1549 1029 ex
1586 961 1897 1030 fidelium
1950 962 2318 1034 donatione
2370 966 2737 1055 proficiens
2769 1022 2784 1048 ,

218 1054 529 1144 propriis
559 1052 922 1141 stipendiis
948 1049 1169 1120 cultui
1202 1050 1436 1119 divino
1463 1049 1829 1120 sufficeret.
1870 1056 2051 1120 Haec
2082 1066 2309 1123 autem
2343 1055 2791 1125 sacerdotalis

217 1141 577 1213 successio
627 1141 863 1211 eodem
923 1141 989 1208 in
1034 1139 1182 1208 loco
1222 1139 1496 1208 duravit
1545 1162 1583 1207 a
1628 1153 1931 1232 tempore
1987 1146 2058 1209 D.
2112 1143 2402 1212 Joannis
2457 1145 2790 1233 praedicti

217 1238 270 1301 E
336 1231 547 1321 iscopi
598 1252 820 1336 usque
880 1229 963 1297 ad
1032 1242 1305 1315 tempus
1355 1229 1580 1317 Pipini
1630 1233 1774 1310 ΙΙΙ,
1829 1230 1950 1315 qui
2008 1251 2298 1321 regnum
2365 1237 2788 1303 Francorum

213 1345 254 1391 a
320 1334 544 1420 eptus,
599 1318 960 1387 deficiente
1009 1318 1195 1406 regia
1237 1317 1447 1406 stirpe
1489 1316 1836 1397 Clodovei,
1877 1341 1916 1386 a
1950 1323 2131 1419 Papa
2173 1321 2495 1391 Zacharia
2529 1336 2787 1395 unctus

216 1424 427 1479 estin
470 1414 717 1498 Regem
770 1408 856 1475 ob
906 1406 1371 1474 defensionem
1411 1411 1760 1475 Romanae
1807 1407 2172 1477 Ecclesiae.
2228 1411 2354 1479 Hic
2399 1412 2630 1497 itaque
2677 1413 2787 1480 Pi-

221 1500 441 1589 pinus
493 1504 651 1568 Rex.
706 1495 870 1564 dum
911 1496 1086 1563 inter
1120 1494 1511 1564 venandum
1564 1495 2131 1565 arduennensem
2232 1498 2633 1569 erlustraret
2665 1500 2787 1569 sil·

221 1611 411 1665 vam,
455 1591 585 1655 Deo
618 1584 1026 1675 disponente
1054 1583 1137 1651 ad
1171 1583 1531 1653 ecclesiam
1568 1584 1789 1653 sancti
1824 1586 2137 1654 Mononis
2218 1589 2463 1669 evenit,
2496 1611 2786 1676 eamque

214 1678 336 1766 (ut
382 1689 526 1744 erat
562 1676 661 1743 vir
710 1675 940 1763 magni
984 1673 1267 1741 affectus
1316 1694 1478 1762 erga
1528 1676 1739 1741 Deum
1774 1687 1838 1742 et
1873 1678 2156 1743 Sanctos
2189 1676 2371 1764 ejus)
2402 1677 2786 1748 devotionis

222 1768 443 1834 causa
491 1776 815 1832 oraturus
881 1762 1181 1830 intravit.
1235 1761 1412 1843 Qui,
1485 1761 1583 1830 vis
1645 1761 2140 1832 miraculorum
2213 1766 2658 1835 monimentis
2707 1790 2787 1837 ex

220 1853 669 1923 infirmorum
722 1851 1079 1920 curatione
1127 1849 1382 1918 ibidem
1436 1849 1717 1932 relictiS‚
1772 1873 2213 1941 summopere
2254 1854 2638 1924 admiratus
2685 1868 2786 1925 est

221 1943 447 2013 sancti
506 1940 823 2027 Martyris
874 1940 1202 2017 v'irtutes;
1254 1961 1334 2007 ac
1388 1951 1725 2027 prostrato
1784 1962 2114 2030 corpore,
2181 1942 2417 2012 devote
2465 1946 2786 2014 exorabat

216 2032 375 2120 ejus
403 2030 587 2119 apud
622 2034 832 2097 Deum
878 2028 1229 2115 suffragia.
1264 2031 1478 2114 Atque
1518 2041 1591 2096 ut
1626 2027 1882 2096 ibidem
1921 2029 2335 2117 relinqueret
2380 2033 2781 2103 memoriam

222 2120 335 2191 sui
390 2118 642 2207 regalis
670 2117 1015 2198 beneficii,
1058 2139 1178 2206 per
1212 2115 1472 2205 pileum
1521 2116 1705 2202 quod
1748 2118 1969 2205 capite
2005 2121 2350 2208 gestabat,
2388 2144 2559 2191 auro
2590 2144 2784 2212 gem-

222 2209 500 2294 misque
548 2214 879 2289 gornatum
919 2261 933 2288 ,
1000 2227 1242 2275 omnes
1305 2204 1610 2273 decimas
1666 2227 1841 2290 quas
1891 2206 2187 2278 habebat
2252 2211 2429 2279 inter
2490 2212 2781 2280 fluvium

225 2302 460 2364 Urtarn
513 2307 579 2364 et
629 2295 909 2376 Letiarn,
968 2305 1295 2384 perpetuo
1334 2295 1494 2384 jure
1544 2293 1827 2363 tradidit
1875 2295 2072 2365 beato
2113 2299 2385 2368 Mononi
2421 2300 2783 2390 possiden-

216 2384 354 2453 das
392 2384 448 2451 ⁴³.
505 2390 882 2474 Ipsumque
933 2383 1216 2472 pileum,
1271 2382 1340 2450 in
1396 2383 1864 2452 testimonium
1906 2385 2116 2473 hujus
2168 2388 2554 2479 largitionis
2587 2412 2777 2469 suae,

219 2473 296 2543 in
346 2472 583 2543 eodem
622 2472 770 2543 loco
805 2471 1220 2542 servandum
1260 2470 1558 2560 reliquit.
1613 2477 1826 2559 Atque
1862 2475 2106 2545 exinde
2146 2476 2320 2547 facta
2360 2490 2462 2548 est
2494 2478 2784 2549 ecclesia

214 2561 605 2654 collegiata,
653 2563 1043 2632 constitutis
1083 2561 1341 2630 ibidem
1393 2563 1758 2632 canonicis
1788 2617 1809 2643 ,
1866 2564 1989 2652 qui
2048 2579 2352 2655 tempore
2401 2568 2655 2638 diurno
2703 2591 2782 2637 ac

220 2665 562 2721 nocturno
624 2651 1089 2742 persolverent
1153 2650 1321 2720 odas
1385 2651 1672 2719 Domino
1709 2706 1724 2728 ‚
1787 2652 2073 2741 ejusque
2135 2656 2434 2746 glorioso
2499 2658 2783 2746 Martyri

219 2742 544 2822 Mononi,
598 2754 871 2810 orantes
922 2762 1044 2828 pro
1092 2739 1274 2809 felici
1336 2751 1516 2809 statu
1575 2741 1772 2831 regni
1821 2747 2242 2814 Francorum
2277 2800 2292 2827 ‚
2349 2745 2782 2831 maximeque

219 2852 347 2920 pro
400 2829 618 2900 salute
658 2830 862 2919 Regis
909 2829 1161 2918 pipini,
1218 2828 1423 2916 cujus
1475 2831 1952 2900 munificentia
1985 2832 2213 2903 dotata
2254 2846 2355 2902 est
2386 2847 2450 2902 et
2489 2834 2782 2903 exaltata

212 2918 461 2988 eadem
498 2919 788 2989 ecclesia
819 2942 833 2985 :
877 2930 1263 3008 praestante
1296 2930 1361 2987 et
1392 2917 1762 3007 adjuvante
1800 2920 2085 2990 Domino
2129 2936 2360 2992 nostro
2392 2923 2556 2992 Jesu
2590 2923 2779 2991 Chri-

218 3020 353 3089 st0‚
390 3009 508 3095 qui
550 3031 709 3077 cum
754 3013 947 3077 Patre
979 3020 1044 3077 et
1078 3007 1339 3097 Spiritu
1375 3011 1620 3077 Sancto
1653 3020 1893 3097 regnat
1930 3014 2104 3079 Deus
2138 3011 2206 3078 in
2244 3012 2479 3080 omnia
2515 3011 2773 3092 secula,

219 3100 461 3166 Amen.

312 3185 741 3275 Praescripta
789 3187 1026 3255 omnia
1058 3196 1427 3254 cantantur
1466 3185 1536 3252 in
1572 3185 1985 3258 lectionibus
2020 3187 2552 3258 matutinalibus
2588 3211 2781 3279 prae·-

222 3275 622 3343 nominatae
654 3274 983 3343 ecclesiae
1017 3274 1236 3343 sancti
1277 3273 1613 3353 mononis,
1669 3275 1740 3342 in
1785 3273 1952 3345 festo
1981 3277 2291 3366 ejusdem
2335 3290 2399 3346 et
2439 3301 2556 3368 per
2595 3291 2779 3347 octa-

221 3385 392 3432 vas:
446 3362 926 3449 habenturque
977 3363 1044 3431 in
1090 3362 1265 3431 libro
1324 3362 1719 3432 Lectionum
1760 3385 1839 3432 ex
1874 3387 2289 3456 pergameno
2339 3366 2788 3437 laudabiliter

215 3452 640 3541 conscripta,
683 3452 805 3538 qui
839 3463 1283 3522 conservatur
1327 3451 1398 3519 in
1434 3451 1672 3520 eadem
1718 3453 2009 3525 ecclesia
2043 3456 2511 3527 Nassoniensi.

276 3649 300 3671 ‘⁵
334 3646 529 3695 Gallica.
555 3651 714 3690 our-tlte
739 3652 787 3689 et
810 3650 982 3693 Lessa-0.
1005 3646 1112 3695 rivi,
1131 3648 1213 3697 qui
1235 3657 1289 3687 ex
1310 3647 1561 3689 Arduenna
1583 3644 1702 3690 silva
1719 3651 2002 3693 scaturiunt.

391 4533 629 4590 surius
657 4562 682 4579 -
722 4531 888 4593 Vitae
916 4533 1016 4599 SS.
1047 4567 1075 4584 ·
1109 4534 1243 4602 Vol.
1274 4537 1345 4603 Χ.
2559 4548 2636 4608 35
