3347 4999
199 323 368 389 OCT.
423 323 463 386 9
875 337 955 386 nu
1006 340 1060 386 s.
1115 340 1425 388 Lunovico
1475 338 1844 389 nuaram-too
1893 341 2076 390 conr.
2533 326 2661 392 299

198 437 273 494 ut
331 423 757 515 plurimum,
810 424 1137 494 violenter
1185 447 1225 494 a
1327 424 1637 495 raefectis
1700 425 2117 512 quibusdam
2174 426 2381 496 etiam
2448 428 2751 497 vulneri-

197 514 330 585 bus
389 525 453 581 et
503 512 710 582 caede
757 513 911 581 Indi
960 514 1273 603 opprime
1326 527 1555 593 antur,
1609 514 1997 583 obedientia
2053 515 2348 595 obtenta,
2384 515 2455 584 in
2500 518 2751 607 Hispa-

196 603 345 671 nias
418 602 658 681 rediit;
734 624 1034 689 cumque
1103 603 1173 670 in
1238 603 1411 672 mari
1478 604 1671 671 navis
1745 602 2298 692 periclitaretur,
2378 620 2660 694 rogatus
2709 628 2750 676 a

195 691 681 780 navigantibus
711 744 744 773 „
782 702 1122 761 tumentes
1186 691 1414 760 undas
1477 691 1745 760 tamdiu
1792 712 1997 760 cruce
2053 690 2401 791 signavit,
2471 693 2688 764 donec
2726 749 2743 777 ‚

194 782 426 870 optata
473 777 971 866 tranquillitate
1019 778 1307 859 reddita,
1350 802 1590 850 omnes
1622 781 1708 849 ad
1747 792 2018 880 portum
2053 780 2321 869 Hispali
2357 781 2745 856 incolumes

196 883 674 958 pervenerunt.
727 872 803 936 In
856 879 1196 937 conventu
1252 873 1317 938 S.
1370 869 1763 958 Honuphrii
1816 882 1964 959 post
2014 868 2310 938 reditum
2362 869 2448 937 ab
2499 869 2693 938 Indis
2726 925 2740 952 ,

193 979 272 1027 ex
318 957 711 1028 obedientia
804 957 1068 1037 raesuit,
1125 979 1332 1042 quem
1380 979 1535 1027 aere
1582 957 1807 1027 alieno
1857 970 2214 1057 gravatum
2266 970 2331 1026 et
2381 958 2617 1047 inopia
2666 980 2749 1029 ex

193 1068 533 1116 annorum
587 1046 747 1114 steri
780 1046 938 1116 itate
986 1046 1134 1116 orta
1183 1046 1605 1116 laborantem
1658 1047 1941 1126 invenit,
1995 1058 2060 1114 et
2107 1046 2436 1117 omnibus
2471 1045 2745 1117 satisfa-

192 1135 405 1215 cienS,
462 1134 801 1223 religiosis
849 1156 1208 1221 nunquam
1259 1135 1327 1203 in
1380 1135 1615 1222 aliquo
1643 1157 1725 1205 ex
1755 1135 2106 1205 consuetis
2156 1133 2394 1204 defuit.
2450 1136 2626 1218 Quin
2681 1147 2749 1204 et

193 1224 519 1313 plurimis
549 1224 785 1313 egenis
817 1222 1468 1310 miserabilibusque
1496 1224 1809 1312 personis
1840 1223 2031 1313 large
2069 1222 2544 1313 eleemosynas
2575 1247 2749 1315 sup-

192 1312 544 1403 peditavit‚
597 1311 1013 1400 quandoque
1045 1312 1250 1381 etiam
1290 1317 1419 1381 Deo
1460 1313 1739 1382 illorum
1795 1312 2232 1381 necessitates
2274 1312 2638 1393 revelante,
2677 1326 2746 1383 et

193 1400 607 1472 mirabiliter
637 1401 697 1471 ei
752 1402 1079 1490 pecunias
1131 1401 1583 1470 ministrante.
1638 1401 1813 1484 Quin
1873 1413 1939 1470 et
1982 1401 2063 1468 in
2117 1384 2433 1470 aedilicio
2481 1401 2562 1470 ad
2622 1402 2746 1472 ho-

190 1511 428 1559 norem
489 1495 554 1559 S.
610 1490 844 1560 Crucis
891 1502 1283 1560 constructo
1328 1489 1624 1560 ostendit
1676 1502 1949 1580 regente
2008 1490 2296 1559 Domino
2337 1490 2550 1559 servis
2589 1491 2742 1579 ejus

192 1579 367 1649 nibil
420 1577 680 1649 deesse.
739 1583 811 1647 [n
847 1578 1173 1648 coenobio
1207 1578 1550 1648 valentiae
1600 1574 2036 1667 superiorum
2078 1578 2311 1667 jussu,
2359 1578 2516 1649 licet
2566 1579 2746 1648 invi-

193 1678 328 1745 tus,
389 1668 576 1757 prior
606 1668 1043 1743 constitutus,
1101 1668 1166 1735 in
1211 1667 1383 1737 cella
1434 1668 1653 1738 sancti
1702 1667 2041 1736 vincentii
2090 1668 2377 1736 Ferrerii
2434 1669 2742 1758 regimen

195 1757 416 1825 eidem
474 1763 718 1825 Sancto
767 1755 1288 1836 commendanS,
1342 1757 1428 1825 ab
1480 1755 1783 1846 imagine
1831 1756 2077 1845 ipsiuS,
2132 1778 2361 1825 coram
2414 1777 2548 1841 qua
2589 1779 2746 1846 pro-

192 1858 448 1914 stratus
496 1845 786 1923 orabat,
842 1865 912 1913 se
963 1844 1335 1915 inclinante
1369 1899 1383 1925 ,
1455 1846 1706 1914 meruit
1768 1843 2092 1934 amplexu
2155 1845 2481 1914 honorari
2545 1859 2748 1930 atque

191 1933 464 2003 elevari.
523 1932 1109 2013 Mortificationes‚
1176 1944 1497 2002 cruentas
1545 1933 1990 2023 disciplinas,
2044 1933 2499 2020 frequentiam
2552 1934 2745 2003 chori
2852 1990 2865 2003 .

192 2034 258 2090 et
307 2043 652 2091 summam
707 2022 1218 2101 abstinentiam,
1271 2022 1526 2109 quibus
1574 2043 1645 2091 se
1679 2023 2055 2103 exercebat,
2100 2044 2222 2091 nec
2262 2022 2739 2092 concionando

189 2132 316 2179 nec
384 2109 680 2198 regendo
736 2110 1021 2180 dimisit.
1077 2116 1157 2179 Ut
1205 2110 1590 2180 studiorum
1642 2133 1893 2181 cursus
1957 2123 2188 2180 exacte
2251 2111 2744 2200 perficerentur

191 2212 511 2267 accurate
546 2198 949 2289 invigilavit,
998 2200 1287 2288 cupiens
1337 2221 1498 2270 suos
1547 2198 1862 2270 subditos
1910 2221 2183 2289 semper
2223 2201 2289 2267 in
2330 2200 2587 2269 sanctis
2626 2214 2745 2270 aut

188 2286 482 2363 eruditis
528 2288 867 2357 exercitiis
915 2301 1309 2378 occupatoS,
1361 2309 1655 2374 quorum
1693 2311 1729 2356 e
1777 2286 2079 2358 claustro
2128 2288 2410 2366 exitum,
2455 2288 2587 2357 nisi
2622 2311 2743 2358 ur-

189 2386 391 2466 gente
431 2376 851 2456 necessitate,
899 2397 1032 2444 non
1073 2377 1404 2465 permisit.
1460 2378 1644 2447 Ostio
1692 2377 1799 2446 sui
1842 2376 2144 2446 cubiculi
2187 2378 2457 2466 magnis
2496 2378 2742 2446 chara-

187 2463 495 2535 cteribus
544 2465 830 2535 inscribi
881 2463 1143 2535 voluit:
1195 2466 1275 2535 St·
1318 2466 1695 2536 hominibus
1792 2470 2101 2548 lacerem,
2153 2488 2384 2537 servus
2439 2468 2572 2536 Dei
2613 2490 2741 2537 non

188 2577 395 2624 esse-m
431 2555 615 2644 (Gal.
660 2578 706 2636 1,
749 2554 883 2644 110).
920 2560 1021 2623 Ita
1061 2554 1388 2625 omnibus
1433 2557 1668 2624 omnia
1742 2569 1935 2626 actus
1983 2569 2150 2636 erat,
2208 2568 2283 2624 ut
2330 2555 2619 2641 quilibet
2668 2558 2739 2625 in

186 2664 267 2711 eo
321 2643 678 2732 prudentis
745 2643 1032 2712 consilia
1066 2698 1081 2724 ,
1136 2643 1361 2712 fratris
1428 2643 2016 2725 familiaritatem,
2073 2644 2287 2736 patris
2351 2644 2742 2733 benignita-

186 2745 365 2832 tem,
423 2732 547 2832 viri
597 2732 814 2803 sancti
868 2731 1347 2821 perfectionem
1397 2746 1463 2802 et
1509 2733 1824 2805 omnium
1877 2733 2206 2804 virtutum
2242 2732 2734 2822 compendium

189 2833 552 2890 invenerit.

276 2912 313 2996 ξ
364 2913 513 2982 16.
567 2910 857 2999 Contigit
902 2909 966 2979 ei
1018 2909 1111 2978 ibi
1163 2908 1388 2979 videre
1437 2910 1743 2979 animam
1796 2909 2158 2998 cujusdam
2212 2909 2321 2979 sui
2370 2908 2534 2978 olim
2586 2930 2742 2998 poe-

186 2998 470 3068 nitentis
527 2998 692 3087 (qui
738 2998 1058 3068 eumdem
1110 3003 1389 3068 Beatum
1442 3000 1646 3069 verbo
1694 2998 2030 3086 laeserat)
2083 3011 2463 3078 testantem,
2521 3003 2735 3067 Deum

187 3086 370 3157 nolle
418 3109 567 3157 eam
619 3087 706 3156 ad
755 3087 1044 3177 gloriam
1095 3087 1477 3166 admittere,
1534 3087 1665 3156 nisi
1716 3085 1995 3175 culpam
2044 3086 2197 3176 ipso
2246 3086 2632 3156 dimittente
2671 3100 2736 3156 et

186 3197 312 3265 pro
359 3178 442 3244 ea
488 3175 920 3256 celebrante;
972 3198 1109 3262 quo
1158 3175 1356 3255 facto,
1415 3176 1723 3262 sequenti
1761 3185 1957 3244 nocte
1989 3174 2179 3244 illam
2219 3174 2287 3244 in
2327 3179 2732 3245 Sanctorum

187 3263 410 3354 gloria
458 3264 833 3354 conspexit.
903 3264 1066 3333 Aliis
1112 3265 1315 3332 etiam
1380 3264 1735 3333 beatorum
1806 3263 1875 3331 in
1938 3267 2213 3333 aeterna
2268 3263 2588 3333 felicitate
2639 3286 2740 3333 re-

187 3353 549 3442 gnantium
584 3367 647 3421 et
681 3353 974 3422 maxime
1005 3365 1398 3424 sanctorum
1434 3352 1541 3421 sui
1585 3352 2014 3441 patriarchae
2051 3351 2387 3422 Dominici
2430 3366 2494 3422 et
2523 3358 2734 3422 Fran-

187 3442 404 3521 cisci,
457 3439 623 3527 quin
676 3452 738 3509 et
792 3441 1010 3530 ipsius
1071 3441 1320 3510 Christi
1386 3440 1655 3511 Domini
1717 3441 2097 3510 visionibus
2152 3454 2500 3512 recreatus
2551 3441 2679 3511 fuit
2717 3495 2732 3522 ‚

186 3529 457 3617 sibique
506 3529 741 3598 omnia
786 3552 909 3598 sua
946 3543 1218 3619 peccata
1264 3529 1552 3600 dimissa
1604 3527 1817 3599 fuisse
1855 3529 2139 3600 audivit.
2198 3530 2465 3600 Saetabi
2497 3529 2738 3620 (vulgo

185 3620 450 3701 Xativa)
480 3639 517 3686 a
549 3617 970 3705 primoribus
997 3618 1291 3689 civitatis
1341 3631 1620 3775 rogatus
1663 3640 1785 3707 pro
1824 3618 2277 3688 concionibus
2318 3620 2386 3687 in
2429 3619 2739 3708 proxima

186 3706 728 3796 Quadragesima
787 3706 970 3796 apud
1028 3728 1144 3778 eos
1193 3706 1413 3774 haben
1475 3707 1576 3783 is,
1621 3705 1780 3777 licet
1841 3708 2170 3799 gravibus
2218 3706 2739 3777 infirmitatibus

185 3815 502 3883 pressum
552 3807 616 3863 et
667 3795 1072 3864 naturaliter
1122 3795 1563 3884 impotentem
1617 3818 1689 3865 se
1737 3808 2159 3886 agnosceret,
2213 3818 2252 3864 a
2305 3800 2436 3864 Deo
2468 3809 2533 3865 et
2567 3795 2737 3866 velle

183 3896 248 3954 et
294 3907 579 3954 cursum
634 3883 977 3972 integrum
1029 3883 1737 3973 quadragesimalium
1791 3886 2204 3954 concionum
2259 3884 2586 3985 perficere
2615 3885 2738 3954 ob·

186 3972 414 4043 tinuit.
471 3971 921 4043 Gubernatori
973 3972 1363 4051 valentiae,
1417 3973 1672 4043 Jacobo
1726 3974 2024 4042 Ferrerio
2058 4026 2077 4053 ‚
2137 3972 2414 4042 indictis
2459 3973 2522 4041 ei
2581 3974 2738 4059 qui·

186 4056 480 4131 busdam
539 4061 881 4150 precibu5‚
937 4061 1464 4149 scripturarum,
1518 4061 1603 4130 de
1650 4083 1947 4147 quarum
2008 4060 2379 4132 amissione
2426 4083 2739 4132 summo·

188 4167 347 4234 pere
395 4149 690 4230 dolebat,
731 4149 1317 4238 recuperationem
1357 4149 1690 4219 divinitus
1726 4148 2136 4238 impetravit.

231 4238 312 4332 ,ξ
362 4242 486 4309 12.
546 4243 587 4308 S
645 4239 810 4310 iritu
856 4238 1059 4308 etiam
1116 4237 1514 4328 prophetico
1570 4238 1660 4307 ita
1712 4236 2001 4307 mirifice
2049 4237 2300 4309 claruit
2340 4252 2413 4308 ut
2461 4240 2527 4308 in
2583 4238 2737 4329 plu-

190 4342 400 4420 rimas
433 4348 536 4395 res
617 4342 879 4408 uturaS,
936 4349 1094 4395 cum
1147 4339 1213 4395 et
1262 4326 1764 4416 spiritualibus,
1821 4339 1964 4396 tum
2016 4328 2221 4396 etiam
2275 4327 2342 4397 in
2397 4342 2736 4417 tempora-

190 4408 373 4482 libus
407 4466 422 4491 ‚
477 4428 612 4488 tam
663 4418 840 4486 circa
896 4415 1324 4488 valetudines
1372 4428 1436 4486 et
1486 4415 1784 4497 morte'S,
1839 4438 2046 4503 quam
2098 4416 2284 4487 circa
2340 4418 2734 4486 animarum
