<?xml version="1.0" encoding="UTF-8"?>
<!DOCTYPE html PUBLIC "-//W3C//DTD XHTML 1.0 Transitional//EN"
    "http://www.w3.org/TR/xhtml1/DTD/xhtml1-transitional.dtd">
<html xmlns="http://www.w3.org/1999/xhtml" xml:lang="en" lang="en">
 <head>
  <title>
</title>
<meta http-equiv="Content-Type" content="text/html;charset=utf-8" />
  <meta name='ocr-system' content='tesseract 3.04.00' />
  <meta name='ocr-capabilities' content='ocr_page ocr_carea ocr_par ocr_line ocrx_word'/>
</head>
<body>
  <div class='ocr_page' id='page_1' title='image "./historiaeseuvit03lippgoog_0936.png"; bbox 0 0 3347 4999; ppageno 0'>
   <div class='ocr_carea' id='block_1_1' title="bbox 700 343 3125 411">
    <p class='ocr_par' dir='ltr' id='par_1_1' title="bbox 700 343 3125 411">
     <span class='ocr_line' id='line_1_1' title="bbox 700 343 3125 411; baseline -0.001 0"><span class='ocrx_word' id='word_1_1' title='bbox 700 346 831 411; x_wconf 73' lang='lat'>75⁶</span> <span class='ocrx_word' id='word_1_2' title='bbox 1272 362 1352 409; x_wconf 70' lang='lat' dir='ltr'>nn</span> <span class='ocrx_word' id='word_1_3' title='bbox 1397 362 1455 410; x_wconf 89' lang='lat' dir='ltr'>s.</span> <span class='ocrx_word' id='word_1_4' title='bbox 1492 360 1880 409; x_wconf 62' lang='lat' dir='ltr'>wochAneo</span> <span class='ocrx_word' id='word_1_5' title='bbox 1918 362 2017 408; x_wconf 70' lang='lat' dir='ltr'>nr.</span> <span class='ocrx_word' id='word_1_6' title='bbox 2056 360 2470 410; x_wconf 59' lang='lat' dir='ltr'>anusronmt.</span> <span class='ocrx_word' id='word_1_7' title='bbox 2833 343 3011 409; x_wconf 88' lang='lat' dir='ltr'>OCT.</span> <span class='ocrx_word' id='word_1_8' title='bbox 3062 344 3125 408; x_wconf 70' lang='lat'>34</span> 
     </span>
    </p>
   </div>
   <div class='ocr_carea' id='block_1_2' title="bbox 582 445 3142 4262">
    <p class='ocr_par' dir='ltr' id='par_1_2' title="bbox 593 445 3142 3197">
     <span class='ocr_line' id='line_1_2' title="bbox 610 445 3140 537; baseline -0.001 -20"><span class='ocrx_word' id='word_1_9' title='bbox 610 445 987 537; x_wconf 71' lang='lat' dir='ltr'>Piligrino*</span> <span class='ocrx_word' id='word_1_10' title='bbox 1006 445 1379 516; x_wconf 87' lang='lat' dir='ltr'>Pataviensi</span> <span class='ocrx_word' id='word_1_11' title='bbox 1416 447 1750 536; x_wconf 84' lang='lat' dir='ltr'>Episcopo</span> <span class='ocrx_word' id='word_1_12' title='bbox 1775 468 1814 515; x_wconf 89' lang='lat' dir='ltr'>a</span> <span class='ocrx_word' id='word_1_13' title='bbox 1840 457 2078 535; x_wconf 90' lang='lat' dir='ltr'>coepto</span> <span class='ocrx_word' id='word_1_14' title='bbox 2106 459 2212 515; x_wconf 89' lang='lat' dir='ltr'>est</span> <span class='ocrx_word' id='word_1_15' title='bbox 2235 467 2441 536; x_wconf 88' lang='lat' dir='ltr'>opere</span> <span class='ocrx_word' id='word_1_16' title='bbox 2470 458 2847 516; x_wconf 88' lang='lat' dir='ltr'>revocatus.</span> <span class='ocrx_word' id='word_1_17' title='bbox 2868 446 3140 516; x_wconf 85' lang='lat' dir='ltr'>Dolebat</span> 
     </span>
     <span class='ocr_line' id='line_1_3' title="bbox 608 534 3136 626; baseline -0.001 -20"><span class='ocrx_word' id='word_1_18' title='bbox 608 538 792 606; x_wconf 87' lang='lat' dir='ltr'>enim</span> <span class='ocrx_word' id='word_1_19' title='bbox 843 535 1198 625; x_wconf 83' lang='lat' dir='ltr'>Episcopo,</span> <span class='ocrx_word' id='word_1_20' title='bbox 1239 549 1371 604; x_wconf 91' lang='lat' dir='ltr'>tam</span> <span class='ocrx_word' id='word_1_21' title='bbox 1408 536 1759 626; x_wconf 88' lang='lat' dir='ltr'>egregium</span> <span class='ocrx_word' id='word_1_22' title='bbox 1802 534 2132 605; x_wconf 89' lang='lat' dir='ltr'>cultorem</span> <span class='ocrx_word' id='word_1_23' title='bbox 2170 536 2236 603; x_wconf 90' lang='lat' dir='ltr'>in</span> <span class='ocrx_word' id='word_1_24' title='bbox 2282 535 2510 605; x_wconf 90' lang='lat' dir='ltr'>sulcos</span> <span class='ocrx_word' id='word_1_25' title='bbox 2557 535 2823 605; x_wconf 87' lang='lat' dir='ltr'>steriles</span> <span class='ocrx_word' id='word_1_26' title='bbox 2875 549 3136 604; x_wconf 89' lang='lat' dir='ltr'>tantum</span> 
     </span>
     <span class='ocr_line' id='line_1_4' title="bbox 609 623 3137 715; baseline -0.001 -20"><span class='ocrx_word' id='word_1_27' title='bbox 609 624 916 695; x_wconf 90' lang='lat' dir='ltr'>conferre</span> <span class='ocrx_word' id='word_1_28' title='bbox 952 624 1276 694; x_wconf 89' lang='lat' dir='ltr'>laborem.</span> <span class='ocrx_word' id='word_1_29' title='bbox 1331 625 1574 694; x_wconf 81' lang='lat' dir='ltr'>Mansit</span> <span class='ocrx_word' id='word_1_30' title='bbox 1612 645 1775 715; x_wconf 88' lang='lat' dir='ltr'>ergo</span> <span class='ocrx_word' id='word_1_31' title='bbox 1824 624 2007 714; x_wconf 90' lang='lat' dir='ltr'>apud</span> <span class='ocrx_word' id='word_1_32' title='bbox 2047 623 2241 693; x_wconf 91' lang='lat' dir='ltr'>illum</span> <span class='ocrx_word' id='word_1_33' title='bbox 2277 627 2717 715; x_wconf 72' lang='lat' dir='ltr'>Episcopum,</span> <span class='ocrx_word' id='word_1_34' title='bbox 2762 624 2956 693; x_wconf 92' lang='lat' dir='ltr'>omni</span> <span class='ocrx_word' id='word_1_35' title='bbox 3011 625 3137 693; x_wconf 89' lang='lat' dir='ltr'>hu-</span> 
     </span>
     <span class='ocr_line' id='line_1_5' title="bbox 607 712 3141 803; baseline 0 -19"><span class='ocrx_word' id='word_1_36' title='bbox 607 713 959 784; x_wconf 81' lang='lat' dir='ltr'>manitatis</span> <span class='ocrx_word' id='word_1_37' title='bbox 996 713 1220 783; x_wconf 88' lang='lat' dir='ltr'>officio</span> <span class='ocrx_word' id='word_1_38' title='bbox 1246 713 1475 803; x_wconf 90' lang='lat' dir='ltr'>ipsum</span> <span class='ocrx_word' id='word_1_39' title='bbox 1523 727 2073 803; x_wconf 81' lang='lat' dir='ltr'>prosequentem,</span> <span class='ocrx_word' id='word_1_40' title='bbox 2112 712 2260 782; x_wconf 90' lang='lat' dir='ltr'>dies</span> <span class='ocrx_word' id='word_1_41' title='bbox 2298 714 2582 799; x_wconf 78' lang='lat' dir='ltr'>aliquot,</span> <span class='ocrx_word' id='word_1_42' title='bbox 2621 713 2774 800; x_wconf 87' lang='lat' dir='ltr'>ejus</span> <span class='ocrx_word' id='word_1_43' title='bbox 2820 713 3141 802; x_wconf 86' lang='lat' dir='ltr'>precibus</span> 
     </span>
     <span class='ocr_line' id='line_1_6' title="bbox 603 801 3142 893; baseline -0.001 -20"><span class='ocrx_word' id='word_1_44' title='bbox 603 802 1110 873; x_wconf 79' lang='lat' dir='ltr'>obsecundans.</span> <span class='ocrx_word' id='word_1_45' title='bbox 1159 803 1433 872; x_wconf 89' lang='lat' dir='ltr'>Interim</span> <span class='ocrx_word' id='word_1_46' title='bbox 1489 803 1869 892; x_wconf 82' lang='lat' dir='ltr'>Episcopus</span> <span class='ocrx_word' id='word_1_47' title='bbox 1906 803 2077 871; x_wconf 90' lang='lat' dir='ltr'>mire</span> <span class='ocrx_word' id='word_1_48' title='bbox 2108 825 2337 892; x_wconf 81' lang='lat' dir='ltr'>sagax,</span> <span class='ocrx_word' id='word_1_49' title='bbox 2369 805 2520 893; x_wconf 78' lang='lat' dir='ltr'>eJus</span> <span class='ocrx_word' id='word_1_50' title='bbox 2569 801 2948 872; x_wconf 89' lang='lat' dir='ltr'>sententiae</span> <span class='ocrx_word' id='word_1_51' title='bbox 2972 807 3142 892; x_wconf 79' lang='lat' dir='ltr'>Apo·</span> 
     </span>
     <span class='ocr_line' id='line_1_7' title="bbox 609 890 3141 980; baseline -0.001 -19"><span class='ocrx_word' id='word_1_52' title='bbox 609 891 886 961; x_wconf 89' lang='lat' dir='ltr'>stolicae</span> <span class='ocrx_word' id='word_1_53' title='bbox 929 890 1000 926; x_wconf 65' lang='lat'>⁴*</span> <span class='ocrx_word' id='word_1_54' title='bbox 1048 912 1180 960; x_wconf 89' lang='lat' dir='ltr'>non</span> <span class='ocrx_word' id='word_1_55' title='bbox 1226 891 1610 972; x_wconf 89' lang='lat' dir='ltr'>immemor,</span> <span class='ocrx_word' id='word_1_56' title='bbox 1653 895 1791 978; x_wconf 72' lang='lat' dir='ltr'>qua</span> <span class='ocrx_word' id='word_1_57' title='bbox 1844 904 2072 961; x_wconf 88' lang='lat' dir='ltr'>monet</span> <span class='ocrx_word' id='word_1_58' title='bbox 2112 891 2401 979; x_wconf 90' lang='lat' dir='ltr'>probare</span> <span class='ocrx_word' id='word_1_59' title='bbox 2439 891 2750 980; x_wconf 90' lang='lat' dir='ltr'>spiritus,</span> <span class='ocrx_word' id='word_1_60' title='bbox 2790 902 3030 961; x_wconf 88' lang='lat' dir='ltr'>utrum</span> <span class='ocrx_word' id='word_1_61' title='bbox 3064 913 3141 959; x_wconf 82' lang='lat' dir='ltr'>ex</span> 
     </span>
     <span class='ocr_line' id='line_1_8' title="bbox 606 978 3139 1080; baseline -0 -31"><span class='ocrx_word' id='word_1_62' title='bbox 606 984 739 1050; x_wconf 91' lang='lat' dir='ltr'>Deo</span> <span class='ocrx_word' id='word_1_63' title='bbox 787 980 947 1060; x_wconf 91' lang='lat' dir='ltr'>sint,</span> <span class='ocrx_word' id='word_1_64' title='bbox 1003 993 1145 1049; x_wconf 90' lang='lat' dir='ltr'>tum</span> <span class='ocrx_word' id='word_1_65' title='bbox 1195 979 1400 1060; x_wconf 89' lang='lat' dir='ltr'>clam,</span> <span class='ocrx_word' id='word_1_66' title='bbox 1449 994 1592 1048; x_wconf 90' lang='lat' dir='ltr'>tum</span> <span class='ocrx_word' id='word_1_67' title='bbox 1643 980 1871 1080; x_wconf 87' lang='lat' dir='ltr'>palam</span> <span class='ocrx_word' id='word_1_68' title='bbox 1934 981 2335 1058; x_wconf 76' lang='lat' dir='ltr'>observavit,</span> <span class='ocrx_word' id='word_1_69' title='bbox 2373 1003 2582 1068; x_wconf 90' lang='lat' dir='ltr'>quam</span> <span class='ocrx_word' id='word_1_70' title='bbox 2644 978 2757 1047; x_wconf 91' lang='lat' dir='ltr'>ille</span> <span class='ocrx_word' id='word_1_71' title='bbox 2803 992 2988 1049; x_wconf 87' lang='lat' dir='ltr'>esset</span> <span class='ocrx_word' id='word_1_72' title='bbox 3039 1002 3139 1048; x_wconf 89' lang='lat' dir='ltr'>se·</span> 
     </span>
     <span class='ocr_line' id='line_1_9' title="bbox 603 1066 3140 1156; baseline 0 -19"><span class='ocrx_word' id='word_1_73' title='bbox 603 1069 814 1138; x_wconf 92' lang='lat' dir='ltr'>dulus</span> <span class='ocrx_word' id='word_1_74' title='bbox 851 1069 916 1136; x_wconf 91' lang='lat' dir='ltr'>in</span> <span class='ocrx_word' id='word_1_75' title='bbox 969 1068 1161 1138; x_wconf 88' lang='lat' dir='ltr'>cultu</span> <span class='ocrx_word' id='word_1_76' title='bbox 1191 1081 1254 1137; x_wconf 94' lang='lat' dir='ltr'>et</span> <span class='ocrx_word' id='word_1_77' title='bbox 1284 1069 1555 1137; x_wconf 89' lang='lat' dir='ltr'>servitio</span> <span class='ocrx_word' id='word_1_78' title='bbox 1588 1069 1846 1150; x_wconf 78' lang='lat' dir='ltr'>divin0,</span> <span class='ocrx_word' id='word_1_79' title='bbox 1892 1091 2105 1156; x_wconf 79' lang='lat' dir='ltr'>quam</span> <span class='ocrx_word' id='word_1_80' title='bbox 2135 1069 2459 1138; x_wconf 88' lang='lat' dir='ltr'>assiduus</span> <span class='ocrx_word' id='word_1_81' title='bbox 2499 1069 2568 1136; x_wconf 90' lang='lat' dir='ltr'>in</span> <span class='ocrx_word' id='word_1_82' title='bbox 2606 1090 2800 1138; x_wconf 88' lang='lat' dir='ltr'>sacra</span> <span class='ocrx_word' id='word_1_83' title='bbox 2850 1066 3140 1137; x_wconf 90' lang='lat' dir='ltr'>lectione</span> 
     </span>
     <span class='ocr_line' id='line_1_10' title="bbox 600 1156 3139 1246; baseline -0.001 -20"><span class='ocrx_word' id='word_1_84' title='bbox 600 1168 668 1226; x_wconf 91' lang='lat' dir='ltr'>et</span> <span class='ocrx_word' id='word_1_85' title='bbox 701 1157 1091 1246; x_wconf 80' lang='lat' dir='ltr'>scripturae</span> <span class='ocrx_word' id='word_1_86' title='bbox 1139 1156 1411 1225; x_wconf 89' lang='lat' dir='ltr'>divinae</span> <span class='ocrx_word' id='word_1_87' title='bbox 1446 1160 2005 1246; x_wconf 77' lang='lat' dir='ltr'>perscrutatione,</span> <span class='ocrx_word' id='word_1_88' title='bbox 2044 1169 2249 1245; x_wconf 91' lang='lat' dir='ltr'>atque</span> <span class='ocrx_word' id='word_1_89' title='bbox 2291 1158 2450 1225; x_wconf 90' lang='lat' dir='ltr'>inde</span> <span class='ocrx_word' id='word_1_90' title='bbox 2486 1179 2604 1245; x_wconf 91' lang='lat' dir='ltr'>pro</span> <span class='ocrx_word' id='word_1_91' title='bbox 2638 1180 2762 1226; x_wconf 89' lang='lat' dir='ltr'>sua</span> <span class='ocrx_word' id='word_1_92' title='bbox 2796 1157 3139 1246; x_wconf 78' lang='lat' dir='ltr'>singulari</span> 
     </span>
     <span class='ocr_line' id='line_1_11' title="bbox 604 1245 3137 1336; baseline 0 -22"><span class='ocrx_word' id='word_1_93' title='bbox 604 1246 966 1336; x_wconf 89' lang='lat' dir='ltr'>prudentia</span> <span class='ocrx_word' id='word_1_94' title='bbox 1000 1245 1196 1314; x_wconf 90' lang='lat' dir='ltr'>facile</span> <span class='ocrx_word' id='word_1_95' title='bbox 1242 1246 1724 1315; x_wconf 86' lang='lat' dir='ltr'>animadvertit</span> <span class='ocrx_word' id='word_1_96' title='bbox 1768 1268 1952 1329; x_wconf 90' lang='lat' dir='ltr'>eum,</span> <span class='ocrx_word' id='word_1_97' title='bbox 2003 1268 2208 1333; x_wconf 92' lang='lat' dir='ltr'>quem</span> <span class='ocrx_word' id='word_1_98' title='bbox 2245 1260 2322 1314; x_wconf 91' lang='lat' dir='ltr'>ut</span> <span class='ocrx_word' id='word_1_99' title='bbox 2375 1247 2810 1335; x_wconf 78' lang='lat' dir='ltr'>peregrinum</span> <span class='ocrx_word' id='word_1_100' title='bbox 2852 1267 3137 1335; x_wconf 82' lang='lat' dir='ltr'>excepe-</span> 
     </span>
     <span class='ocr_line' id='line_1_12' title="bbox 603 1333 3136 1425; baseline 0 -22"><span class='ocrx_word' id='word_1_101' title='bbox 603 1348 730 1415; x_wconf 85' lang='lat' dir='ltr'>rat,</span> <span class='ocrx_word' id='word_1_102' title='bbox 779 1355 910 1403; x_wconf 89' lang='lat' dir='ltr'>non</span> <span class='ocrx_word' id='word_1_103' title='bbox 968 1356 1116 1402; x_wconf 88' lang='lat' dir='ltr'>esse</span> <span class='ocrx_word' id='word_1_104' title='bbox 1164 1334 1512 1404; x_wconf 89' lang='lat' dir='ltr'>hominem</span> <span class='ocrx_word' id='word_1_105' title='bbox 1577 1335 1784 1404; x_wconf 91' lang='lat' dir='ltr'>levem</span> <span class='ocrx_word' id='word_1_106' title='bbox 1836 1348 1901 1405; x_wconf 88' lang='lat' dir='ltr'>et</span> <span class='ocrx_word' id='word_1_107' title='bbox 1961 1334 2444 1425; x_wconf 90' lang='lat' dir='ltr'>vagabundum</span> <span class='ocrx_word' id='word_1_108' title='bbox 2481 1390 2495 1414; x_wconf 93' lang='lat'>‚</span> <span class='ocrx_word' id='word_1_109' title='bbox 2553 1333 2667 1402; x_wconf 88' lang='lat' dir='ltr'>sed</span> <span class='ocrx_word' id='word_1_110' title='bbox 2718 1355 2916 1402; x_wconf 88' lang='lat' dir='ltr'>verae</span> <span class='ocrx_word' id='word_1_111' title='bbox 2981 1334 3136 1403; x_wconf 82' lang='lat' dir='ltr'>fidei</span> 
     </span>
     <span class='ocr_line' id='line_1_13' title="bbox 601 1422 3132 1509; baseline -0 -17"><span class='ocrx_word' id='word_1_112' title='bbox 601 1423 1052 1493; x_wconf 88' lang='lat' dir='ltr'>domesticum</span> <span class='ocrx_word' id='word_1_113' title='bbox 1106 1422 1383 1492; x_wconf 86' lang='lat' dir='ltr'>firmum</span> <span class='ocrx_word' id='word_1_114' title='bbox 1436 1446 1515 1492; x_wconf 90' lang='lat' dir='ltr'>ac</span> <span class='ocrx_word' id='word_1_115' title='bbox 1562 1424 1901 1493; x_wconf 85' lang='lat' dir='ltr'>stabilem.</span> <span class='ocrx_word' id='word_1_116' title='bbox 1940 1426 2395 1505; x_wconf 84' lang='lat' dir='ltr'>Quamobrem</span> <span class='ocrx_word' id='word_1_117' title='bbox 2450 1423 2652 1491; x_wconf 88' lang='lat' dir='ltr'>etiam</span> <span class='ocrx_word' id='word_1_118' title='bbox 2708 1423 3132 1509; x_wconf 87' lang='lat' dir='ltr'>quibusdam</span> 
     </span>
     <span class='ocr_line' id='line_1_14' title="bbox 602 1510 3131 1598; baseline -0 -17"><span class='ocrx_word' id='word_1_119' title='bbox 602 1533 641 1581; x_wconf 87' lang='lat' dir='ltr'>e</span> <span class='ocrx_word' id='word_1_120' title='bbox 686 1512 833 1581; x_wconf 87' lang='lat' dir='ltr'>suis</span> <span class='ocrx_word' id='word_1_121' title='bbox 880 1511 1149 1581; x_wconf 90' lang='lat' dir='ltr'>dicebat</span> <span class='ocrx_word' id='word_1_122' title='bbox 1181 1510 1645 1581; x_wconf 86' lang='lat' dir='ltr'>familiariter:</span> <span class='ocrx_word' id='word_1_123' title='bbox 1701 1536 1737 1578; x_wconf 88' lang='lat'>«</span> <span class='ocrx_word' id='word_1_124' title='bbox 1773 1517 1824 1581; x_wconf 91' lang='grc' dir='ltr'><strong>Ο</strong></span> <span class='ocrx_word' id='word_1_125' title='bbox 1857 1511 2119 1582; x_wconf 86' lang='lat' dir='ltr'>felicem</span> <span class='ocrx_word' id='word_1_126' title='bbox 2175 1512 2362 1580; x_wconf 88' lang='lat' dir='ltr'>illam</span> <span class='ocrx_word' id='word_1_127' title='bbox 2406 1511 2801 1588; x_wconf 79' lang='lat' dir='ltr'>Ecclesiam,</span> <span class='ocrx_word' id='word_1_128' title='bbox 2838 1534 3027 1598; x_wconf 88' lang='lat' dir='ltr'>quae</span> <span class='ocrx_word' id='word_1_129' title='bbox 3055 1534 3131 1581; x_wconf 84' lang='lat' dir='ltr'>ex</span> 
     </span>
     <span class='ocr_line' id='line_1_15' title="bbox 604 1599 3130 1688; baseline -0.001 -19"><span class='ocrx_word' id='word_1_130' title='bbox 604 1601 874 1669; x_wconf 89' lang='lat' dir='ltr'>Domini</span> <span class='ocrx_word' id='word_1_131' title='bbox 927 1599 1348 1688; x_wconf 90' lang='lat' dir='ltr'>providentia</span> <span class='ocrx_word' id='word_1_132' title='bbox 1406 1602 1592 1670; x_wconf 89' lang='lat' dir='ltr'>hunc</span> <span class='ocrx_word' id='word_1_133' title='bbox 1650 1601 1872 1670; x_wconf 91' lang='lat' dir='ltr'>virum</span> <span class='ocrx_word' id='word_1_134' title='bbox 1944 1601 2317 1669; x_wconf 89' lang='lat' dir='ltr'>merebitur</span> <span class='ocrx_word' id='word_1_135' title='bbox 2365 1600 2614 1669; x_wconf 87' lang='lat' dir='ltr'>habere</span> <span class='ocrx_word' id='word_1_136' title='bbox 2678 1600 3130 1670; x_wconf 82' lang='lat' dir='ltr'>sacerdotem.</span> 
     </span>
     <span class='ocr_line' id='line_1_16' title="bbox 604 1688 3137 1779; baseline 0.001 -23"><span class='ocrx_word' id='word_1_137' title='bbox 604 1689 765 1757; x_wconf 79' lang='lat' dir='ltr'>Mihi</span> <span class='ocrx_word' id='word_1_138' title='bbox 813 1689 1092 1776; x_wconf 89' lang='lat' dir='ltr'>quidem</span> <span class='ocrx_word' id='word_1_139' title='bbox 1133 1689 1259 1757; x_wconf 91' lang='lat' dir='ltr'>hoc</span> <span class='ocrx_word' id='word_1_140' title='bbox 1292 1691 1705 1779; x_wconf 88' lang='lat' dir='ltr'>cumprimis</span> <span class='ocrx_word' id='word_1_141' title='bbox 1756 1704 1819 1758; x_wconf 79' lang='lat' dir='ltr'>et</span> <span class='ocrx_word' id='word_1_142' title='bbox 1867 1689 2035 1759; x_wconf 87' lang='lat' dir='ltr'>utile</span> <span class='ocrx_word' id='word_1_143' title='bbox 2087 1703 2153 1759; x_wconf 87' lang='lat' dir='ltr'>et</span> <span class='ocrx_word' id='word_1_144' title='bbox 2203 1689 2659 1758; x_wconf 88' lang='lat' dir='ltr'>necessarium</span> <span class='ocrx_word' id='word_1_145' title='bbox 2714 1688 3007 1767; x_wconf 87' lang='lat' dir='ltr'>videtur,</span> <span class='ocrx_word' id='word_1_146' title='bbox 3064 1703 3137 1759; x_wconf 91' lang='lat' dir='ltr'>ut</span> 
     </span>
     <span class='ocr_line' id='line_1_17' title="bbox 600 1777 3130 1868; baseline 0 -23"><span class='ocrx_word' id='word_1_147' title='bbox 600 1778 920 1868; x_wconf 86' lang='lat' dir='ltr'>precibus</span> <span class='ocrx_word' id='word_1_148' title='bbox 972 1779 1140 1847; x_wconf 90' lang='lat' dir='ltr'>meis</span> <span class='ocrx_word' id='word_1_149' title='bbox 1187 1777 1504 1857; x_wconf 85' lang='lat' dir='ltr'>efficiam,</span> <span class='ocrx_word' id='word_1_150' title='bbox 1542 1801 1679 1865; x_wconf 93' lang='lat' dir='ltr'>quo</span> <span class='ocrx_word' id='word_1_151' title='bbox 1728 1778 1827 1846; x_wconf 91' lang='lat' dir='ltr'>illi</span> <span class='ocrx_word' id='word_1_152' title='bbox 1877 1777 2394 1868; x_wconf 82' lang='lat' dir='ltr'>Ratisponensis</span> <span class='ocrx_word' id='word_1_153' title='bbox 2444 1777 2780 1846; x_wconf 85' lang='lat' dir='ltr'>Ecclesiae</span> <span class='ocrx_word' id='word_1_154' title='bbox 2818 1779 3130 1866; x_wconf 84' lang='lat' dir='ltr'>regimen</span> 
     </span>
     <span class='ocr_line' id='line_1_18' title="bbox 597 1865 3135 1954; baseline -0 -19"><span class='ocrx_word' id='word_1_155' title='bbox 597 1866 1073 1936; x_wconf 87' lang='lat' dir='ltr'>demandetur.</span> <span class='ocrx_word' id='word_1_156' title='bbox 1119 1867 1620 1954; x_wconf 78' lang='lat' dir='ltr'>Aequissimum</span> <span class='ocrx_word' id='word_1_157' title='bbox 1661 1881 1762 1935; x_wconf 90' lang='lat' dir='ltr'>est</span> <span class='ocrx_word' id='word_1_158' title='bbox 1807 1868 2018 1947; x_wconf 87' lang='lat' dir='ltr'>enim,</span> <span class='ocrx_word' id='word_1_159' title='bbox 2054 1880 2130 1936; x_wconf 91' lang='lat' dir='ltr'>ut</span> <span class='ocrx_word' id='word_1_160' title='bbox 2159 1867 2278 1936; x_wconf 90' lang='lat' dir='ltr'>uhi</span> <span class='ocrx_word' id='word_1_161' title='bbox 2319 1865 2626 1936; x_wconf 87' lang='lat' dir='ltr'>abundat</span> <span class='ocrx_word' id='word_1_162' title='bbox 2677 1866 2852 1934; x_wconf 88' lang='lat' dir='ltr'>bona</span> <span class='ocrx_word' id='word_1_163' title='bbox 2888 1866 3135 1935; x_wconf 88' lang='lat' dir='ltr'>volun·</span> 
     </span>
     <span class='ocr_line' id='line_1_19' title="bbox 601 1954 3128 2046; baseline -0 -22"><span class='ocrx_word' id='word_1_164' title='bbox 601 1968 725 2034; x_wconf 87' lang='lat' dir='ltr'>tas,</span> <span class='ocrx_word' id='word_1_165' title='bbox 779 1977 1085 2046; x_wconf 88' lang='lat' dir='ltr'>congrua</span> <span class='ocrx_word' id='word_1_166' title='bbox 1154 1958 1354 2025; x_wconf 91' lang='lat' dir='ltr'>etiam</span> <span class='ocrx_word' id='word_1_167' title='bbox 1409 1955 1506 2023; x_wconf 89' lang='lat' dir='ltr'>illi</span> <span class='ocrx_word' id='word_1_168' title='bbox 1556 1955 1989 2041; x_wconf 85' lang='lat' dir='ltr'>exequendae</span> <span class='ocrx_word' id='word_1_169' title='bbox 2051 1967 2432 2046; x_wconf 85' lang='lat' dir='ltr'>praestetur</span> <span class='ocrx_word' id='word_1_170' title='bbox 2491 1954 2806 2023; x_wconf 83' lang='lat' dir='ltr'>facultas.</span> <span class='ocrx_word' id='word_1_171' title='bbox 2864 1960 3128 2024; x_wconf 88' lang='lat' dir='ltr'>Bonum</span> 
     </span>
     <span class='ocr_line' id='line_1_20' title="bbox 599 2043 3132 2131; baseline 0 -19"><span class='ocrx_word' id='word_1_172' title='bbox 599 2065 898 2131; x_wconf 87' lang='lat' dir='ltr'>namque</span> <span class='ocrx_word' id='word_1_173' title='bbox 957 2066 1185 2115; x_wconf 90' lang='lat' dir='ltr'>semen</span> <span class='ocrx_word' id='word_1_174' title='bbox 1221 2100 1236 2124; x_wconf 97' lang='lat'>,</span> <span class='ocrx_word' id='word_1_175' title='bbox 1301 2044 1482 2131; x_wconf 90' lang='lat' dir='ltr'>quod</span> <span class='ocrx_word' id='word_1_176' title='bbox 1536 2043 1645 2113; x_wconf 89' lang='lat' dir='ltr'>hic</span> <span class='ocrx_word' id='word_1_177' title='bbox 1698 2045 1917 2113; x_wconf 90' lang='lat' dir='ltr'>bonus</span> <span class='ocrx_word' id='word_1_178' title='bbox 1967 2044 2068 2111; x_wconf 90' lang='lat' dir='ltr'>vir</span> <span class='ocrx_word' id='word_1_179' title='bbox 2110 2044 2337 2131; x_wconf 85' lang='lat' dir='ltr'>jacere</span> <span class='ocrx_word' id='word_1_180' title='bbox 2386 2043 2598 2111; x_wconf 89' lang='lat' dir='ltr'>voluit</span> <span class='ocrx_word' id='word_1_181' title='bbox 2660 2043 2729 2111; x_wconf 87' lang='lat' dir='ltr'>in</span> <span class='ocrx_word' id='word_1_182' title='bbox 2790 2043 3132 2112; x_wconf 89' lang='lat' dir='ltr'>obdurata</span> 
     </span>
     <span class='ocr_line' id='line_1_21' title="bbox 598 2131 3135 2224; baseline 0.002 -26"><span class='ocrx_word' id='word_1_183' title='bbox 598 2132 803 2203; x_wconf 85' lang='lat' dir='ltr'>corda</span> <span class='ocrx_word' id='word_1_184' title='bbox 849 2154 1297 2224; x_wconf 88' lang='lat' dir='ltr'>paganorum,</span> <span class='ocrx_word' id='word_1_185' title='bbox 1352 2147 1416 2202; x_wconf 93' lang='lat' dir='ltr'>et</span> <span class='ocrx_word' id='word_1_186' title='bbox 1448 2132 1689 2202; x_wconf 89' lang='lat' dir='ltr'>salutis</span> <span class='ocrx_word' id='word_1_187' title='bbox 1752 2133 2235 2212; x_wconf 89' lang='lat' dir='ltr'>ministerium,</span> <span class='ocrx_word' id='word_1_188' title='bbox 2273 2131 2453 2219; x_wconf 87' lang='lat' dir='ltr'>quod</span> <span class='ocrx_word' id='word_1_189' title='bbox 2508 2131 2785 2201; x_wconf 89' lang='lat' dir='ltr'>illorum</span> <span class='ocrx_word' id='word_1_190' title='bbox 2836 2133 3135 2202; x_wconf 87' lang='lat' dir='ltr'>caecitas</span> 
     </span>
     <span class='ocr_line' id='line_1_22' title="bbox 599 2219 3130 2311; baseline 0.001 -24"><span class='ocrx_word' id='word_1_191' title='bbox 599 2219 947 2301; x_wconf 80' lang='lat' dir='ltr'>fastidivit,</span> <span class='ocrx_word' id='word_1_192' title='bbox 982 2243 1060 2290; x_wconf 92' lang='lat' dir='ltr'>eo</span> <span class='ocrx_word' id='word_1_193' title='bbox 1110 2222 1258 2310; x_wconf 88' lang='lat' dir='ltr'>ipso</span> <span class='ocrx_word' id='word_1_194' title='bbox 1292 2243 1535 2311; x_wconf 91' lang='lat' dir='ltr'>agrum</span> <span class='ocrx_word' id='word_1_195' title='bbox 1583 2222 2010 2290; x_wconf 88' lang='lat' dir='ltr'>Dominicum</span> <span class='ocrx_word' id='word_1_196' title='bbox 2059 2222 2428 2302; x_wconf 82' lang='lat' dir='ltr'>excolente,</span> <span class='ocrx_word' id='word_1_197' title='bbox 2452 2220 2767 2291; x_wconf 73' lang='lat' dir='ltr'>fortassis</span> <span class='ocrx_word' id='word_1_198' title='bbox 2803 2221 3130 2308; x_wconf 88' lang='lat' dir='ltr'>quando-</span> 
     </span>
     <span class='ocr_line' id='line_1_23' title="bbox 598 2308 3130 2398; baseline 0 -20"><span class='ocrx_word' id='word_1_199' title='bbox 598 2331 734 2396; x_wconf 89' lang='lat' dir='ltr'>que</span> <span class='ocrx_word' id='word_1_200' title='bbox 792 2310 1091 2379; x_wconf 86' lang='lat' dir='ltr'>fructum</span> <span class='ocrx_word' id='word_1_201' title='bbox 1143 2308 1308 2379; x_wconf 89' lang='lat' dir='ltr'>feret</span> <span class='ocrx_word' id='word_1_202' title='bbox 1352 2309 1537 2398; x_wconf 91' lang='lat' dir='ltr'>apud</span> <span class='ocrx_word' id='word_1_203' title='bbox 1597 2310 2038 2378; x_wconf 79' lang='lat' dir='ltr'>Christianos.</span> <span class='ocrx_word' id='word_1_204' title='bbox 2076 2333 2112 2375; x_wconf 82' lang='lat'><strong>»</strong></span> <span class='ocrx_word' id='word_1_205' title='bbox 2162 2309 2451 2378; x_wconf 77' lang='lat' dir='ltr'>Aderant</span> <span class='ocrx_word' id='word_1_206' title='bbox 2498 2323 2725 2379; x_wconf 86' lang='lat' dir='ltr'>autem</span> <span class='ocrx_word' id='word_1_207' title='bbox 2778 2322 2922 2379; x_wconf 89' lang='lat' dir='ltr'>tum</span> <span class='ocrx_word' id='word_1_208' title='bbox 2971 2311 3130 2396; x_wconf 87' lang='lat' dir='ltr'>qui—</span> 
     </span>
     <span class='ocr_line' id='line_1_24' title="bbox 601 2397 3132 2488; baseline 0.001 -22"><span class='ocrx_word' id='word_1_209' title='bbox 601 2398 787 2477; x_wconf 90' lang='lat' dir='ltr'>dam,</span> <span class='ocrx_word' id='word_1_210' title='bbox 826 2398 945 2484; x_wconf 92' lang='lat' dir='ltr'>qui</span> <span class='ocrx_word' id='word_1_211' title='bbox 997 2397 1337 2466; x_wconf 88' lang='lat' dir='ltr'>dicerent:</span> <span class='ocrx_word' id='word_1_212' title='bbox 1391 2403 1763 2479; x_wconf 77' lang='lat' dir='ltr'>«Quonam</span> <span class='ocrx_word' id='word_1_213' title='bbox 1810 2413 2003 2488; x_wconf 87' lang='lat' dir='ltr'>pacto</span> <span class='ocrx_word' id='word_1_214' title='bbox 2053 2399 2256 2467; x_wconf 91' lang='lat' dir='ltr'>homo</span> <span class='ocrx_word' id='word_1_215' title='bbox 2317 2399 2440 2467; x_wconf 90' lang='lat' dir='ltr'>iste</span> <span class='ocrx_word' id='word_1_216' title='bbox 2487 2398 2688 2485; x_wconf 91' lang='lat' dir='ltr'>inops</span> <span class='ocrx_word' id='word_1_217' title='bbox 2733 2412 2796 2467; x_wconf 89' lang='lat' dir='ltr'>et</span> <span class='ocrx_word' id='word_1_218' title='bbox 2852 2399 3132 2488; x_wconf 89' lang='lat' dir='ltr'>ignotus</span> 
     </span>
     <span class='ocr_line' id='line_1_25' title="bbox 600 2485 3127 2578; baseline 0.001 -24"><span class='ocrx_word' id='word_1_219' title='bbox 600 2487 766 2556; x_wconf 86' lang='lat' dir='ltr'>tanti</span> <span class='ocrx_word' id='word_1_220' title='bbox 808 2487 1258 2576; x_wconf 75' lang='lat' dir='ltr'>Episcopatus</span> <span class='ocrx_word' id='word_1_221' title='bbox 1294 2485 1610 2575; x_wconf 83' lang='lat' dir='ltr'>dignitati</span> <span class='ocrx_word' id='word_1_222' title='bbox 1655 2510 1777 2573; x_wconf 91' lang='lat' dir='ltr'>par</span> <span class='ocrx_word' id='word_1_223' title='bbox 1814 2501 1880 2557; x_wconf 91' lang='lat' dir='ltr'>et</span> <span class='ocrx_word' id='word_1_224' title='bbox 1904 2486 2194 2557; x_wconf 90' lang='lat' dir='ltr'>idoneus</span> <span class='ocrx_word' id='word_1_225' title='bbox 2225 2509 2371 2555; x_wconf 89' lang='lat' dir='ltr'>esse</span> <span class='ocrx_word' id='word_1_226' title='bbox 2409 2489 2671 2577; x_wconf 86' lang='lat' dir='ltr'>poterit,</span> <span class='ocrx_word' id='word_1_227' title='bbox 2726 2488 3127 2578; x_wconf 88' lang='lat' dir='ltr'>praesertim</span> 
     </span>
     <span class='ocr_line' id='line_1_26' title="bbox 597 2575 3130 2666; baseline 0 -22"><span class='ocrx_word' id='word_1_228' title='bbox 597 2598 756 2644; x_wconf 92' lang='lat' dir='ltr'>cum</span> <span class='ocrx_word' id='word_1_229' title='bbox 800 2576 1107 2665; x_wconf 89' lang='lat' dir='ltr'>plerique</span> <span class='ocrx_word' id='word_1_230' title='bbox 1136 2575 1251 2643; x_wconf 92' lang='lat' dir='ltr'>alii</span> <span class='ocrx_word' id='word_1_231' title='bbox 1286 2576 1586 2645; x_wconf 87' lang='lat' dir='ltr'>celebres</span> <span class='ocrx_word' id='word_1_232' title='bbox 1622 2577 1747 2644; x_wconf 93' lang='lat' dir='ltr'>viri</span> <span class='ocrx_word' id='word_1_233' title='bbox 1800 2577 2153 2666; x_wconf 88' lang='lat' dir='ltr'>magisque</span> <span class='ocrx_word' id='word_1_234' title='bbox 2189 2577 2350 2655; x_wconf 87' lang='lat' dir='ltr'>noti,</span> <span class='ocrx_word' id='word_1_235' title='bbox 2379 2577 2639 2665; x_wconf 87' lang='lat' dir='ltr'>justius</span> <span class='ocrx_word' id='word_1_236' title='bbox 2671 2598 2819 2645; x_wconf 92' lang='lat' dir='ltr'>eam</span> <span class='ocrx_word' id='word_1_237' title='bbox 2854 2577 3130 2646; x_wconf 88' lang='lat' dir='ltr'>videan-</span> 
     </span>
     <span class='ocr_line' id='line_1_27' title="bbox 596 2665 3129 2755; baseline 0 -22"><span class='ocrx_word' id='word_1_238' title='bbox 596 2675 710 2733; x_wconf 86' lang='lat' dir='ltr'>tur</span> <span class='ocrx_word' id='word_1_239' title='bbox 768 2665 951 2754; x_wconf 91' lang='lat' dir='ltr'>apud</span> <span class='ocrx_word' id='word_1_240' title='bbox 997 2670 1470 2753; x_wconf 80' lang='lat' dir='ltr'>Imperatorem</span> <span class='ocrx_word' id='word_1_241' title='bbox 1529 2665 2006 2752; x_wconf 77' lang='lat' dir='ltr'>impetraturi?</span> <span class='ocrx_word' id='word_1_242' title='bbox 2036 2688 2071 2730; x_wconf 90' lang='lat'>»</span> <span class='ocrx_word' id='word_1_243' title='bbox 2117 2665 2381 2748; x_wconf 89' lang='lat' dir='ltr'>Quibus</span> <span class='ocrx_word' id='word_1_244' title='bbox 2429 2666 2807 2753; x_wconf 89' lang='lat' dir='ltr'>Episcopus</span> <span class='ocrx_word' id='word_1_245' title='bbox 2858 2687 3129 2755; x_wconf 86' lang='lat' dir='ltr'>respon-</span> 
     </span>
     <span class='ocr_line' id='line_1_28' title="bbox 598 2752 3125 2840; baseline 0.001 -19"><span class='ocrx_word' id='word_1_246' title='bbox 598 2752 738 2822; x_wconf 83' lang='lat' dir='ltr'>dit:</span> <span class='ocrx_word' id='word_1_247' title='bbox 793 2753 1275 2822; x_wconf 85' lang='lat' dir='ltr'>«Permultum</span> <span class='ocrx_word' id='word_1_248' title='bbox 1314 2754 1592 2823; x_wconf 86' lang='lat' dir='ltr'>interest</span> <span class='ocrx_word' id='word_1_249' title='bbox 1626 2755 1799 2822; x_wconf 89' lang='lat' dir='ltr'>inter</span> <span class='ocrx_word' id='word_1_250' title='bbox 1828 2753 2064 2822; x_wconf 90' lang='lat' dir='ltr'>divina</span> <span class='ocrx_word' id='word_1_251' title='bbox 2112 2754 2552 2839; x_wconf 90' lang='lat' dir='ltr'>humanaque</span> <span class='ocrx_word' id='word_1_252' title='bbox 2576 2753 2870 2840; x_wconf 85' lang='lat' dir='ltr'>judicia.</span> <span class='ocrx_word' id='word_1_253' title='bbox 2920 2759 3125 2823; x_wconf 90' lang='lat' dir='ltr'>Scru-</span> 
     </span>
     <span class='ocr_line' id='line_1_29' title="bbox 598 2841 3130 2932; baseline 0.001 -23"><span class='ocrx_word' id='word_1_254' title='bbox 598 2854 772 2909; x_wconf 87' lang='lat' dir='ltr'>tator</span> <span class='ocrx_word' id='word_1_255' title='bbox 819 2863 1116 2928; x_wconf 89' lang='lat' dir='ltr'>namque</span> <span class='ocrx_word' id='word_1_256' title='bbox 1163 2841 1472 2910; x_wconf 90' lang='lat' dir='ltr'>cordium</span> <span class='ocrx_word' id='word_1_257' title='bbox 1508 2857 1572 2911; x_wconf 91' lang='lat' dir='ltr'>et</span> <span class='ocrx_word' id='word_1_258' title='bbox 1599 2864 1839 2912; x_wconf 89' lang='lat' dir='ltr'>renum</span> <span class='ocrx_word' id='word_1_259' title='bbox 1896 2848 2093 2921; x_wconf 81' lang='lat' dir='ltr'>DeuS,</span> <span class='ocrx_word' id='word_1_260' title='bbox 2139 2865 2175 2910; x_wconf 92' lang='lat' dir='ltr'>a</span> <span class='ocrx_word' id='word_1_261' title='bbox 2215 2841 2455 2911; x_wconf 86' lang='lat' dir='ltr'>mundi</span> <span class='ocrx_word' id='word_1_262' title='bbox 2500 2843 2691 2911; x_wconf 84' lang='lat' dir='ltr'>initio</span> <span class='ocrx_word' id='word_1_263' title='bbox 2730 2842 2938 2932; x_wconf 90' lang='lat' dir='ltr'>elegit</span> <span class='ocrx_word' id='word_1_264' title='bbox 2963 2865 3130 2911; x_wconf 85' lang='lat' dir='ltr'>con-</span> 
     </span>
     <span class='ocr_line' id='line_1_30' title="bbox 595 2929 3123 3020; baseline 0 -21"><span class='ocrx_word' id='word_1_265' title='bbox 595 2930 1003 3019; x_wconf 87' lang='lat' dir='ltr'>temptibilia</span> <span class='ocrx_word' id='word_1_266' title='bbox 1075 2942 1139 2999; x_wconf 90' lang='lat' dir='ltr'>et</span> <span class='ocrx_word' id='word_1_267' title='bbox 1204 2929 1578 3020; x_wconf 88' lang='lat' dir='ltr'>ignobilia,</span> <span class='ocrx_word' id='word_1_268' title='bbox 1650 2944 1725 3000; x_wconf 91' lang='lat' dir='ltr'>ut</span> <span class='ocrx_word' id='word_1_269' title='bbox 1771 2930 2216 3000; x_wconf 86' lang='lat' dir='ltr'>confunderet</span> <span class='ocrx_word' id='word_1_270' title='bbox 2281 2930 2512 2999; x_wconf 84' lang='lat' dir='ltr'>fortia:</span> <span class='ocrx_word' id='word_1_271' title='bbox 2581 2943 2817 3000; x_wconf 89' lang='lat' dir='ltr'>contra</span> <span class='ocrx_word' id='word_1_272' title='bbox 2894 2944 3123 3000; x_wconf 88' lang='lat' dir='ltr'>autem</span> 
     </span>
     <span class='ocr_line' id='line_1_31' title="bbox 595 3018 3127 3106; baseline 0.001 -19"><span class='ocrx_word' id='word_1_273' title='bbox 595 3018 927 3099; x_wconf 89' lang='lat' dir='ltr'>mundus,</span> <span class='ocrx_word' id='word_1_274' title='bbox 985 3021 1163 3106; x_wconf 92' lang='lat' dir='ltr'>quod</span> <span class='ocrx_word' id='word_1_275' title='bbox 1218 3041 1419 3089; x_wconf 89' lang='lat' dir='ltr'>suum</span> <span class='ocrx_word' id='word_1_276' title='bbox 1493 3033 1630 3100; x_wconf 89' lang='lat' dir='ltr'>est,</span> <span class='ocrx_word' id='word_1_277' title='bbox 1684 3020 1767 3089; x_wconf 90' lang='lat' dir='ltr'>ad</span> <span class='ocrx_word' id='word_1_278' title='bbox 1826 3020 2064 3089; x_wconf 86' lang='lat' dir='ltr'>horam</span> <span class='ocrx_word' id='word_1_279' title='bbox 2125 3018 2404 3099; x_wconf 86' lang='lat' dir='ltr'>extollit,</span> <span class='ocrx_word' id='word_1_280' title='bbox 2460 3018 2571 3088; x_wconf 92' lang='lat' dir='ltr'>sed</span> <span class='ocrx_word' id='word_1_281' title='bbox 2636 3018 2909 3087; x_wconf 88' lang='lat' dir='ltr'>tandem</span> <span class='ocrx_word' id='word_1_282' title='bbox 2962 3043 3127 3089; x_wconf 89' lang='lat' dir='ltr'>cum</span> 
     </span>
     <span class='ocr_line' id='line_1_32' title="bbox 593 3105 3126 3197; baseline 0.001 -24"><span class='ocrx_word' id='word_1_283' title='bbox 593 3105 612 3173; x_wconf 88' lang='lat' dir='ltr'>i</span> <span class='ocrx_word' id='word_1_284' title='bbox 672 3108 976 3176; x_wconf 90' lang='lat' dir='ltr'>nominia</span> <span class='ocrx_word' id='word_1_285' title='bbox 1024 3107 1273 3194; x_wconf 83' lang='lat' dir='ltr'>dejicit.</span> <span class='ocrx_word' id='word_1_286' title='bbox 1332 3108 1490 3176; x_wconf 89' lang='lat' dir='ltr'>Mihi</span> <span class='ocrx_word' id='word_1_287' title='bbox 1548 3110 1758 3197; x_wconf 89' lang='lat' dir='ltr'>igitur</span> <span class='ocrx_word' id='word_1_288' title='bbox 1808 3109 2007 3197; x_wconf 89' lang='lat' dir='ltr'>plane</span> <span class='ocrx_word' id='word_1_289' title='bbox 2061 3130 2308 3197; x_wconf 90' lang='lat' dir='ltr'>operae</span> <span class='ocrx_word' id='word_1_290' title='bbox 2342 3108 2632 3197; x_wconf 90' lang='lat' dir='ltr'>pretium</span> <span class='ocrx_word' id='word_1_291' title='bbox 2670 3108 2981 3177; x_wconf 86' lang='lat' dir='ltr'>facturus</span> <span class='ocrx_word' id='word_1_292' title='bbox 3029 3108 3126 3176; x_wconf 89' lang='lat' dir='ltr'>vi-</span> 
     </span>
    </p>

    <p class='ocr_par' dir='ltr' id='par_1_3' title="bbox 582 3196 3126 3729">
     <span class='ocr_line' id='line_1_33' title="bbox 643 3196 3125 3285; baseline 0 -22"><span class='ocrx_word' id='word_1_293' title='bbox 643 3216 782 3275; x_wconf 90' lang='lat' dir='ltr'>eor,</span> <span class='ocrx_word' id='word_1_294' title='bbox 825 3197 878 3263; x_wconf 90' lang='lat' dir='ltr'>si</span> <span class='ocrx_word' id='word_1_295' title='bbox 933 3196 1146 3265; x_wconf 90' lang='lat' dir='ltr'>fretus</span> <span class='ocrx_word' id='word_1_296' title='bbox 1194 3196 1449 3266; x_wconf 83' lang='lat' dir='ltr'>auxilio</span> <span class='ocrx_word' id='word_1_297' title='bbox 1499 3198 1932 3276; x_wconf 75' lang='lat' dir='ltr'>Marchionis,</span> <span class='ocrx_word' id='word_1_298' title='bbox 1975 3197 2179 3285; x_wconf 90' lang='lat' dir='ltr'>cujus</span> <span class='ocrx_word' id='word_1_299' title='bbox 2216 3197 2526 3266; x_wconf 91' lang='lat' dir='ltr'>consiliis</span> <span class='ocrx_word' id='word_1_300' title='bbox 2562 3196 2852 3266; x_wconf 89' lang='lat' dir='ltr'>libenter</span> <span class='ocrx_word' id='word_1_301' title='bbox 2904 3198 3125 3267; x_wconf 88' lang='lat' dir='ltr'>utitur</span> 
     </span>
     <span class='ocr_line' id='line_1_34' title="bbox 593 3285 3126 3376; baseline 0.001 -26"><span class='ocrx_word' id='word_1_302' title='bbox 593 3296 658 3351; x_wconf 91' lang='lat' dir='ltr'>et</span> <span class='ocrx_word' id='word_1_303' title='bbox 691 3297 879 3373; x_wconf 89' lang='lat' dir='ltr'>paret</span> <span class='ocrx_word' id='word_1_304' title='bbox 916 3290 1312 3375; x_wconf 88' lang='lat' dir='ltr'>Imperator,</span> <span class='ocrx_word' id='word_1_305' title='bbox 1371 3286 1688 3374; x_wconf 86' lang='lat' dir='ltr'>precibus</span> <span class='ocrx_word' id='word_1_306' title='bbox 1737 3286 1822 3355; x_wconf 89' lang='lat' dir='ltr'>ab</span> <span class='ocrx_word' id='word_1_307' title='bbox 1874 3285 1990 3354; x_wconf 92' lang='lat' dir='ltr'>illo</span> <span class='ocrx_word' id='word_1_308' title='bbox 2022 3286 2468 3365; x_wconf 82' lang='lat' dir='ltr'>contendam,</span> <span class='ocrx_word' id='word_1_309' title='bbox 2516 3307 2598 3354; x_wconf 91' lang='lat' dir='ltr'>ne</span> <span class='ocrx_word' id='word_1_310' title='bbox 2650 3286 2947 3375; x_wconf 89' lang='lat' dir='ltr'>patiatur</span> <span class='ocrx_word' id='word_1_311' title='bbox 3008 3307 3126 3376; x_wconf 91' lang='lat' dir='ltr'>per</span> 
     </span>
     <span class='ocr_line' id='line_1_35' title="bbox 590 3372 3117 3463; baseline 0.002 -26"><span class='ocrx_word' id='word_1_312' title='bbox 590 3372 1035 3441; x_wconf 84' lang='lat' dir='ltr'>ambitionem</span> <span class='ocrx_word' id='word_1_313' title='bbox 1071 3395 1484 3461; x_wconf 85' lang='lat' dir='ltr'>quemquam</span> <span class='ocrx_word' id='word_1_314' title='bbox 1525 3375 1834 3444; x_wconf 90' lang='lat' dir='ltr'>obtinere</span> <span class='ocrx_word' id='word_1_315' title='bbox 1867 3375 2095 3444; x_wconf 89' lang='lat' dir='ltr'>sedem</span> <span class='ocrx_word' id='word_1_316' title='bbox 2150 3374 2488 3443; x_wconf 88' lang='lat' dir='ltr'>Ecclesiae</span> <span class='ocrx_word' id='word_1_317' title='bbox 2546 3375 3117 3463; x_wconf 85' lang='lat' dir='ltr'>Ratisponensis:</span> 
     </span>
     <span class='ocr_line' id='line_1_36' title="bbox 592 3459 3119 3551; baseline 0.001 -23"><span class='ocrx_word' id='word_1_318' title='bbox 592 3459 708 3528; x_wconf 90' lang='lat' dir='ltr'>sed</span> <span class='ocrx_word' id='word_1_319' title='bbox 749 3462 836 3529; x_wconf 92' lang='lat' dir='ltr'>ob</span> <span class='ocrx_word' id='word_1_320' title='bbox 876 3476 1216 3531; x_wconf 86' lang='lat' dir='ltr'>aeternam</span> <span class='ocrx_word' id='word_1_321' title='bbox 1264 3463 1909 3544; x_wconf 86' lang='lat' dir='ltr'>remunerationem,</span> <span class='ocrx_word' id='word_1_322' title='bbox 1956 3463 2014 3530; x_wconf 89' lang='lat' dir='ltr'>si</span> <span class='ocrx_word' id='word_1_323' title='bbox 2062 3484 2265 3550; x_wconf 91' lang='lat' dir='ltr'>quem</span> <span class='ocrx_word' id='word_1_324' title='bbox 2316 3464 2723 3551; x_wconf 87' lang='lat' dir='ltr'>compererit</span> <span class='ocrx_word' id='word_1_325' title='bbox 2755 3463 3119 3542; x_wconf 89' lang='lat' dir='ltr'>humilem,</span> 
     </span>
     <span class='ocr_line' id='line_1_37' title="bbox 592 3549 3117 3640; baseline 0.001 -24"><span class='ocrx_word' id='word_1_326' title='bbox 592 3549 1018 3630; x_wconf 83' lang='lat' dir='ltr'>modestum,</span> <span class='ocrx_word' id='word_1_327' title='bbox 1081 3550 1428 3620; x_wconf 86' lang='lat' dir='ltr'>eruditum</span> <span class='ocrx_word' id='word_1_328' title='bbox 1479 3567 1543 3620; x_wconf 90' lang='lat' dir='ltr'>et</span> <span class='ocrx_word' id='word_1_329' title='bbox 1586 3551 2070 3621; x_wconf 88' lang='lat' dir='ltr'>ecclesiasticis</span> <span class='ocrx_word' id='word_1_330' title='bbox 2121 3552 2520 3621; x_wconf 89' lang='lat' dir='ltr'>ministeriis</span> <span class='ocrx_word' id='word_1_331' title='bbox 2567 3565 2803 3640; x_wconf 90' lang='lat' dir='ltr'>aptum</span> <span class='ocrx_word' id='word_1_332' title='bbox 2839 3604 2855 3631; x_wconf 94' lang='lat'>,</span> <span class='ocrx_word' id='word_1_333' title='bbox 2908 3574 3069 3620; x_wconf 91' lang='lat' dir='ltr'>eum</span> <span class='ocrx_word' id='word_1_334' title='bbox 3100 3604 3117 3637; x_wconf 90' lang='lat'>,</span> 
     </span>
     <span class='ocr_line' id='line_1_38' title="bbox 582 3639 2915 3729; baseline -0 -23"><span class='ocrx_word' id='word_1_335' title='bbox 582 3639 1093 3727; x_wconf 84' lang='lat' dir='ltr'>cujuscumque</span> <span class='ocrx_word' id='word_1_336' title='bbox 1127 3640 1213 3709; x_wconf 90' lang='lat' dir='ltr'>sit</span> <span class='ocrx_word' id='word_1_337' title='bbox 1258 3639 1698 3721; x_wconf 81' lang='lat' dir='ltr'>conditionis,</span> <span class='ocrx_word' id='word_1_338' title='bbox 1737 3640 1819 3709; x_wconf 91' lang='lat' dir='ltr'>ad</span> <span class='ocrx_word' id='word_1_339' title='bbox 1872 3660 2021 3708; x_wconf 88' lang='lat' dir='ltr'>eam</span> <span class='ocrx_word' id='word_1_340' title='bbox 2073 3652 2266 3709; x_wconf 91' lang='lat' dir='ltr'>curet</span> <span class='ocrx_word' id='word_1_341' title='bbox 2302 3639 2837 3729; x_wconf 85' lang='lat' dir='ltr'>provehendum.</span> <span class='ocrx_word' id='word_1_342' title='bbox 2877 3664 2915 3705; x_wconf 62' lang='lat'>³&gt;</span> 
     </span>
    </p>

    <p class='ocr_par' dir='ltr' id='par_1_4' title="bbox 585 3728 3129 4262">
     <span class='ocr_line' id='line_1_39' title="bbox 675 3728 3116 3819; baseline -0.001 -19"><span class='ocrx_word' id='word_1_343' title='bbox 675 3730 712 3815; x_wconf 65' lang='grc' dir='ltr'><strong>ξ</strong></span> <span class='ocrx_word' id='word_1_344' title='bbox 761 3732 906 3800; x_wconf 72' lang='lat'>18.</span> <span class='ocrx_word' id='word_1_345' title='bbox 961 3734 1198 3815; x_wconf 91' lang='lat' dir='ltr'>Itaque</span> <span class='ocrx_word' id='word_1_346' title='bbox 1239 3750 1359 3818; x_wconf 89' lang='lat' dir='ltr'>per</span> <span class='ocrx_word' id='word_1_347' title='bbox 1386 3728 1640 3819; x_wconf 75' lang='lat' dir='ltr'>legatos</span> <span class='ocrx_word' id='word_1_348' title='bbox 1676 3729 1991 3819; x_wconf 87' lang='lat' dir='ltr'>Episcopi</span> <span class='ocrx_word' id='word_1_349' title='bbox 2027 3741 2093 3797; x_wconf 91' lang='lat' dir='ltr'>et</span> <span class='ocrx_word' id='word_1_350' title='bbox 2141 3729 2553 3798; x_wconf 84' lang='lat' dir='ltr'>Marchionis</span> <span class='ocrx_word' id='word_1_351' title='bbox 2580 3729 3116 3819; x_wconf 84' lang='lat' dir='ltr'>suggestionem,</span> 
     </span>
     <span class='ocr_line' id='line_1_40' title="bbox 591 3817 3118 3905; baseline 0 -20"><span class='ocrx_word' id='word_1_352' title='bbox 591 3821 966 3905; x_wconf 85' lang='lat' dir='ltr'>Imperator</span> <span class='ocrx_word' id='word_1_353' title='bbox 996 3819 1167 3886; x_wconf 86' lang='lat' dir='ltr'>Otho</span> <span class='ocrx_word' id='word_1_354' title='bbox 1199 3817 1569 3897; x_wconf 89' lang='lat' dir='ltr'>secundus,</span> <span class='ocrx_word' id='word_1_355' title='bbox 1604 3831 1670 3887; x_wconf 91' lang='lat' dir='ltr'>et</span> <span class='ocrx_word' id='word_1_356' title='bbox 1716 3838 1881 3888; x_wconf 89' lang='lat' dir='ltr'>suae</span> <span class='ocrx_word' id='word_1_357' title='bbox 1913 3831 1978 3886; x_wconf 75' lang='lat' dir='ltr'>et</span> <span class='ocrx_word' id='word_1_358' title='bbox 2025 3817 2364 3887; x_wconf 85' lang='lat' dir='ltr'>Ecclesiae</span> <span class='ocrx_word' id='word_1_359' title='bbox 2393 3818 2683 3886; x_wconf 49' lang='lat' dir='ltr'>utilitati«</span> <span class='ocrx_word' id='word_1_360' title='bbox 2718 3817 3118 3897; x_wconf 69' lang='lat' dir='ltr'>consulem,</span> 
     </span>
     <span class='ocr_line' id='line_1_41' title="bbox 587 3905 3128 3999; baseline 0.002 -30"><span class='ocrx_word' id='word_1_361' title='bbox 587 3905 688 3974; x_wconf 89' lang='lat' dir='ltr'>vel</span> <span class='ocrx_word' id='word_1_362' title='bbox 743 3905 968 3994; x_wconf 87' lang='lat' dir='ltr'>potius</span> <span class='ocrx_word' id='word_1_363' title='bbox 1017 3905 1253 3974; x_wconf 89' lang='lat' dir='ltr'>divino</span> <span class='ocrx_word' id='word_1_364' title='bbox 1302 3919 1653 3994; x_wconf 86' lang='lat' dir='ltr'>permotus</span> <span class='ocrx_word' id='word_1_365' title='bbox 1700 3907 2081 3987; x_wconf 81' lang='lat' dir='ltr'>instinctu,</span> <span class='ocrx_word' id='word_1_366' title='bbox 2141 3905 2701 3993; x_wconf 83' lang='lat' dir='ltr'>quandoquidem</span> <span class='ocrx_word' id='word_1_367' title='bbox 2752 3928 2871 3975; x_wconf 90' lang='lat' dir='ltr'>cor</span> <span class='ocrx_word' id='word_1_368' title='bbox 2921 3905 3128 3999; x_wconf 84' lang='lat' dir='ltr'>Regis</span> 
     </span>
     <span class='ocr_line' id='line_1_42' title="bbox 587 3994 3124 4084; baseline 0.002 -25"><span class='ocrx_word' id='word_1_369' title='bbox 587 3994 655 4060; x_wconf 91' lang='lat' dir='ltr'>in</span> <span class='ocrx_word' id='word_1_370' title='bbox 702 4014 912 4062; x_wconf 88' lang='lat' dir='ltr'>manu</span> <span class='ocrx_word' id='word_1_371' title='bbox 949 3995 1061 4063; x_wconf 80' lang='lat' dir='ltr'>Dei</span> <span class='ocrx_word' id='word_1_372' title='bbox 1101 4007 1223 4074; x_wconf 88' lang='lat' dir='ltr'>est,</span> <span class='ocrx_word' id='word_1_373' title='bbox 1270 4016 1383 4063; x_wconf 90' lang='lat' dir='ltr'>eos</span> <span class='ocrx_word' id='word_1_374' title='bbox 1423 4016 1687 4076; x_wconf 88' lang='lat' dir='ltr'>omnes,</span> <span class='ocrx_word' id='word_1_375' title='bbox 1724 3997 1842 4084; x_wconf 87' lang='lat' dir='ltr'>qui</span> <span class='ocrx_word' id='word_1_376' title='bbox 1901 3995 2383 4084; x_wconf 89' lang='lat' dir='ltr'>Episcopatum</span> <span class='ocrx_word' id='word_1_377' title='bbox 2436 3994 2633 4064; x_wconf 90' lang='lat' dir='ltr'>illum</span> <span class='ocrx_word' id='word_1_378' title='bbox 2674 3995 3124 4073; x_wconf 82' lang='lat' dir='ltr'>ambiebant,</span> 
     </span>
     <span class='ocr_line' id='line_1_43' title="bbox 588 4082 3129 4175; baseline 0 -25"><span class='ocrx_word' id='word_1_379' title='bbox 588 4082 858 4169; x_wconf 83' lang='lat' dir='ltr'>rejecit,</span> <span class='ocrx_word' id='word_1_380' title='bbox 914 4094 1268 4170; x_wconf 88' lang='lat' dir='ltr'>totumque</span> <span class='ocrx_word' id='word_1_381' title='bbox 1317 4105 1388 4154; x_wconf 92' lang='lat' dir='ltr'>se</span> <span class='ocrx_word' id='word_1_382' title='bbox 1435 4083 1522 4153; x_wconf 90' lang='lat' dir='ltr'>ad</span> <span class='ocrx_word' id='word_1_383' title='bbox 1589 4084 2123 4174; x_wconf 88' lang='lat' dir='ltr'>promovendum</span> <span class='ocrx_word' id='word_1_384' title='bbox 2186 4084 2410 4152; x_wconf 90' lang='lat' dir='ltr'>virum</span> <span class='ocrx_word' id='word_1_385' title='bbox 2467 4083 2579 4151; x_wconf 86' lang='lat' dir='ltr'>Dei</span> <span class='ocrx_word' id='word_1_386' title='bbox 2638 4083 3129 4175; x_wconf 85' lang='lat' dir='ltr'>Wolfgangum</span> 
     </span>
     <span class='ocr_line' id='line_1_44' title="bbox 585 4171 3127 4262; baseline 0.002 -25"><span class='ocrx_word' id='word_1_387' title='bbox 585 4171 913 4240; x_wconf 90' lang='lat' dir='ltr'>contulit:</span> <span class='ocrx_word' id='word_1_388' title='bbox 978 4172 1298 4260; x_wconf 91' lang='lat' dir='ltr'>misitque</span> <span class='ocrx_word' id='word_1_389' title='bbox 1359 4172 1614 4243; x_wconf 88' lang='lat' dir='ltr'>celeres</span> <span class='ocrx_word' id='word_1_390' title='bbox 1663 4173 1994 4254; x_wconf 75' lang='lat' dir='ltr'>nunciOS,</span> <span class='ocrx_word' id='word_1_391' title='bbox 2047 4171 2166 4260; x_wconf 91' lang='lat' dir='ltr'>qui</span> <span class='ocrx_word' id='word_1_392' title='bbox 2215 4184 2535 4241; x_wconf 87' lang='lat' dir='ltr'>curarent</span> <span class='ocrx_word' id='word_1_393' title='bbox 2595 4173 3127 4262; x_wconf 88' lang='lat' dir='ltr'>quamprimum</span> 
     </span>
    </p>
   </div>
   <div class='ocr_carea' id='block_1_3' title="bbox 585 4310 3139 4516">
    <p class='ocr_par' dir='ltr' id='par_1_5' title="bbox 585 4310 3139 4516">
     <span class='ocr_line' id='line_1_45' title="bbox 639 4310 3135 4374; baseline 0.004 -23"><span class='ocrx_word' id='word_1_394' title='bbox 639 4310 666 4337; x_wconf 50' lang='grc' dir='ltr'>Φ</span> <span class='ocrx_word' id='word_1_395' title='bbox 686 4311 785 4374; x_wconf 60' lang='grc' dir='ltr'>’ξω</span> <span class='ocrx_word' id='word_1_396' title='bbox 817 4313 989 4364; x_wconf 69' lang='grc' dir='ltr'>Ρῐῖρνίη</span> <span class='ocrx_word' id='word_1_397' title='bbox 1020 4314 1352 4366; x_wconf 77' lang='lat' dir='ltr'>(Peregrinus).</span> <span class='ocrx_word' id='word_1_398' title='bbox 1378 4310 1639 4367; x_wconf 56' lang='lat' dir='ltr'>*Episcopus</span> <span class='ocrx_word' id='word_1_399' title='bbox 1669 4317 1961 4358; x_wconf 64' lang='lat' dir='ltr'>pataviensis</span> <span class='ocrx_word' id='word_1_400' title='bbox 1988 4315 2189 4367; x_wconf 66' lang='grc' dir='ltr'>(Ροεεαιι.</span> <span class='ocrx_word' id='word_1_401' title='bbox 2217 4314 2265 4356; x_wconf 89' lang='lat' dir='ltr'>in</span> <span class='ocrx_word' id='word_1_402' title='bbox 2293 4313 2520 4357; x_wconf 67' lang='lat' dir='ltr'>Dav-riae</span> <span class='ocrx_word' id='word_1_403' title='bbox 2540 4315 2717 4368; x_wconf 70' lang='lat' dir='ltr'>regno),</span> <span class='ocrx_word' id='word_1_404' title='bbox 2738 4317 2883 4358; x_wconf 64' lang='lat' dir='ltr'>verbo</span> <span class='ocrx_word' id='word_1_405' title='bbox 2905 4320 2956 4358; x_wconf 79' lang='lat' dir='ltr'>et</span> <span class='ocrx_word' id='word_1_406' title='bbox 2977 4329 3135 4370; x_wconf 72' lang='lat' dir='ltr'>opere.</span> 
     </span>
     <span class='ocr_line' id='line_1_46' title="bbox 585 4362 3139 4463; baseline 0.002 -56"><span class='ocrx_word' id='word_1_407' title='bbox 585 4362 812 4458; x_wconf 42' lang='grc' dir='ltr'>Ξὲὲειῒιῑιιδο</span> <span class='ocrx_word' id='word_1_408' title='bbox 825 4369 1127 4463; x_wconf 50' lang='grc' dir='ltr'>ρξὲοέἒῗῗᾳυε,</span> <span class='ocrx_word' id='word_1_409' title='bbox 1154 4368 1467 4420; x_wconf 72' lang='lat' dir='ltr'>omnibusque</span> <span class='ocrx_word' id='word_1_410' title='bbox 1497 4370 1693 4410; x_wconf 78' lang='lat' dir='ltr'>demum·</span> <span class='ocrx_word' id='word_1_411' title='bbox 1716 4369 2061 4420; x_wconf 68' lang='lat' dir='ltr'>episcopatibus</span> <span class='ocrx_word' id='word_1_412' title='bbox 2089 4368 2363 4415; x_wconf 73' lang='lat' dir='ltr'>virtutibus,</span> <span class='ocrx_word' id='word_1_413' title='bbox 2392 4380 2505 4419; x_wconf 70' lang='lat' dir='ltr'>prae</span> <span class='ocrx_word' id='word_1_414' title='bbox 2537 4369 2711 4411; x_wconf 76' lang='lat' dir='ltr'>ceteris</span> <span class='ocrx_word' id='word_1_415' title='bbox 2745 4368 2961 4422; x_wconf 65' lang='lat' dir='ltr'>insignis.</span> <span class='ocrx_word' id='word_1_416' title='bbox 3001 4381 3139 4414; x_wconf 73' lang='lat' dir='ltr'>mo</span> 
     </span>
     <span class='ocr_line' id='line_1_47' title="bbox 638 4471 1063 4516; baseline 0.014 -6"><span class='ocrx_word' id='word_1_417' title='bbox 638 4471 688 4498; x_wconf 54' lang='grc' dir='ltr'>’Φ</span> <span class='ocrx_word' id='word_1_418' title='bbox 718 4472 773 4511; x_wconf 78' lang='lat' dir='ltr'>Iu</span> <span class='ocrx_word' id='word_1_419' title='bbox 793 4473 824 4510; x_wconf 85' lang='lat'>1.</span> <span class='ocrx_word' id='word_1_420' title='bbox 848 4473 982 4514; x_wconf 58' lang='lat' dir='ltr'>loon.</span> <span class='ocrx_word' id='word_1_421' title='bbox 1004 4485 1063 4516; x_wconf 71' lang='lat' dir='ltr'>tv.</span> 
     </span>
    </p>
   </div>
  </div>
 </body>
</html>
