3347 4999
673 307 802 371 360
2817 303 2992 370 OCT.
3067 306 3095 368 t
3116 305 3170 370 3

1532 548 2187 630 MARTYRIUM

858 781 997 879 SS.
1068 778 1462 892 FAUSTt,
1532 777 2024 880 JANUARtt
2101 775 2220 877 ET
2294 775 2847 878 MARTIALtS

1303 1030 1587 1079 :werona
1634 1030 1817 1078 LUC10
1862 1028 2144 1078 nauseo
2194 1030 2411 1078 smum

944 1152 1132 1201 neoto
1171 1149 1423 1201 msron.
1479 1135 1571 1200 De
1616 1131 1811 1199 rebus
1851 1130 2243 1220 Hispaniae,
2299 1150 2480 1198 uano
2519 1150 2774 1207 omaro.

770 1361 1104 1428 martyrio
1148 1360 1476 1431 coronati,
1524 1361 1832 1418 verosim.
1880 1363 2040 1417 ante
2082 1370 2334 1416 annum
2373 1362 2488 1416 312
2519 1390 2594 1400 -
2631 1358 2943 1428 Hispani.

672 1545 708 1630 ξ
755 1548 831 1615 1.
869 1542 1044 1611 Olim
1080 1565 1238 1612 cum
1280 1564 1554 1632 praeses
1602 1541 1951 1631 Eugenius
2002 1540 2388 1611 Cordubam
2424 1541 2458 1574 ”³
2491 1540 2810 1621 venisset,
2848 1540 2911 1609 ei
2965 1545 3147 1610 Fau·

581 1643 755 1712 stne,
789 1631 1165 1702 Januarius
1197 1636 1261 1700 et
1295 1630 1620 1699 Martialis
1669 1644 2120 1700 occurrerunt
2158 1630 2495 1699 dicentes:
2544 1651 2579 1694 «
2617 1629 2793 1711 Quid
2838 1628 2965 1699 tibi
3003 1630 3138 1707 vis,

582 1721 867 1812 Eugeni,
941 1720 1059 1807 qui
1136 1720 1247 1789 Dei
1316 1719 1527 1789 servis
1605 1719 1821 1789 mavis
1877 1718 2182 1787 invidere
2230 1740 2438 1805 quam
2490 1718 2817 1788 credere?
2853 1742 2888 1784 »
2941 1723 3142 1788 Tunc

582 1809 956 1901 Eugenius,
1013 1809 1112 1878 ira
1178 1809 1498 1895 percituS,
1564 1807 1767 1877 dixit:
1823 1831 1858 1875 «
1902 1812 1951 1877 Ο
2014 1807 2320 1877 infelices
2386 1807 2723 1887 homineS,
2777 1807 2946 1894 quid
3009 1830 3140 1879 vos

580 1920 732 1968 esse
764 1897 1019 1968 vultis?
1054 1921 1089 1962 »
1144 1902 1431 1965 Faustus
1484 1896 1875 1985 respondit:
1930 1921 1965 1962 «
2009 1901 2138 1967 Nos
2188 1895 2556 1965 Christiani
2607 1917 2876 1976 sumus,
2931 1896 3142 1965 Chri-

582 1999 764 2056 stum
814 1986 1139 2064 fatenteS,
1193 1986 1312 2072 qui
1382 1985 1712 2056 Dominus
1774 2008 1958 2054 unus
2009 1998 2128 2057 est.
2185 2007 2306 2074 per
2353 2006 2556 2070 quem
2609 1985 2843 2052 omnia
2891 1998 2959 2053 et
3009 2006 3145 2055 nos

586 2097 704 2165 per
750 2075 978 2162 ipsum
1022 2073 1180 2142 facti
1233 2096 1500 2143 sumus.
1544 2098 1579 2139 »
1630 2074 1980 2161 Eugenius
2013 2073 2223 2143 dixit:
2279 2096 2314 2138 «
2362 2073 2552 2142 Unde
2584 2072 2777 2141 vobis
2823 2086 2924 2143 est
2962 2072 3142 2142 haec

580 2177 717 2233 tam
784 2162 1138 2251 desperata
1196 2163 1528 2232 societas?
1579 2186 1613 2228 »
1693 2167 1984 2232 Faustus
2040 2161 2429 2251 respondit:
2505 2185 2540 2227 «
2603 2162 2994 2251 Desperatio
3061 2163 3141 2230 in

583 2251 783 2321 nobis
856 2272 989 2318 non
1060 2263 1196 2332 est,
1271 2252 1402 2320 nisi
1477 2252 1545 2320 in
1600 2264 1657 2320 te
1708 2250 1875 2332 solo,
1931 2251 2050 2338 qui
2121 2273 2243 2319 nos
2308 2255 2520 2319 Deum
2572 2271 2823 2340 negare
2873 2250 3144 2319 frustra

583 2338 965 2425 compellis.
1016 2362 1049 2406 »

668 2429 705 2514 ἓ
756 2432 843 2498 ².
898 2432 1037 2497 Hoc
1075 2450 1231 2498 cum
1262 2428 1543 2498 dixisset
1592 2434 1906 2511 Faustus,
1942 2428 2161 2517 magis
2193 2428 2410 2497 iratus
2459 2432 2766 2497 Praeses:
2823 2450 2860 2493 «
2894 2432 3143 2516 Impo-

584 2517 746 2596 nite,
772 2517 963 2598 dixit,
987 2522 1309 2588 Faustum
1340 2520 1406 2587 in
1430 2517 1690 2598 eculeo,
1721 2519 1838 2605 qui
1866 2533 2001 2588 tam
2023 2519 2469 2587 irreverenter
2494 2518 2660 2586 mihi
2683 2516 3062 2607 respondit.
3102 2541 3143 2583 »

588 2611 774 2675 Tunc
822 2608 1199 2676 Januarius
1267 2612 1509 2677 Fausto
1570 2607 1764 2676 dixit:
1820 2630 1855 2674 «
1889 2612 1939 2677 Ο
1987 2607 2367 2687 carissime,
2440 2619 2516 2676 tu
2585 2629 2706 2696 pro
2754 2604 2951 2674 nobis
3005 2604 3146 2675 hoc

589 2695 866 2782 pateriS‚
890 2696 1008 2782 qui
1032 2695 1290 2765 meritis
1321 2709 1750 2785 peccatorum
1799 2708 2188 2765 nostrorum
2217 2706 2277 2762 te
2299 2696 2560 2765 socium
2590 2717 2738 2765 esse
2757 2693 3062 2763 voluisti.
3103 2718 3146 2761 »ι

585 2784 703 2852 Cui
737 2788 1029 2854 Faustus
1070 2785 1461 2874 respondit:
1516 2807 1551 2850 «
1588 2785 1886 2853 Societas
1926 2796 2180 2864 nostra,
2215 2783 2524 2862 Januari,
2562 2783 2817 2852 mansit
2847 2782 2918 2850 in
2951 2795 3146 2852 terra

582 2894 874 2960 semper,
906 2887 971 2942 et
999 2873 1064 2941 in
1089 2885 1493 2962 perpetuum
1519 2872 1823 2941 manebit
1853 2872 1917 2940 in
1953 2872 2162 2941 caelo.
2199 2896 2235 2939 »
2270 2877 2412 2941 Hoc
2459 2893 2618 2941 cum
2655 2871 2962 2941 audisset
2993 2876 3138 2939 Eu-

581 2961 851 3050 genius,
877 2962 1262 3030 admiratus
1288 2961 1480 3030 dixit:
1521 2983 1557 3026 «
1590 2964 1775 3042 Quae
1807 2973 1907 3030 est
1934 2961 2061 3030 ista
2113 2982 2298 3031 nunc
2324 2960 2648 3030 allocutio
2671 2972 2914 3040 vestra,
2938 2960 3132 3046 quod

583 3063 719 3119 tam
753 3050 842 3117 im
903 3050 963 3118 ie
988 3049 1299 3120 voluistis
1327 3049 1737 3150 respondere
1766 3049 1969 3118 mihi?
1997 3073 2032 3116 »
2057 3048 2434 3119 :Ianuarius
2461 3048 2630 3117 dixit
2650 3072 2712 3116 :«
2738 3049 2939 3118 Nobis
2970 3070 3150 3117 con-

580 3136 783 3208 sessio
811 3072 1080 3216 Cliristi,
1114 3151 1177 3208 et
1211 3138 1394 3206 nulla
1436 3137 1755 3227 impietas
1786 3149 1909 3207 est.
1943 3163 1970 3203 ι
2002 3143 2191 3207 Tunc
2225 3138 2596 3228 EugeniuS,
2634 3137 2717 3207 ad
2752 3136 3140 3207 Martialem

581 3247 976 3306 conversus,
1030 3226 1223 3295 dixit:
1278 3225 1521 3297 «Vides
1556 3227 1842 3296 istorum
1879 3227 2091 3295 animi
2144 3227 2585 3308 dementiam,
2632 3248 2767 3313 qua
2802 3239 2865 3296 te
2904 3226 2966 3294 in
3009 3247 3143 3294 so-

581 3313 889 3383 cietatem
941 3336 1138 3383 suam
1189 3327 1708 3385 contraxerunt:
1766 3315 1904 3385 noli
1942 3315 2271 3386 maleficis
2304 3316 2535 3385 istiset
2585 3316 2820 3406 impiis
2869 3328 2928 3384 te
2969 3335 3139 3382 cre-

581 3401 763 3472 dere.
804 3425 839 3466 »
869 3403 988 3474 Cui
1020 3403 1346 3472 Martialis
1370 3403 1561 3473 dixit:
1599 3427 1634 3469 «
1662 3403 1861 3473 Solus
1904 3410 2077 3474 Deus
2112 3403 2524 3474 immortalis
2553 3417 2678 3483 est,
2709 3405 2828 3489 qui
2856 3401 3134 3473 coelum

583 3491 740 3560 fecit
787 3502 852 3559 et
902 3505 1174 3572 terram,
1231 3492 1377 3582 ipse
1427 3515 1547 3582 pro
1597 3493 1734 3562 tuis
1787 3493 1988 3561 malis
2037 3492 2363 3582 operibus
2415 3506 2474 3560 te
2517 3493 2778 3581 puniet.
2832 3517 2855 3552 ι

671 3581 822 3666 §a
849 3578 1033 3657 Quod
1058 3579 1350 3650 audiens
1377 3581 1752 3671 Eugenius:
1789 3586 1920 3650 «Et
1947 3582 2080 3661 hic,
2116 3582 2361 3668 inquit,
2399 3594 2698 3670 ponatur
2722 3582 2789 3650 in
2817 3575 3140 3650 eculeo.»

582 3667 775 3749 Quod
811 3690 967 3737 cum
1006 3668 1152 3737 fieri
1187 3669 1467 3739 vidisset
1523 3668 1885 3738 Martialis:
1942 3693 1977 3736 «
2017 3673 2068 3739 Ο
2117 3670 2336 3751 beata,
2391 3669 2583 3751 dixit,
2637 3667 3137 3738 immortalitas

581 3754 838 3845 gloriae
866 3758 1136 3838 Christi,
1192 3780 1329 3845 qua
1364 3779 1490 3827 nos
1522 3758 1645 3827 tibi
1676 3757 1880 3828 frater
1921 3762 2164 3827 Fauste
2192 3758 2488 3828 sociasti.
2532 3781 2565 3825 »
2593 3763 2760 3826 Turn
2790 3757 2960 3826 dixit
2994 3760 3141 3825 Eu-

580 3846 830 3934 genius
862 3845 1276 3917 satellitibus
1298 3847 1468 3916 suis:
1498 3870 1523 3908 «
1546 3851 1877 3933 'torquete
1895 3869 2010 3917 eos
2033 3847 2249 3916 donec
2269 3846 2554 3916 adorent
2586 3847 2749 3916 deos
2775 3860 3062 3915 nostros.
3095 3869 3140 3910 »

582 3938 874 4005 Faustus
907 3948 1133 4005 autem
1179 3935 1343 4005 dum
1385 3948 1854 4022 torqueretur:
1909 3959 1945 4001 «
1985 3934 2272 4004 Difficile
2317 3947 2459 4014 est,
2530 3936 2788 4021 inquit,
2852 3934 3008 4013 tibi,
3061 3947 3143 4003 et.

578 4024 757 4113 patri
811 4037 946 4104 tuo,
1000 4025 1119 4111 qui
1170 4021 1490 4095 diabolus
1539 4036 1662 4103 est,
1721 4046 1845 4094 nos
1894 4046 1932 4093 a
1986 4025 2287 4114 paternis
2337 4024 2630 4113 legibuS,
2686 4022 2769 4092 ad
2823 4021 3139 4092 mortali-

579 4121 785 4180 tatem
823 4125 1006 4181 tuam
1042 4126 1456 4182 convertere.
1499 4137 1535 4180 »
1570 4118 1853 4202 Propter
1893 4113 2075 4199 quod
2114 4113 2465 4203 Eugenius
2509 4112 2714 4181 dixit:
2771 4134 2806 4177 «
2842 4111 3140 4180 Abscin-

580 4199 840 4269 dantur
908 4202 967 4271 ei
1022 4224 1220 4272 nares
1280 4215 1345 4271 et
1402 4201 1794 4282 auriculae,
1868 4201 2240 4293 supercilia
2318 4202 2688 4282 radantur,
2754 4199 3145 4286 dentesque

626 4364 651 4390 *
672 4359 833 4402 Italica
852 4364 1063 4410 Coraova,
1081 4364 1194 4403 urbs
1215 4362 1469 4413 episcopali
1492 4365 1603 4404 sede
1624 4365 1862 4408 exornato.
1880 4367 2020 4414 atque
2041 4364 2225 4411 horum,
2245 4365 2292 4405 et
2316 4362 2514 4405 aliorum
2533 4364 2847 4414 plurimorum
2866 4361 3146 4411 Martyrum

570 4417 668 4466 qui.
688 4417 850 4457 seculo
871 4427 996 4458 nono
1021 4427 1047 4457 ι
1067 4418 1244 4458 Mauris
1264 4419 1418 4458 necati
1436 4421 1564 4464 aunt,
1584 4416 1814 4467 unguine
1834 4419 2093 4459 illustrata.
