3347 4999
198 314 406 381 OCT.
460 315 500 378 9
911 329 991 378 nt:
1043 332 1097 378 s.
1151 332 1462 380 annovico
1512 330 1881 381 unewanno
1929 333 2112 383 comt.
2569 320 2697 385 299

197 429 290 486 ut
361 415 792 506 plurimum,
845 416 1174 486 violenter
1222 440 1261 486 a
1362 417 1675 486 raefectis
1736 417 2153 504 quibusdam
2211 419 2417 489 etiam
2487 420 2786 490 vulneri-

197 506 359 577 bus
426 516 490 573 et
539 504 746 574 caede
795 504 945 573 Indi
997 441 1591 595 opprimebantur,
1645 506 2034 575 obedientia
2090 507 2384 589 obtenta,
2423 508 2491 577 in
2538 510 2787 600 Hispa-

196 594 379 663 nias
455 594 694 673 rediit;
771 615 1070 680 cumque
1141 595 1210 662 in
1273 596 1446 663 mari
1514 596 1708 663 navis
1782 594 2335 684 periclitaretur,
2414 612 2696 687 rogatus
2745 621 2786 669 a

197 683 717 771 navigantibus
748 737 780 765 ,,
819 695 1158 753 tumentes
1223 683 1451 752 undas
1513 683 1781 753 tamdiu
1828 705 2033 752 cruce
2089 682 2437 772 signavit,
2507 686 2724 757 donec
2762 742 2779 770 ‚

197 774 461 862 optata
509 770 1006 858 tranquillitate
1056 770 1344 853 reddita,
1386 794 1628 842 omnes
1659 773 1744 841 ad
1783 784 2054 872 portum
2089 772 2357 861 Hispali
2393 773 2781 847 incolumes

196 874 710 951 pervenerunt.
764 864 840 929 In
892 871 1233 930 conventu
1289 865 1353 930 S.
1407 861 1801 950 Honuphrii
1852 873 2001 950 post
2050 860 2346 930 reditum
2397 861 2484 930 ab
2535 862 2730 932 Indis
2761 917 2776 944 ,

198 972 291 1019 ex
346 949 746 1019 obedientia
841 949 1105 1030 raefuit,
1161 970 1366 1035 quem
1417 971 1571 1019 aere
1618 948 1844 1019 alieno
1893 961 2250 1049 gravatum
2302 960 2368 1019 et
2416 950 2653 1038 inopia
2702 973 2785 1022 ex

196 1060 570 1109 annorum
623 1038 783 1106 steri
817 1037 975 1107 itate
1023 1038 1171 1107 orta
1219 1038 1641 1108 laborantem
1696 1038 1977 1119 invenit,
2031 1050 2096 1106 et
2143 1038 2472 1109 omnibus
2508 1039 2780 1110 satisfa-

197 1128 441 1205 ciens,
498 1126 837 1215 religiosis
888 1148 1244 1214 nunquam
1297 1128 1364 1195 in
1417 1126 1651 1215 aliquo
1681 1149 1759 1196 ex
1792 1127 2143 1196 consuetis
2192 1126 2430 1211 defuit.
2487 1129 2664 1210 Quin
2717 1140 2784 1198 et

199 1216 555 1307 plurimis
586 1215 821 1305 egenis
853 1215 1504 1302 miserabilibusque
1534 1216 1845 1304 personis
1876 1215 2068 1305 large
2104 1214 2580 1305 eleemosynas
2612 1239 2785 1308 sup-

200 1305 580 1396 peditam,
634 1303 1050 1391 quandoque
1082 1304 1287 1373 etiam
1327 1309 1455 1373 Deo
1499 1303 1773 1374 illorum
1829 1304 2267 1374 necessitates
2309 1304 2674 1386 revelante,
2713 1318 2782 1376 et

199 1392 643 1465 mirabiliter
673 1393 735 1462 ei
788 1394 1117 1482 pecunias
1166 1393 1619 1462 ministrante.
1676 1393 1849 1476 Quin
1909 1405 1975 1461 et
2018 1392 2099 1461 in
2153 1376 2468 1463 aedificio
2517 1394 2598 1463 ad
2658 1395 2781 1463 ho-

198 1504 465 1552 norem
526 1486 590 1551 S.
646 1482 880 1552 Crucis
927 1494 1319 1552 constructo
1364 1481 1661 1552 ostendit
1712 1494 1984 1571 regente
2044 1481 2331 1552 Domino
2372 1484 2587 1552 servis
2625 1484 2776 1573 ejus

199 1571 398 1643 nihil
456 1570 716 1641 deesse.
775 1575 847 1639 [n
883 1570 1210 1640 coenobio
1243 1570 1587 1640 Valentiae
1637 1566 2072 1659 superiorum
2114 1570 2346 1659 jussu,
2396 1569 2552 1641 licet
2600 1571 2781 1640 invi-

198 1673 354 1738 tuS,
420 1659 612 1749 prior
642 1659 1080 1737 constitutuS,
1138 1659 1203 1726 in
1247 1659 1420 1729 cella
1471 1659 1691 1730 sancti
1739 1659 2076 1728 vincentii
2126 1660 2413 1728 Ferrerii
2471 1660 2778 1750 regimen

202 1750 452 1819 eidem
510 1754 754 1817 Sancto
803 1747 1324 1827 commendans,
1379 1748 1464 1816 ab
1514 1747 1819 1838 imagine
1866 1748 2113 1837 ipsiuS,
2168 1770 2397 1817 coram
2450 1770 2584 1834 qua
2625 1771 2781 1838 pro-

200 1851 484 1909 stratus
532 1837 822 1915 orabat,
878 1857 948 1905 se
998 1836 1419 1917 inclinante,
1492 1838 1743 1906 meruit
1804 1835 2127 1925 amplexu
2191 1836 2514 1906 honorari
2580 1852 2783 1923 atque

200 1925 500 1997 elevari.
559 1925 1145 2006 MortificationeS,
1213 1938 1533 1994 cruentas
1582 1925 2026 2015 disciplinas,
2081 1925 2535 2012 frequentiam
2587 1927 2780 1995 chori
2887 1982 2900 1995 .

203 2029 275 2085 et
331 2036 688 2085 summam
744 2015 1255 2093 abstinentiam,
1308 2014 1562 2100 quibus
1611 2035 1683 2083 se
1716 2014 2092 2094 exercebat,
2136 2036 2258 2083 nec
2298 2014 2775 2083 concionando

202 2126 342 2173 nec
417 2102 716 2191 regendo
772 2102 1056 2172 dimisit.
1113 2108 1193 2172 Ut
1241 2103 1627 2172 studiorum
1680 2117 1929 2173 cursus
1995 2115 2225 2173 exacte
2286 2104 2779 2194 perficerentur

206 2205 546 2262 accurate
582 2191 985 2281 invigilavit,
1034 2191 1324 2281 cupiens
1374 2213 1534 2263 suos
1584 2191 1899 2261 subditos
1946 2213 2219 2281 semper
2259 2192 2327 2259 in
2367 2191 2623 2261 sanctis
2662 2206 2780 2261 aut

206 2280 518 2351 eruditis
565 2280 904 2349 exercitiis
951 2294 1345 2369 occupatos,
1398 2302 1693 2366 quorum
1729 2303 1766 2348 e
1814 2280 2115 2350 claustro
2164 2280 2447 2358 exitum,
2491 2281 2622 2350 nisi
2659 2303 2777 2351 ur-

207 2382 430 2460 gente
467 2369 888 2448 necessitate,
935 2389 1069 2436 non
1110 2369 1440 2457 permisit.
1496 2369 1681 2439 Ostio
1729 2370 1837 2439 sui
1878 2368 2180 2438 cubiculi
2223 2371 2493 2459 magnis
2533 2369 2778 2438 chara-

207 2456 532 2528 cteribus
581 2457 868 2527 inscribi
919 2457 1179 2528 voluit:
1232 2459 1311 2527 Si
1355 2458 1732 2528 hominibus
1780 2490 1785 2499 ·
1828 2462 2137 2540 lacerem,
2189 2481 2421 2529 servus
2476 2461 2610 2529 Dei
2650 2482 2776 2529 non

209 2568 435 2618 essem
469 2546 653 2635 (Gal.
698 2569 744 2626 1,
786 2546 920 2636 (10).
959 2551 1058 2614 Ita
1097 2546 1424 2617 omnibus
1470 2549 1706 2616 omnia
1779 2561 1972 2617 actus
2018 2560 2186 2628 erat,
2245 2560 2319 2616 ut
2367 2548 2655 2634 quilibet
2706 2550 2776 2618 in

208 2657 296 2704 eo
355 2634 716 2724 prudentis
782 2634 1067 2703 consilia
1103 2689 1119 2716 ,
1171 2635 1398 2704 fratris
1465 2634 1999 2706 familiaritatem
2038 2691 2053 2717 ,
2111 2636 2323 2727 patris
2388 2637 2779 2726 benignita-

208 2739 401 2803 tem,
460 2723 585 2792 viri
634 2723 852 2795 sancti
905 2722 1384 2813 perfectionem
1435 2737 1500 2794 et
1545 2726 1860 2797 omnium
1913 2725 2243 2796 virtutum
2278 2723 2771 2815 compendium

211 2812 590 2883 invenerit.

305 2904 345 2988 ξ
398 2904 549 2973 16.
604 2901 894 2990 Contigit
939 2900 1004 2969 ei
1054 2900 1146 2969 ibi
1197 2900 1425 2971 videre
1474 2903 1779 2971 animam
1833 2901 2194 2990 cujusdam
2248 2900 2356 2969 sui
2406 2899 2570 2968 olim
2622 2921 2778 2989 poe-

209 2991 507 3060 nitentis
564 2990 728 3079 (qui
776 2989 1094 3059 eumdem
1147 2995 1425 3060 Beatum
1479 2991 1684 3061 verbo
1731 2989 2066 3077 laeserat)
2119 3001 2500 3067 testantem,
2557 2993 2770 3057 Deum

211 3078 406 3149 nolle
455 3101 604 3148 eam
657 3079 742 3148 ad
792 3078 1080 3169 gloriam
1131 3078 1514 3158 admittere,
1572 3079 1703 3148 nisi
1752 3078 2031 3167 culpam
2081 3076 2233 3167 ipso
2282 3076 2667 3146 dimittente
2707 3090 2772 3146 et

210 3190 345 3258 pro
396 3169 479 3235 ea
525 3167 955 3248 celebrante3
1008 3189 1145 3254 quo
1195 3167 1393 3248 facto,
1452 3168 1760 3254 sequenti
1798 3177 1993 3236 nocte
2025 3165 2215 3235 illam
2256 3165 2323 3234 in
2364 3170 2768 3235 Sanctorum

213 3256 448 3347 gloria
495 3256 870 3346 conspexit.
940 3255 1102 3325 Aliis
1149 3256 1351 3324 etiam
1418 3255 1774 3325 beatorum
1842 3255 1909 3323 in
1975 3257 2248 3324 aeterna
2305 3253 2623 3323 felicitate
2675 3276 2776 3323 re-

213 3344 586 3435 gnantium
620 3358 684 3412 et
718 3344 1010 3414 maxime
1041 3356 1435 3416 sanctorum
1470 3345 1576 3413 sui
1623 3343 2051 3433 patriarchae
2088 3343 2423 3415 Dominici
2465 3357 2530 3414 et
2559 3349 2770 3412 Fran-

214 3433 386 3502 cisci
427 3488 441 3513 ‚
495 3430 661 3518 quin
712 3444 775 3501 et
828 3433 1047 3522 ipsius
1107 3433 1354 3502 Christi
1423 3432 1692 3503 Domini
1753 3431 2133 3502 visionibus
2189 3445 2536 3503 recreatus
2585 3432 2715 3501 fuit
2753 3485 2768 3512 ,

213 3521 495 3608 sibique
542 3521 776 3590 omnia
822 3544 945 3590 sua
982 3535 1254 3611 peccata
1301 3521 1589 3592 dimissa
1640 3519 1853 3591 fuisse
1891 3520 2177 3592 audivit.
2234 3521 2501 3591 Saetabi
2535 3521 2774 3610 (vulgo

212 3611 487 3691 Xativa)
516 3632 553 3676 a
586 3609 1006 3698 primoribus
1035 3610 1328 3681 civitatis
1378 3630 1452 3678 ro
1502 3622 1656 3680 atus
1698 3631 1822 3697 pro
1861 3610 2314 3679 concionibus
2355 3610 2423 3678 in
2464 3610 2775 3700 proxima

216 3697 765 3787 Quadragesima
823 3698 1008 3788 apud
1065 3721 1181 3770 eos
1230 3632 1612 3775 habengis,
1658 3697 1817 3769 licet
1878 3699 2207 3790 gravibus
2256 3698 2775 3769 infirmitatibus

214 3807 539 3873 pressum
590 3797 652 3854 et
704 3787 1108 3856 naturaliter
1158 3787 1598 3876 impotentem
1653 3809 1726 3856 se
1773 3799 2195 3877 agnosceret,
2250 3809 2290 3856 a
2341 3791 2472 3855 Deo
2505 3800 2570 3856 et
2604 3786 2774 3856 velle

214 3887 280 3945 et
329 3897 616 3944 cursum
672 3874 1013 3963 integrum
1065 3873 1774 3964 quadragesimalium
1827 3876 2241 3947 concionum
2296 3875 2622 3976 perficere
2652 3875 2774 3944 ob·

217 3962 451 4034 tinuit.
508 3962 959 4034 Gubernatori
1010 3963 1399 4041 Valentiae‚
1452 3965 1709 4034 ,Iacobo
1762 3965 2061 4034 Feri-erio
2095 4018 2114 4045 ‚
2174 3963 2451 4034 indictis
2497 3964 2557 4033 ei
2618 3965 2774 4050 qui-

219 4047 517 4120 busdam
574 4052 918 4142 precibuS,
973 4052 1500 4140 scripturarum,
1554 4052 1639 4121 de
1687 4075 1983 4139 quarum
2044 4052 2416 4124 amissione
2464 4074 2776 4123 summo-

219 4158 383 4224 pere
432 4140 726 4220 dolebat,
768 4140 1352 4230 recuperationem
1392 4140 1726 4211 divinitus
1764 4141 2172 4230 impetravit.

265 4228 347 4323 ,ξ
398 4232 523 4300 n.
583 4234 624 4299 S
682 4230 846 4301 iritu
894 4229 1096 4299 etiam
1153 4228 1551 4319 prophetico
1607 4230 1699 4298 ita
1749 4228 2037 4299 mirifice
2086 4229 2337 4300 claruit
2377 4242 2449 4300 ut
2498 4231 2564 4300 in
2620 4229 2773 4320 plu-

224 4332 436 4409 rimas
469 4339 573 4386 res
654 4334 916 4398 uturas,
973 4340 1131 4386 cum
1184 4329 1247 4387 et
1298 4317 1801 4407 spiritualibus,
1857 4330 2000 4387 tum
2053 4319 2259 4388 etiam
2310 4318 2378 4388 in
2433 4332 2774 4408 tempora-

227 4397 409 4473 libus
443 4458 458 4484 ,
513 4420 648 4478 tam
700 4408 877 4478 circa
933 4406 1360 4480 valetudines
1408 4420 1472 4478 et
1523 4407 1821 4488 morte'S,
1875 4429 2083 4494 quam
2135 4408 2320 4477 circa
2376 4409 2771 4476 animarum
