3347 4999
2912 109 2934 138 N

637 304 766 367 216
1051 319 1129 365 nu
1177 319 1234 365 s.
1287 316 1578 364 ammona
1625 315 2132 366 CAnrathlAlvon.
2187 314 2586 366 rArarAnan
2822 301 2994 370 OCT.
3050 304 3091 367 6

546 410 690 488 Lot,
747 404 864 474 ubi
906 403 1223 493 respexit,
1279 401 1377 471 ibi
1424 402 1836 483 constitisse,
1889 415 1954 472 et
2002 403 2070 472 in
2125 402 2290 474 salis
2339 415 2636 472 statuam
2694 424 3096 474 conversam

548 517 720 574 esse,
776 506 851 563 ut
898 515 1024 562 suo
1074 491 1446 581 prudentes
1493 491 1804 560 condiret
1843 491 2178 579 exemplo,
2222 515 2257 558 »

637 587 673 670 ἓ
720 589 852 655 ss.
907 587 1085 650 Haec
1117 594 1181 649 et
1224 579 1547 668 pleraque
1595 578 1730 649 alia
1778 602 1935 649 cum
1988 579 2271 652 dixisset
2319 580 2434 650 ille
2482 580 2922 651 beatissimus
2968 604 3098 651 an-

551 672 787 753 tistes,
843 681 1123 741 sanctus
1190 674 1417 738 Bruno
1480 668 1884 759 respondit:
1953 693 1989 736 «
2035 674 2289 738 Revera
2350 669 2676 739 terribilis
2732 682 2833 738 est
2895 669 3096 740 locus

550 762 697 841 iste,
754 758 1318 829 reverendissime
1366 763 1583 836 Pater,
1638 769 1704 827 et
1754 770 1980 846 posset
2029 780 2154 829 sua
2206 759 2333 828 ista
2368 758 2796 828 immanitate
2834 760 3094 830 abster-

549 872 696 919 rere
718 871 868 929 noS,
901 849 952 917 si
983 870 1104 918 nos
1134 848 1270 915 huc
1296 845 1431 915 alio
1465 846 1736 915 animos
1766 847 2321 928 accessissemus,
2353 870 2560 935 quam
2598 860 2673 916 ut
2707 847 2864 917 talis
2897 849 3096 918 nobis

549 938 748 1007 detur
796 937 1014 1017 locuS,
1067 936 1299 1006 omnia
1359 935 1605 1003 Christi
1655 957 1889 1005 amore
1939 935 2237 1026 perferre
2292 959 2380 1006 cu
2436 936 2758 1006 ientibus.
2812 942 2890 1006 Et
2942 937 3097 1008 licet

548 1027 829 1118 fragiles
871 1048 994 1094 nos
1033 1025 1253 1094 simus
1300 1036 1365 1092 et
1412 1024 1671 1092 infirmi
1725 1046 1912 1102 sane,
1967 1036 2034 1093 at
2081 1036 2307 1094 tamen
2412 1025 2592 1094 ivina
2641 1024 2790 1108 freti
2832 1025 3097 1096 miseri-

547 1117 807 1195 cordia,
852 1137 987 1202 qua
1030 1136 1155 1182 nos
1206 1113 1514 1193 nitimur,
1554 1125 1618 1182 et
1670 1135 1802 1181 non
1843 1112 2104 1183 viribus
2144 1113 2416 1195 nostris,
2460 1113 2662 1205 plane
2704 1114 2902 1183 nobis
2945 1136 3094 1202 per-

551 1206 950 1283 suademus,
995 1204 1114 1289 qui
1153 1202 1351 1271 nobis
1380 1200 1715 1290 praestitit
1742 1202 1877 1271 huc
1906 1202 2222 1272 veniendi
2257 1203 2571 1272 animum
2606 1216 2670 1272 et
2704 1215 3094 1293 promptam

550 1294 995 1372 voluntatem,
1031 1314 1189 1360 eum
1223 1313 1494 1378 quoque
1523 1291 2005 1380 perseverandi
2034 1291 2356 1360 daturum
2392 1291 2810 1361 facultatem.
2839 1297 3097 1375 Quam-

550 1384 782 1453 obrem
820 1380 1177 1451 humiliter
1223 1393 1287 1449 et
1334 1380 1583 1450 obnixe
1615 1401 2002 1468 precamur,
2043 1402 2127 1450 ne
2177 1393 2484 1449 nostrum
2523 1380 2798 1449 differas
2830 1379 3097 1450 deside-

551 1473 757 1551 rium,
815 1492 1034 1556 neque
1076 1491 1200 1539 nos
1236 1470 1303 1536 in
1344 1469 1468 1537 bac
1507 1468 1829 1558 petitione
1865 1482 2096 1538 nostra
2131 1469 2415 1558 patiaris
2446 1468 2617 1539 serre
2653 1469 3022 1569 repulsam.
3055 1491 3092 1535 »

552 1566 847 1631 Cernens
898 1581 1052 1628 vero
1114 1560 1353 1627 beatus
1413 1558 1696 1627 antistes
1751 1579 1988 1628 eorum
2055 1559 2509 1628 constantiam
2549 1613 2564 1638 ,
2617 1570 2681 1627 et
2729 1569 3094 1627 1mmotum

549 1647 1027 1740 perseverandi
1082 1648 1534 1736 propositum,
1583 1646 1672 1715 ita
1705 1647 1799 1715 ait
1837 1646 1922 1716 ad
1963 1669 2115 1717 eos:
2169 1671 2206 1713 «
2236 1647 2568 1734 Equidem
2603 1659 2920 1716 sanctum
2957 1646 3090 1716 hoc

549 1738 971 1807 desiderium
1023 1749 1348 1813 vestrum,
1387 1735 1842 1816 dilectissimi,
1898 1747 1962 1803 et
2012 1736 2226 1826 probo
2277 1735 2493 1816 valde,
2549 1748 2613 1805 et
2655 1756 3096 1824 summopere

549 1826 897 1916 complere
936 1837 1206 1915 appet0,
1258 1838 1322 1893 et
1360 1824 1702 1912 jamnunc
1749 1824 1834 1893 ad
1887 1824 2116 1893 locum
2166 1836 2474 1913 optatum
2510 1838 2574 1893 et
2605 1836 2955 1894 ostensum
2991 1823 3094 1892 di-

548 1917 806 1986 vinitus
840 1938 955 1985 vos
992 1913 1389 2003 perducam.
1431 1935 1465 1978 »
1509 1912 1838 1998 Deditque
1868 1914 1968 1982 eis
1997 1915 2302 1982 eremum
2350 1913 2767 1995 carthusiae,
2806 1925 2869 1981 et
2900 1913 3097 1999 quic-

548 2005 712 2092 quid
775 2004 841 2071 in
894 2024 971 2071 ea
1024 2002 1208 2090 juris
1255 2014 1320 2069 et
1379 2001 1669 2070 actionis
1729 2001 2033 2072 haberet.
2099 2002 2416 2071 Promisit
2462 2001 2668 2071 etiam
2706 2056 2720 2083 ,
2788 2023 2859 2070 se
2908 2000 3094 2070 idem

547 2096 1071 2180 impetraturum
1123 2091 1209 2158 ab
1257 2089 1436 2171 aliis,
1489 2091 1606 2176 qui
1656 2090 1918 2178 aliquid
1973 2091 2105 2161 sibi
2155 2091 2224 2159 in
2274 2113 2352 2160 ea
2383 2091 2565 2177 juris
2606 2090 3090 2170 vendicarent;

549 2196 694 2252 tum
744 2201 1017 2268 quoque
1065 2190 1623 2248 constructurum
1690 2202 1761 2249 se
1821 2179 2103 2249 domum
2156 2180 2227 2248 in
2294 2193 2496 2267 ponte
2532 2234 2547 2260 ,
2601 2179 2720 2266 qui
2768 2191 2870 2248 est
2916 2179 3098 2248 inter

547 2294 686 2349 eas,
740 2291 914 2357 quas
962 2267 1303 2346 diximus,
1361 2289 1567 2357 rupes
1622 2269 1845 2348 duaS,
1911 2280 1985 2338 ut
2035 2282 2312 2362 possen-t
2358 2268 2445 2337 ab
2504 2268 2821 2359 ingressu
2870 2267 3093 2337 arceri

546 2360 866 2438 feminae,
920 2371 1121 2443 atque
1168 2357 1369 2426 etiam
1425 2357 1552 2426 viri
1607 2380 1802 2428 arma
1856 2356 2186 2437 ferentes;
2239 2356 2537 2442 denique
2581 2356 3095 2447 prohibiturum

546 2447 690 2518 illic
749 2447 1172 2516 venationem
1229 2457 1292 2515 et
1350 2445 1793 2536 piscationem
1847 2468 2146 2516 omnem.
2201 2451 2356 2516 Post
2403 2445 2569 2516 haec
2625 2446 3095 2536 complectens

549 2559 710 2618 θος,
769 2538 952 2605 flevit
999 2557 1208 2624 super
1271 2536 1585 2625 singulos
1632 2558 1794 2626 prae
1849 2536 2103 2625 gaudio
2138 2590 2153 2618 ‚
2221 2533 2517 2605 laudans
2562 2549 2626 2605 et
2677 2535 3097 2605 benedicens

544 2630 758 2695 Deum
814 2647 935 2715 pro
979 2624 1251 2694 illorum
1305 2625 1647 2706 adventu;
1703 2624 2132 2712 detinuitque
2187 2646 2302 2694 eos
2351 2646 2390 2693 a
2443 2625 2535 2693 ud
2589 2646 2683 2706 se,
2737 2637 2800 2693 et
2849 2646 2928 2693 ex
2981 2624 3095 2693 iti-

550 2737 708 2784 nere
757 2714 1117 2816 fatigatOS,
1172 2735 1296 2803 pro
1344 2735 1470 2783 sua
1528 2713 1955 2783 humanitate
2003 2713 2085 2783 ad
2152 2713 2300 2783 dies
2362 2735 2398 2782 a
2436 2712 2624 2800 iquot
2685 2713 3098 2783 reficiendos

546 2818 830 2873 curavlt.
1559 2850 1578 2870 ,

634 2896 669 2980 ἓ
716 2900 867 2966 12.
921 2893 1014 2961 Iis
1061 2891 1315 2962 exactis
1346 2889 1613 2971 diebus,
1659 2890 2119 2960 ascenderunt
2168 2891 2236 2959 in
2291 2905 2613 2972 montem,
2669 2903 2873 2977 atque
2906 2890 3097 2960 inco-

547 2981 684 3050 lere
731 2996 1103 3072 coeperunt
1154 2980 1551 3051 carthusiae
1598 2979 2039 3050 solitudinem
2078 2979 2260 3050 circa
2300 2979 2800 3049 solemnitatem
2848 2979 3096 3047 nativi-

547 3071 703 3140 tatis
767 3071 987 3141 sancti
1050 3070 1340 3139 Joannis
1400 3069 1789 3157 Baptistae,
1843 3090 2026 3137 anno
2093 3067 2335 3139 salutis
2400 3081 2670 3138 nostrae
2719 3066 3094 3137 millesimo

544 3161 1230 3249 octogesimoquartO,
1284 3157 1748 3236 antecedente,
1796 3156 2210 3237 comitante,
2267 3180 2346 3227 ac
2394 3157 2732 3247 dirigente
2779 3168 2844 3227 et
2891 3156 3089 3243 adju-

547 3262 747 3316 vante
794 3271 909 3317 eos
960 3248 1026 3315 in
1077 3247 1442 3327 omnibuS,
1499 3268 1605 3315 res
1659 3267 1933 3334 quoque
1992 3246 2413 3317 necessarias
2459 3247 2558 3315 eis
2608 3245 3089 3336 suppeditante

545 3337 745 3405 beato
775 3341 1061 3425 Hugone
1085 3336 1441 3426 Episcopo.
1473 3340 1792 3415 Extructa
1819 3350 1962 3405 tum
2000 3335 2086 3404 ab
2129 3335 2266 3405 illis
2297 3348 2398 3405 est
2431 3336 2496 3404 in
2540 3335 2808 3405 editiori
2838 3333 3086 3403 montis

548 3437 763 3514 parte,
810 3446 985 3510 quae
1019 3446 1204 3492 nunc
1237 3424 1513 3505 dicitur,
1550 3425 1654 3493 Ad
1692 3426 1953 3495 beatam
2000 3427 2290 3495 Mariam
2337 3426 2417 3494 de
2468 3426 2836 3506 Casaczhus,
2877 3420 3089 3492 eccle-

549 3514 673 3592 sia,
729 3523 792 3580 et
844 3534 1049 3602 parva
1097 3512 1450 3581 domicilia
1496 3514 1596 3582 vel
1637 3513 1926 3583 cellulae
1975 3512 2160 3603 apud
2210 3512 2462 3582 sontem
2502 3568 2516 3592 ,
2570 3515 2691 3600 qui
2745 3533 2964 3599 usque
3011 3508 3086 3578 in

547 3622 872 3693 praesens
918 3606 1092 3670 Fons
1127 3604 1347 3670 sancti
1374 3605 1705 3672 Brunonis
1750 3601 2160 3692 appellatur,
2193 3602 2377 3672 haud
2434 3601 2668 3690 procul
2718 3601 2804 3670 ab
2852 3623 2930 3670 ea
2974 3620 3091 3669 ec-

545 3691 753 3761 clesia
803 3690 1157 3771 distanteS‚
1213 3690 1327 3760 sed
1381 3691 1557 3759 inter
1593 3712 1666 3760 se
1714 3702 1939 3761 tamen
1992 3690 2168 3760 aliae
2214 3691 2300 3760 ab
2348 3690 2504 3759 aliis
2552 3702 2905 3780 separatae
2935 3744 2950 3770 ,
3007 3710 3092 3757 ne

546 3778 716 3849 alter
764 3779 1046 3848 alterius
1094 3778 1389 3866 quietem
1439 3792 1505 3849 et
1552 3779 1994 3849 solitudinem
2060 3780 2570 3849 interturbaret.
2623 3783 2836 3866 Atque
2886 3780 2954 3847 in
3006 3776 3092 3846 iis

543 3866 817 3938 cellulis
868 3869 1165 3957 singulis
1213 3868 1355 3937 bini
1409 3867 1649 3939 fratres
1700 3868 2072 3958 degebant,
2125 3882 2192 3938 et
2236 3868 2826 3955 quemadmodum
2883 3867 3093 3957 prisci

543 3956 645 4029 illi
694 3957 1003 4047 Aegyptii
1054 3957 1398 4040 monachi,
1452 3957 1748 4036 silentio,
1803 3958 2119 4040 orationi,
2160 3955 2460 4039 lectioni,
2500 3957 2728 4028 cordis
2781 3955 3085 4047 puritati,

542 4059 606 4116 et
660 4067 886 4115 rerum
939 4046 1328 4116 divinarum
1380 4045 1944 4137 contemplationi
2003 4047 2358 4129 vacabant,
2402 4047 2604 4118 certis
2652 4046 2858 4116 etiam
2903 4045 3092 4115 horis

545 4134 736 4223 operi
789 4148 1119 4204 manuum
1159 4190 1173 4215 ‚
1230 4136 1627 4225 praesertim
1680 4135 2201 4207 conscribendis
2249 4136 2496 4218 libris,
2551 4135 3035 4205 incumbentes
3069 4186 3085 4209 ,

545 4236 689 4292 tum
742 4234 818 4290 ut
865 4245 1029 4293 suae
1079 4224 1348 4314 inopiae
1396 4223 1858 4306 consulerent,
1913 4237 2057 4296 tum
2107 4226 2313 4296 etiam
2366 4238 2439 4296 ut
2479 4247 2562 4295 ne
2595 4247 2802 4312 quam
2848 4223 3091 4292 darent

543 4312 975 4382 occasionem
1025 4311 1187 4397 illis,
1226 4314 1345 4399 qui
1376 4327 1720 4400 quaerunt
1752 4315 2208 4397 occasionem,
2242 4327 2556 4386 sanctum
2606 4335 2840 4383 eorum
2894 4310 3092 4381 insti-

545 4412 765 4472 tutum
806 4400 1306 4483 calumniandi,
1343 4401 1522 4489 quod
1560 4401 1823 4472 nullam
1861 4403 2200 4475 Ecclesiae
2250 4403 2363 4473 Dei
2414 4415 2741 4472 navarent
2778 4420 3083 4491 operam,
