3347 4999
711 345 838 409 482
1374 361 1453 407 m:
1500 361 1592 407 ss.
1632 358 1892 406 PLActno
1926 361 1999 406 ετ
2040 359 2237 408 socns
2285 361 2399 407 u.
2901 341 3100 408 OCT.
3155 344 3192 408 5

502 449 505 456 '
623 449 724 518 sic
772 446 1179 516 admonuit:
1234 445 1568 526 Attilane,
1636 445 1927 535 jamjam
1979 444 2065 514 ad
2119 459 2315 515 tuum
2389 443 2864 535 pontificatum
2928 466 3189 545 perge,

623 550 782 608 tuae
818 536 1004 606 enim
1039 535 1398 606 exauditae
1432 546 1595 604 sunt
1632 555 1888 624 preces.
1922 538 2606 625 Ipsequepraecepto
2645 554 2904 624 parens
2956 534 3192 603 itineri

621 625 980 697 confestim
1033 646 1105 694 se
1152 624 1467 695 accinxit.
1523 629 1613 693 Eo
1670 635 1901 693 autem
1953 622 2040 692 ad
2110 623 2451 693 civitatem
2513 622 2885 693 accedente
2925 675 2943 700 ,
3001 644 3194 692 cam-

623 737 844 806 panae
893 714 1195 783 sonitum
1247 725 1490 803 sponte
1522 711 1885 794 dederunt,
1923 725 1987 781 et
2030 733 2278 802 magna
2304 722 2711 782 cunctorum
2759 711 3043 781 civium
3079 710 3193 782 ad·-

623 804 899 874 miratio
932 815 1077 873 orta
1111 816 1233 872 est.
1281 807 1710 960 Quapropter
1741 823 1864 891 per
1907 823 2147 872 omnes
2178 801 2422 871 domos
2468 813 2535 871 et
2568 800 2871 891 hospitia
2911 802 3191 888 perqui-

622 905 809 975 runt,
865 892 1178 978 nihilque
1216 890 1562 980 comperie
1614 903 1755 959 ant.
1811 894 1975 962 Cum
2027 903 2253 961 essent
2295 890 2524 977 itaque
2571 911 2816 961 omnes
2867 888 3185 970 solliciti,

622 981 900 1052 tandem
937 981 1039 1050 vir
1135 981 1395 1061 uidam,
1438 992 1841 1070 procurator
1889 978 1986 1047 rei
2035 978 2399 1048 familiaris
2436 984 2482 1048 E
2545 979 2813 1068 iscopii‚
2864 979 3192 1048 meminit

621 1070 706 1138 de
755 1071 900 1139 viro
938 1002 1239 1157 quodam
1283 1091 1490 1157 quem
1542 1067 1953 1137 muliercula
2002 1066 2135 1137 sibi
2182 1067 2444 1137 dixerat
2543 1068 2930 1157 ospitatum
3010 1067 3190 1158 apud

622 1180 693 1231 se
735 1157 818 1228 ad
870 1180 1180 1229 eremum
1216 1179 1392 1246 quae
1441 1158 1659 1227 sancti
1710 1156 2047 1225 vincentii
2094 1155 2178 1225 de
2227 1179 2447 1226 cornu
2496 1157 2919 1235 vocabatur,
2980 1178 3185 1244 quem

622 1249 966 1317 nescirent
997 1248 1156 1335 quis
1181 1259 1379 1316 esset.
1403 1250 1657 1317 Omnes
1689 1245 1857 1314 illuc
1889 1259 2336 1326 concurrunt;
2369 1244 2703 1315 Attilanus
2730 1258 2983 1314 autem
3017 1257 3188 1314 veste

621 1336 740 1406 vili
789 1359 869 1407 ac
902 1337 1148 1406 detrita
1198 1337 1513 1405 inventus
1560 1348 1685 1417 est,
1723 1340 1854 1403 Deo
1886 1334 2141 1435 gratias
2187 1356 2422 1421 agens.
2470 1339 2913 1424 Quapropter
2947 1355 3185 1403 omnes

620 1425 683 1495 ei
717 1425 1168 1516 gratulantes,
1223 1447 1474 1516 magno
1506 1446 1663 1496 cum
1716 1423 1969 1512 gaudlo
2024 1423 2446 1493 reduxerunt
2493 1425 2563 1492 in
2611 1424 3010 1492 civitatem.
3068 1423 3186 1506 Qui

670 1528 858 1584 ostea
908 1514 1071 1584 vixit
1119 1536 1339 1583 annos
1385 1513 1655 1583 circiter
1686 1525 1858 1592 octo,
1913 1512 2170 1581 sanctis
2197 1512 2473 1581 assidue
2522 1534 2562 1582 o
2613 1512 2856 1582 eribus
2908 1512 3187 1582 incum-

671 1625 817 1675 ens.
858 1608 1071 1687 Quem
1125 1604 1261 1672 vita
1310 1600 1648 1682 sunctum,
1707 1602 2022 1670 Urbanus
2071 1606 2190 1692 Pp.
2231 1606 2316 1682 ΙΙ,
2371 1601 2503 1671 sub
2607 1622 2759 1670 nem
2813 1600 3060 1671 seculi
3103 1624 3184 1681 ιι,

618 1692 693 1761 in
745 1697 1147 1762 Sanctorum
1199 1711 1567 1760 numerum
1619 1689 1850 1759 retulit
1904 1690 2120 1776 (Vide
2179 1691 2626 1782 Appendicem
2678 1691 2809 1760 hac
2863 1691 2986 1760 die
3019 1746 3043 1772 ,
3129 1692 3186 1759 in

622 1783 840 1872 eloqio
890 1785 955 1851 S.
1010 1780 1369 1870 Faoimm).

1478 2094 1728 2173 VITA
1780 2095 1913 2173 ET
1969 2091 2318 2175 PASSIO
2413 2153 2428 2164 .

1116 2304 1653 2404 BEATISS.
1752 2304 2099 2405 MART.
2188 2302 2672 2403 PLACtDt

1304 2505 1660 2563 DISCIPULI
1707 2508 1764 2560 S.
1807 2505 2069 2562 PATRIS
2110 2505 2484 2560 BENEDICTI

916 2740 919 2743 ,
997 2674 1093 2740 AC
1157 2672 1545 2739 FRATRUM
1612 2673 1807 2739 EJUS
1870 2672 2334 2750 VICTORINI,
2403 2670 2791 2737 EUTYCHII

720 2791 820 2856 ET
869 2789 1238 2857 SORORIS·
1272 2788 1607 2854 FLAVIAE
1660 2788 1912 2866 VIRG„
1969 2788 2290 2864 DONATI,
2348 2782 2689 2854 FIRMATI
2739 2787 3090 2857 DIACONI

1003 2906 1269 2985 ATQUE
1321 2905 1608 2971 FAUSTI
1658 2906 1759 2970 ET
1809 2904 2126 2971 SOCIOR.
2181 2903 2569 2970 TRIGINTA
2628 2903 2783 2969 ΜΜ.

1071 3104 1109 3150 Β.
1141 3100 1591 3153 varusnssmo
1626 3100 1935 3149 vulcano
1969 3100 2189 3150 comen
2221 3098 2652 3151 nomenoium
2683 3076 2719 3111 '⁶

1424 3265 1623 3323 Pausi
1669 3265 1852 3321 circa
1892 3266 2012 3320 541
2058 3294 2134 3307 —-
2175 3262 2361 3320 Itali.

706 3461 743 3547 ξ
790 3464 866 3535 1.
920 3461 998 3529 In
1055 3455 1241 3526 claro
1291 3470 1357 3527 et
1408 3458 1727 3527 renitenti
1772 3457 2128 3548 triumpho
2167 3457 2726 3528 beatissimorum
2780 3474 3176 3529 martvrum

618 3546 904 3628 Placidi,
968 3545 1287 3635 Eutychii
1333 3557 1399 3616 et
1455 3547 1782 3617 Victorini
1827 3547 2154 3626 fratrum,
2197 3567 2574 3634 eorumque
2607 3546 2866 3617 sororis
2914 3532 3183 3620 Flaviae

618 3636 932 3727 virginis,
967 3646 1032 3704 et
1066 3635 1410 3705 sociorum
1441 3636 1724 3727 triginta
1754 3630 1840 3706 ac'
1870 3635 2104 3717 trium,
2147 3635 2389 3706 laudes
2423 3636 2694 3723 aliquas
2718 3635 2985 3717 afflere
3017 3637 3185 3707 otio-

618 3747 776 3796 sum
812 3723 1146 3813 quiddam
1181 3735 1246 3794 et
1296 3745 1801 3814 supervacuum
1838 3736 1961 3794 est.
1999 3729 2182 3808 Quos
2219 3725 2404 3794 enim
2445 3724 2754 3795 Christus
2788 3723 2858 3792 in
2906 3724 3186 3797 coelesti

617 3836 831 3906 regno
865 3814 1132 3895 locavit,
1180 3834 1354 3901 quos
1405 3814 1610 3884 etiam
1647 3835 1807 3883 cum
1854 3814 2130 3902 Angelis
2163 3826 2229 3884 et
2257 3812 2698 3904 Archangelis
2741 3812 3182 3886 individuam

619 3903 1041 3993 majestatem
1097 3901 1385 3972 laudare
1439 3903 1817 3984 constituit,
1859 3902 1986 3971 hoc
2047 3903 2378 3973 nimirum
2435 3902 2800 3975 hominum
2848 3902 3187 3974 laudibus

622 4014 760 4062 non
798 3995 996 4081 egere
1048 3992 1476 4062 monstravit.
1517 3998 1767 4061 Verum
1803 3991 1968 4078 quia
2002 4012 2244 4063 omnes
2279 3990 2567 4080 spiritus
2613 4003 2680 4062 et
2710 4013 2959 4063 omnes
2991 4014 3188 4064 crea-

616 4092 813 4152 turas
846 4081 932 4151 ad
966 4080 1235 4150 Domini
1273 4081 1546 4150 laudem
1606 4079 2188 4171 psalmographus
2224 4091 2407 4150 vates
2444 4081 2704 4161 invitat,
2743 4102 2996 4171 operae
3037 4102 3189 4172 pre-

616 4170 820 4252 tium,
886 4191 1035 4239 reor
1090 4190 1216 4259 ego
1241 4170 1670 4249 GordianuS,
1713 4169 1926 4258 patris
1961 4168 2308 4239 Benedicti
2341 4167 2736 4259 discipulus
2768 4223 2783 4251 ,
2823 4169 2912 4239 ad
2975 4170 3187 4262 Regis

665 4314 693 4342 ⁸
720 4314 909 4354 Incerto
938 4316 1153 4360 Auctore,
1180 4315 1263 4355 sed
1292 4314 1416 4364 apud
1445 4313 1635 4353 Surium
1656 4314 1703 4352 et.
1721 4313 1974 4363 plerosque
1993 4313 2179 4353 cuidam
2203 4313 2454 4359 Gordiano.
2475 4312 2519 4353 8.
2539 4313 2687 4362 ejusd.
2707 4313 2889 4353 Placidi
2907 4314 2985 4354 vel
3005 4314 3188 4354 comite

611 4368 660 4409 et
689 4365 1029 4416 condiscipulo.
1056 4369 1133 4408 vel
1160 4367 1335 4408 ramulo
1364 4377 1610 4417 perperam
1637 4367 1831 4412 tributa.
1850 4377 1877 4407 e
1896 4377 2063 4417 graeco
2084 4377 2222 4408 versa
2242 4370 2384 4415 atque
2404 4363 2688 4416 interpolat·
2707 4377 2793 4415 per
2811 4368 3004 4408 Petrum
3028 4368 3190 4407 Gnati-

612 4431 808 4461 nensem
836 4422 1116 4464 Diaconumz
1147 4421 1279 4460 vitae
1308 4431 1415 4469 pars
1444 4432 1468 4461 e
1499 4421 1543 4460 S.
1573 4418 1799 4469 Gregorio
1829 4422 1908 4469 Pp.
1937 4421 1995 4461 de
2017 4422 2062 4462 Β.
2083 4417 2340 4462 Benedicto
2359 4421 2474 4462 Abb.
2495 4421 2569 4461 eat
2587 4422 2642 4461 ut
2664 4419 2794 4461 intra.
2813 4421 3090 4462 notabimus
3110 4421 3190 4461 de-

611 4478 820 4525 numptt,
839 4476 999 4525 punio
1023 4477 1181 4515 antem
1205 4474 1455 4515 admodum
1483 4475 1691 4514 incertae
1710 4471 1833 4514 ndei.
