3347 4999
646 308 776 371 250
1430 317 1511 365 ns
1560 320 1613 366 s.
1672 318 1984 367 venerato
2033 320 2223 366 nar.
2836 303 3011 370 OCT.
3074 307 3127 370 8

559 408 839 478 Volebat
870 406 1055 476 enim
1104 407 1164 475 ei
1215 405 1497 492 injicere
1545 404 2064 494 poenitentiam,
2103 419 2168 473 et
2204 403 2498 486 efficere,
2554 418 2630 474 ut
2673 406 3119 494 interjectum

560 512 859 586 tempus,
907 509 1041 565 tam
1079 495 1544 563 vehementem
1583 494 1955 562 remitteret
1986 495 2470 563 constantiam.
2506 499 2581 563 Et
2619 494 2769 563 ideo
2805 496 2870 562 in
2913 519 3124 583 prae-

559 588 778 657 sentia
835 586 1072 673 jubet,
1141 597 1217 652 ut
1266 584 1637 672 propinqui
1704 582 1959 651 lavacri
2029 584 2462 652 caminorum
2513 584 2811 652 fornices
2877 590 3123 654 Deme-

559 677 767 746 trium
820 674 1212 763 acciperent
1246 675 1315 740 in
1367 671 1784 743 custodiam.
1841 677 2096 760 Martyr
2127 694 2284 741 vero
2331 695 2491 741 cum
2529 673 2990 743 abduceretur
3041 675 3122 744 in

558 785 930 838 carcerem,
973 761 1182 831 simul
1221 760 1622 841 laetabatur,
1669 771 1736 829 et
1769 760 2201 830 afficiebatur
2230 760 2488 830 dolore.
2524 764 2930 833 Laetabatur
2960 765 3126 850 qui-

559 855 714 923 dem
752 910 769 936 ,
829 851 1012 940 quod
1082 851 1486 940 martyrium
1551 872 1710 919 mox
1771 865 1949 919 esset
2003 863 2556 932 consecuturus;
2609 874 2811 940 aegre
2857 851 3128 923 ferebat

557 957 815 1022 autem,
870 940 1054 1028 quod
1110 937 1242 1011 'non
1289 938 1544 1008 videret
1593 951 1879 1008 tortores
1926 939 2010 1007 ad
2064 961 2136 1008 se
2179 940 2392 1009 citius
2438 940 2763 1010 accedere
2793 995 2808 1022 ,
2861 955 2924 1011 et
2975 964 3118 1012 non

550 1033 697 1124 jam
749 1032 832 1100 ad
893 1041 1229 1099 tormenta
1275 1041 1341 1096 et
1403 1039 1689 1097 mortem
1753 1028 2203 1116 acciperetur.
2258 1034 2546 1098 Tantum
2589 1030 2774 1097 enim
2835 1045 3122 1099 conten-

559 1122 765 1191 debat
798 1118 1180 1188 Demetrius
1230 1117 1404 1186 mori
1460 1129 1738 1207 propter
1776 1117 2148 1198 Christum,
2185 1131 2523 1204 quantum
2559 1119 2874 1187 studebat
2907 1121 3125 1188 Maxi-

562 1211 843 1279 mianus
888 1230 1046 1277 eum
1092 1228 1440 1297 superare.
1478 1210 1645 1275 Cum
1681 1227 1844 1294 ergo
1878 1211 2132 1294 Martyr
2174 1207 2471 1275 venisset
2502 1207 2569 1274 in
2604 1229 2972 1287 carcerem,
3012 1208 3125 1276 di-

559 1299 795 1368 cebat:
850 1304 1024 1366 Deus
1053 1299 1123 1365 in
1163 1297 1579 1387 adjutorium
1616 1317 1835 1363 meum
1871 1296 2173 1364 intende:
2211 1298 2484 1364 Domine
2523 1297 2615 1364 ad
2646 1297 3118 1386 adjuvandum

560 1410 665 1456 me
709 1389 981 1476 festina.
1017 1389 1343 1468 Quoniam
1394 1397 1467 1453 tu
1501 1407 1568 1453 es
1603 1386 1938 1473 patientia
1979 1407 2153 1461 mea,
2209 1387 2504 1463 Domine,
2553 1408 2701 1474 spes
2735 1408 2884 1454 mea
2917 1408 2961 1453 a
2994 1389 3123 1476 ju-

556 1487 828 1546 ventute
855 1498 1088 1543 mea...
1146 1477 1447 1543 Psallam
1498 1479 1627 1542 Deo
1677 1496 1841 1553 mec,
1896 1475 2224 1562 quamdiu
2264 1477 2481 1560 suero.
2537 1475 2835 1542 Peractis
2883 1489 3117 1543 autem

559 1565 910 1655 precibu3‚
950 1563 1131 1632 videt
1179 1563 1531 1651 scorpium
1566 1584 1603 1629 e
1644 1575 1824 1630 terra
1873 1575 2415 1652 proserpentem,
2468 1562 2585 1649 qui
2638 1577 2704 1631 et
2752 1563 3120 1632 stimulum

559 1653 955 1734 sustulerat,
1007 1664 1074 1720 et
1119 1652 1270 1739 ejus
1308 1650 1545 1738 pedem
1582 1663 1727 1719 erat
1761 1666 2173 1742 puncturuS.
2229 1649 2351 1720 Ille
2400 1664 2658 1731 autem,
2703 1655 2914 1721 Cruce
2964 1674 3123 1721 mu-

555 1743 768 1823 nitus,
820 1764 981 1811 cum
1030 1761 1190 1810 eum
1235 1739 1638 1819 invocasset,
1679 1740 1795 1826 qui
1839 1739 2028 1809 dedit
2067 1760 2194 1808 suo
2243 1739 2573 1830 figmento
2612 1740 2878 1809 calcare
2916 1762 3118 1829 posse

554 1845 906 1921 serpentes
938 1843 1004 1899 et
1044 1829 1375 1916 scorpios,
1420 1827 1619 1897 illum
1665 1829 1889 1897 reddit
1932 1842 2308 1908 mortuum,
2357 1829 2454 1898 vel
2509 1829 2738 1917 potius
2776 1851 2962 1908 eum,
2994 1830 3119 1916 qui

555 1919 1005 2010 intelligentia
1045 1918 1447 2007 percipitur,
1487 1919 1865 2007 scorpium,
1904 1920 2021 2005 qui
2063 1918 2129 1985 in
2182 1939 2262 1986 eo
2297 1917 2568 1987 latebat.
2610 1919 2848 1987 Statim
2886 1933 3116 1987 autem

556 2009 838 2078 divinus
867 2009 926 2075 ei
961 2027 1306 2095 apparens
1340 2005 1661 2092 Angelus,
1702 2008 1852 2095 ejus
1885 2007 2093 2096 capiti
2122 2028 2448 2076 coronam
2482 2008 2799 2095 imponit,
2830 2007 3113 2076 dicens:

557 2122 594 2165 «
631 2104 765 2167 Pax
797 2097 943 2176 tibi,
984 2096 1231 2165 Christi
1268 2095 1544 2174 athleta,
1586 2108 1732 2164 esto
1767 2095 1988 2176 fortis,
2027 2109 2092 2166 et
2123 2108 2185 2164 te
2217 2097 2440 2164 virum
2478 2096 2750 2185 praebe.
2787 2119 2823 2161 »
2860 2097 2970 2165 Sic
2994 2096 3117 2183 qui

554 2187 749 2256 velox
804 2199 905 2255 est
951 2184 1036 2254 ad
1088 2183 1624 2254 consolationem
1681 2207 1918 2254 eorum
1960 2185 2084 2271 qui
2136 2185 2363 2275 ipsum
2423 2184 2685 2263 timent,
2757 2167 3114 2265 hominuS,

557 2275 765 2345 simul
817 2287 1021 2361 atque
1066 2272 1197 2343 fuit
1254 2273 1566 2343 inclusus
1617 2274 1684 2340 in
1729 2295 2025 2354 carcere,
2072 2286 2138 2342 et
2187 2275 2255 2341 in
2311 2273 2789 2362 praesentibus
2851 2272 3119 2362 placide

556 2363 931 2434 admodum
982 2362 1380 2433 consolatur
1424 2361 1778 2442 athletam,
1821 2374 1886 2431 et
1919 2362 2000 2430 ad
2043 2362 2273 2431 futura
2324 2362 2565 2451 implet
2600 2361 2815 2430 animi
2865 2361 3115 2430 alacri-

558 2464 716 2523 tate.
756 2451 881 2522 Sed
938 2452 1318 2522 Demetrius
1351 2451 1629 2538 quidem
1666 2452 1765 2521 sic
1798 2464 1942 2520 erat
1976 2451 2043 2519 in
2076 2450 2417 2521 custodia.

645 2544 681 2629 ᾖ
728 2549 815 2614 5.
871 2542 1326 2610 Maximianus
1375 2555 1604 2610 autem
1656 2541 2021 2609 exhibebat
2068 2540 2542 2629 spectaculum
2602 2541 3109 2630 gladiatorum,

555 2643 620 2701 et
666 2631 1195 2720 complebantur
1225 2650 1465 2697 omnes
1516 2630 1852 2729 pentathli
1888 2628 2032 2697 ludi
2069 2630 2125 2698 ⁴.
2182 2628 2304 2698 Ille
2340 2650 2495 2697 vero
2545 2629 2824 2698 sedebat
2874 2632 2941 2697 in
2997 2652 3113 2697 su-

557 2720 756 2791 blimi
806 2720 1110 2808 specula,
1140 2718 1737 2807 jucundissimum
1789 2740 1937 2786 esse
1975 2730 2285 2787 statuens
2329 2718 2582 2787 versari
2617 2719 2685 2785 in
2740 2718 3115 2819 spectando

554 2809 953 2879 certamine.
1013 2808 1419 2876 Laetabatur
1445 2807 1658 2886 enim,
1700 2819 1775 2875 ut
1809 2806 2099 2887 videtur,
2137 2807 2428 2875 humani
2463 2808 2830 2894 sanguinis
2875 2807 3113 2876 videns

553 2899 986 2967 effusionem.
1043 2902 1198 2966 Erat
1257 2908 1485 2963 autem
1537 2895 1823 2981 quidam
1879 2896 1980 2963 vir
2020 2896 2359 2966 barbarus
2416 2917 2496 2965 ex
2547 2896 2940 2964 Maximiani
2995 2917 3113 2965 ne-

555 2986 1071 3072 cessariiS,‘qui
1131 2998 1276 3054 erat
1373 2984 1546 3053 atria
1597 2983 1970 3064 Vandalus,
2026 3005 2240 3053 manu
2288 2983 2524 3066 fortiS,
2592 2996 2657 3054 et
2713 2984 2989 3053 validus
3026 2984 3112 3053 ad

557 3076 841 3156 luctam,
882 3086 947 3143 et
985 3075 1297 3165 magnitu
1353 3074 1487 3151 ine,
1533 3094 1711 3159 quae
1748 3072 2031 3141 modum
2083 3074 2500 3162 superabat:
2552 3088 2616 3143 et
2665 3073 2818 3143 ideo
2856 3085 3003 3141 erat
3048 3074 3114 3142 ei

558 3164 754 3233 valde
788 3175 1049 3253 gratus,
1087 3178 1151 3231 et
1194 3161 1575 3232 habebatur
1610 3162 1678 3230 in
1726 3184 1977 3252 magna
2011 3162 2537 3232 existimatione.
2578 3168 2832 3231 Nomen
2874 3174 3017 3231 erat
3049 3163 3115 3246 ei

557 3258 845 3342 Lyaeus.
900 3257 966 3321 Is
1017 3251 1389 3320 insolenter
1425 3252 1698 3339 jactans
1747 3272 1818 3321 se
1866 3273 2106 3320 omnes
2157 3253 2428 3320 vincere
2482 3251 2726 3321 robore
2774 3251 3104 3340 corporiS,

560 3354 887 3426 stansque
920 3341 985 3408 in
1025 3339 1314 3429 pulpito,
1346 3353 1423 3408 ut
1473 3341 1591 3409 toti
1630 3352 1809 3409 esset
1854 3342 2116 3410 theatro
2148 3339 2580 3419 manifestuS,
2618 3355 2920 3409 caeteros
2958 3340 3109 3429 gla-

556 3430 855 3500 diatores
891 3430 1299 3518 provocabat
1324 3428 1409 3497 ad
1439 3440 1813 3503 certamen.
1852 3436 2040 3499 Tunc
2071 3441 2299 3498 autem
2328 3428 2552 3499 factus
2586 3427 2807 3499 fuerat
2836 3452 2869 3497 a
2906 3428 3148 3496 Maxi-·

561 3519 796 3588 miano
826 3518 1077 3598 circus,
1119 3516 1357 3586 multis
1381 3518 1927 3606 comprehensus
1961 3518 2240 3598 tabulis,
2272 3518 2342 3586 in
2380 3539 2585 3605 quem
2625 3518 3115 3608 ingredieban-

558 3620 693 3688 tur,
745 3607 864 3693 qui
910 3619 1103 3675 erant
1136 3605 1474 3695 singulari
1525 3607 1901 3676 certamine
1927 3607 2369 3687 certaturi,et
2401 3608 2524 3694 qui
2559 3606 2645 3675 ad
2682 3607 3112 3692 pancratium

558 3696 994 3766 accedebant.
1052 3700 1215 3764 Cum
1267 3716 1430 3785 ergo
1481 3695 1744 3764 viribus
1783 3696 2094 3786 corporis
2140 3716 2382 3765 omnes
2417 3710 2776 3786 superaret
2820 3700 3108 3787 LyaeuS,

556 3800 622 3854 et
649 3785 1073 3872 quicumque
1114 3805 1363 3851 manus
1396 3804 1555 3852 cum
1606 3805 1686 3853 eo
1732 3784 2157 3865 conserebat,
2204 3786 2434 3855 statim
2471 3797 2868 3854 cerneretur
2916 3785 3116 3854 humi

609 3884 962 3953 rostratuS,
1002 3885 1122 3942 aut
1154 3871 1356 3943 etiam
1398 3883 1611 3941 morte
1650 3873 1959 3955 affectus,
2002 3874 2301 3942 maxima
2336 3879 2736 3963 Tyrannum
2772 3872 3117 3943 afficiebat

514 3988 517 3993 ·
584 3963 836 4043 aetitia,
878 3975 1234 4051 propterea
1269 3959 1451 4047 quod
1499 3974 1955 4049 prosterneret
1981 3984 2097 4033 eos
2140 3964 2261 4049 qui
2309 3986 2468 4031 cum
2513 3964 2665 4053 ipso
2714 3963 3115 4052 congredie-

559 4053 836 4122 bantur.
876 4052 1169 4134 Quidam
1206 4071 1362 4119 vero
1395 4051 1673 4120 nomine
1704 4057 1962 4132 Nestor,
2004 4064 2222 4121 aetate
2260 4052 2540 4138 quidem
2587 4050 2782 4120 valde
2806 4053 3112 4140 juveniS,

560 4153 635 4211 ut
666 4141 785 4227 qui
821 4141 1020 4209 modo
1056 4151 1281 4209 natam
1318 4138 1601 4209 haberet
1632 4140 2061 4230 lanuginem,
2099 4141 2433 4229 adspectu
2473 4154 2699 4210 autem
2742 4140 3121 4229 jucundis-

560 4230 804 4309 simuS,
840 4242 904 4298 et
938 4229 1162 4299 forma
1214 4229 1876 4318 praestantissimuS,
1930 4230 2052 4316 qui
2100 4242 2246 4299 erat
2294 4242 2497 4299 notus
2532 4228 2790 4318 inclyto
2835 4230 3122 4318 martyri

559 4318 921 4399 Demetrio,
977 4339 1137 4387 cum
1193 4316 1449 4386 videret
1498 4317 1992 4388 Maximianum
2046 4319 2144 4387 sic
2194 4318 2515 4387 affectum
2561 4318 2631 4385 in
2695 4317 3067 4386 barbarum
3100 4373 3115 4400 ‚

611 4445 637 4472 ¹·
670 4446 884 4485 Peneaenlt
902 4447 1012 4494 qula
1032 4445 1241 4493 quinque
1264 4443 1603 4483 certaminibus
1624 4445 1926 4485 constabant:
1946 4446 2091 4491 lucta,
2112 4446 2342 4494 pugilatu,
2368 4446 2510 4491 saltu,
2525 4446 2685 4494 jaculo
2707 4445 2755 4486 et
2780 4453 2939 4485 cursu.
