3347 4999
724 275 849 339 314
937 280 940 287 “
1285 294 1362 339 DE
1411 294 1502 341 ss.
1556 289 1875 339 nemnem
1926 293 1998 338 Ετ
2046 293 2363 340 semmua
2412 294 2525 339 ux.
2614 262 2617 267 A
2869 275 3045 340 OCT.
3119 278 3215 340 ⁴0

636 390 1070 467 peccatorum
1104 400 1119 457 ;
1172 389 1236 445 et
1269 375 1579 446 divinum
1619 377 1862 446 Christi
1901 399 2147 446 nomen
2187 377 2413 446 videre
2444 391 2577 446 tam
2619 377 3063 468 impudenter
3108 379 3213 446 ir-

635 466 867 545 rideri,
935 488 1013 535 ac
1056 466 1470 537 subsannari
1516 484 1650 535 non
1711 466 2069 535 serendum
2119 488 2267 535 esse
2319 480 2646 547 censeret,
2704 467 2935 536 relicta
2988 468 3209 545 urbis

633 554 1053 624 habitatione
1088 610 1102 636 ,
1156 556 1597 644 amplectitur
1646 555 2115 625 solitudinem.
2172 561 2247 625 Et
2293 578 2450 624 cum
2503 556 2675 624 vitae
2738 557 3201 636 abstinentia,

632 657 696 714 et
745 664 1016 713 secessu
1052 643 1399 713 internum
1452 645 1803 721 hominem
1844 647 2316 734 expurgasset,
2375 657 2440 713 et
2476 644 2619 713 zelo
2659 645 2838 714 sicut
2888 668 2995 714 ma
3055 667 3207 714 nus

631 731 814 802 Elias
855 731 1171 802 refertam
1214 734 1499 803 omnino
1549 733 1830 803 haberet
1859 735 2189 813 animam,
2229 733 2466 802 relicta
2497 733 2750 823 pat-iter
2780 734 2988 804 solitu
3046 735 3197 816 ine,

630 821 985 890 descendit
1019 822 1103 890 ad
1141 822 1594 892 habitandum
1639 823 1710 890 in
1742 822 2033 891 civitate.

717 912 753 997 ἓ
805 914 894 981 2.
964 913 1128 978 Cum
1179 924 1411 989 autem
1456 910 1542 979 ad
1593 912 2078 999 Imperatorias
2123 912 2156 945 ⁴*
2204 910 2724 981 constitutiones
2775 910 3201 981 intendisset

629 998 892 1078 oculOS,
931 1020 1106 1085 quae
1142 1021 1352 1088 supra
1389 1012 1615 1090 portas
1658 1000 2080 1090 proscriptae
2109 1013 2302 1069 erant
2334 1001 2682 1079 omnibuS‚
2724 999 2921 1069 valde
2950 1001 3200 1070 ridens

631 1086 834 1156 talem
874 1100 1223 1167 conatum,
1265 1087 1393 1158 fuit
1440 1088 1526 1157 ab
1576 1088 1813 1178 impiis
1867 1088 2338 1177 deprehensus
2389 1090 2702 1178 protinus
2740 1142 2757 1168 ,
2809 1101 2874 1158 et
2921 1090 3192 1169 statim,

630 1176 926 1256 vinctus,
981 1175 1109 1245 fuit
1155 1178 1505 1265 conjectus
1546 1178 1613 1246 in
1659 1176 2071 1258 custodiam,
2128 1190 2477 1264 tamquam
2520 1177 2756 1263 aliqua
2798 1177 3052 1267 praeda
3089 1178 3197 1249 si-

632 1263 918 1335 stendus
967 1285 1196 1334 coram
1260 1266 1523 1335 iudice.
1593 1272 1957 1352 Postquam
2021 1279 2249 1335 autem
2287 1320 2303 1345 ,
2354 1264 2538 1352 quod
2592 1265 2846 1336 sactum
2910 1265 3140 1335 fuerat
3176 1322 3192 1345 ‚

631 1353 935 1422 delatum
988 1354 1118 1423 suit
1164 1355 1247 1424 ad
1301 1378 1503 1426 aures
1554 1356 2112 1454 magistratuum,
2159 1355 2367 1442 jussit
2423 1353 2638 1423 ludex
2687 1376 2843 1423 eum
2881 1354 3043 1424 duci
3093 1355 3188 1424 ad

632 1441 958 1511 tribunal.
1015 1448 1092 1512 Et
1141 1445 1454 1533 protinus
1502 1444 1895 1534 adspiciens
1934 1442 2026 1512 ad·
2060 1466 2221 1513 eum
2271 1442 2393 1530 qui
2430 1441 2683 1514 ductus
2732 1442 2975 1524 fuerat,
3018 1466 3187 1512 cum

631 1543 912 1687 propter
983 1544 1282 1602 teneram
1342 1546 1628 1602 aetatem
1695 1545 2035 1622 sperasset
2089 1533 2283 1613 fore,
2340 1544 2414 1601 ut
2486 1532 2707 1600 virum
2770 1546 3198 1634 espugnaret

660 1620 1134 1689 ortissimum:
1191 1644 1225 1688 «
1261 1628 1609 1704 Quaenam
1661 1634 1805 1701 est,
1862 1621 2131 1708 inquit,
2191 1632 2376 1690 tanta
2441 1633 2556 1690 tua
2592 1675 2607 1702 ,
2672 1642 2849 1707 quae
2897 1622 3186 1700 dicitur,

631 1709 955 1791 amentia,
994 1731 1170 1797 quae
1203 1712 1405 1780 etiam
1460 1733 1670 1801 prope
1716 1710 1959 1791 effecit,
2014 1723 2090 1779 ut
2138 1710 2507 1779 deduceret
2555 1709 2636 1778 ad
2690 1711 3133 1798 asperitatem
3168 1766 3184 1790 ,

527 1839 535 1846 ·
633 1797 768 1866 nisi
817 1799 991 1886 ipsa,
1047 1821 1223 1886 quae
1272 1800 1400 1869 suit
1448 1812 1811 1888 conspecta
1863 1800 2150 1888 species,
2206 1799 2658 1889 persuasisset
2707 1820 2851 1868 rem
2904 1820 3040 1868 non
3094 1799 3191 1868 ita

631 1910 703 1956 se
736 1888 987 1956 habere
1018 1913 1032 1954 ε
1085 1902 1186 1957 est
1218 1890 1402 1957 enim
1434 1890 1719 1958 omnino
1753 1887 2085 1967 alienum,
2123 1899 2188 1956 et
2224 1910 2356 1956 non
2395 1901 2962 1968 consentaneum,
3005 1888 3187 1957 hanc

632 1975 986 2044 liberalem
1044 1974 1358 2058 formam,
1413 1992 1477 2047 et
1510 1990 1825 2067 apertum
1866 1976 2328 2045 characterem
2385 1976 2787 2054 nobilitatiS,
2852 1976 3029 2045 facta
3065 1999 3187 2067 ag-

633 2064 824 2155 gredi
862 2077 996 2132 tam
1034 2064 1347 2135 audacia.
1390 2071 1558 2136 Ecce
1604 2087 1767 2156 ergo
1816 2065 1936 2134 tibi
1984 2066 2392 2155 proponitur
2442 2064 2815 2134 multitudo
2863 2065 3183 2145 deorum,

631 2170 810 2241 quae
866 2153 1153 2221 diversis
1200 2156 1717 2243 operationibus
1764 2166 1827 2223 et
1879 2154 2429 2224 invocationibus
2488 2154 2618 2223 sibi
2652 2154 2928 2224 affatim
2996 2156 3186 2224 com·

635 2254 830 2332 parat
876 2242 1406 2312 venerationem.
1473 2250 1713 2334 Ipsum
1767 2265 2039 2330 quoque
2091 2243 2424 2332 templum
2474 2256 2575 2313 est
2638 2243 2756 2311 tibi
2808 2256 3183 2334 apertum;

633 2331 974 2419 sanguine
1022 2343 1247 2399 autem
1312 2353 1685 2423 conspersa
1735 2346 2117 2402 cernuntur
2163 2332 2453 2412 altaria;
2511 2331 2867 2432 publicum
2930 2333 3185 2402 festum

632 2417 1065 2504 celebratum
1117 2430 1198 2489 et'
1233 2434 1465 2511 parata
1501 2434 1664 2491 sunt
1711 2442 2192 2509 quaecumque
2239 2409 2658 2491 conitentunt
2697 2422 3066 2491 sacrificio.
3110 2425 3190 2489 Et

634 2508 759 2578 tibi
806 2510 1265 2600 ergossoptime
1311 2511 1654 2591 consuleS,
1709 2523 1773 2579 et
1822 2511 2020 2581 nobis
2073 2532 2211 2580 rem
2262 2524 2525 2601 gratam
2600 2509 2854 2592 facies,
2913 2512 2971 2582 si
3022 2510 3187 2580 deos

630 2597 951 2678 colueris,
996 2612 1061 2667 et
1093 2599 1191 2667 eis
1225 2600 1744 2670 sacrificaveris.
1776 2622 1810 2665 »
3190 2601 3199 2608 '

721 2689 756 2774 ξ
803 2690 892 2757 3.
952 2692 1207 2762 Martvr
1235 2701 1460 2757 autem
1501 2689 1763 2778 Spiritu
1812 2693 2275 2758 Sanctototus
2311 2687 2635 2776 repletus,
2679 2710 2837 2757 cum
2877 2709 2949 2757 se
2985 2687 3186 2778 signo

632 2777 893 2855 Crucis,
929 2760 1143 2846 veluti
1167 2777 1587 2864 quibusdam
1618 2778 1834 2846 armis
1860 2778 2261 2846 muniisset:
2294 2800 2329 2843 «
2366 2782 2549 2845 Vana
2584 2789 2767 2856 sunt,
2802 2777 3182 2866 respondit,

630 2887 670 2933 o
703 2870 1001 2946 PraeseS,
1040 2888 1216 2952 quae
1250 2889 1289 2935 a
1324 2880 1386 2936 te
1421 2880 1925 2967 proponuntur.
1972 2871 2198 2952 Neque
2237 2865 2422 2934 enim
2457 2887 2536 2933 ex
2587 2865 2792 2934 rebus
2833 2866 3132 2934 externis
3160 2919 3181 2945 ,

631 2965 695 3022 et
727 2976 904 3042 quae
936 2955 1223 3024 minime
1253 2955 1508 3024 fuerint
1552 2977 1619 3023 tn
1660 2966 1985 3045 potestate
2025 2953 2347 3043 alicujus,
2391 2954 2734 3023 metienda
2781 2968 2885 3023 est
2935 2955 3179 3043 pietaS,

630 3065 808 3130 quae
842 3057 1073 3133 aperte
1106 3057 1207 3114 est
1237 3045 1399 3114 boni
1438 3045 1758 3125 instituti,
1797 3044 1954 3113 etin
1992 3042 2203 3111 nostri
2244 3041 2441 3112 liberi
2471 3043 2738 3112 arbitrii
2769 3042 2900 3111 sita
2927 3055 3027 3112 est
3067 3065 3195 3127 po-

631 3144 890 3201 testate.
946 3137 1180 3218 Atque,
1218 3135 1274 3202 si
1310 3133 1589 3221 quidem
1626 3133 1776 3202 fieri
1824 3146 1961 3200 *non
2001 3144 2215 3221 potest
2246 3131 2364 3220 (ne
2415 3144 2475 3199 te
2514 3153 2648 3200 non
2693 3130 2861 3201 velle
2895 3130 3185 3219 dicam),

630 3232 709 3289 ut
757 3220 841 3289 ad
874 3237 1093 3289 unum
1130 3234 1193 3290 et
1230 3223 1487 3291 trinum
1539 3223 1854 3292 omnium
1897 3220 2248 3309 adspicias
2286 3220 2706 3310 principium
2739 3274 2756 3301 ,
2809 3220 2895 3288 ab
2940 3241 3191 3288 eorum

633 3307 899 3387 saltem,
941 3330 1118 3395 quae
1154 3310 1487 3399 producta
1521 3311 1803 3384 suerunt
1835 3311 2013 3379 bono
2053 3309 2318 3388 ordine,
2355 3308 2543 3379 disce
2586 3314 2796 3378 Deum
2836 3308 3195 3378 universo-

631 3418 812 3490 rum.
871 3398 986 3465 Sin
1036 3411 1263 3466 autem
1301 3399 1586 3468 deorum
1626 3397 1926 3488 praefers
1968 3396 2511 3477 multitudinem,
2560 3419 2680 3487 per
2711 3419 2884 3484 quos
2917 3395 3192 3487 simpli-

632 3486 852 3553 ciores
917 3484 1203 3556 deducis
1251 3487 1333 3555 ad
1391 3488 1793 3558 barathrum
1860 3487 2231 3567 interituS,
2287 3498 2355 3555 at
2414 3507 2540 3576 ego
2593 3486 2872 3573 quidem
2930 3507 3052 3555 nec
3102 3506 3190 3554 ea

631 3594 810 3659 quae
845 3585 915 3642 tu
972 3573 1172 3656 dicis,
1221 3575 1462 3644 audire
1496 3578 1825 3657 sustineo,
1884 3597 2102 3661 neque
2152 3576 2221 3643 in
2273 3573 2591 3644 animuin
2650 3574 2926 3656 induco,
2973 3587 3047 3642 ut
3089 3587 3189 3642 ta-

634 3661 818 3731 libus
867 3661 1163 3734 delecter
1211 3665 1616 3745 sacrificiiS,
1677 3665 1908 3752 utqui
1965 3666 2092 3734 sim
2132 3664 2495 3754 praeditus
2555 3665 2788 3733 anima
2852 3662 3189 3753 participe

634 3752 971 3833 rationiS,
1028 3765 1092 3824 et
1142 3775 1524 3844 supernum
1591 3753 1933 3823 mundum
2000 3766 2231 3839 aperte
2283 3774 2693 3843 properem:
2760 3753 2889 3822 soli
2952 3764 3184 3821 autem

634 3845 879 3914 natura
929 3847 1084 3922 Deo,
1137 3855 1201 3910 et
1248 3843 1369 3929 qui
1419 3863 1552 3911 non
1604 3858 1706 3911 est
1753 3841 2266 3932 adspectabilis,
2320 3841 2725 3912 sacrificabo
2762 3841 3185 3912 sacrificium

637 3928 890 4012 laudis,
930 3944 992 4001 et
1026 3931 1158 4021 ipsi
1195 3931 1474 4001 reddam
1522 3944 1670 4000 vota
1707 3954 1860 4002 mea
1891 3952 2125 4000 coram
2159 3942 2293 4000 toto
2335 3931 2592 4021 populo
2639 3930 2815 4019 ejus.
2858 3954 2892 3997 »
2934 3931 3055 4000 His
3087 3929 3189 4000 sic

633 4017 879 4100 dictis,
944 4025 1310 4109 Tyrannus
1357 4019 1669 4109 deposita
1712 4041 1998 4111 persona
2051 4019 2402 4100 lenitatiS,
2448 4020 2646 4107 jubet
2694 4019 2974 4106 quidem
3025 4018 3188 4088 exui

635 4111 1023 4195 Martyrem‚
1077 4122 1142 4178 et
1176 4109 1372 4179 humi
1404 4122 1786 4190 extensum,
1832 4108 2268 4178 vehementer
2298 4109 2670 4177 verberari.

722 4199 860 4283 §4
897 4201 1257 4284 Postquam
1281 4211 1509 4268 autem
1535 4203 1787 4286 Martyr
1808 4218 2134 4286 generose
2159 4210 2223 4266 et
2245 4196 2505 4266 sortiter
2530 4196 2775 4266 restitit
2795 4196 3187 4277 tormentiS,

634 4296 696 4355 et
733 4307 853 4354 nec
887 4286 1232 4357 tantillum
1266 4285 1546 4374 quidem
1577 4285 1706 4355 fuit
1733 4298 2061 4361 mutatus,
2102 4286 2540 4356 acerbitatem
2594 4284 2924 4376 supplicii
2964 4284 3198 4357 Judex

688 4412 713 4437 ¹*
742 4411 1007 4462 Imperabat
1024 4414 1134 4453 tnnc
1155 4414 1379 4462 temporis
1397 4413 1723 4453 Maximianus.
