3347 4999
178 331 355 398 OCT.
411 331 495 394 ⁴9
851 346 929 391 na
978 346 1034 392 s.
1086 343 1387 400 ΑουιιιΝο
1433 342 1631 390 arisc.
1684 342 2049 390 cenomansi
2493 324 2619 390 573

182 434 467 507 videret,
505 429 890 519 expeditius
924 429 1282 517 pergebat:
1314 443 1378 497 et
1411 428 1804 496 mirandum
1851 428 1918 495 in
1970 426 2248 496 modum
2307 450 2378 496 se
2407 431 2704 515 gerebat,

180 535 257 593 ut
308 520 482 591 nulli
533 518 825 590 dubium
866 518 1301 603 relinqueret,
1339 519 1505 603 quin
1549 516 1800 606 Angelo
1843 516 2017 584 lucis
2066 516 2346 585 ductore
2380 533 2705 587 uteretur.

184 617 434 681 Secure
484 610 710 694 itaque
748 621 813 676 et
856 608 1388 675 misericorditer
1426 607 1521 684 ei,
1576 620 1652 674 ut
1691 618 1833 673 erat
1877 618 2177 694 rogatus,
2230 606 2517 681 immisit
2550 629 2712 674 ocu-

180 699 404 769 lorum
441 699 832 767 caecitatem
865 749 883 774 ,
948 696 1069 782 qui
1117 711 1180 764 et
1229 695 1497 763 videbat
1537 709 1893 784 promptae
1945 694 2191 762 mentis
2238 696 2388 783 ejus
2428 695 2713 763 sinceri-

185 801 415 866 tatem,
479 799 544 855 et
610 784 1045 875 praevidebat
1093 784 1588 873 duplicandam
1660 781 1759 850 illi
1822 805 1998 862 eam,
2066 805 2273 869 quam
2325 784 2712 857 amissurus

180 891 347 956 erat,
405 874 809 945 claritatem.
866 878 965 946 lta
1013 896 1174 963 ergo
1209 873 1328 959 qui
1368 873 1588 942 caecis
1637 871 1963 940 reddebat
2012 872 2272 951 lumen,
2313 874 2456 959 ipse
2492 875 2711 941 caeci-

185 980 385 1036 tatem
444 964 850 1052 patiebatur‚
911 985 1044 1031 non
1102 963 1336 1031 minus
1376 961 1460 1030 de
1515 984 1586 1031 se
1642 961 2003 1029 exauditus
2047 982 2128 1028 ne
2186 961 2459 1039 videret,
2502 983 2707 1047 quam

182 1055 268 1124 de
316 1052 496 1132 aliis,
535 1065 613 1120 ut
653 1051 978 1120 viderent.
1050 1052 1220 1132 Quid
1276 1051 1459 1119 enim
1496 1050 1718 1139 caligo
1771 1051 2060 1119 exterior
2106 1052 2341 1119 sensui
2400 1052 2711 1140 pervigili

182 1159 248 1214 et
309 1144 375 1210 in
439 1140 694 1211 divinis
745 1140 1122 1229 perspicaci
1164 1139 1537 1210 officiebat:
1581 1159 1758 1224 quae
1818 1139 1939 1207 etsi
1997 1139 2240 1206 mundi
2303 1139 2597 1227 speciem
2649 1141 2741 1225 ei,

183 1231 620 1311 subduceret,
685 1242 865 1297 certe
915 1229 1160 1297 Christi
1210 1228 1474 1297 vultum
1534 1249 1665 1296 non
1728 1229 2195 1297 subducebat:
2261 1229 2426 1313 quin
2484 1229 2711 1316 potius

183 1332 373 1477 tango
393 1318 563 1476 kplus
601 1317 1028 1395 conferebat,
1066 1333 1327 1404 quanto
1376 1318 1596 1406 magis
1632 1317 2008 1386 visibilium
2048 1337 2276 1386 rerum
2314 1316 2568 1386 formas
2601 1341 2711 1388 ex-

181 1410 294 1480 clu
350 1431 385 1476 e
437 1419 526 1476 at.

272 1500 308 1584 §
357 1502 503 1569 1⁶2.
559 1500 761 1564 Porro
820 1507 1044 1564 autem
1098 1495 1210 1564 Vir
1256 1495 1521 1575 beamS‚
1586 1493 1871 1563 sedulus
1925 1508 2067 1563 erat
2113 1506 2342 1563 custos
2391 1496 2714 1563 innocen-

186 1586 342 1666 tiae,
393 1597 658 1653 amator
709 1584 1190 1664 continentiae,
1228 1583 1451 1652 cultor
1505 1584 1931 1657 sobrietatis,
1993 1584 2391 1673 cupiditatis
2453 1584 2662 1653 hostis
2695 1638 2709 1664 ,

189 1674 701 1745 obtrectationis
733 1673 1082 1752 inimicus,
1123 1685 1510 1759 persecutor
1543 1673 2031 1762 improbitatis:
2067 1694 2240 1758 quas
2273 1673 2355 1740 ad
2398 1694 2509 1741 res.
2540 1673 2715 1740 mul⁴

189 1775 331 1833 tum
363 1764 422 1831 ei
454 1762 744 1832 caecitas
772 1763 1080 1852 corporis
1106 1760 1516 1829 conferebat:
1554 1761 1733 1831 sicut
1765 1761 1847 1829 ad
1897 1763 2228 1850 populum
2267 1767 2543 1850 paterna
2582 1762 2717 1848 pie-

189 1865 321 1922 tate
369 1850 880 1920 admonendum
917 1863 983 1919 et
1014 1850 1539 1930 exhortandum,
1578 1850 2039 1939 pastoralique
2085 1850 2445 1939 diligentia
2491 1864 2713 1918 custo·

188 1940 548 2019 diendum,
588 1938 759 2006 nihil
810 1939 1283 2028 impedimenti
1315 1938 1659 2007 afferebat.
1713 1944 1853 2009 Non
1906 1939 2091 2007 enim
2126 1939 2407 2028 segnius
2441 1938 2535 2007 vel
2572 1962 2719 2008 ora-

187 2031 327 2107 bat,
362 2028 457 2095 vel
482 2028 829 2117 vigilabat,
861 2028 960 2096 vel
986 2028 1319 2097 minusad
1355 2026 1684 2117 populum
1710 2028 2268 2097 concionabatur:
2294 2029 2506 2096 immo
2536 2042 2718 2096 tanto

193 2116 566 2186 ferventius
614 2116 682 2185 iu
736 2116 1021 2197 ChristO,
1081 2116 1391 2186 coelestis
1443 2116 1901 2185 meditabatur
1947 2130 2010 2185 et
2057 2117 2405 2195 tractabat,
2461 2131 2717 2202 quanto

192 2229 231 2276 a
276 2205 563 2275 terrenis
609 2205 928 2276 sensibus
981 2206 1213 2275 minus
1251 2205 1572 2295 ponderis
1624 2206 2033 2294 percipiens,
2089 2228 2170 2274 ea
2213 2228 2290 2273 ex
2330 2218 2516 2294 parte
2555 2206 2714 2273 libe·

191 2295 331 2363 rior
375 2307 541 2373 erat,
601 2315 736 2380 qua
797 2294 1001 2363 homo
1059 2307 1371 2364 terrenus
1443 2293 1815 2383 proclivius
1861 2308 1926 2363 et
1978 2296 2384 2395 propensius
2438 2307 2711 2382 peccat:

191 2395 393 2468 atque
429 2383 522 2451 ibi
557 2382 828 2452 acutius
876 2404 1155 2452 cernere
1187 2396 1521 2473 coeperat,
1574 2383 1696 2451 ubi
1742 2405 1901 2472 pars
1934 2383 2238 2452 hominis
2284 2383 2720 2452 excellentior

191 2471 508 2554 habetur,
562 2485 765 2558 atque
813 2472 933 2542 ubi
966 2472 1051 2541 ad
1104 2494 1403 2563 superna
1442 2473 1719 2542 obtutus
1768 2473 2114 2562 dirigitur,
2172 2486 2248 2542 ut
2295 2472 2527 2542 divina
2576 2472 2719 2542 cla-

192 2561 359 2630 ritas
391 2561 878 2651 conspiciatur.
936 2567 1169 2648 Itaque
1210 2574 1465 2649 quanto
1511 2561 1896 2647 expeditius
1947 2585 2026 2632 eo
2077 2563 2384 2643 tendens,
2430 2563 2513 2630 de
2574 2563 2719 2649 ipso

190 2649 478 2719 luminis
529 2652 802 2739 potabat
849 2649 1065 2730 fonte,
1119 2663 1305 2719 tanto
1359 2650 1864 2740 splendidiores
1916 2673 2034 2738 pro
2099 2651 2429 2721 concione
2493 2650 2720 2719 radios

191 2738 274 2808 ad
328 2737 646 2808 inferiora
698 2739 1028 2820 vibrabat,
1104 2761 1320 2825 eoque
1383 2739 1733 2808 suaviores
1795 2741 1943 2809 suis
2010 2740 2079 2808 in
2130 2739 2719 2809 exhortationibus

192 2827 545 2918 promebat
594 2849 965 2908 sermones,
1038 2829 1219 2914 quod
1270 2851 1382 2897 eos
1447 2829 1672 2917 potius
1721 2828 1806 2896 ab
1856 2830 2007 2917 ipsa
2056 2830 2352 2908 veritate,
2407 2849 2613 2913 quam
2679 2849 2720 2894 a

193 2917 492 2985 veritatis
541 2917 849 2998 testibuS,
897 2930 1060 3004 puta
1111 2915 1328 2997 libris,
1382 2938 1554 3003 quos
1590 2917 1810 3004 legere
1853 2939 1986 2986 non
2038 2929 2322 3005 poterat,
2367 2915 2714 2995 hauriret;

193 3026 320 3074 nec
371 3006 570 3074 verba
617 3005 766 3095 ejus
815 3005 1150 3074 cadebant
1199 3007 1268 3073 in
1322 3018 1610 3074 terram:
1655 3006 1914 3094 quippe
1947 3027 2153 3091 quem
2207 3004 2570 3094 perspicua
2617 3015 2719 3072 at-

192 3092 470 3163 tollebat
503 3094 738 3172 virtus,
793 3116 1002 3181 quam
1054 3095 1120 3163 in
1178 3094 1434 3163 morbis
1473 3095 1798 3164 omnibus
1832 3093 2160 3163 curandis
2194 3092 2579 3161 exhibebat.

280 3184 317 3269 ξ
353 3186 494 3253 13.
536 3182 832 3252 Tandem
887 3185 1220 3252 bonorum
1261 3204 1572 3272 operum,
1629 3195 2166 3268 sanctarumque
2207 3181 2720 3250 institutionum

194 3271 332 3361 piis
392 3270 730 3339 exercitiis
779 3272 1288 3359 comprobatus,
1366 3268 1967 3338 refocillandorum
2025 3292 2405 3360 pauperum
2474 3269 2722 3338 studiis

193 3359 540 3438 elimatuS‚
593 3371 860 3458 optatae
907 3359 1254 3428 caecitatis
1305 3357 1697 3427 medicinali
1733 3359 2034 3427 cauterio
2068 3359 2153 3427 ab
2187 3359 2376 3428 omni
2429 3358 2724 3427 munda-

196 3470 326 3517 nae
383 3448 700 3515 vanitatis
739 3446 939 3516 sorde
1007 3459 1364 3604 purgatuS,
1417 3468 1576 3514 cum
1626 3447 1802 3516 duos
1849 3460 1914 3516 et
1967 3447 2428 3538 quadraginta
2474 3470 2718 3527 annOS,

195 3550 549 3623 tamquam
589 3536 978 3606 mansiones
1015 3537 1129 3604 toti
1185 3558 1289 3604 em
1326 3557 1543 3621 usque
1574 3535 1657 3603 ad
1694 3536 2063 3605 Jordanem
2095 3559 2259 3606 suae
2305 3537 2722 3606 evocationis

193 3627 548 3716 exegisset,
602 3624 718 3693 ubi
762 3624 905 3713 jam
946 3625 1366 3693 transiturus
1403 3624 1664 3693 eratad
1721 3626 2011 3713 patriam
2073 3647 2345 3714 semper
2392 3639 2718 3715 optatam,

196 3715 462 3784 Christo
490 3711 788 3782 reddidit
818 3711 1156 3782 illibatum
1192 3726 1257 3782 et
1283 3713 1902 3783 incontaminatum
1932 3714 2278 3803 spiritum,
2319 3714 2418 3782 illi
2455 3734 2726 3801 semper

194 3804 678 3882 inhaesurum,
736 3801 1063 3888 illamque
1128 3802 1277 3871 sine
1325 3801 1539 3870 dubio
1612 3823 1841 3872 vocem
1906 3803 2345 3872 exultationis
2411 3813 2476 3870 et
2527 3803 2725 3870 bene-

198 3891 521 3961 dictionis
569 3890 997 3970 auditurum,
1037 3912 1243 3977 quam
1290 3904 1630 3961 meruerat
1661 3914 1898 3960 servus
1946 3892 2170 3961 bonus
2217 3903 2282 3961 et
2328 3890 2574 3970 fidelis,
2606 3889 2727 3976 qui

201 3979 533 4050 talentum
583 4002 622 4048 a
674 3978 957 4049 Domino
988 3992 1370 4068 acceptum,
1423 3991 1559 4049 tam
1600 3979 1966 4069 multiplici
2020 3993 2299 4050 auctum
2354 3980 2545 4050 lucro
2582 3979 2728 4047 red-

206 4067 395 4138 deret
464 4069 555 4138 ita
595 4081 673 4138 ut
721 4070 1058 4159 integram
1113 4069 1452 4138 Ecclesiae
1519 4069 1733 4139 unius
1798 4069 2185 4140 custodiam
2264 4069 2545 4138 Domino
2595 4089 2727 4138 suo

199 4158 658 4247 consignaret,
713 4169 944 4245 totque
987 4158 1338 4247 paroeciae
1370 4179 1535 4227 suae
1572 4158 1886 4248 populos,
1929 4171 2062 4227 tam
2103 4159 2305 4228 verbo
2335 4174 2723 4248 conceptOS‚

197 4267 405 4333 quarn
447 4246 774 4337 exemplis
836 4248 981 4317 suis
1030 4246 1269 4329 editos,
1335 4260 1501 4334 quot
1548 4248 1779 4318 carnis
1834 4269 1999 4316 suae
2046 4247 2225 4318 filios
2291 4248 2541 4317 habere
2591 4269 2724 4316 non

199 4334 554 4495 potuisset,
624 4358 895 4405 summo
969 4336 1222 4427 pastori
1292 4336 1773 4427 praesentaret.
1826 4341 2139 4406 Laetatus
2199 4349 2301 4406 est
2357 4350 2536 4407 certe
2612 4336 2731 4405 ille

250 4436 444 4493 eatus
504 4426 896 4496 coelestium
948 4426 1321 4516 spirituum
1369 4426 1748 4510 exercituS,
1799 4425 1964 4516 olim
2013 4426 2477 4516 quorumdam
2523 4426 2732 4497 ruina
