3347 4999
278 354 453 422 OCT.
514 354 595 419 ⁴7
1171 372 1250 418 mi.
1299 373 1354 419 s.
1409 370 1702 418 nssnwmn
1751 370 1941 417 vaA
2604 355 2731 420 493

276 458 441 547 agit,
495 456 562 525 id
618 456 817 526 nobis
877 455 1245 545 praecipuo
1291 455 1491 526 debet
1545 476 1693 525 esse
1747 453 2025 532 solatio,
2070 454 2327 543 quippe
2360 477 2536 541 quae
2576 457 2662 526 ab
2702 457 2832 543 illo,

278 544 596 617 conditae
645 567 913 615 sumus.
959 567 995 611 »
1030 549 1209 614 Haeo
1256 556 1321 614 et
1369 544 1456 613 iis
1496 542 1887 612 consimilia
1938 543 2197 612 dicens.
2245 543 2589 613 nitebatur
2630 567 2822 615 soro·

272 655 432 703 rum
466 654 901 724 compescere
940 632 1308 722 lacrymas,
1345 645 1409 703 et
1442 653 1680 701 earum
1725 631 2134 701 immodicos
2167 629 2439 702 dolores
2475 633 2813 723 mitigare.

273 727 355 793 Et
401 744 561 792 cum
612 722 746 812 ipsi
796 720 898 791 vel
953 721 1248 790 maxime
1314 720 1580 790 adesset
1638 741 1850 790 causa
1911 718 2244 799 dolendi,
2302 719 2459 789 illas
2506 722 2818 793 consola-

272 810 518 881 batur:
576 832 707 881 non
760 809 943 897 quod
998 810 1226 879 mariti
1280 824 1492 879 morte
1532 808 1883 898 gauderet,
1933 830 2135 895 quem
2203 809 2270 876 in
2335 809 2622 879 Domino
2690 812 2821 882 im-

273 921 488 990 pense
536 899 834 978 amabat,
905 910 1140 988 utpote
1202 899 1421 967 virum
1474 897 1846 967 virtutibus
1892 909 2241 975 ornatum,
2299 910 2363 967 et
2424 898 2679 997 populo
2739 922 2816 969 ac
2875 938 2880 942 ·

274 987 700 1078 reipublicae
751 987 987 1056 utilem
1017 1010 1031 1053 :
1073 987 1188 1058 sed
1221 986 1402 1074 quod
1436 986 1709 1055 divinae
1742 985 2072 1055 voluntati
2106 1008 2225 1074 per
2252 1007 2486 1055 omnia
2519 1008 2591 1056 se
2623 986 2820 1059 vellet

276 1077 594 1158 subdere,
639 1088 843 1162 atque
892 1077 982 1145 ita
1028 1076 1453 1145 constantiae
1499 1087 1566 1144 et
1623 1073 1990 1164 patientiae
2037 1072 2350 1162 exempla
2399 1076 2468 1143 in
2523 1075 2635 1144 illa
2689 1100 2816 1147 sua

276 1165 643 1235 afflictione
691 1165 1042 1235 sororibus
1092 1166 1438 1255 praebere.
1491 1163 1803 1233 Eundem
1841 1164 1907 1231 in
1965 1161 2272 1244 modum,
2318 1164 2442 1233 ubi
2480 1167 2815 1253 comperit

271 1254 497 1324 filium
549 1275 755 1324 suum
805 1253 1178 1323 Henricum
1254 1258 1506 1323 Ducem
1578 1275 1615 1321 a
1667 1252 1965 1322 Tartaris
2015 1252 2082 1320 in
2139 1251 2396 1341 proelio
2444 1252 2749 1323 occisum
2793 1309 2809 1336 ,

273 1343 424 1413 sine
472 1342 635 1414 ullis
684 1341 1034 1431 lacrymiS‚
1088 1354 1292 1429 atque
1332 1342 1480 1412 sine
1521 1339 1667 1411 ullo
1717 1339 1976 1410 doloris
2026 1340 2260 1441 signO,
2331 1340 2545 1410 filiam
2614 1363 2808 1411 suam

274 1432 706 1501 Abbatissam
758 1430 1333 1511 Trebniciensem,
1388 1443 1452 1498 et
1496 1451 1752 1499 nurum
1805 1450 2028 1508 suam,
2069 1451 2219 1517 ejus
2253 1430 2532 1499 Henrici
2571 1431 2815 1520 conju-

327 1541 432 1590 em
467 1576 483 1602 ,
539 1540 702 1609 prae
751 1520 966 1589 nimio
1014 1518 1247 1589 dolore
1297 1540 1505 1608 prope
1552 1519 2017 1598 exanimataS‚
2077 1518 2187 1586 his
2234 1517 2458 1587 verbis
2507 1519 2817 1588 consola·

273 1543 522 1678 fiatur:
579 1631 616 1676 «
644 1606 974 1678 Voluntas
1025 1608 1136 1677 Dei
1183 1621 1306 1687 est,
1362 1619 1428 1676 et
1474 1607 1673 1678 nobis
1707 1619 1979 1696 gratum
2022 1627 2169 1676 esse
2225 1606 2445 1688 debet,
2484 1606 2817 1693 quicquid

274 1697 424 1767 vult
474 1701 674 1777 Deus,
712 1710 777 1766 et
825 1696 929 1765 illi
979 1696 1291 1786 placet.»
1326 1696 1577 1765 Eadem
1628 1695 1820 1776 hora,
1873 1694 2219 1764 exultante
2262 1695 2514 1784 spiritu
2561 1696 2712 1785 ejus
2743 1696 2813 1764 in

278 1787 595 1864 Domino,
634 1786 704 1854 in
741 1786 1007 1854 coelum
1045 1784 1336 1855 sublatis
1367 1784 1589 1854 oculis
1640 1798 1706 1853 et
1748 1783 2108 1853 manibus:
2156 1811 2178 1846 (ι,
2218 1784 2506 1865 Gratias,
2560 1784 2629 1853 in
2686 1785 2810 1865 uit,

277 1874 404 1944 tibi
453 1897 607 1965 ago,
648 1874 957 1954 Domine,
1001 1873 1182 1960 quod
1228 1872 1428 1943 talem
1483 1872 1655 1942 mihi
1694 1872 1944 1941 dedisti
2001 1870 2249 1952 filium,
2289 1867 2409 1958 dui
2460 1894 2592 1954 me,
2699 1895 2815 1943 um

275 1962 467 2044 vixit,
509 1984 780 2051 semper
819 1962 1094 2042 amavit,
1130 1975 1194 2031 et
1230 1983 1546 2051 magnam
1587 1961 1759 2030 mihi
1798 1961 2131 2052 praestitit
2177 1961 2648 2041 reverentiam,
2692 1983 2815 2029 nec

277 2072 591 2137 unquam
644 2050 816 2119 mihi
859 2050 1002 2120 ulla
1051 2051 1117 2119 in
1170 2071 1241 2119 re
1290 2050 1620 2120 molestus
1659 2048 1813 2120 fuit.
1863 2054 1941 2119 Et
1989 2050 2308 2136 quamvis
2357 2049 2647 2119 libenter
2692 2050 2815 2119 ad-

277 2139 567 2208 modum
618 2138 858 2208 vellem
908 2161 1067 2209 eum
1102 2139 1353 2208 habere
1393 2139 1859 2228 superstitem,
1904 2150 1972 2207 at
2022 2149 2247 2207 tamen
2302 2138 2596 2208 multum
2656 2160 2814 2228 gra-

280 2226 468 2296 tulor
512 2227 599 2308 ei,
659 2228 841 2315 quod
889 2227 1165 2317 profuso
1214 2228 1574 2317 sanguine,
1629 2226 1752 2297 tibi
1804 2227 2097 2297 Creatori
2147 2248 2272 2296 suo
2316 2226 2462 2312 jam
2509 2238 2609 2296 est
2656 2248 2818 2297 con-

277 2314 569 2403 junctus
602 2317 670 2384 in
714 2315 945 2386 coelis.
1003 2321 1139 2406 Ego
1186 2315 1336 2403 eJus
1382 2316 1689 2385 animam
1743 2315 1888 2396 tibi,
1947 2314 2226 2384 Domine
2260 2319 2460 2395 Deus,
2499 2327 2818 2387 accurate

281 2404 785 2473 commendo.»
834 2404 1248 2506 Hujusmodi
1298 2405 1667 2494 patientiae
1714 2416 1779 2474 et
1813 2403 2225 2473 humilitatis
2274 2404 2502 2486 donis,
2557 2404 2815 2491 quibus

278 2492 457 2583 ipsa,
513 2494 629 2563 Dei
677 2493 1122 2584 benignitate,
1168 2493 1509 2575 excelluit,
1548 2492 1808 2585 optima
1856 2492 1940 2563 de
1989 2515 2060 2563 se
2096 2492 2426 2583 proximis
2456 2493 2818 2564 exhibebat

277 2581 589 2672 exempla
620 2637 635 2662 ,
690 2582 981 2670 illosque
1045 2604 1181 2653 non
1232 2582 1437 2652 modo
1498 2584 1567 2651 in
1618 2582 1946 2653 secundis
1998 2583 2201 2652 rebus
2234 2636 2250 2662 ,
2305 2582 2420 2653 sed
2472 2584 2676 2652 etiam
2745 2583 2813 2651 in

276 2669 588 2751 adversis
634 2670 1125 2741 confirmabat:
1181 2670 1573 2741 humilitate
1623 2693 1752 2741 sua
1810 2670 2088 2750 docens,
2133 2692 2449 2757 nequem
2488 2692 2815 2761 prospera

275 2759 632 2840 efferrent;
676 2760 1001 2848 patientia
1050 2781 1229 2840 ver0,
1279 2781 1362 2829 ne
1407 2760 1691 2830 adversa
1740 2759 2230 2850 opprimerent.

363 2848 399 2934 ξ
448 2850 595 2920 m.
660 2853 743 2917 Ut
789 2848 1078 2930 Christ0,
1117 2849 1238 2936 qui
1274 2871 1395 2939 pro
1427 2849 1755 2919 omnibus
1790 2861 2102 2918 mortuus
2134 2861 2257 2927 est,
2298 2846 2519 2916 vivere
2561 2860 2809 2936 posset,

273 2935 475 3005 beata
513 2936 855 3028 Hedwigis
898 2938 1208 3008 membra
1271 2938 1382 3008 sui
1428 2937 1739 3027 corporis
1791 2957 2165 3026 poenarum
2217 2934 2511 3025 flagellis
2553 2936 2817 3025 jugiter

271 3024 755 3106 mortificabat,
792 3026 1233 3112 quotidianae
1280 3026 1753 3116 castigationis
1789 3029 2068 3095 Crucem
2100 3024 2347 3095 tollens
2382 3023 2447 3090 in
2486 3025 2813 3093 humeros

276 3134 466 3194 sum,
518 3126 583 3182 et
632 3126 784 3204 post
831 3115 1171 3204 Christum
1222 3115 1402 3184 virili
1452 3128 1723 3203 pectore
1774 3113 2142 3182 incedens:
2183 3133 2301 3200 pro
2331 3112 2536 3199 cujus
2571 3133 2806 3181 amore

272 3222 414 3270 non
464 3200 878 3273 formidabat
924 3204 1294 3275 occisionis
1323 3202 1592 3273 ovicula
1633 3201 1806 3281 fieri,
1861 3222 2018 3270 cum
2061 3200 2178 3269 ille
2211 3201 2548 3270 immensa
2586 3200 2817 3270 chari-

273 3301 411 3360 tate
458 3303 832 3378 permotus,
902 3313 1027 3392 pro
1075 3291 1295 3361 salute
1354 3291 1666 3361 omnium
1735 3289 2027 3359 voluerit
2089 3288 2427 3379 crucifigi.
2489 3294 2566 3359 In
2612 3310 2816 3359 carne

273 3377 460 3447 enim
512 3399 639 3448 sua
687 3379 1135 3449 afflictionum
1213 3400 1539 3448 mucrone
1611 3378 2001 3447 trucidabat
2061 3377 2253 3457 vitia,
2315 3378 2631 3449 bestiales
2681 3377 2815 3447 fre-

273 3466 486 3536 nabat
529 3479 792 3549 motus,
853 3490 1186 3537 sensuum
1234 3469 1644 3537 exteriorum
1702 3466 2146 3555 petulantiam
2199 3466 2561 3548 domabat,
2615 3480 2680 3537 et
2727 3465 2814 3535 ad

276 3554 540 3644 gratiae
586 3556 1009 3655 capessenda
1054 3557 1479 3626 incrementa
1509 3610 1528 3636 ‚
1587 3556 2058 3642 virtutumque
2106 3554 2483 3645 profectum
2523 3611 2538 3637 ,
2593 3556 2814 3625 homi-

273 3664 432 3713 nem
494 3643 887 3713 interiorem
954 3646 1336 3732 coaptabat.
1419 3644 1833 3726 Quotidiano
1893 3667 2042 3714 sese
2103 3643 2442 3713 afficiebat
2490 3644 2807 3734 jejunio,

274 3732 577 3820 exceptis
628 3745 852 3801 tamen
920 3733 1294 3802 Dominicis
1332 3732 1580 3803 diebus
1627 3746 1692 3803 et
1732 3732 2126 3834 praecipuis
2183 3731 2599 3820 quibusdam
2642 3732 2815 3802 sole-

273 3819 682 3890 mnitatibus
719 3875 734 3901 ,
804 3819 1060 3907 quibus
1123 3843 1624 3909 nonnunquam
1678 3822 1785 3892 bis
1846 3821 2077 3892 cibum
2143 3821 2479 3912 capiebat.
2539 3821 2633 3889 Ab
2691 3843 2815 3890 esu

273 3909 592 3977 carnium
629 3963 644 3989 ,
696 3923 762 3978 et
823 3931 1061 3979 earum
1125 3932 1354 3980 rerum
1392 3965 1407 3992 ,
1459 3933 1636 3998 quae
1701 3921 1927 3980 essent
1986 3910 2218 3981 carnis
2278 3910 2482 3998 adipe
2541 3910 2812 4009 sagina-

276 4010 430 4079 tae,
488 3996 820 4067 abstinuit
878 3999 1206 4081 omnin0,
1268 3999 1474 4085 idque
1536 4000 1741 4071 annis
1790 3999 1946 4089 plus
2018 3999 2251 4068 minus
2312 3997 2810 4087 quadraginta,

280 4106 406 4154 nec
455 4085 673 4156 ullius
720 4108 1028 4173 unquam
1069 4087 1174 4157 vel
1224 4088 1567 4177 precibuS,
1621 4088 1720 4158 vel
1773 4087 2370 4177 objurgationibus
2410 4085 2662 4155 adduci
2699 4108 2817 4177 po-

277 4175 437 4254 tuit,
491 4188 568 4245 ut
601 4188 734 4244 tam
774 4176 1021 4246 bonam
1054 4177 1622 4246 consuetudinem
1658 4177 2153 4248 intermitteret.
2193 4176 2361 4263 Ejus
2393 4175 2577 4244 enim
2611 4175 2817 4244 frater

281 4282 676 4350 germanuS,
706 4264 1030 4335 dominus
1061 4265 1459 4348 Ekebertus,
1495 4264 2081 4356 Babenbergensis
2115 4264 2492 4355 Episcopus
2520 4264 2576 4345 *,
2607 4286 2811 4351 quem

279 4421 790 4528 exbessitflibsvcssfflibum
826 4426 972 4479 gessit
1011 4430 1068 4470 ab
1106 4438 1225 4469 anno
1264 4429 1366 4469 1203
1399 4429 1457 4469 ad
1491 4430 1613 4472 123⁷:
1648 4429 1695 4470 et
1722 4435 1910 4478 neptem
1941 4436 2088 4472 suam,
2128 4427 2172 4468 S.
2205 4425 2444 4469 Elisabeth
2465 4423 2819 4477 Thuringicam.
