3347 4999
711 332 791 397 54
1531 347 1608 392 nn
1656 347 1713 393 s.
1767 346 2010 393 nvom:
2058 344 2240 393 conr.
2881 325 3056 391 OCT.
3125 326 3152 389 ⁴

620 438 1145 519 praeparatum,
1202 427 1587 516 ingreditur
1635 439 1820 495 tanta
1868 447 2024 495 cum
2077 426 2504 514 jucunditate
2536 480 2550 506 ,
2606 423 2788 494 velut
2836 424 2895 493 si
2942 424 3165 493 totius

617 518 806 587 orbis
839 516 1123 585 delicias
1155 529 1449 605 angusto
1475 537 1707 585 secum
1743 514 2105 585 clausisset
2139 515 2208 582 in
2249 515 2522 603 pariete.
2564 519 2688 583 Per
2719 512 2980 599 aliquot
3005 512 3167 581 dies

617 605 956 686 occultus,
995 604 1200 674 latere
1252 626 1382 673 non
1439 604 1681 693 potuit.
1734 616 1990 673 etcum
2028 625 2066 671 a
2116 603 2372 693 populo
2420 603 2990 691 frequentaretur,
3044 602 3166 669 in-

618 694 882 764 felicem
934 714 1081 763 esse
1129 714 1201 761 se
1234 693 1586 780 judicanS‚
1624 706 1963 760 nocturno
2013 691 2284 761 silentio
2319 692 2566 762 iterum
2618 692 2765 761 loco
2798 690 3000 760 cedit.
3039 695 3166 759 Est

616 806 836 870 usque
875 781 1078 851 hodie
1109 782 1396 851 eandem
1452 781 1666 850 mirae
1718 780 2221 870 magnitudinis
2269 780 2499 871 fagum
2555 780 2803 859 videre,
2857 800 3033 866 quae
3084 780 3161 847 in

618 886 961 941 aeternam
1016 870 1230 961 hujus
1279 871 1494 939 sancti
1547 870 1663 938 Dei
1714 870 2117 938 memoriam
2168 870 2398 939 adhuc
2431 870 2732 939 continet
2765 870 2830 938 in
2869 891 2938 937 se
2971 868 3166 936 anti-

615 981 830 1047 quum
890 958 1105 1028 altare
1139 1014 1154 1041 ,
1214 960 1337 1028 ubi
1392 972 1455 1027 et
1518 958 1871 1049 presbyter
1923 958 2283 1046 parochiae
2351 959 2740 1046 frequenter
2785 956 3163 1026 ecclesiam

614 1051 869 1128 evocat,
907 1062 971 1117 et
1019 1048 1511 1116 communicat.
1546 1053 1676 1116 Nec
1715 1047 1981 1117 desistit
2014 1049 2219 1116 arbor
2250 1061 2486 1116 contra
2530 1069 2814 1126 morem,
2856 1060 2989 1116 tam
3027 1067 3163 1113 an-

615 1160 806 1216 nosa,
860 1136 1090 1205 adhuc
1139 1137 1380 1204 florere
1421 1149 1484 1205 et
1532 1136 1942 1223 germinare,
1999 1135 2066 1205 in
2116 1157 2253 1223 qua
2305 1136 2522 1205 latuit.
2558 1141 2861 1218 Quorum
2896 1134 3156 1203 ssorum

613 1226 1023 1294 amoenitate
1056 1223 1411 1305 delectata,
1446 1225 1512 1293 in
1548 1223 2006 1314 Epithalamio
2035 1247 2161 1295 suo
2195 1225 2501 1310 loquitur
2534 1235 2770 1295 sancta
2804 1223 3112 1292 Ecclesia
3140 1244 3157 1291 :

618 1314 879 1383 Fulcite
921 1335 1030 1382 me
1078 1313 1449 1383 floribuS...

700 1405 736 1490 ξ
786 1408 917 1475 u.
972 1402 1191 1491 Igitur
1222 1401 1383 1470 inde
1415 1402 1794 1491 digressuS,
1839 1401 2043 1503 longa
2084 1424 2326 1471 rursus
2377 1423 2495 1491 per
2528 1401 2890 1490 dispendia
2939 1400 3162 1469 aliam

614 1492 902 1577 requirit
947 1512 1254 1560 eremum
1306 1491 1557 1560 athleta
1608 1491 1724 1559 Dei
1770 1490 2161 1571 Allowmus,
2227 1489 2687 1579 Medmedung
2747 1489 3060 1570 nomine,
3121 1513 3164 1558 a

614 1601 739 1649 sua
788 1579 1024 1648 Gauda
1071 1578 1435 1649 distantem
1477 1579 1777 1649 duorum
1830 1579 2305 1649 tantummodo
2346 1578 2829 1648 milliariorum
2881 1579 3159 1648 itinere.

610 1672 827 1737 Locus
850 1668 917 1737 in
953 1668 1445 1739 densissimum
1471 1691 1718 1739 nemus
1748 1668 2140 1745 silvescens,
2175 1681 2358 1738 vasta
2389 1681 2453 1736 et
2485 1690 2657 1757 pene
2685 1666 3163 1737 inaccessibili

662 1756 865 1826 alude
913 1756 1275 1836 distentuS‚
1317 1779 1677 1847 pomorum
1730 1779 2003 1845 quoque
2050 1779 2227 1842 quae
2265 1757 2488 1847 gignit
2519 1756 2759 1837 saltus,
2794 1769 2859 1825 et
2893 1777 3166 1825 nucum

638 1868 821 1925 erax,
876 1859 1221 1935 praeterea
1269 1846 1497 1916 amnis
1534 1846 1667 1915 leni
1704 1868 2064 1917 murmure
2093 1846 2609 1935 praeterfluens.
2645 1845 2842 1914 facile
2880 1845 3164 1914 habita-

614 1936 866 2004 tionem
897 1934 1209 2004 suadent.
1247 1934 1643 2023 Ingreditur
1689 1957 1846 2004 cum
1899 1935 2192 2016 sarculO,
2240 1936 2530 2004 humum
2567 1934 2793 2015 sarrit,
2827 1933 3163 2003 cellulam

614 2022 1076 2112 permodicam
1119 2024 1345 2113 erigit,
1380 2024 1448 2092 in
1484 2045 1563 2092 ea
1604 2045 1675 2094 se
1701 2025 1902 2110 quasi
1929 2023 2194 2110 sepelit.
2221 2023 2417 2093 Cibos
2447 2023 2662 2093 saltus
2692 2022 3163 2104 ministrabat,

612 2112 842 2181 amnis
872 2125 1130 2201 potum.
1164 2113 1576 2182 Vestimenta
1609 2114 1756 2201 ipse
1796 2113 2131 2183 detulerat
2166 2134 2423 2191 secum,
2464 2134 2706 2202 sagum
2738 2125 2804 2181 et
2841 2110 3166 2179 cilicium

609 2223 785 2288 quae
814 2222 946 2269 non
980 2200 1199 2290 frigus
1225 2215 1557 2282 arcerent,
1583 2203 1696 2272 sed
1723 2202 2102 2272 nuditatem
2137 2201 2596 2291 prohiberent:
2630 2223 2760 2269 non
2792 2200 3167 2269 mollitiem

612 2289 1000 2370 suaderent,
1020 2290 1136 2359 sed
1167 2311 1443 2359 carnem
1473 2289 1858 2360 domarent.
1880 2292 1988 2360 Sic
2015 2290 2448 2376 aliquamdiu
2473 2290 2748 2379 ignotus
2777 2311 2935 2358 cum
2961 2311 3168 2357 man-

613 2379 834 2452 sisset.
890 2379 1276 2463 iterumque
1324 2377 1504 2447 fama
1541 2379 1864 2468 vulgante
1911 2379 2202 2448 ulterius
2236 2401 2432 2469 posse
2483 2378 2688 2447 latere
2734 2377 3164 2467 desperaret,

611 2479 960 2556 comperto
993 2467 1173 2554 quod
1227 2467 1467 2537 beatus
1524 2468 1875 2538 Amandus
1933 2469 2309 2538 monachos
2352 2468 2420 2536 in
2474 2467 2816 2537 Gandensi
2864 2466 3170 2537 ecclesia

612 2557 1102 2637 substituisset,
1154 2568 1221 2626 et
1259 2556 1715 2627 venerabilem
1770 2559 1991 2628 virum
2047 2558 2508 2627 Florebertum
2562 2558 2629 2626 in
2664 2556 2988 2625 Abbatem
3040 2578 3166 2625 or-

610 2645 917 2715 dinasset
960 2645 1154 2734 (nam
1190 2645 1353 2732 quia
1388 2646 1534 2736 ipse
1568 2647 2011 2716 incumbebat
2102 2646 2569 2726 raedicationi‚
2621 2667 2897 2714 necesse
2925 2645 3164 2715 visum

609 2733 741 2804 fuit
785 2734 1222 2814 constituere,
1268 2734 1389 2821 qui
1441 2734 1823 2823 provideret
1859 2735 2047 2804 novel
2084 2758 2161 2805 ae
2209 2735 2435 2804 adhuc
2479 2734 2961 2822 plantationi):
3003 2747 3160 2803 tum

606 2846 765 2894 vero
816 2845 1064 2913 magno
1105 2844 1176 2893 se
1224 2823 1598 2893 aestimans
1644 2825 1843 2911 quasi
1891 2824 2224 2893 donatum
2269 2844 2576 2904 munere,
2615 2823 2698 2892 ad
2739 2823 2966 2893 locum
3000 2843 3167 2910 pro·

610 2911 925 2982 fessionis
956 2934 1121 2981 suae
1167 2912 1406 2982 statuit
1437 2912 1680 2993 redire,
1721 2913 1952 2999 ibique
1999 2914 2119 2999 qui
2162 2925 2537 3002 supererat,
2584 2912 2929 2999 reliquum
2981 2912 3173 2981 vitae

614 3023 898 3071 cursum
941 3022 1358 3091 percurrere.

697 3093 734 3176 ξ
778 3095 928 3162 12.
986 3095 1321 3160 Reversus
1368 3090 1620 3176 itaque,
1675 3089 1876 3176 quasi
1924 3089 2223 3179 Angelus
2274 3090 2411 3171 Dei,
2459 3101 2536 3159 ut
2572 3110 2726 3158 vere
2772 3101 2940 3168 erat,
2985 3088 3172 3157 reci-

613 3177 837 3266 pitur:
910 3190 1269 3268 receptuS,
1342 3177 1638 3268 hospitio
1701 3178 2091 3247 inducitur:
2165 3179 2495 3248 inductus
2559 3178 2977 3258 honoratur,
3032 3198 3171 3246 nec

614 3265 835 3334 ullum
882 3279 1037 3335 ante
1086 3266 1386 3336 habuere
1432 3267 1768 3356 gaudium
1819 3267 2185 3357 capitalius
2232 3289 2441 3354 quam
2492 3267 2675 3354 quod
2727 3266 2882 3336 talis
2933 3267 3037 3333 vir
3087 3266 3163 3333 in

611 3354 1062 3424 contubernio
1110 3377 1345 3423 eorum
1381 3369 1481 3425 est
1531 3369 1866 3447 receptus.
1925 3356 2181 3425 Dehinc
2227 3356 2551 3426 Abbatem
2612 3356 2679 3423 in
2731 3354 3168 3442 colloquium

484 3457 533 3511 ς
612 3454 868 3523 evocat,
908 3442 1170 3512 reditus
1210 3443 1319 3512 sui
1349 3465 1628 3513 causam
1662 3443 1998 3534 explicat:
2035 3444 2443 3514 familiarem
2483 3444 2616 3513 sibi
2650 3444 2796 3512 fieri
2828 3442 3167 3512 cellulam

612 3531 695 3600 ad
748 3530 1331 3600 commanendum
1371 3533 1534 3621 petit
1580 3547 1643 3602 et
1673 3535 2018 3622 impetrat.
2074 3535 2239 3616 Quis
2279 3534 2463 3604 enim
2502 3555 2636 3602 non
2682 3532 2883 3601 modo
2923 3553 3169 3600 mona-

612 3619 901 3688 chorum
932 3620 1048 3689 sed
1084 3632 1149 3690 et
1180 3620 1620 3700 Clericorum,
1646 3623 1934 3692 Bavonis
1973 3644 2107 3691 non
2135 3622 2556 3692 desideraret
2586 3621 3170 3691 contubernium?

612 3709 772 3776 Viva
811 3731 955 3789 vox,
1012 3731 1263 3778 manus
1293 3709 1620 3789 liberalis,
1654 3711 1887 3781 vultus
1920 3712 2173 3802 gravis,
2207 3711 2565 3780 humilitas
2599 3709 3162 3790 inaestimabilis,

602 3797 1011 3886 jucunditas
1058 3797 1690 3888 irreprehensibilis
1725 3852 1740 3880 ,
1794 3813 1858 3868 et
1909 3801 2140 3871 nescio
2187 3821 2365 3887 quae
2409 3814 2595 3869 extra
2637 3800 2986 3869 hominem
3039 3798 3171 3867 ho-

614 3886 824 3955 minis
873 3886 1232 3967 habitudo,
1286 3887 1811 3956 desiderabilem
1848 3910 2005 3958 eum
2059 3889 2306 3958 fecerat
2344 3890 2532 3958 omni
2583 3888 2755 3959 bene
2788 3887 3035 3957 viventi
3090 3888 3165 3956 in

614 3975 925 4043 Domin0.
985 3981 1151 4045 Cum
1206 3989 1434 4045 autem
1476 3978 1618 4045 sive
1666 3997 1747 4044 ex
1797 3977 2098 4047 amicitia
2148 3977 2511 4058 familiari,
2566 3978 2706 4047 sive
2753 4000 2832 4046 ex
2881 3975 3171 4065 regulae

613 4077 975 4219 praecepto
1022 4067 1575 4150 obtemperanter
1608 4064 1849 4134 fratres
1883 4067 2409 4157 accingerentur
2454 4067 2521 4134 in
2565 4065 2994 4135 aedificanda
3025 4065 3169 4134 cel-

643 4152 755 4220 ula
815 4154 939 4221 viri
995 4154 1153 4226 Dei.
1211 4153 1294 4222 ad
1350 4153 1845 4223 declarandum
1890 4154 2082 4224 electi
2134 4156 2240 4225 sui
2306 4156 2665 4236 meritum,
2722 4155 3170 4245 omnipotens

612 4240 829 4309 virtus
878 4241 1009 4309 tale
1055 4242 1351 4311 ostendit
1396 4243 1835 4312 miraculum.
1892 4244 2088 4313 Laica
2138 4267 2432 4333 persona
2480 4245 2778 4325 ArtinuS,
2833 4243 3167 4313 sabulum

614 4341 677 4397 et
728 4329 990 4420 lapides
1035 4330 1338 4419 plaustro
1368 4331 1737 4412 advehenS,
1779 4332 2026 4401 latratu
2075 4355 2326 4403 canum
2373 4333 2900 4423 impediebatur.
2956 4337 3169 4401 Cum-

612 4440 744 4505 que
784 4419 1063 4510 gravius
1122 4434 1506 4510 urgeretur,
1560 4435 1625 4490 et
1679 4420 1975 4512 longiori
2032 4445 2222 4492 mora
2274 4436 2657 4504 teneretur,
2719 4442 2833 4491 ore
2888 4419 3167 4513 procaci
