3347 4999
148 355 331 422 OCT.
387 355 426 420 4
1031 372 1111 417 nr.
1159 372 1215 418 s,
1268 369 1614 417 rammsco
1662 369 1845 417 conr.
2498 351 2625 415 163

146 472 384 528 tamen
434 456 812 526 admodum
846 454 1250 545 singularis.
1297 455 1502 524 Omni
1532 467 1839 541 tempore
1876 452 2168 521 orationi
2207 473 2484 533 vacans,
2525 464 2715 523 tanta

146 547 580 618 districtione
636 544 989 616 silentium
1039 543 1469 622 observabat,
1523 542 1708 631 quod
1759 552 2206 610 consueverat
2258 563 2392 610 non
2444 542 2710 624 verbis,

151 635 275 705 sed
328 635 617 705 nutibus
664 632 999 703 confiteri.
1053 633 1313 704 Accidit
1361 645 1619 710 autem,
1678 641 1994 699 sanctum
2046 634 2311 699 Patrem
2366 630 2594 699 venire
2626 630 2716 700 ad

157 724 391 795 locum
435 779 451 804 ,
515 722 743 792 videre
802 721 1081 791 fratrem
1123 776 1138 802 ,
1201 734 1266 791 et
1313 721 1397 790 de
1462 721 1613 809 ipso
1659 741 1820 789 cum
1871 717 2027 787 aliis
2075 716 2404 788 fratribus
2464 718 2719 789 habere

150 834 573 883 sermonem.
630 809 1292 881 commendantibus
1341 819 1569 879 autem
1622 808 1952 877 omnibus
1999 820 2063 876 et
2106 805 2718 907 magnificantibus

153 902 383 982 illum,
437 900 794 991 respondit
831 900 947 969 Vir
988 901 1144 968 Dei:
1201 898 1502 978 «Sinite,
1555 897 1824 976 fratreS,
1880 917 1964 964 ne
2017 895 2189 964 mibi
2240 917 2307 963 in
2358 916 2438 964 eo
2481 895 2719 965 diabo-

155 993 291 1061 lica
341 991 672 1080 figmenta
719 988 1039 1058 laudetis.
1096 993 1170 1056 In
1221 987 1503 1057 veritate
1535 986 1793 1065 sciatis,
1829 984 2014 1072 quod
2057 983 2400 1053 diabolica
2434 986 2716 1054 tentatio

151 1093 279 1159 est,
316 1093 382 1149 et
420 1079 729 1168 deceptio
769 1077 1234 1147 fraudulenta.
1279 1099 1314 1143 »
1352 1082 1530 1145 Dure
1577 1086 1996 1162 acceperunt
2043 1074 2172 1142 hoc
2223 1073 2488 1154 fratreS,
2543 1085 2716 1142 tam-

151 1191 365 1256 quam
435 1166 866 1258 impossibile
919 1165 1364 1256 judicantes,
1446 1164 1630 1252 quod
1704 1174 1799 1232 tot
1869 1161 2307 1252 perfectionis
2380 1162 2711 1244 indiciis,

152 1257 424 1328 fraudis
472 1279 545 1326 se
591 1269 978 1326 commenta
1031 1254 1404 1324 fuscarent.
1459 1259 1709 1322 Verum
1764 1273 1900 1320 non
1955 1265 2107 1340 post
2142 1250 2397 1320 multos
2445 1250 2593 1322 dies
2636 1272 2718 1321 eo

153 1347 586 1436 Religionem
649 1366 948 1433 egress0,
1003 1343 1351 1413 evidenter
1399 1339 1747 1433 apparuit,
1802 1355 2059 1427 quanta
2115 1339 2493 1408 luculentia
2541 1341 2718 1409 inte-

152 1436 359 1506 rioris
407 1434 781 1514 contuitus,
828 1433 944 1502 Vir
994 1433 1107 1500 Dei
1158 1431 1384 1501 cordis
1432 1433 1586 1519 ejus
1638 1442 1897 1499 secreta
1934 1429 2301 1519 perspexit.
2342 1429 2714 1498 Multorum

153 1546 433 1612 quoque
483 1545 605 1614 per
652 1524 839 1591 hunc
891 1521 1200 1602 modum,
1244 1520 1366 1607 qui
1425 1534 1603 1590 stare
1642 1518 2078 1598 videbantur,
2138 1518 2437 1598 ruinam,
2486 1518 2601 1586 sed
2652 1529 2719 1587 et

156 1614 469 1704 plurium
527 1632 1002 1702 perversorum
1055 1610 1570 1679 conversionem
1625 1607 1708 1675 ad
1764 1608 2108 1677 Christum
2145 1661 2160 1686 ,
2214 1606 2559 1676 immobili
2607 1628 2719 1674 ve·-

152 1704 357 1772 ritate
391 1701 927 1792 praenuncians,
983 1699 1583 1789 appropinquasse
1637 1695 1998 1765 videbatur
2043 1695 2127 1765 ad
2171 1708 2487 1764 aeternae
2535 1695 2716 1764 lucis

156 1791 525 1881 speculum
577 1788 1214 1878 contemplandum,
1269 1787 1477 1875 cujus
1514 1784 1784 1874 fulgore
1834 1783 2163 1865 mirabili,
2217 1784 2525 1854 absentia
2564 1805 2718 1853 cor-

155 1879 538 2037 pgraliter,
611 1891 957 1964 tamquam
1002 1878 1059 1945 si
1107 1888 1333 1946 essent
1396 1875 1823 1964 praesentia,
1881 1874 2133 1943 mentis
2181 1873 2331 1962 ejus
2394 1873 2719 1942 cernebat

157 1990 199 2038 o
259 1979 469 2037 tutuS.

248 2059 286 2142 ἓ
332 2060 476 2128 24.
522 2053 829 2138 Quodam
881 2074 1183 2139 namque
1224 2063 1528 2141 tempore
1576 2052 1879 2122 vicarius
1927 2073 2097 2120 suus
2139 2051 2409 2119 tenebat
2443 2049 2718 2151 Capitu-

158 2144 308 2218 lum
348 2168 364 2223 ;
418 2145 567 2234 ipse
615 2165 770 2213 vero
800 2197 815 2223 ,
868 2142 937 2211 in
989 2141 1162 2212 cella
1210 2163 1464 2222 orans,
1521 2153 1871 2228 sequester
1917 2153 2060 2209 erat
2106 2151 2172 2207 et
2222 2139 2491 2208 medius
2541 2153 2719 2209 inter

157 2233 406 2302 fratres
452 2246 517 2303 et
566 2236 801 2300 Deum.
857 2236 1023 2301 Cum
1077 2232 1291 2320 igitur
1335 2252 1521 2300 unus
1568 2252 1648 2299 ex
1698 2230 1894 2320 ipsis,
1950 2227 2371 2297 defensionis
2409 2227 2713 2314 quodam

156 2334 513 2392 contectus
563 2320 879 2410 palliolo,
940 2341 1074 2389 non
1128 2341 1200 2390 se
1247 2319 1571 2388 subderet
1618 2316 2077 2410 disciplinae;
2123 2316 2363 2385 videns
2425 2317 2552 2385 hoc
2599 2316 2716 2385 Vir

156 2422 441 2480 sanctus
488 2411 559 2478 in
611 2409 900 2499 spiritu,
952 2409 1218 2478 vocavit
1279 2408 1650 2494 quemdam
1704 2407 1787 2476 de
1858 2406 2186 2476 fratribus
2218 2461 2232 2487 ,
2286 2418 2351 2474 et
2402 2406 2573 2475 dixit
2621 2404 2710 2474 ad

155 2522 369 2569 eum:
423 2522 458 2566 «
491 2497 687 2580 Vidi,
742 2497 994 2578 frater,
1054 2496 1410 2567 diabolum
1467 2518 1679 2587 super
1728 2495 1917 2566 illius
1976 2495 2206 2566 fratris
2254 2494 2717 2565 inobedientis

156 2589 470 2667 dorsum,
524 2587 781 2657 collum
829 2587 984 2675 ejus
1034 2598 1372 2655 tenentem
1424 2585 1860 2666 adstrictum,
1913 2586 2035 2672 qui
2084 2584 2201 2655 tali
2253 2606 2516 2654 sessore
2548 2584 2717 2654 sub-

156 2690 379 2758 actus,
433 2676 861 2761 obedientiae
908 2675 1102 2745 freno
1151 2688 1379 2763 spreto
1409 2729 1425 2756 ,
1480 2675 1852 2745 instinctus
1898 2676 2050 2764 ejus
2108 2672 2522 2759 sequebatur
2586 2672 2712 2740 ha-

156 2767 397 2836 benas.
455 2769 530 2833 Et
569 2787 728 2834 cum
784 2786 1092 2855 rogarem
1146 2769 1359 2832 Deum
1431 2785 1553 2853 pro
1619 2763 1875 2844 fratre,
1932 2764 2160 2833 subito
2210 2761 2499 2829 daemon
2550 2781 2714 2829 con-

151 2853 356 2924 fusus
403 2852 757 2923 abscessit.
813 2853 993 2923 Vade
1027 2852 1261 2942 igitur,
1306 2864 1371 2921 et
1427 2852 1540 2920 dic
1575 2851 1813 2933 fratri,
1869 2863 1944 2921 ut
1976 2849 2405 2920 obedientiae
2439 2860 2716 2919 sanctae

150 2944 322 3033 jugo
368 2942 625 3012 collum
677 2942 826 3013 sine
889 2963 1080 3010 mora
1147 2941 1532 3010 submittat.
1572 2964 1610 3008 »
1673 2941 1971 3009 Monitus
2025 2960 2144 3030 per
2191 2937 2710 3006 internuncium

153 3031 387 3112 frater,
443 3032 812 3117 statimque
857 3051 1230 3100 conversus
1279 3029 1362 3099 ad
1419 3035 1656 3111 Deum,
1711 3030 1797 3098 ad
1888 3029 2048 3098 edes
2081 3026 2316 3096 vicarii
2356 3025 2716 3094 humiliter

156 3141 232 3190 se
268 3121 575 3221 projecit.
628 3119 772 3189 Alio
809 3141 1087 3206 quoque
1139 3132 1442 3208 tempore
1480 3119 1766 3208 contigit
1863 3139 1991 3187 uos
2038 3115 2281 3185 fratres
2330 3114 2415 3182 ad
2465 3113 2715 3183 eremi-

152 3222 410 3279 torium
471 3208 738 3278 Graecii
784 3208 869 3276 de
934 3208 1215 3277 remotis
1262 3208 1538 3288 venire,
1595 3220 1670 3275 ut
1719 3206 1954 3274 Virum
2024 3206 2135 3274 [lei
2186 3207 2593 3283 cernerent,
2646 3216 2712 3272 et

153 3297 734 3377 benedictionem,
791 3296 1009 3366 multo
1056 3295 1514 3365 desideratam
1541 3296 1686 3384 jam
1725 3306 2053 3385 tempore,
2109 3306 2556 3382 reportarent.
2595 3296 2717 3360 Ve-

153 3387 428 3455 nientes
473 3398 701 3455 autem
752 3396 818 3454 et
866 3407 999 3456 non
1054 3384 1502 3465 invenientes,
1541 3384 1708 3472 quia
1742 3383 1826 3452 de
1862 3383 2141 3473 publico
2161 3383 2307 3472 jam
2344 3381 2427 3451 ad
2464 3380 2712 3451 cellam

152 3475 503 3554 redierat,
570 3471 854 3544 desolati
918 3474 1224 3544 abibant.
1293 3477 1371 3542 Et
1426 3494 1583 3542 ecce
1637 3471 2113 3542 recedentibus
2174 3471 2363 3553 illis,
2419 3492 2577 3540 cum
2629 3468 2715 3538 de

153 3565 474 3654 ipsorum
524 3562 824 3632 adventu
870 3564 971 3633 vel
1012 3584 1282 3633 recessu
1331 3561 1507 3629 nihil
1560 3561 1946 3631 secundum
1990 3562 2376 3630 humanum
2429 3579 2713 3628 sensum

151 3653 513 3744 percipere
561 3651 915 3740 potuisset,
975 3663 1243 3740 praeter
1280 3650 1558 3719 solitum
1607 3672 1863 3719 morem
1916 3671 2235 3740 egressus
2263 3670 2302 3718 e
2339 3646 2535 3728 cella,
2575 3645 2716 3715 cla-

151 3741 375 3812 mavit
419 3752 571 3829 post
617 3760 755 3819 eOS,
809 3752 874 3809 et
910 3741 1108 3830 juxta
1146 3739 1328 3827 quod
1371 3751 1793 3827 optaverant,
1847 3739 2048 3829 signo
2096 3737 2332 3808 Crucis
2378 3736 2580 3815 facto,
2638 3736 2710 3803 in

154 3829 408 3900 Christi
444 3828 723 3898 nomine
755 3827 1121 3898 benedixit.
1162 3833 1303 3896 Duo
1336 3827 1578 3897 fratres
1614 3842 1946 3897 venerunt
1978 3826 2355 3914 aliquando
2391 3824 2478 3893 de
2507 3830 2713 3893 Terra

152 3918 440 3989 Laboris
486 3917 562 3997 ⁴⁸,
622 3938 916 4004 quorum
978 3917 1329 4003 antiquior
1379 3916 1716 3986 nonnulla
1766 3913 2371 3986 intulitsrandala
2414 3912 2708 4002 juniori.

156 4012 327 4077 Cum
362 4019 590 4076 autem
629 4006 1097 4095 pervenissent
1146 4006 1231 4074 ad
1282 4010 1573 4085 Patrem,
1627 4006 1966 4093 quaesivit
1995 4004 2112 4073 ille
2146 4026 2186 4072 a
2209 4002 2500 4093 juniori,
2538 4022 2716 4089 qua-

159 4096 320 4165 liter
370 4117 532 4184 erga
571 4094 801 4184 ipsum
853 4115 925 4162 se
973 4093 1181 4163 frater
1228 4095 1456 4164 socius
1506 4094 1862 4164 habuisset
1923 4095 1993 4162 in
2059 4093 2189 4162 via.
2245 4097 2391 4173 Quo
2431 4110 2715 4180 respon·-

157 4184 400 4254 dente:
455 4205 491 4250 «
538 4183 781 4269 Utique
835 4182 999 4253 satis
1055 4183 1229 4253 bene
1263 4238 1278 4263 ‚
1321 4206 1356 4249 »
1408 4183 1808 4273 subjunxit:
1865 4205 1900 4248 «
1932 4186 2120 4261 Cave,
2186 4180 2416 4261 frater,
2465 4202 2547 4247 ne
2583 4177 2714 4246 sub

157 4272 572 4342 humilitatis
612 4271 861 4361 specie,
912 4271 1312 4342 mentiaris:
1360 4271 1502 4341 scio
1551 4273 1764 4352 enim,
1819 4272 2008 4341 scio:
2062 4269 2178 4338 sed
2216 4280 2527 4359 exspecta
2567 4287 2713 4334 mo-

164 4362 443 4442 dicum,
508 4373 575 4430 et
614 4360 901 4431 videbis.
935 4383 970 4426 »
1022 4361 1307 4430 Miratus
1347 4372 1450 4429 est
1500 4360 2008 4450 perplurimum
2061 4358 2311 4439 frater,
2365 4353 2716 4446 quomodo

212 4487 241 4516 ⁴¹
269 4486 538 4538 campani&
554 4486 715 4530 italice
737 4495 850 4528 vero
870 4487 1011 4527 Terra
1030 4487 1076 4527 αι·
1092 4486 1283 4535 Laroro,
1299 4487 1547 4537 Neapolim
1566 4496 1750 4534 versus,
1775 4486 1824 4526 in
1846 4484 2078 4534 'tyrrheni
2097 4482 2238 4527 maris
2261 4493 2356 4525 ora.
