3347 4999
697 363 826 428 748
1269 379 1349 425 nn
1395 379 1487 427 ss.
1534 378 1802 427 zssnomo
1849 378 1923 425 nr
1969 379 2238 426 zenonem
2287 377 2479 426 usar.
2844 361 3023 428 OCT.
3076 364 3160 428 30

609 487 741 535 non
797 466 974 535 hanc
1030 486 1242 533 unam
1293 485 1469 550 quae
1533 464 1731 533 nobis
1782 462 1878 532 vel
1930 465 2019 532 ab
2071 464 2219 553 ipsa
2278 476 2527 533 natura
2573 463 2863 534 debetur
2922 487 3163 535 neces-

608 555 811 624 sario.
851 578 887 622 »
937 559 1117 624 Haec
1163 575 1326 641 ergo
1360 574 1517 621 cum
1569 552 1924 632 dixissent,
1981 557 2307 641 Martyres
2347 553 2574 621 statim
2615 552 2769 622 lecti
2803 554 3163 644 excipiunt

604 643 831 724 ferrei,
875 658 941 712 et
977 642 1122 733 igni
1171 644 1301 712 sub
1337 640 1526 711 lectis
1575 640 1999 710 accenditur.
2037 641 2281 710 Aderat
2328 653 2558 711 autem
2610 642 2846 731 Lysias
2876 664 3159 730 quoque

610 733 1007 803 acclamans
1042 756 1052 796 :
1110 753 1146 797 «
1178 730 1416 801 Veniat
1462 729 1794 808 Christu5‚
1834 742 1898 798 et
1929 751 2125 818 opem
2178 729 2349 799 ferat
2389 729 2473 799 iis
2506 730 2627 816 qui
2666 752 2785 817 pro
2828 731 2983 821 ipso
3037 755 3160 822 pa-

609 823 898 892 tiuntur.
936 843 971 887 »
1020 819 1356 890 Zenobius
1403 832 1629 889 autem
1693 818 1755 887 ei
1815 818 2093 888 honeste
2141 818 2353 888 dixit:
2412 842 2446 886 «
2492 824 2586 888 En
2644 818 2888 900 adest,
2946 843 3159 890 suum

608 933 831 980 rorem
885 909 1218 999 praebens
1268 908 1466 978 nobis
1516 907 1957 988 medicinam,
2010 907 2276 976 etiamsi
2330 920 2406 977 tu
2455 908 2582 978 hoc
2620 930 2754 978 non
2795 910 3026 998 possis
3065 909 3163 977 vi-

606 999 789 1079 dere,
842 1023 1000 1067 cum
1039 999 1136 1066 sis
1164 996 1636 1067 circumdatus
1679 1000 1860 1065 tanta
1894 996 2190 1082 caligine
2236 996 2629 1087 impietatis
2664 1021 2702 1065 »

691 1091 728 1189 ξ
770 1092 848 1158 ¹2.
902 1092 1263 1176 Tyrannus
1310 1107 1471 1176 ergo
1517 1107 1678 1154 cum
1729 1084 1985 1154 videret
2033 1107 2147 1156 eos
2199 1100 2331 1154 tam
2386 1108 2493 1155 ma
2550 1108 2636 1155 no
2682 1099 2748 1156 et
2798 1098 2938 1155 tam
3001 1085 3159 1156 forti

605 1198 838 1246 animo
891 1175 1255 1266 praeditos,
1312 1176 1380 1243 in
1436 1174 1818 1264 praesentia
1865 1173 2144 1260 quidem
2194 1195 2462 1243 cessare
2536 1175 2670 1244 acit
2716 1196 2964 1245 eorum
2998 1198 3157 1246 cru·

605 1266 914 1346 ciatum,
971 1264 1177 1334 simul
1229 1262 1507 1351 quidem
1568 1276 1634 1332 et
1680 1262 1766 1331 ad
1831 1284 2112 1332 sensum
2171 1261 2430 1333 doloris
2477 1286 2636 1333 eum
2706 1285 3151 1352 nequaquam

605 1354 918 1424 sufficere
964 1354 1388 1432 existimans,
1425 1364 1489 1420 et
1520 1374 1642 1441 spe
1688 1351 1983 1438 quadam
2021 1351 2153 1421 sibi
2188 1351 2551 1421 blandiens
2599 1351 2763 1434 fore,
2802 1366 2879 1422 ut
2918 1355 2967 1421 ii
3009 1376 3155 1443 per·

606 1442 1050 1523 suadeantur,
1097 1454 1162 1512 et
1189 1453 1695 1520 convertantur,
1743 1462 1867 1509 nec
1915 1454 2247 1540 perpetuo
2287 1442 2379 1509 ita
2419 1442 2554 1512 sibi
2605 1443 2778 1511 nihil
2833 1456 3143 1531 parcant.

611 1537 779 1602 Cum
817 1532 1045 1633 itaque
1076 1553 1112 1600 e
1146 1530 1337 1601 lectis
1383 1529 1617 1599 ferreis
1650 1551 1766 1598 eos
1803 1528 2071 1599 fecisset
2116 1551 2397 1619 surgere
2428 1556 2442 1594 ε
2496 1552 2532 1596 «
2562 1531 2777 1601 Vestri
2800 1584 2820 1610 ,
2871 1532 3145 1619 inquit,

607 1620 812 1689 modo
860 1620 1307 1701 miseremini,
1350 1640 1571 1707 neque
1604 1619 1694 1688 sit
1728 1618 1912 1687 alte»
1946 1617 2141 1687 alteri
2192 1619 2481 1689 invicem
2533 1618 2904 1709 adspectus
2952 1620 3152 1689 mise·

607 1709 869 1790 rabitis,
923 1709 1129 1779 frater
1158 1722 1314 1778 ante
1343 1706 1582 1777 oculos
1612 1708 1867 1778 sororis
1899 1706 2216 1776 atrociter
2250 1707 2668 1777 interfectus.
2704 1731 2740 1774 »
2775 1708 2884 1777 Illi
2917 1721 3146 1778 autem

609 1797 921 1868 moribus
963 1811 1030 1868 et
1075 1797 1329 1867 animis
1378 1797 1598 1886 magis
1644 1796 1913 1878 fratres,
1947 1817 2156 1883 quam
2198 1796 2647 1886 corporibus:
2687 1797 2922 1876 «Tibi,
2963 1797 3149 1867 dixe-

607 1900 794 1967 runt,
833 1909 873 1956 o
902 1892 936 1956 J
950 1886 1147 1969 udex‚
1186 1887 1409 1977 potius
1441 1883 1896 1963 consulimus,
1953 1897 2028 1954 ut
2062 1898 2218 1954 tuae
2256 1885 2530 1954 animae
2563 1885 2867 1973 aliquam
2902 1908 3144 1955 curam

607 1998 846 2066 geras:
895 1990 961 2045 et
1009 1977 1249 2045 timeas
1344 1973 1574 2044 uidem
1627 1973 2040 2063 gehennam,
2092 1974 2295 2063 cujus
2351 1974 2575 2043 minae
2626 1974 2749 2045 tibi
2797 1975 3146 2044 intentan-

608 2077 743 2145 tur,
795 2076 860 2133 et
907 2064 1247 2156 supplicia
1298 2063 1412 2132 ila
1466 2062 1930 2131 immortalia:
1982 2061 2297 2131 discedas
2345 2075 2571 2132 autem
2609 2063 2697 2133 ab
2739 2063 2869 2132 hoc
2916 2086 3146 2134 errore

612 2152 992 2234 manifesto,
1029 2166 1094 2222 et
1122 2153 1205 2222 ad
1249 2157 1456 2221 Deum
1509 2173 1746 2220 verum
1781 2150 2090 2231 accedas,
2125 2163 2190 2220 et
2236 2150 2320 2219 ad
2362 2152 2702 2240 pietatem.
2750 2157 2883 2223 Nos
2917 2165 3143 2222 autem

608 2242 731 2311 tibi
778 2242 1038 2311 erimus
1086 2239 1269 2331 apud
1322 2245 1531 2309 Deum
1582 2242 2088 2318 intercessores,
2143 2261 2647 2328 sponsoresque
2677 2254 2742 2311 et
2782 2241 3146 2311 fide'usso-

610 2351 760 2406 res,
813 2328 995 2417 quod
1047 2342 1395 2419 acceptam
1449 2342 1632 2397 tuam
1701 2328 1977 2397 habebit
2032 2328 2589 2410 conversionem,
2634 2342 2699 2399 et
2757 2343 2817 2398 te
2880 2353 2921 2420 p
2955 2330 3147 2400 acide

607 2419 918 2509 excipiet,
972 2431 1036 2488 et
1082 2418 1485 2509 dignabitur
1514 2416 1716 2486 bonis
1754 2415 2243 2486 ineffabilibus.
2286 2440 2322 2484 »
2373 2422 2653 2508 Propter
2699 2440 2879 2506 quae
2914 2419 3148 2510 Lysias

612 2507 799 2577 rabie
830 2508 1128 2610 quadam
1169 2523 1235 2577 et
1266 2507 1493 2576 furore
1525 2506 1746 2577 factus
1792 2508 2038 2578 acrior.
2065 2507 2263 2595 jubet
2311 2506 2482 2576 illud
2530 2524 2652 2597 par
2693 2530 2844 2577 vere
2884 2508 3144 2577 bonum

608 2596 799 2685 injici
849 2619 916 2665 in
970 2598 1244 2668 lebetes.
1318 2598 1592 2666 Lebetes
1647 2608 1876 2665 autem
1940 2597 2187 2665 subtus
2249 2596 2595 2667 habebant
2658 2596 2886 2687 ignem
2954 2596 3147 2667 valde

607 2708 1001 2756 accensum.
1050 2685 1157 2755 Illi
1206 2706 1363 2754 vero
1414 2698 1668 2756 stantes
1717 2696 1874 2753 ante
1923 2683 2194 2765 lebetes,
2235 2707 2394 2754 cum
2439 2684 2677 2755 oculos
2725 2685 2936 2756 simul
2989 2708 3144 2756 cum

608 2775 844 2845 anima
892 2775 960 2845 in
1011 2775 1277 2845 coelum
1331 2773 1794 2853 sustulissent,
1846 2771 2219 2842 dicebant:
2275 2799 2299 2836 ι
2342 2774 2625 2843 Domine
2662 2774 2821 2845 Jesu
2860 2775 3143 2853 Christe,

610 2869 786 2935 Deus
834 2865 1048 2955 paciS,
1101 2863 1377 2953 suscipe
1424 2862 1493 2931 in
1548 2884 1711 2952 pace
1758 2862 2030 2931 animas
2084 2874 2449 2932 nostras.»
2502 2862 2739 2933 Finitis
2791 2863 3137 2952 precibus,

608 2975 724 3022 eos
770 2954 998 3023 statim
1048 2965 1463 3041 exceperunt
1511 2951 1806 3021 lebetes:
1860 2964 1925 3020 et
1952 2971 2129 3039 quae
2166 2964 2310 3020 erat
2343 2950 2411 3018 in
2462 2951 2562 3020 eis
2608 2950 2888 3040 quidem
2939 2974 3143 3039 aqua,

612 3041 711 3110 vel
754 3042 905 3132 ipso
953 3043 1112 3133 igne
1159 3040 1456 3111 fervebat
1495 3039 1990 3109 vehementius.
2059 3044 2183 3108 Par
2228 3050 2457 3109 autem
2508 3045 2880 3129 Martyrum
2913 3094 2933 3121 ,
2990 3063 3148 3110 cum

609 3130 920 3200 divinum
980 3129 1349 3218 quemdam
1415 3150 1635 3198 rorem
1696 3128 1783 3197 ab
1830 3128 1967 3197 alto
2015 3128 2389 3210 sensisset,
2443 3150 2701 3199 canens
2748 3130 3011 3198 sensim
3055 3141 3153 3198 aet

607 3240 950 3309 egressus
992 3219 1343 3289 Canticum
1397 3230 1626 3287 autem
1661 3229 1850 3286 erat:
1902 3219 2205 3287 Servasti
2237 3240 2377 3289 nos,
2414 3219 2711 3298 Domine,
2764 3219 2846 3287 ab
2902 3219 2991 3287 iis
3040 3219 3160 3309 qui

609 3330 726 3377 nos
773 3310 1091 3398 affliqunt
1118 3333 1141 3377 .·
1192 3319 1255 3376 et
1285 3330 1392 3377 eos
1437 3309 1704 3398 quinos
1735 3306 1884 3375 odio
1925 3306 2188 3387 liabent,
2234 3307 2521 3396 affecisti
2541 3307 2800 3397 pudore
2827 3306 2968 3396 (Ps.
3012 3306 3149 3394 43).

698 3403 736 3477 ἓ
784 3399 863 3467 S.
920 3402 1272 3465 Caeterum
1339 3396 1574 3481 Lysias
1640 3415 1801 3464 cum
1852 3415 2088 3463 eorum
2162 3394 2561 3463 mutationis
2624 3417 2898 3464 omnem
2961 3417 3152 3485 spem

610 3484 993 3576 abjecisset,
1033 3484 1350 3554 ultimam
1384 3483 1511 3554 fert
1545 3483 1611 3552 in
1641 3505 1758 3554 eos
1792 3482 2226 3564 sententiam,
2265 3497 2342 3553 ut
2371 3482 2602 3574 gladio
2634 3484 2840 3552 vitam
2878 3482 3148 3552 finiant.

610 3580 773 3643 Cum
827 3573 1055 3662 itaque
1102 3586 1289 3643 extra
1331 3595 1567 3643 muros
1614 3572 1911 3641 civitatis
1959 3577 2373 3662 Aegaeorum
2426 3571 2720 3642 fuissent
2769 3572 3029 3652 Sancti,
3084 3584 3157 3642 ut

603 3663 910 3752 jusserat
956 3662 1216 3752 Lysias,
1270 3673 1335 3730 et
1383 3684 1454 3731 se
1503 3682 1749 3731 rursus
1798 3659 2150 3730 dedissent
2201 3660 2568 3749 precibus:
2625 3684 2660 3728 «
2698 3666 2743 3731 Α
2797 3660 2985 3730 imus
3036 3660 3156 3731 tibi

661 3752 889 3833 ratiaS‚
946 3751 1209 3821 Christe
1257 3756 1470 3832 DeuS,
1534 3750 1901 3831 dicebant,
1954 3748 2134 3836 quod
2192 3747 2519 3839 dignatus
2567 3749 2663 3819 sis
2711 3772 2748 3819 e
2826 3771 3032 3831 cere,
3084 3760 3159 3819 ut

659 3862 869 3912 onum
922 3852 1266 3909 certamen
1319 3838 1853 3918 decertaremus,
1905 3859 2187 3908 cursum
2224 3859 2897 3919 consummaremuS,
2947 3838 3155 3907 fidem

615 3951 1070 4001 servaremus.
1125 3928 1272 3998 Tibi
1329 3949 1492 4017 ergo
1545 3926 1838 4029 placeat,
1882 3949 1921 3996 o
1969 3926 2302 4006 Domine,
2372 3939 2447 3995 ut
2499 3926 2721 3997 simus
2787 3927 3159 4017 participes

614 4018 903 4109 praemii
958 4038 1298 4109 supernae
1343 4017 1758 4097 vocationis:
1810 4029 1875 4085 et
1935 4036 2061 4085 nos
2128 4013 2302 4085 refer
2363 4016 2429 4082 in
2496 4036 2859 4085 numerum
2914 4036 3155 4086 eorum

616 4108 737 4195 qui
785 4109 1200 4198 placuerunt
1250 4118 1484 4176 sancto
1534 4117 1649 4175 tuo
1688 4117 1753 4173 et
1791 4103 2202 4174 admirando
2241 4103 2533 4184 nomini,
2574 4105 2902 4191 quoniam
2938 4126 3015 4175 es
3049 4105 3161 4174 be-

610 4195 925 4267 nedictus
964 4197 1032 4265 in
1072 4194 1329 4266 secula.
1363 4216 1399 4261 »
1441 4194 1680 4264 Statim
1731 4206 1959 4263 autem
1998 4214 2233 4283 preces
2264 4193 2548 4263 effectus
2579 4206 2681 4263 est
2709 4207 3154 4274 consecutus:

610 4297 676 4352 et
723 4305 847 4352 vox
904 4283 1241 4371 quaedam
1296 4285 1625 4353 resonans
1677 4305 1713 4351 e
1759 4280 1988 4362 coelo,
2041 4282 2142 4352 eis
2191 4281 2492 4372 pollicita
2554 4295 2655 4352 est
2702 4302 3046 4352 coronas.
3100 4293 3168 4351 et

611 4370 697 4439 ad
750 4371 865 4441 illa
918 4374 1243 4443 evocabat
1286 4371 1586 4442 Athletas
1632 4394 1810 4459 quae
1860 4370 1959 4440 illi
2007 4371 2333 4457 consequi
2375 4370 2703 4461 optabant
2733 4392 2856 4460 per
2902 4384 3167 4462 marty-

612 4459 826 4529 rium.
881 4464 1046 4529 Cum
1097 4474 1324 4531 autem
1363 4460 1749 4532 audiissent
1799 4482 2024 4529 vocem
2073 4460 2118 4528 ii
2151 4460 2273 4546 qui
2322 4459 2628 4539 aderant,
2673 4458 2871 4528 humi
2903 4459 3168 4530 cadunt
