3347 4999
252 320 426 386 OCT.
481 319 553 384 3⁴
926 338 1003 384 na
1050 337 1106 383 ε.
1150 334 1539 384 wowomeo
1577 337 1678 383 ει».
1719 336 2129 384 ιιΑτιεΡοΝεΝ.
2580 319 2694 383 771

255 434 570 493 sanctum
603 425 876 492 Petrum
911 432 1089 491 esset
1139 435 1525 511 exceptum,
1577 435 1643 489 et
1692 418 2086 510 vigiliarum
2133 419 2644 509 missarumque
2686 442 2795 491 ce·

255 509 750 581 lebrationibus
779 510 1014 580 anima
1047 513 1180 579 Deo
1225 507 1703 579 commendata
1730 562 1746 589 ,
1790 507 2166 577 admodum
2218 523 2606 578 reverenter
2649 530 2802 579 cor-

258 623 391 703 pus
439 620 559 689 per
584 611 834 669 cuncta
858 597 1054 667 urbis
1092 596 1509 667 monasteria
1540 595 2051 676 circumtulere‚
2089 596 2172 666 ad
2208 611 2588 666 extremum
2622 596 2797 668 illud

256 688 624 759 inferentes
670 688 740 757 in
773 686 1183 757 coenobium
1232 685 1410 755 beati
1452 686 1942 755 Emmerammi
1968 684 2027 767 ⁴,
2062 707 2293 771 quem,
2344 685 2513 755 dum
2548 686 2619 754 in
2671 686 2798 756 hu—

257 777 481 848 manis
509 788 708 858 esset,
762 774 1132 866 praecipuo
1178 775 1437 845 honore
1484 774 1840 844 habuerat.
1874 773 1985 845 Ibi
2034 774 2397 845 Missarum
2436 774 2800 845 solemniis

255 878 322 936 et
379 865 822 952 exequiarum
872 862 1118 933 officiis
1166 863 1292 934 rite
1352 862 1684 954 peractis,
1738 861 2086 953 praeclare
2156 876 2358 951 atque
2421 861 2800 933 honorifice

257 954 674 1025 tumulatum
717 965 844 1023 est.
900 952 1052 1022 Fuit
1100 951 1202 1022 vir
1248 964 1529 1022 sanctus
1582 950 1923 1022 ordine*
1978 950 2435 1021 duodecimus
2480 951 2799 1042 Ratispo-

258 1043 494 1113 nensis
561 1040 900 1111 Ecclesiae
961 1040 1365 1131 Episcopus.
1432 1045 1588 1110 Post
1646 1041 1799 1130 ejus
1843 1039 2108 1111 obitum
2182 1039 2421 1111 multis
2465 1040 2800 1112 Dominus

258 1129 617 1200 miraculis
642 1128 1034 1210 declaravit,
1071 1150 1229 1199 eum
1259 1151 1332 1199 se
1353 1127 1899 1200 collocassecum
1937 1128 2370 1219 principibus
2394 1126 2632 1220 populi
2658 1128 2793 1200 sui.

344 1222 382 1306 ξ
428 1223 576 1290 82.
611 1223 858 1287 Eorum
901 1230 1129 1287 autem
1164 1216 1656 1287 miraculorum
1684 1218 2030 1306 quaedam
2061 1238 2196 1287 non
2233 1221 2398 1287 sunt
2441 1217 2514 1287 in
2542 1217 2800 1306 scripta

260 1307 493 1376 relata.
547 1311 732 1389 Quae
763 1319 993 1376 autem
1043 1305 1352 1375 fidelium
1404 1304 1732 1376 relatione
1763 1318 2108 1398 comperta
2149 1318 2334 1387 sunt,
2385 1327 2465 1375 ex
2514 1305 2601 1374 iis
2629 1325 2800 1376 non-

259 1394 449 1466 nulla
480 1394 876 1466 referemus.
909 1399 1051 1464 Hoc
1091 1416 1247 1465 vero
1278 1394 1627 1484 imprimis
1665 1394 2039 1464 dicendum
2075 1396 2282 1476 venit,
2322 1416 2486 1464 cum
2527 1394 2801 1484 provin-

255 1482 464 1553 ciales
509 1505 649 1553 una
699 1505 857 1553 cum
912 1483 1179 1552 civibus
1227 1482 1849 1574 Ratisponensibus
1907 1484 2260 1553 meliorem
2311 1496 2515 1583 atque
2570 1504 2798 1573 augu-

257 1571 531 1642 stiorem
584 1571 833 1641 vellent
880 1571 1239 1641 basilicam
1289 1586 1687 1641 construere
1733 1572 1980 1662 (prior
2024 1573 2207 1642 enim
2244 1593 2327 1641 ex
2373 1571 2586 1661 lignis
2631 1592 2797 1641 con-

257 1660 397 1730 dita
427 1661 635 1750 erat),
678 1674 744 1730 et
784 1661 930 1751 jam
985 1660 1168 1730 muri
1214 1672 1727 1743 extruet-entur,
1779 1660 2149 1748 quemdam
2220 1672 2364 1730 tum
2419 1658 2797 1730 adductum

256 1770 407 1819 esse
451 1749 978 1819 daemoniacum
1013 1801 1030 1830 ‚
1083 1770 1385 1835 eumque
1431 1747 1729 1820 artifices
1774 1747 2243 1819 misericordia
2305 1765 2670 1838 permotoS,
2724 1749 2795 1817 in

256 1860 335 1907 eo
384 1837 557 1918 loco,
610 1837 731 1907 ubi
782 1849 1063 1909 sanctus
1111 1837 1386 1928 praesul
1451 1837 1800 1927 spiritum,
1851 1838 2244 1917 exhalant,
2299 1837 2748 1926 prostravisse
2777 1890 2793 1916 ,

259 1948 549 2012 moxque
595 1926 746 2016 ejus
797 1925 1058 1996 meritis
1108 1938 1430 1996 curatum
1476 1948 1648 1995 esse.
1704 1925 1960 1995 Deinde
2006 1948 2164 1997 vero
2221 1924 2448 1995 locum
2502 1924 2700 1995 illum
2759 1946 2800 1994 a

256 2013 547 2084 diversis
595 2013 772 2084 male
820 2014 1237 2084 habentibus
1284 2012 1818 2101 frequentatum,
1871 2014 2263 2101 multosque
2295 2028 2571 2084 sanatos
2621 2034 2793 2084 esse.

255 2107 473 2172 Homo
519 2103 801 2191 quidam
833 2103 1325 2193 pauperculus,
1360 2103 1452 2172 ob
1486 2103 1704 2172 multa
1742 2102 2049 2173 admissa
2095 2103 2356 2192 flagitia
2387 2104 2459 2171 in
2509 2115 2800 2190 utroque

258 2191 539 2262 brachio
571 2190 857 2261 circulis
904 2190 1143 2262 ferreis
1201 2191 1638 2269 constrictus,
1688 2211 1872 2278 quae
1916 2213 2023 2261 res
2075 2192 2446 2262 acerrimos
2491 2189 2800 2278 quotidie

255 2278 525 2349 dolores
551 2280 613 2349 ei
663 2279 1010 2361 afferebat,
1062 2302 1221 2350 cum
1263 2279 1481 2349 multa
1530 2292 1925 2349 sanctorum
1968 2278 2114 2349 loca
2161 2279 2250 2351 ob
2296 2301 2413 2350 eos
2463 2278 2799 2350 tollendos

254 2367 524 2440 dolores
570 2381 637 2439 et
666 2368 963 2437 crimina
1000 2367 1340 2457 expianda
1373 2367 1681 2448 adiisset,
1717 2367 1992 2438 tandem
2030 2369 2248 2439 sancti
2280 2369 2619 2439 Adelberti
2657 2388 2802 2437 me·

258 2456 405 2526 ritis
453 2459 667 2528 unius
714 2456 976 2527 brachii
1045 2456 1261 2527 ferreo
1314 2455 1646 2548 ligamine
1700 2469 1804 2527 est
1856 2457 2256 2530 absolutus:
2301 2456 2593 2529 alterum
2645 2477 2800 2527 vero

255 2544 559 2615 ablatum
623 2558 725 2614 est
770 2546 878 2627 ei,
950 2545 1362 2636 Ratisponae
1427 2545 1513 2615 ad
1577 2546 1755 2615 beati
1822 2546 2206 2637 wolfgangi
2272 2558 2797 2617 monumentum

251 2635 501 2703 oranti.
553 2633 848 2703 Henrico
895 2635 1089 2725 Regi,
1131 2647 1499 2723 antequam
1560 2646 1737 2705 esset
1792 2639 2210 2726 Imperator,
2264 2648 2546 2705 sanctus
2594 2631 2798 2704 Wolf·

252 2744 526 2814 gangus
572 2723 896 2812 apparuit
942 2722 1335 2794 dormienti.
1374 2721 1747 2793 Videbatur
1794 2722 1910 2792 ille
1961 2725 2092 2793 sibi
2136 2724 2204 2792 in
2256 2722 2478 2792 sancti
2524 2727 2799 2791 Emme-

257 2812 503 2880 rammi
573 2811 862 2881 ecclesia
908 2833 1096 2893 esse,
1152 2826 1356 2899 atque
1395 2811 1638 2881 orandi
1688 2816 1896 2881 causa
1946 2811 2121 2881 beati
2172 2811 2559 2901 wolfgangi
2605 2809 2800 2880 adire

254 2900 679 2988 sepulcrum.
732 2900 836 2969 Ibi
873 2922 1028 2971 vero
1078 2905 1286 2970 Deum
1337 2914 1403 2970 et
1450 2914 1766 2969 sanctum
1816 2899 2296 2991 wolfgangum
2334 2920 2564 2979 orans,
2609 2898 2802 2969 visus

252 3001 354 3056 est
401 2989 535 3059 sibi
586 2987 813 3057 videre
885 3011 1042 3058 eum
1118 2989 1410 3070 adstare,
1463 3000 1529 3057 et
1577 2988 1763 3055 hunc
1812 2986 1882 3055 in
1935 2987 2217 3057 modum
2277 2988 2505 3078 ipsum
2558 2984 2798 3076 appel-

255 3076 435 3145 lare:
491 3099 527 3143 «
558 3076 846 3167 Adspice
891 3077 1261 3168 diligenter
1305 3077 1736 3146 characteres
1769 3074 1837 3143 in
1893 3096 2113 3157 muro,
2167 3076 2289 3163 qui
2317 3090 2420 3148 est
2465 3073 2649 3165 apud
2689 3086 2797 3144 tu-

253 3162 521 3233 mulum
576 3187 834 3247 meum,
885 3164 1489 3235 exaratos.»Vidit
1535 3162 1675 3242 ille,
1718 3185 1840 3233 nec
1872 3163 2061 3234 aliud
2109 3163 2307 3254 legit,
2353 3186 2589 3251 quam,
2641 3167 2799 3234 Post

251 3274 401 3320 sex.
454 3252 981 3342 Expergefactus
1041 3275 1233 3334 vero,
1287 3273 1727 3341 summopere
1776 3252 2221 3323 incumbebat
2285 3254 2355 3322 in
2406 3274 2642 3323 earum
2693 3251 2798 3322 di-

253 3339 558 3409 ctionum
597 3341 1111 3431 apprehendam
1149 3340 1753 3430 significationem.
1792 3341 2097 3412 Primum
2144 3341 2354 3432 igitur
2401 3341 2798 3431 suspicatus

255 3449 326 3498 se
369 3440 519 3517 post
566 3450 680 3498 sex
735 3429 884 3498 dies
935 3430 1385 3509 moriturum,
1446 3428 1661 3498 multa
1725 3427 2016 3521 largitus
2064 3446 2165 3500 est
2222 3431 2668 3521 pauperibus.
2720 3434 2798 3499 At

253 3536 367 3586 sex
412 3514 703 3586 evolutis
750 3517 1022 3599 diebus,
1062 3539 1220 3587 cum
1265 3516 1439 3585 nihil
1491 3518 1560 3587 in
1606 3539 1891 3607 corpore
1940 3519 2221 3588 sentiret
2270 3518 2644 3599 molestiae,
2707 3516 2793 3586 ad

252 3625 366 3674 sex
418 3624 686 3675 menses
722 3605 1058 3694 pertinere
1085 3605 1570 3687 arbitrabatur,
1625 3606 1911 3694 tumque
1944 3629 2016 3676 se
2053 3607 2405 3677 obiturum
2439 3606 2786 3677 credebat.

253 3692 376 3771 Sed
422 3713 642 3780 neque
693 3709 834 3762 tum
876 3694 1052 3763 male
1100 3716 1172 3764 se
1220 3694 1442 3763 valere
1490 3694 1817 3776 sentienS,
1855 3695 1938 3763 ad
1991 3717 2104 3767 sex
2152 3717 2371 3765 annos
2417 3716 2656 3765 earum
2691 3692 2793 3762 di·

254 3781 560 3852 ctionum
612 3781 1189 3872 significationem
1224 3782 1473 3852 retulit.
1528 3788 1735 3853 Porro
1764 3796 1990 3853 autem
2021 3785 2225 3853 etiam
2263 3805 2376 3853 sex
2415 3784 2621 3853 annis
2645 3782 2793 3870 jam

250 3871 527 3951 exactiS,
580 3873 874 3961 septimo
921 3893 1103 3941 anno
1150 3893 1191 3941 a
1238 3870 1566 3942 Pontifice
1614 3872 1907 3942 Maximo
1960 3872 2064 3908 ’Μ
2110 3878 2492 3962 Imperator
2537 3885 2798 3942 unctus

251 3971 375 4030 est.
411 3962 623 4046 Atque
687 3971 831 4029 tum
884 3958 1164 4030 demum
1214 3959 1806 4042 animadverten3‚
1872 3961 2038 4048 quid
2092 3961 2224 4031 sibi
2277 3982 2355 4031 ea
2406 3961 2610 4030 verba
2659 3958 2793 4028 vel-

255 4047 418 4129 lent,
471 4046 729 4139 gratias
775 4047 914 4139 egit
962 4052 1094 4118 Deo
1145 4061 1208 4118 et
1258 4049 1453 4119 beato
1500 4048 1927 4141 wolfgango,
1981 4048 2103 4136 qui
2156 4049 2289 4138 ipsi
2339 4048 2638 4119 revelare
2685 4045 2794 4116 di-

252 4149 504 4225 gnatus
531 4148 708 4208 esset
739 4157 818 4206 ea
857 4158 931 4207 se
959 4135 1293 4228 dignitate
1323 4136 1728 4228 potiturum.
1776 4140 2029 4208 Caecus
2059 4136 2344 4224 quidam
2380 4137 2565 4229 apud
2608 4135 2790 4207 beati

304 4331 331 4357 *
359 4300 642 4373 coenobium
661 4332 750 4373 boo
769 4342 795 4372 a
816 4332 859 4374 8.
883 4333 1153 4382 wolfgango
1172 4333 1336 4392 postea
1356 4341 1528 4373 nomen
1546 4332 1696 4374 duxit.

302 4383 357 4410 *⁹
384 4384 437 4423 In
458 4385 548 4425 hoo
568 4395 766 4427 numero
787 4394 994 4426 errorem
1020 4385 1268 4433 irrepsisse
1290 4386 1515 4426 creditur.

305 4436 388 4463 *Ψ*
418 4438 559 4479 [dent.
579 4449 605 4479 a
622 4439 803 4480 Jonnne
822 4440 944 4479 1111.
965 4447 1086 4479 suno
1105 4440 1199 4478 ⁹6⁷.
