3347 4999
755 323 879 388 524
1483 342 1558 387 na
1607 342 1664 387 s.
1724 339 1880 388 Luca
1930 337 2355 388 sumansu
2879 321 3038 387 OCT.
3089 322 3160 385 48

665 424 985 515 Sepultus
1055 436 1156 495 est
1202 424 1830 515 Constantinopoli,
1882 423 1966 492 ad
2029 445 2237 511 quarn
2298 423 2537 493 urbem
2569 478 2584 504 ,
2642 423 2957 513 vigesimo
3002 429 3150 492 Con·

662 514 890 585 stantii
928 535 1131 594 annO,
1186 536 1339 605 ossa
1386 514 1538 602 ejus
1600 536 1756 584 cum
1804 512 2112 600 reliquiis
2170 511 2472 585 Andreae
2518 512 2812 603 Apostoli
2861 512 3154 581 translata

664 615 825 674 sunt
872 603 954 672 de
1001 603 1249 692 Achaja
1294 602 1350 672 ⁴⁸.

1148 951 1401 1030 ITEM
1455 952 1701 1030 VITA
1759 954 1844 1032 B.
1905 949 2254 1033 LUGAE
2319 949 2708 1029 EVANG.

1365 1200 1565 1252 AUCTO
1574 1201 1650 1251 RE
1699 1202 1967 1252 SIMEONE
2014 1202 2258 1250 METAPH
2268 1198 2483 1249 RASTE.

686 1410 883 1461 Exul·
929 1415 992 1463 ΙΝ
1039 1414 1397 1464 ΟΕΕΗΜΕΝΙΟ
1446 1414 1595 1463 POST
1640 1413 2060 1463 APOCALYPSIN
2109 1414 2183 1461 m·
2216 1414 2403 1460 vrrAn
2435 1414 2493 1459 B.
2527 1409 2794 1460 JOANMS
2840 1408 3128 1457 APOSTOLI.

755 1678 792 1752 ἓ
841 1678 915 1744 1.
972 1670 1036 1740 Si
1069 1671 1240 1761 justi
1296 1672 1696 1740 memoriam
1732 1692 1887 1740 cum
1941 1670 2273 1740 encomiis
2325 1669 2667 1739 celebrare
2715 1668 2989 1736 divinus
3029 1662 3149 1763 qui·

664 1760 820 1829 dam
874 1761 976 1829 vir
1022 1783 1101 1830 ac
1151 1761 1425 1851 sapiens
1465 1760 1699 1830 divina
1770 1760 1914 1850 lege
1963 1759 2220 1840 statuit,
2290 1771 2617 1846 quantam
2669 1779 2835 1826 sane
2880 1763 3152 1825 convenit

664 1850 975 1939 Apostolo
1017 1850 1262 1919 Christi
1291 1872 1412 1920 nos
1452 1849 1658 1920 simul
1710 1850 1950 1918 afferre
2009 1848 2334 1918 laudem?
2369 1848 2715 1935 Siquidem
2772 1846 2954 1916 hunc
2986 1843 3155 1931 “ju-

666 1939 844 2008 stitia
898 1939 1148 2009 mirum
1195 1940 1258 2007 in
1300 1938 1580 2009 modum
1620 1939 1862 2009 fecitet
1913 1938 2373 2028 Apostolatum
2408 1937 2724 2027 dignum,
2772 1949 2835 2005 et
2884 1945 2954 2004 ut
2984 1928 3156 2029 Paulo

665 2027 953 2097 dilectus
1004 2028 1363 2098 videretur.
1416 2034 1655 2098 Verum
1723 2030 2118 2109 enimver0,
2172 2027 2497 2115 quoniam
2554 2026 2663 2095 hic
2713 2026 2782 2093 in
2839 2019 3157 2111 Evangelio

667 2117 938 2187 laudem
991 2118 1281 2208 ade'ptus
1325 2130 1451 2199 est,
1495 2118 1747 2187 relictis
1780 2118 2063 2187 omnino
2110 2116 2581 2185 encomiorum
2633 2115 2926 2205 legibus,
2976 2129 3154 2198 quae-

666 2228 961 2293 cumque
1008 2206 1093 2276 de
1131 2228 1209 2276 eo
1240 2228 1520 2276 narrare
1586 2228 1862 2277 necesse
1900 2219 2021 2287 est,
2078 2228 2197 2307 per
2247 2205 2524 2274 modum
2583 2204 2908 2274 historiae
2954 2198 3158 2269 refere-

670 2318 844 2364 mus.
902 2297 1067 2377 Quis
1115 2295 1597 2365 Antiochenam
1650 2297 1918 2386 ignorat
1967 2297 2333 2376 civitatem,
2378 2315 2580 2382 quem
2649 2294 2857 2363 situm
2906 2312 2980 2361 ac
3036 2309 3155 2356 ma·

666 2383 1139 2474 gnitudinem‚
1195 2406 1449 2472 quosve
1521 2389 1846 2454 terminos
1892 2384 2182 2454 habeat?
2227 2397 2292 2452 et
2339 2404 2675 2471 quaenam
2727 2382 2896 2451 haec
2952 2379 3067 2460 sit,
3110 2385 3161 2475 et

667 2485 993 2561 quantam
1044 2488 1331 2565 occupet
1381 2487 1652 2554 terram,
1721 2496 1939 2562 quove
1994 2474 2316 2566 irrigetur
2363 2472 2707 2543 flumine?
2755 2476 3028 2542 Orontes
3072 2465 3160 2535 hic

667 2575 791 2646 est,
835 2563 957 2632 ubi
999 2563 1298 2654 primum
1344 2564 1547 2634 homo
1590 2564 1952 2635 Christiani
2004 2564 2461 2656 appellatione
2490 2562 2747 2631 ditatus
2781 2574 2905 2643 est,
2949 2581 3023 2629 ex
3052 2575 3162 2643 qua

669 2659 733 2723 S.
798 2657 1012 2723 Lucas
1076 2666 1266 2725 ortus
1319 2663 1458 2723 est:
1521 2666 1584 2724 et
1654 2665 1969 2723 naturam
2043 2653 2320 2742 quidem
2384 2675 2463 2721 ac
2533 2650 2835 2721 indolem
2901 2649 3158 2721 habens,

667 2756 741 2812 ut
779 2765 955 2830 quae
1002 2765 1330 2833 generosa
1363 2756 1540 2813 esset
1578 2766 1656 2812 ac
1710 2743 2023 2832 pretiosa,
2059 2743 2263 2812 veluti
2312 2764 2389 2811 ex
2427 2742 2552 2810 hoc
2595 2740 3026 2810 manifestum
3055 2745 3156 2811 cst,

667 2833 845 2919 quod
897 2846 961 2901 et
1009 2833 1137 2902 vita
1188 2834 1511 2924 apparuit
1557 2832 2132 2912 studiosissimu5‚
2170 2845 2235 2900 et
2272 2851 2653 2901 sermonem
2707 2828 2988 2899 tradidit
3020 2825 3161 2892 vitae

669 2922 963 2990 maxime
1011 2922 1457 2992 conformem.
1496 2927 1659 2992 Cum
1692 2934 1916 2990 autem
1954 2922 2138 2990 omni
2183 2920 2590 3010 disciplinae
2630 2919 2862 3010 generi
2900 2923 3163 2986 vacasset

667 3034 706 3079 a
759 3033 990 3100 puer0,
1026 3025 1091 3081 et
1125 3012 1472 3102 Syriacam
1524 3032 1602 3080 ac
1652 3011 2055 3080 Hebraicam
2089 3009 2192 3045 *μ
2227 3009 2532 3100 linguam
2571 3008 2999 3078 exactissime
3033 3001 3164 3072 edo-

664 3113 816 3168 ctus
862 3113 983 3180 est,
1038 3114 1101 3170 et
1150 3101 1331 3170 velut
1378 3101 1579 3170 arbor
1608 3101 1802 3191 juxta
1832 3099 2049 3170 sontes
2075 3099 2362 3170 floridus
2384 3099 2528 3188 jam
2564 3111 2628 3167 et
2676 3106 3157 3188 augmentatus,

666 3188 1055 3259 divinarum
1110 3191 1617 3281 scripturarum
1671 3189 1900 3260 studio
1943 3188 2197 3258 mirum
2247 3190 2314 3257 in
2356 3187 2633 3256 modum
2688 3185 2994 3276 profecit.

753 3282 790 3365 ξ
835 3284 917 3349 8.
970 3278 1504 3349 Adolescentiam
1557 3280 1787 3367 itaque
1834 3279 2215 3367 attingenS‚
2285 3276 2642 3367 gymnasia
2695 3271 3161 3364 frequentabat,

665 3389 842 3452 quae
890 3380 1035 3437 tum
1084 3368 1154 3435 in
1206 3369 1484 3438 Graecia
1531 3382 1747 3449 erant,
1809 3381 1954 3438 turn
2013 3368 2082 3436 in
2133 3371 2455 3458 Aegypm,
2510 3387 2587 3435 ac
2657 3362 3165 3461 pulcherrimam

666 3456 851 3545 apud
903 3461 1190 3527 Graecos
1222 3458 1673 3528 eruditionem
1709 3456 2004 3547 collegit,
2053 3456 2552 3526 Grammaticen
2588 3454 2870 3542 quidem
2922 3475 2996 3521 ac
3033 3455 3165 3545 Poe·

668 3544 842 3614 ticen
899 3545 1187 3635 perfecte
1235 3558 1688 3634 assequutus:
1728 3546 1808 3616 ad
1862 3546 2252 3616 Rhetorices
2298 3567 2477 3624 vem,
2535 3545 2840 3632 artisque
2893 3542 3056 3612 bene
3086 3536 3166 3604 di·

667 3634 864 3703 cendi
914 3656 1243 3704 cacumen
1319 3637 1717 3726 pertingens
1787 3657 2004 3722 neque
2068 3635 2134 3703 in
2197 3633 2675 3723 Philosophiae
2746 3629 3169 3723 dignitatibus
3273 3633 3274 3720 g

668 3724 875 3794 alicui
923 3724 1195 3807 cedem,
1251 3725 1366 3794 sed
1429 3726 1675 3816 Logica
1726 3724 2002 3812 quidem
2057 3724 2137 3793 ad
2209 3724 2562 3805 Ethnicen,
2633 3721 2867 3792 Ethice
2915 3739 3061 3789 vero
3102 3709 3169 3782 ad

664 3945 809 3984 quum
828 3932 909 3976 ani
930 3935 1139 3975 naturali
1157 3936 1306 3975 morte
1329 3935 1464 3974 illum
1484 3934 1722 3983 quievisse
1742 3936 1976 3979 censeant,
1995 3931 2072 3973 alii
2096 3943 2206 3973 voro
2228 3933 2440 3982 martyrii
2461 3931 2614 3982 palma
2635 3933 2912 3973 occubuisse
2932 3925 3174 3980 opinentur·

663 3992 789 4038 Quae
821 3987 979 4039 opinio
1012 3991 1149 4038 louge
1179 3988 1270 4028 alla
1307 3985 1595 4037 probabilior
1630 3990 1704 4028 est:
1737 3989 1945 4028 (licenda.
1979 3989 2110 4028 Circa
2143 3988 2331 4027 demum
2361 3984 2517 4028 obitus
2539 3988 2836 4031 locum,sunt
2856 3985 2935 4034 qui
2957 3987 2999 4022 8.
3023 3983 3173 4019 Lucam

663 4044 834 4083 Thebis
866 4044 1157 4092 Aegyptiacis
1192 4043 1268 4082 vel
1302 4043 1350 4082 in
1387 4043 1610 4091 Bithynia
1642 4043 1880 4082 mortuum
1912 4042 2088 4081 dicunt.
2123 4042 2209 4080 Sed
2246 4039 2402 4089 potius
2436 4042 2721 4080 credendum
2746 4043 2818 4081 est
2840 4043 2884 4080 S.
2907 4037 3173 4079 Hieronymo·

663 4097 968 4145 caeterisque.
987 4098 1066 4145 qui
1088 4107 1195 4137 eum
1218 4095 1396 4136 lumina
1416 4094 1647 4136 clausisse
1669 4107 1720 4135 nc
1741 4097 1889 4135 fuisse
1911 4095 2203 4133 inhumatum
2225 4095 2276 4134 in
2295 4095 2466 4143 Achaja
2487 4095 2734 4135 affirmant.

718 4153 741 4176 ¹⁹*
772 4152 867 4189 Hoc
899 4151 1125 4190 accidisse
1154 4150 1342 4190 videtur
1370 4161 1490 4190 auno
1524 4152 1615 4190 357.
1647 4151 1887 4197 Quomodo
1932 4159 2071 4197 porro
2100 4147 2502 4197 constantinopoli
2539 4159 2623 4187 seu
2662 4159 2716 4188 ex
2757 4149 2946 4188 Oriente
2986 4141 3030 4181 iu
3068 4135 3174 4176 Occi·
3273 4131 3274 4158 ἶ

664 4204 851 4243 dentem
882 4215 1050 4251 corpus
1081 4206 1125 4244 S.
1158 4205 1313 4244 Lucae
1347 4205 1628 4245 translatum
1659 4205 1818 4248 ruerit,
1851 4204 2024 4242 desunt
2053 4203 2331 4242 documenta
2360 4213 2479 4250 quae
2501 4212 2587 4241 nos
2608 4203 2814 4242 doceant.
2837 4202 3018 4239 Interea
3037 4194 3174 4242 plures

666 4259 777 4296 suut
810 4258 1036 4296 ecclesiae
1066 4257 1112 4296 in
1142 4259 1292 4304 Italia,
1319 4260 1367 4298 in
1397 4260 1564 4302 Gallia.
1591 4259 1639 4296 tn
1672 4256 1833 4306 Belgio
1869 4260 1914 4295 et
1943 4258 1991 4296 in
2023 4254 2259 4303 Hispania,
2289 4266 2407 4304 quae
2430 4266 2481 4295 se
2502 4257 2677 4295 ditatas
2698 4254 2853 4294 Sancti
2874 4245 3174 4302 Evangellstae

664 4307 894 4358 Reliquus
912 4311 1088 4350 dicunt.
1107 4313 1286 4361 Corpus
1304 4322 1431 4358 vero.
1450 4323 1535 4352 seu
1553 4313 1763 4361 ejusdem
1781 4321 1890 4360 pars
1908 4309 2171 4361 praecipua.
2190 4307 2381 4355 Patavii,
2401 4310 2447 4349 in
2469 4307 2690 4350 coenobio
2716 4310 2758 4348 S.
2774 4306 2987 4346 ‘Iustinae
3005 4298 3172 4342 Ordims

668 4365 711 4404 S.
735 4362 991 4408 Benedicti,
1011 4365 1301 4405 adservatur.

716 4417 768 4442 *²⁸
797 4413 975 4456 Atludit
995 4418 1278 4467 biographus
1298 4419 1353 4458 ad
1374 4416 1491 4458 inm-1
1516 4420 1845 4458 Proverbiorum
1864 4421 1928 4463 (x.
1948 4420 2007 4468 ἠε
2032 4418 2050 4438 “
2083 4418 2304 4457 Memoria
2318 4418 2434 4465 justi
2456 4427 2562 4456 curn
2583 4417 2810 4456 laudibus.
2840 4444 2857 4465 ,

716 4471 796 4497 “²⁶¹
824 4469 1097 4512 Hebraicam
1118 4471 1325 4522 linguam
1345 4470 1565 4513 calluisse
1587 4475 1629 4513 S.
1650 4474 1823 4513 Lucum
1843 4473 1976 4512 nullo
1995 4475 2122 4512 certo
2144 4471 2412 4512 testimonio
2436 4469 2747 4520 cognoscitur.
