3347 4999
690 305 819 372 762
1266 322 1344 368 na
1390 322 1447 368 s.
1489 319 1879 368 wotrsaueo
1924 322 2025 367 se.
2064 321 2478 369 nutsromm.
2842 297 3015 368 OCT.
3066 303 3134 368 3t

600 408 894 499 parietes
940 407 1199 498 sparsit
1247 405 1594 497 pulverem
1631 460 1647 486 ,
1699 422 1765 476 et
1817 405 2278 493 quorumdam
2328 406 2553 476 oculis
2612 418 2855 476 tetram
2908 405 3153 475 offudit

596 497 990 588 caliginem.
1045 496 1314 579 Quibus
1363 496 1570 566 rebus
1617 495 1706 565 ab
1744 494 2122 583 improviso
2152 495 2632 565 accidentibus
2667 495 2860 585 plebs
2892 509 3154 584 perter-

598 586 753 667 rita,
808 586 1022 655 immo
1065 606 1237 675 pene
1273 583 1521 655 mentis
1568 583 1772 674 inops
1816 584 2077 665 effecta,
2129 585 2355 674 coepit
2403 584 2585 655 ultro
2631 586 2944 672 citroque
2993 605 3153 653 cur-

598 675 827 755 sitare,
884 676 1142 743 incerta
1189 695 1396 761 quarn
1455 673 1522 742 in
1582 686 1839 762 partem
1895 674 2110 743 tutius
2154 687 2381 763 posset
2427 673 2807 743 deflectere.
2863 672 3153 742 Interim

598 786 758 835 vero
805 762 1269 852 audiebantur
1313 762 1477 831 hinc
1527 761 1689 832 inde
1725 761 1790 830 id
1840 783 2061 851 genus
2096 783 2339 832 voces:
2395 786 2430 830 «
2471 767 2544 832 ln
2593 764 2759 832 urbe
2790 775 3159 851 grassatur

598 853 831 923 dirum
895 852 1342 931 incendium,
1404 850 1661 941 populo
1713 851 1780 919 in
1833 850 2239 921 seditionem
2289 853 2655 933 concitato,
2698 851 2898 921 multi
2938 852 3161 942 jugu-

600 942 855 1012 lantur.
897 964 933 1008 »
989 945 1297 1028 Cumque
1356 939 1421 1008 in
1481 939 1826 1028 ejusmodi
1889 939 2218 1010 sedandis
2282 940 2565 1011 vocibus
2627 939 2926 1011 multum
2979 953 3157 1011 esset

599 1052 849 1121 operae
884 1031 1208 1120 positum,
1259 1051 1380 1098 nec
1429 1041 1653 1098 tamen
1691 1028 2062 1116 quicquam
2106 1030 2449 1110 effectum,
2495 1029 2771 1099 tandem
2818 1028 2945 1108 illi,
2984 1051 3160 1115 quos

600 1120 748 1190 suis
799 1118 1190 1210 praestigiis
1236 1117 1640 1188 ludificabat
1687 1117 2050 1218 improbus
2097 1132 2291 1188 satan
2326 1173 2341 1199 ,
2394 1117 2566 1188 adeo
2610 1140 2649 1187 e
2699 1116 2964 1207 templo
3010 1139 3159 1186 cer·

603 1209 792 1280 tatim
843 1207 1288 1299 aufugerunt,
1330 1219 1406 1276 ut
1454 1207 1564 1275 vix
1602 1229 1805 1296 pauci
1849 1207 2067 1276 relicti
2107 1207 2526 1278 viderentur.
2579 1213 2749 1277 Tum
2789 1228 2949 1275 vero
3001 1207 3157 1296 Epi·

602 1320 879 1387 scopus,
913 1319 1117 1385 quern
1152 1296 1305 1384 ejus
1335 1297 1761 1386 tempestatis
1788 1296 2157 1367 commotio
2190 1317 2322 1365 non
2355 1296 2627 1377 latebat,
2668 1296 2736 1364 in
2775 1295 2900 1364 has
2929 1296 3160 1385 erupit

604 1408 800 1457 voces
831 1410 845 1453 :
900 1409 938 1453 «
975 1386 1256 1456 Domine
1302 1391 1468 1454 Jesu
1517 1386 1801 1466 Christe,
1836 1384 2026 1455 adsis
2063 1406 2249 1455 nunc
2280 1388 2384 1462 ea,
2421 1407 2562 1472 qua
2595 1383 2796 1464 soleS,
2842 1383 3162 1484 benigni-

602 1489 736 1546 tate
771 1488 836 1544 et
866 1475 1112 1566 gratia,
1153 1473 1479 1544 fidelibus
1515 1475 1673 1552 tuis,
1714 1486 1790 1543 ut
1820 1474 2096 1544 videant
2141 1473 2433 1565 gloriam
2474 1487 2688 1553 tuam,
2724 1487 2791 1542 et
2821 1473 3159 1542 teterrimi

605 1563 965 1634 daemonis
997 1563 1478 1654 ignominiam.
1520 1585 1556 1629 »
1608 1568 1696 1633 Ea
1730 1563 1936 1634 verba
1973 1585 2124 1632 mox
2168 1575 2399 1634 secuta
2434 1574 2538 1632 est
2583 1563 2918 1632 serenitas
2950 1563 3155 1642 acris,

602 1667 670 1723 et
714 1654 1144 1723 serenitatem
1197 1651 1434 1741 populi
1475 1653 1542 1720 in
1597 1651 1929 1741 templum
1984 1674 2330 1723 recursus
2386 1652 2502 1722 Cui
2551 1666 2693 1721 turn
2748 1650 3163 1720 venerabilis

603 1742 895 1812 Antistes
920 1762 1156 1813 sacrae
1192 1740 1543 1810 doctrinae
1576 1761 1963 1811 sermonem
2003 1741 2429 1830 impertienS,
2474 1752 2712 1810 sancto
2755 1740 3012 1829 spiritu
3061 1738 3158 1808 illi

602 1831 938 1903 orationis
986 1829 1409 1920 singularem
1459 1828 1835 1917 quamdam
1887 1830 2293 1900 suavitatem
2336 1828 2846 1931 suppeditante,
2886 1840 3156 1898 tantum

602 1919 899 1990 dicendo
951 1918 1257 2009 profecit,
1308 1931 1387 1987 ut
1435 1917 1794 1988 manifeste
1842 1918 2173 1990 inimicus
2221 1919 2337 1988 ille
2387 1931 2606 1988 victus
2636 1972 2653 1994 ,
2699 1931 2764 1987 et
2797 1917 2868 1986 in
2919 1917 3159 2006 fugam

604 2008 1202 2098 compulsussit,
1270 2007 1391 2094 qui
1456 2006 1526 2075 in
1591 2006 1710 2075 illa
1770 2006 2145 2077 immodica
2207 2007 2718 2097 perturbatione
2774 2006 2860 2075 ad
2915 2005 3158 2075 horam

604 2099 917 2178 excitata,
973 2118 1145 2186 pene
1190 2095 1518 2166 omnibus
1564 2094 1830 2182 aliquid
1881 2096 2202 2167 attulerat
2246 2095 2664 2166 detrimenti.
2712 2094 2906 2164 Unde
2946 2095 3155 2164 etiam

655 2201 841 2256 ostea
896 2185 1079 2275 apud
1145 2183 1412 2254 fidelem
1485 2185 1821 2274 populum
1885 2206 1966 2254 ea
2025 2184 2454 2255 consuetudo
2515 2183 2838 2264 inolevit,
2904 2195 2977 2253 et
3041 2203 3160 2273 pro

608 2208 758 2366 lege
804 2275 1028 2364 coepit
1074 2273 1337 2353 baberi,
1390 2286 1466 2342 ut
1517 2273 1584 2342 in
1633 2273 2047 2344 stationibus
2094 2274 2507 2363 Episcopum
2554 2274 2906 2342 turmatim
2944 2285 3014 2341 et
3042 2292 3161 2340 an·

610 2363 966 2444 tecedant,
1027 2376 1093 2433 et
1156 2375 1585 2448 sequantur,
1647 2363 1800 2453 ejus
1863 2363 2265 2432 concionem
2333 2360 2789 2452 cupidissime
2853 2359 3159 2450 comple—

611 2463 909 2524 ctantur.

700 2544 736 2629 ξ
781 2547 933 2614 88.
970 2540 1112 2610 Alio
1138 2552 1442 2629 ternpore
1473 2540 1872 2611 beatissimo
1905 2540 2240 2631 Episcopo
2271 2540 2338 2610 in
2377 2540 2666 2610 basilica
2703 2539 2926 2610 sancti
2960 2538 3152 2609 Pauli

612 2636 659 2702 Δ
715 2631 912 2702 ostoli
954 2629 1341 2701 celebrante
1374 2629 1740 2699 Missarum
1776 2629 2135 2710 solemnia,
2180 2629 2421 2712 multa,
2475 2642 2555 2700 ut
2591 2628 2873 2710 solebat,
2925 2627 3159 2718 populi

614 2653 758 2791 illic
806 2719 1185 2808 frequentia
1223 2717 1690 2801 cernebatur.
1758 2722 1925 2788 Cum
1978 2732 2204 2788 autem
2259 2718 2458 2788 miles
2523 2717 2806 2806 quidam
2884 2718 3162 2807 ineptus

614 2809 864 2880 humili
918 2822 1097 2879 veste
1123 2828 1282 2878 eum
1314 2807 1664 2888 indutum,
1708 2820 1936 2896 postea
1972 2829 2129 2878 vero
2161 2806 2706 2878 sacerdotalibus
2735 2805 3160 2876 indumentis

612 2912 929 2968 ornatum
962 2908 1292 2976 cerneret,
1346 2896 1605 2967 rustica
1653 2896 2024 2966 stoliditate
2069 2917 2224 2965 eum
2277 2895 2689 2986 despiciens,
2743 2908 2810 2964 et
2857 2895 3049 2984 apud
3094 2914 3159 2965 se

618 3008 1090 3066 murmurans,
1144 2984 1353 3054 dixit:
1413 3011 1438 3045 ι
1473 2988 1525 3054 Ο
1571 2998 1911 3072 quantum
1977 2983 2281 3075 desipuit
2330 2997 2473 3055 tum
2521 2985 2945 3073 Imperator,
3000 3004 3154 3054 cum

616 3096 1005 3164 pannosum
1050 3075 1236 3144 hunc
1268 3086 1335 3143 et
1378 3072 1724 3162 abjectum
1768 3072 2117 3143 bominem
2152 3072 2387 3144 multis
2438 3072 2852 3161 potentibuS,
2954 3072 3158 3143 uibus

617 3163 993 3253 Imperium
1044 3161 1374 3242 abundat,
1426 3161 1497 3230 in
1541 3162 1991 3252 Episcopatus
2027 3161 2453 3252 promotione
2501 3161 2713 3231 voluit
2749 3173 2909 3231 ante
2934 3182 3154 3230 erre.»

620 3256 781 3321 Eam
818 3274 975 3321 vero
1025 3251 1645 3321 murmurationem
1709 3250 1794 3332 is,
1844 3252 1967 3337 qui
2025 3251 2212 3322 novit
2257 3250 2705 3341 cogitationes
2760 3249 3151 3327 hominum,

618 3339 855 3409 eodem
908 3352 1252 3409 momento
1300 3352 1367 3409 et
1424 3339 1797 3409 clementer
1861 3339 2242 3441 castigavit,
2294 3353 2362 3409 ct
2412 3338 2638 3428 palam
2701 3337 3038 3428 prodidit:
3091 3348 3160 3407 ut

617 3441 684 3498 et
731 3427 847 3497 ille
892 3428 1373 3519 corrigeretur,
1424 3440 1490 3499 et
1540 3427 1926 3498 murmuris
1955 3429 2194 3499 vitium
2245 3429 2333 3498 ab
2379 3428 2538 3498 aliis
2583 3440 2963 3497 caveretur.
2995 3431 3155 3496 Nam

620 3516 978 3587 confestim
1022 3517 1394 3587 immodico
1427 3528 1788 3606 correptus
1837 3529 2114 3598 terrore,
2165 3516 2325 3587 aliis
2369 3538 2528 3587 eum
2572 3516 3157 3595 sustentantibus,

618 3606 727 3675 vix
780 3606 1074 3677 residere
1121 3605 1364 3696 potuit.
1419 3610 1727 3692 Cumque
1770 3627 1930 3677 eum
1963 3605 2291 3676 dominus
2336 3606 2487 3696 ejus
2519 3605 3051 3676 tremebundum
3098 3615 3161 3673 et

619 3695 986 3786 pallentem
1038 3695 1485 3784 conspiceret,
1544 3694 1731 3763 illico
1777 3716 2196 3774 accurrens,
2267 3694 2747 3765 sciscitabatur
2790 3693 2958 3782 quid
3028 3692 3159 3781 ipsi

618 3784 983 3854 accidisset
1030 3784 1221 3853 mali.
1272 3789 1440 3853 Tum
1493 3782 1633 3862 ille,
1688 3782 2020 3853 adhibitis
2057 3782 2570 3862 sacerdotibus,
2626 3781 2987 3852 confessus
3028 3792 3149 3860 est,

618 3895 692 3945 se
738 3874 1055 3944 sinistras
1102 3872 1187 3942 de
1237 3873 1378 3942 viro
1431 3872 1544 3941 Dei
1593 3871 2021 3961 cognitiones
2054 3873 2121 3941 in
2158 3894 2230 3942 se
2278 3871 2667 3950 admisisse,
2711 3882 2778 3940 et
2819 3873 2901 3940 ea
2949 3870 3159 3940 causa

618 3962 690 4032 in
742 3978 874 4032 tam
915 3983 1237 4052 praesens
1286 3961 1615 4031 incidisse
1666 3960 2077 4050 periculum.
2117 3962 2244 4032 Ubi
2293 3961 2361 4031 id
2412 3959 2676 4030 audivit
2724 3958 2933 4029 herus
2975 3959 3154 4050 ejus,

620 4051 1052 4122 existimabat
1085 4049 1272 4120 facili
1319 4050 1621 4120 remedio
1656 4072 1854 4140 posse
1896 4050 2091 4120 illum
2140 4049 2396 4121 curari.
2435 4055 2673 4135 Itaque
2716 4070 2874 4118 eum
2925 4068 3160 4118 secum

622 4139 906 4209 abducit
938 4142 1006 4210 in
1044 4139 1248 4216 aedes
1280 4162 1467 4220 suas,
1519 4150 1586 4209 et
1631 4139 1895 4227 aliquot
1938 4140 2188 4211 diebus
2231 4161 2471 4210 curam
2524 4137 2624 4208 illi
2676 4136 2981 4207 adhibet.
3036 4134 3160 4207 sed

624 4249 782 4297 cum
838 4229 1010 4298 nihil
1059 4229 1345 4299 omnino
1397 4227 1777 4319 proficeret,
1834 4228 2097 4299 reducit
2132 4249 2290 4297 eum
2328 4227 2799 4317 Ratisponam;
2854 4224 3165 4296 veniens—

620 4337 757 4402 que
802 4316 884 4386 ad
937 4318 1384 4418 Episcopum,
1432 4318 1491 4386 ei
1544 4332 1610 4387 et
1656 4319 1911 4406 aegroti
1964 4315 2268 4386 hominis
2312 4316 2797 4394 calamitatem,
2847 4327 2917 4383 et
2961 4333 3161 4383 suam

621 4406 1128 4491 querimontam
1182 4406 1327 4477 vult
1356 4428 1719 4497 exponere.
1757 4405 1885 4501 Sed
1937 4405 2039 4475 vir
2076 4405 2192 4475 Dei
2228 4426 2387 4475 eum
2421 4405 3156 4479 antevertenszfdace,
3272 4440 3294 4534 ¹
