3347 4999
255 342 426 408 OCT.
484 341 564 404 t9
1049 358 1125 403 ns
1176 358 1266 402 ss.
1324 358 1484 403 vnio
1535 358 1607 403 Er
1657 357 1856 404 sociis
1908 360 2017 403 im.
2592 340 2718 403 559

250 443 530 534 quidem
587 441 901 510 tormenti
956 442 1294 511 acerbitas
1340 443 1584 519 effecit,
1640 455 1717 510 ut
1766 443 2010 510 Christi
2064 447 2321 529 Martyr
2368 441 2632 528 aliquid
2704 464 2809 510 re-

252 536 549 603 mitteret
596 532 680 599 de
729 533 856 599 sua
907 531 972 598 in
1017 531 1333 618 patiendo
1381 553 1499 619 pro
1550 532 1814 599 Christo
1863 532 2276 608 constantia,
2324 553 2445 598 nec
2490 545 2565 597 ut
2598 531 2808 599 molle

251 639 370 692 aut
437 623 760 711 ignavum
816 619 1092 705 aliquod
1150 622 1429 687 verbum
1488 619 1900 704 loqueretur,
1975 619 2071 686 vel
2124 619 2402 705 aliquod
2482 641 2799 707 parvum,

251 726 371 781 aut
416 732 747 798 magnum
802 708 1209 785 ostenderet,
1265 729 1401 794 quo
1443 708 1867 796 significaret
1917 730 1987 777 se
2023 708 2297 775 cedere:
2340 709 2554 776 immo
2597 709 2808 793 majo-

251 824 394 870 rem
428 820 730 868 amorem
767 799 827 864 ei
870 798 936 865 in
977 797 1319 866 Christum
1349 797 1685 874 accendit,
1726 809 1790 865 et
1824 797 2156 865 adversus
2182 818 2421 885 graves
2455 796 2807 866 cruciatus

251 890 411 958 secit
458 912 614 957 eum
654 886 851 954 ferire
890 886 1199 976 judicem
1243 887 1587 975 responsis
1621 886 2078 975 gravioribus.
2117 891 2346 953 «Nam
2382 898 2452 953 tu
2484 884 2794 970 quidem,

249 979 503 1064 inquit,
557 998 596 1044 o
649 975 947 1076 maligne
999 975 1335 1043 malorum
1389 974 1804 1044 daemonum
1843 975 2270 1052 administer,
2325 988 2388 1043 et
2429 974 2644 1041 hostis
2681 973 2797 1042 ho-

250 1070 550 1145 minum,
605 1078 670 1133 et
715 1087 834 1151 qut
890 1065 1084 1133 bonis
1136 1063 1330 1132 valde
1399 1065 1831 1143 adversaris,
1919 1087 2062 1133 mea
2127 1064 2415 1132 fortasse
2481 1064 2800 1131 intestina

248 1158 543 1226 educere
586 1155 871 1244 poteris:
932 1154 1060 1221 mei
1111 1166 1337 1221 autem
1389 1153 1617 1221 cordis
1669 1154 1735 1221 in
1774 1154 2117 1222 Christum
2184 1152 2352 1221 tides
2404 1152 2572 1220 mihi
2626 1152 2798 1250 eripi

251 1268 390 1315 non
435 1245 702 1334 poterit.
754 1266 787 1308 »
841 1242 1067 1310 Sancti
1120 1254 1345 1310 autem
1390 1265 1545 1311 cum
1586 1243 1915 1311 vidissent
1951 1242 2271 1310 intestina
2324 1240 2637 1330 Martyris
2672 1240 2801 1310 dis·

250 1334 514 1423 rumpi,
568 1346 632 1400 et
690 1354 809 1421 per
859 1345 1103 1399 terram
1162 1330 1507 1420 dispergi,
1573 1347 1797 1399 tenere
1873 1345 1937 1400 et
1987 1330 2467 1399 miserabiliter
2532 1331 2793 1411 ssenteS,

252 1424 503 1493 Christi
557 1420 965 1490 invocabant
1018 1419 1351 1487 auxilium
1392 1475 1406 1502 ,
1464 1443 1585 1509 pro
1631 1443 1770 1506 quo
1834 1419 1997 1488 haec
2037 1421 2440 1509 patiebatur.
2497 1424 2570 1487 In
2629 1440 2802 1505 quos

252 1535 415 1582 cum
462 1512 678 1599 judex
720 1509 1122 1598 conjecisset
1160 1509 1420 1589 oculos,
1474 1523 1537 1577 et
1586 1509 2061 1587 humanitatis,
2100 1523 2219 1578 aut
2269 1509 2495 1597 potius
2546 1509 2801 1577 amoris

249 1602 323 1670 in
361 1600 664 1679 fratrem,
715 1600 989 1688 signum
1049 1598 1326 1665 vidisset
1367 1599 1733 1687 lacrymas,
1771 1620 1947 1683 quae
1981 1612 2173 1667 erant
2210 1599 2272 1664 in
2311 1597 2554 1676 oculis,
2595 1596 2801 1664 veluti

250 1690 557 1777 quadam
616 1687 917 1791 repletus
971 1687 1257 1754 laetitia:
1305 1715 1325 1745 ι
1365 1688 1672 1776 Superati
1727 1689 1889 1756 estis
1922 1689 2227 1765 omnino,
2271 1686 2569 1776 superati
2603 1686 2791 1764 estiS,

251 1780 481 1864 inquit
533 1778 930 1846 vociferans.
990 1776 1212 1864 Hujus
1261 1791 1487 1845 autem
1561 1777 1896 1844 indicium
1971 1791 2069 1843 est
2136 1777 2299 1843 haec
2364 1797 2613 1864 magna
2681 1774 2796 1842 tri-

251 1868 436 1937 stitia
487 1880 549 1934 et
599 1866 966 1954 lacrymae.
1045 1866 1108 1933 Si
1184 1865 1363 1931 enim
1450 1878 1699 1953 posset,
1783 1865 2024 1950 inquit,
2100 1879 2314 1933 vester
2369 1869 2540 1932 Deus
2592 1863 2791 1943 lianc,

251 1978 460 2042 quam
518 1977 632 2023 vos
684 1954 967 2043 fingitis,
1025 1954 1480 2023 immortalem
1535 1955 1737 2022 vitam
1813 1956 2003 2022 vobis
2082 1955 2424 2042 praebere,
2495 1974 2797 2039 quanam

251 2046 338 2112 de
388 2048 599 2111 causa
651 2042 973 2134 lugeretis
1037 2042 1374 2117 amicum,
1430 2044 1548 2128 qui
1603 2044 1791 2111 vobis
1846 2043 2019 2111 male
2071 2044 2291 2131 perit?
2325 2066 2358 2108 »
2412 2042 2516 2110 llli
2567 2054 2793 2109 autem

251 2134 315 2201 ei
365 2133 707 2201 dixerunt:
765 2136 1001 2199 «Haec
1039 2143 1228 2219 gutta
1283 2131 1746 2221 lacrymarum
1805 2132 2181 2200 naturalem
2215 2132 2560 2221 significat
2608 2152 2799 2199 com-

256 2222 796 2289 miserationem.
839 2225 1002 2289 Nam
1056 2243 1178 2289 nos
1221 2227 1447 2289 nostra
1502 2221 1835 2291 sententia
1890 2243 2244 2307 nunquam
2316 2220 2798 2289 defleverimus

253 2309 561 2388 fratrem,
617 2310 733 2395 qui
791 2309 904 2378 tali
974 2324 1187 2379 morte
1236 2309 1546 2390 decedit;
1603 2312 1816 2378 immo
1875 2332 2028 2378 vero
2108 2323 2382 2399 propter
2434 2309 2629 2378 talem
2684 2308 2802 2376 de·

253 2420 523 2467 cessum
578 2421 732 2466 eum
791 2399 1061 2466 beatum
1115 2399 1462 2477 ducimus,
1539 2413 1601 2467 et
1662 2398 1924 2467 felicem
1993 2421 2351 2485 voramttS,
2397 2398 2577 2484 quod
2642 2398 2791 2476 hoc,

252 2488 433 2576 quod
472 2503 572 2557 est
612 2488 692 2556 ad
750 2499 1021 2577 tempus
1089 2502 1444 2568 tormento,
1508 2486 1700 2565 illud,
1782 2488 1961 2574 quod
2030 2511 2301 2578 semper
2369 2502 2632 2564 manet,
2690 2510 2794 2557 re-

249 2599 466 2734 gnum
521 2577 935 2646 conciliavit.
991 2582 1129 2645 Non
1179 2577 1360 2645 hunc
1409 2600 1593 2667 ergo,
1649 2592 1724 2645 ut
1766 2578 2091 2652 diximus,
2150 2578 2260 2646 sed
2328 2590 2520 2645 tuum
2565 2578 2793 2664 potius

299 2668 588 2735 essemus
658 2666 1034 2744 interitum,
1101 2680 1164 2734 et
1214 2668 1444 2755 gravia
1517 2667 1720 2747 mala,
1801 2688 1975 2753 quae
2052 2667 2169 2735 tibi
2226 2683 2386 2734 sunt
2435 2680 2785 2733 eventura.

251 2756 502 2824 Christi
551 2756 734 2823 enim
792 2756 890 2823 lex
945 2776 1068 2824 nos
1108 2756 1305 2843 jubet
1340 2756 1499 2824 flere
1533 2759 1735 2824 etiam
1794 2778 1912 2840 pro
1948 2757 2197 2825 nostris
2242 2754 2565 2832 inimiciS,
2632 2753 2795 2820 cha·

246 2846 472 2913 ritatis
515 2844 661 2932 lege
708 2858 773 2913 et
810 2845 1275 2934 benignitatis,
1335 2868 1369 2910 »

340 2937 502 3018 ξδ.
559 2934 836 3002 Interim
907 2947 1131 3002 autem
1197 2933 1362 3003 dum
1446 2934 1611 3002 haec
1683 2933 2091 3000 dicebantur
2162 2937 2443 3001 Sanctos
2506 2929 2790 3017 quidem

248 3044 494 3091 rursus
531 3023 796 3112 excepit
843 3044 1075 3090 carcer
1122 3023 1338 3091 donec
1388 3022 1853 3090 consideraret
1893 3020 2146 3104 judex,
2200 3020 2620 3105 quibusnam
2674 3042 2789 3087 eos

248 3111 543 3180 traderet
585 3110 970 3200 suppliciis,
1001 3117 1244 3180 Beatus
1281 3125 1504 3179 autem
1561 3116 1777 3178 Varus
1809 3109 2131 3177 sublimis
2162 3109 2391 3176 adhuc
2445 3108 2785 3197 pendebat

240 3200 316 3268 in
373 3199 594 3290 ligno:
653 3201 749 3268 sic
798 3201 979 3268 enim
1025 3202 1302 3289 jussum
1357 3200 1575 3267 fuerat
1626 3212 1700 3267 ut
1768 3211 2099 3277 maneret,
2174 3197 2390 3266 donec
2455 3197 2790 3265 emitteret

246 3290 581 3357 animam.
631 3294 991 3374 Postquam
1031 3303 1257 3357 autem
1308 3289 1472 3357 vidit
1524 3292 1805 3355 Sanctos
1848 3287 2131 3366 vinctos,
2177 3300 2427 3355 etcum
2482 3286 2788 3355 custodi-

245 3378 379 3447 bus
420 3377 580 3444 duci
636 3377 700 3444 in
736 3399 1103 3456 carcerem,
1149 3382 1397 3465 magna
1433 3397 1614 3443 voce:
1650 3399 1684 3441 «
1725 3380 1907 3442 Bono
1956 3377 2211 3455 anim0‚
2268 3375 2513 3461 inquit,
2565 3390 2788 3464 patres

246 3468 407 3545 mei,
468 3466 644 3534 bono
695 3465 926 3532 animo
987 3478 1231 3535 estote:
1287 3488 1411 3555 ego
1460 3465 1641 3532 enim
1697 3463 2101 3543 nihilifacio,
2157 3487 2331 3552 quae
2386 3465 2550 3532 mihi
2615 3463 2787 3532 inl'e-

245 3568 495 3624 runtur
544 3553 935 3642 supplicia:
1005 3554 1116 3622 sed
1168 3575 1272 3621 me
1326 3576 1474 3622 meo
1540 3553 1803 3622 Christo
1873 3553 2371 3630 commendate,
2437 3567 2500 3622 et
2562 3552 2788 3622 Salva-

245 3645 398 3724 tori,
454 3656 520 3711 et
569 3641 991 3710 confidenter
1039 3642 1122 3709 ad
1178 3643 1404 3732 ipsum
1469 3641 1708 3710 vadam
1764 3656 2136 3712 vestrarum
2191 3643 2577 3711 orationum
2637 3664 2789 3709 mu-

241 3733 432 3802 nitus
484 3732 846 3822 praesidio.
896 3754 930 3796 »
981 3735 1145 3800 Cum
1198 3753 1358 3821 ergo
1418 3732 1724 3818 quinque
1775 3731 1959 3800 horis
2012 3754 2083 3800 se
2148 3731 2405 3799 fortiter
2466 3730 2794 3818 gessisset,

239 3822 313 3890 in
384 3821 512 3890 hoc
566 3834 923 3897 torment0‚
984 3821 1048 3888 in
1106 3842 1271 3908 pace
1320 3820 1639 3909 spiritum
1719 3825 1850 3888 Deo
1899 3821 2285 3889 committit.
2334 3825 2501 3887 Eum
2558 3831 2786 3886 autem

243 3911 473 3979 adhuc
527 3911 746 3978 vivere
794 3922 1108 3998 putantes
1135 3910 1253 3995 qui
1298 3923 1656 3997 praeerant
1693 3914 2070 3989 tormentis,
2109 3931 2189 3976 ne
2239 3908 2591 3977 decaetero
2622 3907 2781 3993 qui·

243 3998 396 4067 dem
442 4012 839 4068 cessarunt:
878 3998 990 4066 sed
1031 3999 1249 4066 instar
1297 4020 1654 4066 corvorum
1713 3999 2121 4084 torquebant
2168 3999 2369 4065 etiam
2411 4012 2560 4086 post
2605 4016 2785 4063 mor-

245 4098 404 4155 tem.
439 4095 801 4175 Postquam
846 4110 997 4156 vero
1029 4087 1114 4156 ab
1153 4088 1320 4177 ipsis
1351 4088 1702 4174 cognitum
1743 4087 1979 4167 fuit,et
2005 4108 2044 4154 a
2074 4101 2389 4174 tyranno,
2430 4099 2777 4154 mortuum

245 4195 392 4244 esse
441 4182 714 4254 Varum,
771 4199 1023 4266 corpus
1073 4176 1576 4266 deposuerunt:
1615 4190 1867 4245 etcum
1918 4198 2036 4262 per
2071 4176 2364 4244 mediam
2425 4176 2785 4243 traxissent

245 4263 609 4342 civitatem,
664 4267 955 4335 canibus
1021 4286 1225 4334 canes
1288 4265 1713 4334 exedendum
1784 4264 2238 4334 tradiderunt.
2294 4270 2503 4350 Atque
2563 4268 2782 4331 Varus

242 4352 516 4438 quidem
571 4355 812 4434 talem,
867 4368 929 4424 et
981 4367 1113 4423 tam
1183 4354 1443 4424 felicem
1500 4354 1757 4421 invenit
1816 4354 2097 4422 exitum.
2154 4354 2481 4423 Postridie
2545 4367 2777 4420 autem

239 4463 399 4510 cum
432 4443 768 4514 sistendos
791 4450 1113 4534 Martyres
1138 4457 1445 4513 curasset
1478 4443 1844 4535 parricida,
1875 4465 2095 4531 neque
2120 4457 2344 4534 posset
2371 4441 2785 4534 persuadere
