3347 4999
277 332 452 397 OCT.
505 331 577 395 21
1122 349 1200 394 ΒΕ
1247 350 1302 394 s.
1349 347 1693 395 nitaniomt
1738 349 1978 394 ΑΒΒΑΤΕ
2601 331 2715 394 621

275 432 595 503 volumen
646 431 1026 501 extendere.
1067 436 1207 501 Hoc
1241 431 1466 500 solum
1516 430 1772 512 dicam,
1810 431 1989 517 quod
2033 453 2355 521 prospero
2387 455 2602 502 cursu
2641 432 2818 501 inter

276 521 606 612 Cycladas
657 522 1012 610 navigans,
1069 521 1229 589 hinc
1281 520 1440 588 inde
1511 520 1959 589 clamantium
2031 520 2115 587 de
2166 521 2457 590 urbibus
2505 532 2570 589 et
2619 523 2812 603 viciS,

275 624 340 680 et
390 610 472 679 ad
529 610 726 679 litora
789 610 1347 679 concurrentium
1401 609 1921 678 immundorum
1986 609 2354 698 spirituum
2428 631 2623 678 voces
2693 633 2820 679 au·-

277 699 528 769 diebat.
585 704 948 789 Ingressus
994 720 1155 789 ergo
1221 698 1570 786 Paphum,
1625 699 1864 767 urbem
1933 698 2158 787 Cypri,
2216 696 2514 766 nobilem
2567 700 2819 767 carmi-

275 789 483 857 nibus
521 790 901 877 poetarum,
956 809 1132 874 quae
1181 785 1570 872 frequenter
1617 798 2031 855 terraemotu
2068 786 2283 875 lapsa,
2341 808 2525 854 nunc
2582 787 2818 856 ruina-

279 898 435 945 rum
479 889 746 945 tantum
809 876 1135 976 vestigiis,
1174 874 1337 961 quid
1397 875 1560 943 olim
1613 873 1838 955 fuerit,
1882 875 2221 944 ostendit:
2264 877 2330 943 in
2375 875 2681 943 secundo
2730 876 2819 946 ab

281 966 452 1034 urbe
505 965 826 1033 milliario
861 964 1210 1033 habitabat
1249 962 1600 1052 ignobiliS,
1640 963 2089 1053 gaudensque
2122 986 2259 1051 quo
2295 963 2532 1052 paucis
2574 963 2820 1035 diebus

276 1054 505 1141 quiete
556 1054 828 1123 viveret.
885 1058 1128 1122 Verum
1169 1075 1299 1121 non
1339 1052 1420 1121 ad
1467 1051 1746 1140 plenum
1801 1052 2043 1142 viginti
2094 1053 2423 1123 transiere
2471 1052 2618 1121 dies
2652 1075 2815 1122 cum

281 1165 404 1234 per
453 1141 639 1210 illam
693 1163 967 1212 omnem
1005 1141 1306 1211 insulam
1355 1142 1779 1228 quicumque
1832 1141 2229 1212 immundos
2280 1142 2628 1212 habebant
2676 1141 2813 1230 spi·

279 1232 479 1311 rituS,
533 1231 832 1300 clamare
889 1242 1260 1321 coeperunt
1308 1230 1572 1299 venisse
1621 1229 2041 1299 Hilarionem
2100 1252 2374 1301 servum
2429 1229 2701 1310 Christi,
2756 1240 2822 1300 et

279 1319 362 1390 ad
415 1342 572 1389 eum
625 1341 698 1389 se
745 1319 992 1389 debere
1059 1340 1444 1409 properare.
1502 1322 1639 1387 Hoc
1691 1318 2074 1399 Salamina,
2146 1319 2271 1388 hoc
2329 1319 2637 1397 Curium,
2691 1319 2819 1387 hoc

281 1408 604 1498 Lapetha,
646 1421 710 1477 et
750 1408 957 1477 urbes
999 1408 1299 1495 reliquae
1347 1406 1896 1476 conclamabant:
1939 1406 2285 1497 plerisque
2325 1407 2813 1489 asserentibus»,

281 1498 458 1566 scire
505 1518 578 1566 se
624 1496 902 1584 quidem
956 1496 1400 1577 Hilarionem,
1454 1509 1517 1565 et
1573 1518 1727 1564 vere
1792 1496 1987 1564 illum
2040 1518 2189 1567 esse
2253 1496 2592 1566 famulum
2668 1496 2813 1575 Dei,

282 1586 399 1656 sed
454 1586 574 1656 ubi
621 1598 820 1666 esset,
879 1585 1215 1675 ignorare.
1262 1589 1448 1653 Intra
1497 1584 1779 1673 triginta
1815 1585 2042 1673 igitur,
2088 1607 2210 1654 nec
2265 1585 2477 1655 multo
2510 1585 2819 1674 amplius

283 1674 454 1753 dies,
508 1674 783 1743 ducenti
837 1672 1070 1754 ferme,
1113 1687 1247 1743 tam
1300 1673 1448 1753 viri,
1502 1695 1711 1760 quam
1765 1673 2112 1754 mulieres,
2166 1673 2249 1742 ad
2302 1695 2459 1742 eum
2526 1695 2815 1763 congre-

284 1764 423 1854 gati
481 1776 666 1832 sunt.
733 1768 915 1845 Quos
963 1784 1120 1832 cum
1188 1761 1506 1842 vidisset,
1578 1760 1819 1831 dolens
1866 1761 2047 1849 quod
2104 1784 2177 1831 se
2238 1783 2369 1831 non
2423 1775 2818 1852 paterentur

283 1854 679 1940 quiescere,
738 1864 800 1920 et
847 1850 1357 1937 quodammodo
1407 1851 1472 1918 in
1527 1849 1856 1920 ultionem
1911 1851 2018 1919 sui
2069 1851 2400 1930 saeviens,
2466 1852 2645 1920 tanta
2704 1873 2820 1922 eos

286 1941 674 2011 orationum
727 1939 1047 2009 instantia
1099 1939 1489 2029 flagellavit,
1547 1951 1619 2008 ut
1670 1938 1952 2026 quidam
1996 1940 2279 2020 statim,
2336 1939 2453 2009 alii
2506 1953 2656 2028 post
2715 1940 2817 2008 bi-

285 2030 504 2100 duum
530 2028 944 2108 triduumve,
974 2049 1212 2097 omnes
1235 2050 1389 2097 vero
1417 2028 1596 2096 intra
1618 2049 1827 2096 unam
1854 2027 2353 2097 hebdomadam
2380 2040 2811 2097 curarentur.

372 2120 408 2205 ξ
455 2122 602 2190 81.
658 2122 939 2186 Manens
986 2116 1213 2203 itaque
1247 2117 1341 2186 ibi
1396 2116 1695 2195 biennio,
1732 2129 1797 2185 et
1844 2138 2113 2207 semper
2159 2117 2243 2186 de
2275 2116 2438 2207 suga
2474 2118 2809 2207 cogitans,

286 2206 703 2295 Hesychium
757 2205 841 2275 ad
894 2227 964 2274 se
997 2206 1174 2274 veris
1218 2217 1519 2295 tempore
1555 2226 2017 2286 reversurum,
2078 2205 2521 2276 Palaestinam
2574 2206 2657 2274 ad
2712 2229 2821 2275 sa-

287 2294 688 2364 lutationem
755 2293 1091 2375 fratrum,
1145 2307 1208 2363 et
1260 2294 1650 2363 monasterii
1719 2294 1828 2363 sui
1894 2294 2157 2363 cineres
2221 2294 2538 2364 visendos
2606 2294 2814 2364 misit.

286 2384 414 2466 Qui
465 2405 620 2452 cum
676 2384 1100 2464 revertisset,
1169 2383 1473 2472 cupienti
1526 2404 1803 2452 rursum
1869 2382 1957 2451 ad
2006 2387 2383 2473 Aegyptum
2452 2384 2815 2473 navigare,

288 2471 414 2543 hoc
460 2485 584 2553 est,
640 2472 725 2541 ad
775 2494 854 2541 ea
888 2470 1057 2552 loca,
1112 2493 1288 2559 quae
1336 2486 1668 2542 vocantur
1725 2471 2023 2554 Bucolia,
2068 2494 2146 2542 eo
2201 2472 2384 2560 quod
2438 2472 2674 2542 nullus
2728 2472 2820 2541 ibi

284 2562 826 2632 Christianorum
876 2574 1074 2642 esset,
1132 2561 1245 2630 sed
1299 2563 1593 2631 barbara
1643 2573 1906 2631 tantum
1956 2573 2021 2630 et
2071 2560 2256 2631 ferox
2308 2562 2514 2641 nati0,
2575 2562 2815 2644 suasit,

280 2663 355 2720 ut
427 2652 493 2718 in
561 2651 711 2738 ipsa
784 2672 893 2718 ma
945 2649 1002 2717 is
1064 2649 1286 2718 insula
1347 2649 1427 2718 ad
1491 2651 1921 2720 secretiorem
1998 2651 2229 2720 locum
2297 2650 2808 2720 conscenderet.
2895 2717 2901 2723 ,

280 2743 492 2822 Quem
543 2761 702 2807 cum
745 2738 868 2807 diu
936 2751 1208 2808 ustrans
1257 2740 1511 2820 omnia,
1555 2740 1937 2827 reperisset,
1995 2739 2314 2829 perduxit
2360 2761 2518 2807 eum
2559 2737 2817 2806 duode-

279 2829 411 2896 cim
471 2827 779 2897 millibus
828 2851 864 2895 a
919 2828 1088 2896 mari
1142 2828 1401 2917 procul,
1472 2828 1648 2897 inter
1696 2841 1989 2896 secretos
2038 2849 2455 2916 asperosque
2506 2841 2812 2908 montes,

278 2930 343 2986 et
388 2938 525 3003 quo
587 2917 693 2984 vix
745 2917 1072 3006 reptando
1125 2917 1446 2986 manibus
1495 2917 1929 3016 genibusque
2000 2929 2224 3004 posset
2271 2915 2626 2984 adscendi.
2685 2915 2817 2997 Qui

280 3006 780 3096 introgressus,
834 3006 1340 3094 contemplatus
1402 3005 1682 3092 quidem
1750 3018 1850 3074 est
1919 3003 2291 3074 terribilem
2356 3003 2549 3072 valde
2597 3016 2662 3071 et
2713 3025 2822 3071 re-

284 3105 543 3162 motum
587 3094 838 3173 locum,
895 3095 1394 3181 arboribusque
1447 3094 1606 3162 hinc
1657 3092 1815 3161 inde
1863 3092 2398 3174 circumdatum,
2454 3092 2818 3161 habentem

279 3182 484 3251 etiam
535 3204 750 3269 aquas
783 3183 867 3252 de
911 3183 1280 3273 supercilio
1336 3182 1531 3252 collis
1572 3182 1894 3269 irriguas,
1949 3194 2014 3250 et
2060 3180 2414 3251 hortulum
2469 3203 2824 3271 peramoe-

281 3292 476 3350 num,
530 3284 595 3339 et
655 3271 961 3359 pomaria
1013 3271 1336 3362 plurima,
1389 3291 1685 3356 quorum
1755 3268 2057 3338 fructum
2123 3292 2478 3356 nunquam
2543 3269 2614 3338 in
2666 3271 2821 3340 cibo

281 3359 604 3447 sumpsit,
668 3357 784 3428 sed
835 3373 899 3428 et
958 3359 1427 3447 antiquissimi
1489 3359 1682 3443 juxta
1753 3357 1987 3446 templi
2054 3359 2351 3440 ruinam,
2406 3380 2484 3428 ex
2532 3380 2669 3445 quo
2716 3359 2826 3448 (ut

283 3448 432 3536 ipse
483 3446 830 3528 referebat,
891 3460 955 3517 et
995 3449 1146 3539 ejus
1199 3446 1526 3537 discipuli
1569 3448 1957 3535 testantur),
2017 3459 2151 3515 tam
2198 3448 2823 3517 innumerabilium

282 3557 406 3626 per
474 3548 703 3605 noctes
750 3548 814 3604 et
878 3536 1025 3605 dies
1092 3537 1508 3606 daemonum
1562 3558 1759 3605 voces
1811 3537 2247 3618 resonabant,
2306 3550 2383 3606 ut
2446 3537 2821 3606 exercitum

282 3623 618 3694 crederes.
675 3629 821 3706 Quo
855 3624 969 3694 ille
1006 3625 1198 3694 valde
1247 3624 1645 3705 delectatuS,
1701 3647 1836 3711 quo
1878 3625 2140 3695 scilicet
2172 3626 2644 3715 antagonistas
2694 3625 2817 3693 ba‘

283 3713 474 3782 beret
507 3713 577 3780 in
619 3713 960 3803 proximo:
1015 3713 1345 3784 habitavit
1396 3714 1488 3782 ibi
1541 3736 1659 3804 per
1700 3736 1918 3782 annos
1966 3716 2296 3800 quinque,
2354 3727 2419 3784 et
2465 3736 2668 3803 saepe
2720 3714 2821 3781 in-

284 3803 540 3871 visente
575 3824 646 3871 se
679 3802 1041 3892 Hesychio,
1082 3803 1151 3870 in
1187 3802 1316 3871 hoc
1348 3816 1647 3871 extremo
1690 3804 1835 3891 jam
1882 3803 2053 3871 vitae
2087 3825 2250 3872 suae
2288 3814 2587 3891 tempore
2649 3801 2825 3871 refo-

282 3891 559 3961 cillatus
608 3901 730 3972 est,
785 3891 965 3977 quod
1024 3904 1296 3980 propter
1356 3891 1791 3981 asperitatem
1858 3891 2469 3978 difficultatemque
2531 3891 2705 3973 loci,
2762 3903 2828 3958 et

282 3980 690 4050 umbrarum
740 3980 847 4069 (ut
895 3980 1239 4051 ferebatur
1293 3981 1531 4070 vulgo)
1581 3980 2094 4049 multitudinem
2125 4035 2140 4061 ,
2207 3993 2327 4048 aut
2376 3979 2653 4059 nullus,
2713 3991 2833 4048 aut

286 4091 481 4140 rarus
530 4069 613 4138 ad
668 4091 739 4138 se
777 4068 880 4139 vel
936 4082 1180 4158 posset,
1244 4069 1344 4137 vel
1395 4069 1681 4139 auderet
1727 4069 2168 4138 adscendere.
2224 4068 2534 4151 Quodam
2597 4081 2824 4136 autem

285 4156 397 4226 die
428 4180 745 4249 egressus
796 4158 1174 4238 hortulum,
1224 4158 1391 4227 vidit
1426 4158 1775 4227 bominem
1813 4170 1947 4227 toto
1994 4179 2282 4248 corpore
2338 4155 2821 4246 paralyticum,

278 4244 620 4332 jacentem
669 4261 826 4317 ante
874 4246 1071 4317 fores.
1129 4247 1713 4337 Interrogavitque
1754 4246 2198 4335 Hesychium,
2246 4246 2567 4332 quisnam
2620 4257 2822 4327 esset,

289 4345 354 4401 et
400 4336 744 4420 quomodo
792 4337 1033 4406 fuisset
1080 4335 1448 4407 adductus.
1494 4336 1625 4418 Qui
1662 4334 2110 4425 respondens,
2150 4335 2267 4416 ait,
2311 4348 2829 4424 procuratorem

291 4443 363 4491 se
409 4423 621 4494 tuisse
682 4425 992 4509 villulae,
1046 4425 1128 4495 ad
1183 4425 1385 4513 cujus
1453 4425 1757 4494 confinia
1816 4424 2136 4495 hortulus
2202 4446 2500 4513 quoque,
2564 4426 2635 4494 in
2692 4444 2829 4512 quo
