3347 4999
699 334 827 396 590
1489 349 1568 394 nn
1616 348 1671 396 s.
1726 347 2001 395 aninmo
2066 349 2254 395 mar.
2841 332 3016 397 OCT.
3072 328 3166 395 20

604 434 714 511 sit.
768 455 808 502 o
857 432 1242 513 execrandi,
1296 431 1478 518 quod
1529 455 1688 503 cum
1746 432 1938 502 nulla
1988 433 2181 503 vobis
2219 432 2508 522 jusserit
2550 447 2865 524 potestas,
2910 456 3161 504 omnes

602 536 831 612 partes
888 524 1257 601 obeuntes,
1315 542 1727 610 magnorum
1781 522 2067 591 deorum
2120 521 2411 591 studetis
2469 535 2765 591 evertere
2815 521 3160 595 libamina

601 624 805 697 atque
853 609 1237 690 sacrificia,
1299 608 1623 680 docentes
1672 609 1990 681 homines
2027 665 2042 692 ,
2095 632 2211 680 eos
2259 630 2393 679 non
2445 632 2593 682 esse
2652 609 2816 681 deos
2848 664 2868 692 ,
2926 633 3156 699 neque

600 712 975 769 servatores
1007 698 1194 768 orbis
1228 711 1468 779 terrae,
1527 721 1650 768 nec
1685 698 1975 769 humani
2027 699 2300 789 generis
2346 721 2582 768 curam
2636 721 2869 788 gerere
2901 754 2917 781 ,
2970 722 3152 787 quos

601 789 690 858 ab
723 809 885 857 aevo
917 800 983 857 et
1018 787 1255 856 multis
1306 799 1482 855 retro
1515 786 1794 867 seculis,
1831 810 1866 855 a
1904 788 2215 877 patribus
2248 787 2407 856 data
2446 787 2806 858 hominum
2854 810 3152 860 consue·

601 875 792 957 tudo,
845 875 1171 946 colendos
1220 874 1502 944 tradidit
1553 888 1618 944 et
1680 875 2111 946 adorandos:
2165 876 2507 946 Christum
2544 889 2772 946 autem
2823 878 2943 964 qui
2994 878 3148 946 heri

598 967 823 1055 coepit
868 987 1041 1047 esse,
1093 977 1159 1035 et
1221 985 1353 1034 non
1406 962 1704 1034 multum
1764 978 1920 1034 ante
1978 977 2277 1035 nostram
2341 976 2652 1046 aetatem,
2727 970 2934 1036 Deum
2987 981 3150 1036 ante

598 1054 876 1133 secula,
931 1068 996 1123 et
1053 1059 1302 1143 Regem
1356 1053 1833 1123 universorum
1896 1051 2328 1142 praedicatis.
2380 1076 2416 1119 »
2478 1054 2817 1124 Macarius
2864 1068 3141 1124 autem:

598 1165 634 1208 «
672 1147 811 1212 Non
850 1142 970 1211 tibi
1017 1142 1459 1222 suffecerunt,
1515 1163 1556 1211 o
1613 1143 1714 1210 vir
1754 1141 2190 1228 iniquissime
2221 1195 2236 1222 ,
2302 1143 2648 1231 sapientes
2695 1144 2982 1233 Eugenii
3024 1143 3149 1213 de-

598 1232 1155 1311 monstrationeS,
1204 1229 1391 1317 quod
1423 1230 1659 1299 eadem
1711 1242 1776 1300 et
1822 1230 1907 1299 de
1942 1229 2182 1300 iisdem
2217 1251 2489 1320 semper
2522 1231 2949 1321 interrogas?
2983 1237 3147 1301 Cae-

598 1332 817 1389 terum
854 1341 980 1410 ego
1012 1340 1287 1407 quoque
1335 1318 1457 1387 tibi
1491 1318 1730 1388 eodem
1769 1318 1992 1399 modo,
2036 1341 2174 1406 quo
2223 1319 2242 1388 i
2298 1342 2392 1400 se,
2433 1319 2713 1389 reddam
2759 1342 3087 1421 responsa
3122 1343 3140 1388 ε

598 1407 791 1491 Quod
843 1408 1152 1477 Christus
1184 1463 1199 1489 ,
1262 1428 1469 1493 quem
1522 1420 1596 1476 tu
1661 1406 1908 1477 irrides
1956 1430 2035 1477 ac
2081 1407 2224 1477 ludi
2258 1408 2507 1488 icaris,
2571 1410 2718 1497 ipse
2778 1432 2923 1479 suis
2968 1409 3149 1480 dixit

598 1495 1009 1584 discipulis:
1063 1502 1308 1566 Enntes
1366 1497 1436 1565 in
1483 1497 1808 1566 mundum
1854 1499 2264 1579 universum,
2327 1498 2547 1567 docete
2592 1520 2813 1567 omnes
2856 1509 3087 1589 qentes
3120 1554 3139 1581 ,

598 1587 1022 1676 baptizantes
1060 1608 1166 1655 eos
1213 1588 1285 1654 in
1330 1587 1593 1654 nomine
1641 1588 1886 1666 Patria,
1926 1596 1987 1654 et
2027 1587 2217 1666 Filii,
2274 1597 2335 1655 et
2374 1588 2666 1677 Spiritus
2713 1589 2965 1666 Sancti,
3020 1588 3143 1656 do-

598 1684 812 1744 centes
841 1697 947 1743 cos
976 1696 1244 1744 servare
1271 1676 1497 1744 omnia
1526 1696 1983 1766 quaecumque
2015 1676 2342 1744 mandavi
2374 1676 2554 1744 vobis
2586 1676 2847 1759 (Matth.
2881 1675 3135 1763 xxvln).

598 1762 726 1845 Qui
776 1764 978 1832 etiam
1048 1762 1325 1852 profecti
1378 1762 1542 1832 haec
1603 1762 2034 1845 docuerunt,
2095 1762 2328 1851 fugere
2392 1785 2563 1832 vana
2621 1763 3021 1845 simulacra,
3071 1779 3143 1834 et

598 1853 899 1921 converti
947 1850 1032 1920 ad
1077 1857 1285 1921 Deum
1323 1852 1552 1921 vivum
1587 1851 1707 1937 qui
1741 1852 1994 1921 creavit
2038 1851 2306 1921 coelum
2356 1867 2421 1923 et
2454 1865 2725 1922 terram.
2772 1853 2874 1920 Dii
2905 1868 3138 1922 autem

599 1940 721 2020 tui,
762 1963 936 2028 quos
985 1941 1132 2029 ipse
1177 1939 1447 2021 adoraS,
1487 1955 1649 2008 sunt
1687 1939 2014 2029 figmenta
2048 1939 2489 2021 daemonum,
2536 1954 2601 2010 et
2633 1941 2905 2010 inventa
2938 1940 3142 2011 fabu-

600 2028 850 2109 larum,
903 2028 1421 2117 diabolicaeque
1453 2027 1670 2100 foetus
1708 2029 2147 2118 operationis.
2200 2032 2291 2097 De
2339 2029 2425 2099 iis
2468 2029 2652 2098 enim
2701 2028 2870 2098 dicit
2903 2045 3143 2099 nostra

599 2119 738 2186 Scri
799 2130 992 2187 tura:
1046 2120 1161 2187 Dii
1187 2120 1311 2209 qui
1335 2120 1590 2187 coelum
1623 2128 1687 2187 et
1720 2129 1971 2187 terram
2006 2141 2135 2188 non
2165 2120 2488 2206 secarunt,
2522 2129 2803 2209 pereant
2833 2118 3002 2207 (Jcr.
3040 2118 3132 2205 x).

597 2210 728 2276 Nec
753 2140 885 2276 hoc
920 2207 1172 2285 solum,
1219 2205 1333 2276 sed
1371 2206 1507 2276 alia
1537 2228 1812 2294 quoque
1846 2205 1950 2275 lox
1984 2207 2430 2295 Imperatoria
2465 2229 2502 2273 a
2539 2206 2979 2276 Constantino
3017 2221 3138 2276 tuo

597 2309 887 2394 cognato
933 2294 1090 2370 lata,
1129 2316 1245 2363 eos
1274 2294 1551 2385 expellit
1582 2296 1667 2365 ab
1699 2294 2115 2376 adoratione,
2148 2309 2213 2364 et
2243 2294 2554 2365 dissolvit
2585 2316 2824 2365 eorum
2860 2295 3134 2364 cultus:

597 2404 717 2470 qui
755 2405 912 2451 cum
952 2383 1021 2451 in
1058 2383 1400 2453 Christum
1441 2382 1868 2464 credidisset,
1922 2383 2261 2453 idolorum
2316 2383 2566 2473 templa
2604 2385 2839 2453 evertit
2871 2384 3131 2466 omnia,

597 2484 663 2541 et
707 2493 881 2558 quae
924 2472 1023 2542 eis
1069 2472 1453 2542 offeruntur
1481 2527 1496 2552 ,
1535 2472 1881 2543 sacrificia
1931 2487 2163 2563 aperte
2210 2471 2367 2542 fecit
2404 2494 2692 2543 cessare.
2746 2472 2923 2556 Quid
2973 2493 3138 2563 ergo

597 2560 762 2629 mali
804 2561 1122 2643 facimuS,
1160 2582 1201 2630 o
1233 2566 1635 2650 Imperator,
1677 2563 1732 2632 si
1763 2584 1940 2649 quae
1990 2567 2166 2632 Deus
2187 2562 2422 2652 jussit,
2459 2575 2524 2631 et
2565 2583 2861 2652 magnus
2899 2564 3140 2632 statuit

599 2654 1002 2740 Imperator,
1055 2670 1434 2732 servamu5,
1485 2664 1552 2720 et
1597 2650 1913 2720 homines
1959 2650 2045 2719 ad
2094 2672 2174 2721 ea
2227 2650 2623 2720 hortamur:
2675 2672 2854 2737 quae
2900 2663 3131 2720 autem

595 2751 924 2821 veterum,
961 2751 1039 2820 ut
1075 2737 1329 2819 dixisti,
1372 2738 1672 2809 virorum
1710 2738 2098 2830 ignorantia
2130 2761 2211 2809 ex
2236 2739 2653 2808 daemonum
2688 2739 2953 2808 invenit
2994 2761 3139 2809 ma·

595 2827 1010 2908 chinatione,
1049 2826 1552 2909 interdicimu5‚
1590 2841 1656 2896 et
1691 2827 1914 2897 modis
1947 2827 2270 2898 omnibus
2302 2828 2797 2918 prohibemus?
2831 2851 2868 2895 »

682 2918 719 3004 ξ
770 2922 914 2989 21.
969 2921 1459 3008 Transgressor
1504 2928 1731 2986 autem
1771 2917 2145 2987 Julianus:
2201 2939 2236 2983 «
2266 2917 2394 2986 Sed
2444 2916 2931 2986 Constantinus
2961 2971 2976 2993 ‚
3030 2917 3136 2986 in-

639 3006 766 3085 uit,
805 3027 965 3076 cum
996 3004 1384 3075 miserrime
1421 3004 1760 3092 quaedam
1800 3005 2190 3075 innovasset
2218 3017 2495 3096 propter
2524 3005 2587 3074 ei
2619 3017 2813 3096 grata
2845 3005 3130 3087 scelera,

592 3027 839 3164 defecit
888 3117 927 3163 a
960 3093 1118 3175 diis,
1172 3094 1500 3184 deceptus
1547 3116 1588 3163 a
1631 3094 1819 3163 vobis
1859 3093 2201 3174 GalilaeiS,
2248 3106 2324 3163 ut
2368 3094 2490 3181 qui
2536 3107 2714 3163 esset
2769 3093 2966 3163 nulla
3013 3093 3138 3163 do·

592 3184 814 3253 ctrina
849 3183 1224 3273 praedituS‚
1262 3195 1327 3252 et
1363 3204 1485 3252 nec
1527 3183 1878 3265 RomaniS,
1920 3204 2042 3252 nec
2083 3183 2355 3253 Graecis
2402 3182 2673 3273 legibus
2701 3203 2780 3251 ac
2825 3182 3137 3252 moribus

595 3271 1068 3341 confirmatus,
1101 3276 1239 3363 Ego
1265 3284 1518 3353 autem,
1555 3293 1594 3341 o
1621 3271 1856 3373 impie,
1889 3272 2008 3359 qui
2038 3271 2309 3362 perveni
2340 3270 2423 3339 ad
2455 3292 2807 3341 summum
2842 3275 3135 3340 Graecae

593 3370 660 3429 et
707 3363 1055 3430 Romanae
1101 3359 1551 3440 eruditionis„
1603 3373 1668 3430 et
1724 3381 1795 3430 in
1838 3373 2136 3431 veterum
2191 3360 2492 3429 virorum
2548 3358 2908 3450 theologia,
2962 3364 3131 3427 Mer-

595 3447 798 3528 curii,
847 3447 1159 3535 inquam,
1198 3449 1473 3539 Orphei,
1524 3462 1589 3519 et
1626 3449 1927 3519 Platonis
1966 3472 2120 3520 sum
2152 3449 2583 3527 exercitatus,
2620 3459 2686 3517 et
2719 3449 2788 3515 in
2821 3447 3127 3518 Judaicis

592 3557 865 3625 quoque
892 3536 1262 3627 Scripturis
1296 3559 1429 3607 non
1469 3558 1713 3627 parum
1744 3549 2073 3619 versatuS,
2113 3550 2369 3607 vestras
2403 3536 2602 3605 nihili
2645 3535 2905 3606 faciens
2935 3555 3131 3626 prae-

595 3624 835 3716 stigias
871 3680 886 3708 ,
932 3626 1143 3714 jubeo
1190 3626 1507 3696 homines
1569 3626 1793 3696 redire
1839 3626 1922 3696 ad
1976 3647 2233 3695 morem
2295 3639 2361 3695 et
2408 3624 2675 3696 cultum
2723 3647 2763 3694 a
2825 3625 3137 3714 patribus

594 3713 950 3797 traditum,
1021 3728 1087 3785 et
1153 3714 1744 3803 antiquissimum,
1794 3727 1865 3785 et
1961 3715 2131 3796 ium,
2216 3714 2514 3785 multum
2592 3713 2813 3783 valere
2876 3714 3137 3804 jubens

591 3804 838 3875 inanes
894 3803 1325 3875 indoctorum
1376 3803 1762 3894 opiniones.
1819 3808 1899 3873 Se
2005 3803 2117 3874 hic
2163 3824 2438 3891 quoque
2486 3815 2666 3872 veste
2712 3815 3022 3882 exuatur,
3073 3815 3139 3871 et

594 3892 1027 3985 flagellorum
1070 3893 1276 3963 faciat
1323 3891 1735 3983 periculum,
1787 3904 1865 3962 ut
1920 3914 2000 3962 ex
2062 3893 2192 3962 hoc
2231 3892 2513 3963 effectus
2567 3891 2961 3970 modestior,
3033 3890 3135 3962 vel

592 3983 851 4054 invitus
885 3982 1136 4053 nostris
1176 4004 1249 4052 se
1287 3981 1645 4051 submittat
1685 3981 1979 4072 legibus.
2015 4005 2051 4049 »

683 4075 720 4159 ἓ
769 4076 930 4143 28.
984 4077 1148 4142 Cum
1199 4071 1269 4140 hi
1303 4092 1466 4163 ergo
1498 4070 1880 4140 inhumane
1916 4070 2415 4150 cruciarentur,
2467 4082 2532 4139 et
2571 4068 3004 4160 gravissimis
3038 4065 3140 4136 af-

593 4159 963 4230 ficerentur
996 4161 1421 4242 verberibus,
1473 4160 1716 4231 beatus
1762 4170 1828 4230 et
1876 4159 2035 4249 pius
2083 4160 2421 4229 Artemius
2468 4163 2633 4246 qui,
2688 4170 2765 4229 ut
2797 4157 2993 4247 prius
3038 4167 3140 4226 est

593 4262 971 4329 ostensum,
1024 4254 1172 4319 Dux
1216 4261 1283 4318 et
1326 4247 1724 4339 Augustalis
1770 4248 2054 4340 Aegypti
2093 4248 2227 4319 tuit
2273 4271 2311 4318 a
2360 4247 2753 4317 Constantio
2800 4245 3139 4315 constitu-

596 4350 754 4410 tus:
807 4348 872 4408 et
907 4351 1263 4429 propterea
1299 4338 1483 4426 quod
1526 4359 1598 4407 se
1632 4349 1809 4408 recte
1855 4352 1920 4408 et
1968 4339 2230 4428 integre
2276 4349 2540 4428 gereret
2587 4337 2656 4405 in
2692 4335 3139 4405 administra-

594 4426 802 4509 tione,
850 4447 1079 4498 rerum
1128 4448 1403 4516 quoque
1449 4426 1686 4518 Syriae
1732 4439 2087 4518 acceperat
2136 4425 2715 4517 procurationem,
2772 4436 3135 4516 postquam
