3347 4999
210 371 384 438 OCT.
438 372 525 437 22
969 390 1048 437 nn
1095 390 1150 437 s.
1202 385 1471 437 Aannclo
1518 389 1615 436 nr.
1655 385 1993 436 memrot..
2530 375 2657 440 643

206 474 533 544 manibus
559 472 789 565 pulsat
826 473 1066 564 templi
1114 485 1387 563 portas;
1440 483 1503 543 et
1550 494 1710 543 cum
1752 472 1977 543 claves
2023 485 2089 543 et
2127 484 2342 545 vestes
2381 475 2468 545 ab
2516 497 2594 547 eo
2640 500 2746 551 es-

204 577 359 633 sent
396 563 692 644 contriti,
730 576 795 633 et
826 576 1099 654 apertae
1130 575 1359 633 essent
1408 574 1660 653 portae,
1700 562 1769 631 in
1814 562 2122 631 medium
2157 585 2530 636 accurrens
2581 576 2748 638 tem-

205 652 427 743 plum,
479 652 836 742 Apollinis,
882 652 1064 740 quod
1107 651 1247 721 illic
1281 651 1523 732 stabat,
1569 650 2017 721 simulacrum
2069 651 2402 743 confregit
2440 675 2519 722 ac
2559 677 2741 726 com·

205 741 479 811 minuit.
533 741 788 811 Deinde
842 741 975 810 alia
1027 763 1298 829 quoque
1344 740 1638 810 aliorum
1696 740 1983 809 deorum
2031 740 2402 811 simulacra
2452 743 2691 814 obiens
2721 801 2737 828 ,

205 830 430 900 affecit
477 829 817 901 similiter.
858 830 960 899 Dii
993 841 1216 899 autem
1252 851 1386 899 non
1421 851 1492 898 se
1525 827 2003 911 defenderunt,
2038 841 2103 898 et
2132 851 2308 918 quae
2338 843 2501 900 sunt
2532 833 2745 905 surda

203 933 270 990 et
303 919 559 999 inania,
609 920 706 989 sic
736 930 931 1007 erant
979 918 1180 1009 plane
1214 919 1422 988 surda
1461 930 1526 988 et
1566 929 1783 999 muta,
1823 940 2053 987 vocem
2093 928 2318 988 tamen
2371 921 2742 991 maximam

203 1007 413 1079 rebus
460 1008 631 1098 ipsis
687 1008 1085 1089 emittentia,
1131 1008 1412 1077 insanos
1457 1028 1606 1076 esse
1653 1006 1969 1077 homines
2007 1007 2127 1093 qui
2180 1028 2296 1077 eos
2351 1007 2628 1091 colunt,
2682 1023 2747 1081 et

204 1096 375 1167 deos
414 1096 822 1166 nominant:
875 1108 941 1166 et
985 1118 1160 1184 quae
1200 1119 1384 1167 nunc
1424 1096 1807 1187 patiuntur,
1866 1094 1983 1165 illa
2014 1094 2295 1183 quidem
2341 1097 2529 1186 juste
2578 1100 2743 1189 pati,

204 1197 270 1255 et
303 1184 500 1255 valde
539 1184 1002 1255 laudabiliter.

295 1277 332 1361 ξ
379 1278 470 1346 8.
526 1279 817 1345 Deorum
876 1286 1102 1344 autem
1159 1273 1501 1353 cultores,
1561 1284 1627 1343 et
1679 1272 1915 1363 templi
1967 1273 2315 1355 ministri,
2369 1295 2528 1343 cum
2581 1274 2749 1344 haec

205 1385 463 1454 magna
510 1362 803 1433 audacia
833 1362 1012 1432 facta
1056 1384 1206 1433 esse
1255 1362 1606 1445 vidissent,
1659 1374 1856 1432 erant
1906 1362 2091 1451 pleni
2126 1374 2406 1452 stupore
2436 1374 2500 1432 et
2545 1359 2748 1433 dubi*

204 1453 482 1523 tatione.
520 1457 586 1522 Is
612 1474 767 1522 vero
799 1452 882 1521 ad
918 1473 1034 1522 eos
1067 1473 1459 1531 conversus,
1491 1464 1555 1521 et
1578 1452 1770 1541 justa
1803 1472 1962 1521 cum
1998 1451 2123 1532 ira,
2154 1451 2390 1541 justus
2420 1450 2742 1523 intuens:

207 1563 246 1608 «
276 1542 488 1621 Abite,
529 1541 772 1628 inquit,
812 1540 895 1611 ad
940 1553 1280 1621 senatum,
1333 1553 1398 1610 et
1446 1541 1565 1611 toti
1620 1539 1878 1630 populo
1926 1539 2362 1620 renunciate,
2416 1541 2597 1627 quod
2649 1537 2748 1609 dii

208 1630 414 1700 vestri
454 1629 773 1699 hesterno
805 1628 1121 1699 inebriati
1156 1629 1464 1699 convivio
1498 1641 1562 1699 et
1593 1629 2112 1709 comessatione,
2153 1650 2223 1699 se
2260 1628 2546 1698 invicem
2589 1650 2747 1699 con-

207 1720 566 1800 triverunt,
605 1732 668 1790 et
708 1718 806 1789 sic
848 1720 917 1788 in
949 1730 1196 1788 terram
1239 1717 1658 1805 dejecerunt.
1698 1717 1825 1787 Sed
1859 1738 2001 1799 vos,
2042 1717 2097 1785 si
2132 1717 2299 1803 quid
2335 1718 2423 1787 sit
2452 1718 2521 1786 in
2558 1717 2749 1788 vobis

209 1829 454 1877 sensus
486 1862 501 1889 ,
560 1806 905 1877 confracta
967 1807 1135 1877 haec
1193 1806 1562 1877 simulacra
1612 1806 1889 1877 camino
1936 1805 2258 1876 mandate
2304 1818 2368 1875 et
2417 1806 2584 1898 igni.
2640 1806 2748 1877 Sic

207 1897 390 1966 enim
421 1896 517 1965 dii
550 1897 752 1966 vestri
789 1895 979 1966 vobis
1005 1895 1173 1966 forte
1204 1895 1459 1966 fuerint
1486 1894 1713 1975 utiles,
1755 1917 1877 1985 per
1900 1895 2183 1974 calcem,
2223 1895 2534 1983 inquam,
2572 1916 2750 1983 quae

207 1998 311 2055 est
361 2007 442 2053 ex
495 1983 635 2056 illis
698 1984 1033 2055 facienda.
1076 2008 1112 2051 »
1173 1988 1352 2054 Haec
1407 2006 1564 2053 cum
1606 1983 1875 2055 fecisset
1920 1996 1984 2054 et
2038 1983 2323 2054 dixisset
2364 1983 2691 2054 Abercius
2726 2039 2741 2066 ,

209 2073 494 2142 domum
539 2073 762 2155 rediit,
803 2085 1152 2160 tamquam
1205 2073 1314 2145 vir,
1336 2072 1778 2154 fortissimus,
1817 2073 1961 2144 suis
1998 2073 2368 2163 peremptis
2399 2072 2739 2155 hostibUS‚

207 2162 330 2249 qui
377 2173 572 2232 erant
620 2183 850 2232 revera
903 2174 1216 2232 auctores
1263 2161 1449 2232 exitii
1507 2160 1879 2230 multarum
1939 2161 2357 2232 animarum.
2409 2167 2747 2234 Reversus

208 2262 438 2320 autem
496 2250 780 2321 docebat
819 2250 1331 2321 multitudinem
1394 2272 1572 2338 quae
1623 2250 1709 2319 ad
1762 2251 1988 2340 ipsum
2046 2251 2459 2331 confluebat,
2516 2272 2745 2321 veram

210 2340 408 2425 sequi
460 2340 886 2429 religionem,
939 2352 1005 2409 et
1053 2340 1438 2409 moderatae
1493 2339 1667 2408 vitae
1712 2360 1950 2409 curam
2003 2361 2258 2430 gerere.
2324 2340 2465 2410 Sub
2522 2340 2745 2428 ipsam

210 2440 437 2496 autem
473 2441 762 2511 noctem,
806 2429 1101 2498 sacrifici
1135 2442 1197 2498 et
1246 2428 1503 2498 aeditui
1536 2428 1872 2497 accedunt
1920 2428 2005 2497 ad
2056 2440 2398 2509 senatum,
2450 2439 2515 2498 et
2564 2428 2747 2498 defe—

210 2529 377 2587 runt
433 2518 712 2604 quidem
774 2517 1184 2599 Abercium;
1251 2519 1496 2587 docent
1548 2530 1775 2588 autem
1838 2539 1915 2587 ea
1973 2540 2148 2606 quae
2210 2517 2386 2587 facta
2448 2517 2743 2587 fuerant.

210 2609 450 2692 Itaque
496 2628 657 2677 cum
693 2607 995 2698 primum
1048 2605 1293 2688 illuxit,
1346 2606 1527 2676 sama
1578 2629 1700 2696 per
1737 2627 1974 2677 omnes
2016 2607 2334 2698 pervasit,
2372 2606 2553 2693 quod
2599 2628 2750 2675 ma-

209 2715 393 2786 gnus
438 2694 717 2782 quidem
766 2695 1090 2766 Abercius
1137 2695 1207 2764 in
1259 2717 1589 2786 magnum
1641 2716 1940 2765 errorem
2002 2695 2404 2776 incidisset,
2458 2694 2529 2763 in
2579 2695 2750 2764 deos

208 2794 434 2852 autem
471 2785 972 2864 insurrexisset,
1026 2797 1091 2855 et
1122 2784 1303 2874 quod
1339 2806 1418 2854 ea
1451 2784 1534 2853 de
1567 2806 1780 2854 causa
1812 2805 1948 2853 non
1986 2784 2210 2854 solum
2246 2783 2383 2852 diis
2420 2794 2485 2852 et
2516 2787 2746 2873 Impe-

207 2873 551 2943 ratoribus
585 2927 600 2954 ,
654 2873 772 2943 sed
835 2874 1036 2943 etiam
1107 2873 1361 2964 populo
1407 2886 1471 2942 et
1517 2874 1884 2943 universae
1943 2872 2198 2942 civitati
2260 2870 2535 2941 deberet
2580 2870 2748 2941 dare

208 2982 487 3051 poenas.
542 2967 830 3052 Propere
878 2984 1040 3053 ergo
1087 2984 1326 3033 omnes
1360 2963 1427 3031 in
1473 2961 1801 3051 templum
1840 2961 2257 3050 congregati,
2312 2962 2490 3029 inter
2520 2982 2592 3029 se
2639 2960 2749 3028 di-

207 3050 629 3140 sceptabant,
667 3064 732 3120 et
772 3050 856 3120 de
901 3073 980 3121 eo
1012 3051 1640 3122 communicabant.
1697 3056 1774 3120 Et
1819 3049 2166 3136 quierant
2204 3048 2482 3136 quidem
2536 3048 2746 3138 primi

208 3160 290 3208 ex
336 3139 625 3221 civibus,
678 3152 743 3210 et
791 3141 991 3232 longe
1024 3139 1179 3209 aliis
1226 3138 1745 3219 antecellebant,
1801 3137 2253 3208 consulebant
2295 3137 2560 3207 mittere
2610 3137 2746 3205 mi-

205 3228 460 3297 nistros
510 3228 861 3319 publicos,
917 3241 982 3297 et
1030 3228 1388 3299 Abercium
1431 3228 1818 3308 adducere,
1873 3225 2302 3296 redditurum
2356 3226 2688 3296 rationem
2723 3281 2740 3307 ,

255 3339 507 3386 uanam
539 3317 624 3386 de
660 3339 869 3387 causa
907 3317 1075 3386 haec
1107 3318 1195 3386 sit
1225 3339 1464 3398 ausuS,
1510 3328 1575 3386 et
1604 3337 1941 3404 quosnam
1991 3314 2262 3394 habeat,
2302 3316 2422 3402 qui
2450 3315 2510 3385 ei
2543 3335 2743 3405 opem

235 3417 454 3474 erant.
492 3410 724 3493 Neque
752 3418 853 3474 est
898 3405 1109 3487 enim,
1161 3406 1458 3494 ajebant‚
1500 3404 1890 3486 verisimile,
1928 3425 2085 3473 eum
2129 3404 2250 3493 qui
2289 3404 2452 3474 talia
2500 3426 2747 3494 aggre-

209 3493 421 3573 ditur,
478 3514 611 3563 non
648 3492 882 3585 plures
912 3493 1164 3564 habere
1195 3493 1568 3581 adjutores.
1624 3496 1789 3561 Cum
1838 3515 2000 3582 ergo
2048 3491 2204 3563 illos
2236 3514 2510 3580 quoque
2555 3514 2745 3562 com-

210 3581 804 3673 prehenderimus,
826 3583 1089 3651 vinctos
1114 3582 1319 3652 simul
1353 3604 1509 3653 cum
1528 3580 1809 3650 Abercio
1836 3583 2187 3652 mittemus
2213 3582 2295 3651 ad
2326 3580 2741 3663 Praesidem‚

207 3683 286 3742 ut
333 3670 610 3741 meritas
665 3670 860 3740 luant
898 3692 1150 3761 poenas
1203 3692 1369 3741 suae
1415 3671 1483 3739 in
1525 3670 1690 3740 deos
1738 3669 1925 3759 ipsos
1970 3670 2270 3758 injuriae
2300 3726 2315 3753 ,
2369 3683 2434 3741 et
2480 3671 2550 3739 in
2602 3673 2744 3737 Im-

261 3772 581 3830 eratores.

212 3783 257 3852 p
297 3851 334 3938 ξ
381 3854 466 3922 4.
518 3853 729 3936 Atque
761 3848 847 3917 iis
875 3848 1152 3936 quidem
1192 3848 1314 3935 qui
1348 3847 1631 3918 caeteris
1665 3847 2105 3939 praestabant
2141 3847 2529 3937 prudentia,
2566 3848 2748 3920 sicut

210 3938 537 4019 diximuS,
594 3936 950 4007 videbatur
995 3937 1122 4007 hoc
1167 3936 1532 4027 expedire;
1584 3948 1650 4006 et
1699 3937 1821 4017 sic,
1876 3935 2180 4025 ajebant‚
2223 3937 2351 4006 erit
2398 3935 2598 4005 nobis
2645 3936 2745 4007 fa-

210 4026 558 4098 ciendum.
596 4025 899 4117 Populus
939 4038 1167 4096 autem
1201 4048 1358 4096 cum
1402 4025 1685 4096 vidisset
1719 4048 1966 4096 manus
1996 4036 2062 4093 et
2093 4024 2322 4115 pedeS‚
2358 4038 2422 4094 et
2451 4024 2739 4095 deorum

208 4113 415 4184 facies
461 4115 659 4186 humi
699 4115 1060 4206 projectas,
1113 4126 1178 4184 et
1215 4113 1410 4184 valde
1469 4126 1855 4185 commotus
1902 4124 2102 4195 esset,
2152 4134 2390 4183 amens
2421 4169 2436 4194 ,
2499 4113 2745 4186 dixerit

207 4203 579 4295 quispiam,
634 4226 756 4295 pro
795 4204 1209 4285 amentibu5‚
1249 4203 1459 4294 lignis
1492 4213 1557 4274 et
1590 4202 1939 4294 lapidibus
1973 4202 2304 4292 correptis
2336 4202 2524 4292 (talis
2551 4203 2740 4273 enim

206 4303 308 4363 est
345 4294 663 4364 universa
697 4293 920 4376 turba,
960 4291 1046 4362 ad
1097 4293 1268 4362 iram
1309 4303 1673 4374 commota,
1713 4305 1777 4362 et
1824 4292 1916 4362 ita
1957 4291 2222 4381 impetu
2261 4304 2460 4362 utens
2505 4291 2749 4361 incon-

204 4379 550 4472 siderato),
593 4405 630 4448 «
654 4388 928 4464 EamuS,
965 4383 1143 4453 inter
1171 4403 1242 4452 se
1271 4381 1563 4451 invicem
1595 4381 2012 4462 clamabant,
2040 4402 2303 4461 eamus,
2342 4381 2745 4469 injiciamus

199 4471 434 4562 ignem
467 4471 533 4539 in
569 4471 722 4559 ejus
755 4472 1066 4554 domum,
1105 4483 1170 4542 et
1208 4493 1360 4542 eam
1393 4472 1915 4563 quamprimum
1958 4472 2445 4552 accendamuS‚
2485 4482 2560 4540 ut
2599 4490 2759 4540 non-
