3347 4999
692 317 818 382 604
1440 337 1519 382 ΒΕ
1567 337 1621 382 s.
1667 336 2007 385 nimmonss
2053 338 2292 384 Annam
2824 317 2996 384 OCT.
3052 321 3125 384 21

600 431 826 489 autem
883 430 948 488 et
993 430 1201 509 caput
1267 418 1335 487 in
1387 432 1563 489 terra
1613 419 1889 508 reliquit
1954 443 2284 512 magnum
2328 419 2733 491 Christianis
2780 420 3133 504 solatium,

602 507 818 666 {nimi
857 508 1466 591 medicamentum,
1520 508 1932 579 insidiarum
1980 509 2297 580 omnium
2344 522 2412 580 et
2457 508 2875 580 damnorum
2921 531 3145 580 reme-

652 619 825 666 ium.

689 688 727 773 ἓ
773 689 924 758 45.
977 684 1169 767 Quod
1218 685 1499 772 quidem
1546 708 1708 756 cum
1759 685 2149 758 sustulisset
2199 686 2450 756 mulier
2484 740 2500 766 ,
2555 685 2837 756 nomine
2883 687 3134 769 Arista,

600 794 777 861 quae
822 786 966 843 erat
1014 774 1411 844 Diaconissa
1449 774 1791 844 Ecclesiae
1820 776 2296 856 Antiochenae‚
2330 775 2538 862 idque
2570 786 2899 854 curasset,
2952 789 3018 845 et
3063 776 3140 845 in

600 884 882 953 capsam
932 862 1399 953 imposuisset,
1467 863 1554 932 ad
1595 862 2067 935 felicissimam
2134 864 2533 935 transmittit
2580 864 3143 955 Constantinopo-

600 950 750 1032 lim,
789 950 1097 1022 studium
1133 951 1413 1039 quidem
1452 973 1740 1042 ponens,
1783 964 1859 1022 ut
1889 973 1968 1023 eo
2001 952 2295 1044 dignum
2344 951 2681 1043 templum
2708 952 3134 1035 aedificaret,

600 1038 1031 1109 ferventioris
1060 1040 1131 1109 in
1158 1062 1315 1109 eum
1348 1041 1703 1111 charitatis
1743 1041 2106 1111 indicium.
2136 1047 2305 1111 Cum
2342 1054 2570 1111 autem
2603 1063 2739 1111 non
2777 1042 3135 1131 potuisset,

599 1128 785 1216 quod
837 1127 1125 1208 volebat,
1169 1128 1252 1198 ad
1288 1130 1601 1200 effectum
1652 1130 2017 1211 deducere,
2053 1152 2135 1200 eo
2164 1129 2419 1200 factum
2470 1143 2595 1210 est,
2633 1143 2712 1199 ut
2751 1131 2818 1199 in
2864 1130 3135 1200 hodier-

603 1238 774 1287 num
814 1239 1036 1304 usque
1080 1217 1263 1287 diem
1325 1219 1394 1288 in
1455 1218 1709 1309 templo
1770 1220 2240 1308 praecursoris
2300 1219 2451 1309 ejus
2496 1240 2734 1289 sacrae
2782 1231 3142 1289 manerent

600 1306 975 1392 reliquiae,
1031 1328 1208 1393 quae
1264 1319 1756 1377 conservantur
1808 1307 1988 1378 sicut
2046 1309 2413 1378 thesaurus
2443 1363 2458 1388 ,
2509 1307 2630 1395 qui
2692 1329 2830 1377 non
2884 1329 3140 1379 consu·

603 1395 836 1475 mitur,
878 1394 962 1464 ad
1013 1394 1303 1485 gloriam
1339 1395 1585 1466 Christi
1620 1396 1760 1464 veri
1804 1397 1926 1464 ‘Dei
1965 1398 2220 1466 nostri:
2258 1418 2466 1484 quem
2502 1396 2694 1467 decet
2733 1396 2972 1478 honor,
3017 1418 3140 1486 po-

605 1484 836 1564 tentia,
893 1486 1213 1575 majestas
1235 1489 1310 1554 'et
1355 1484 1890 1575 magnificentia,
1957 1508 2143 1556 nunc
2189 1497 2254 1555 et
2314 1506 2586 1575 semper
2614 1539 2629 1567 ‚
2671 1497 2736 1555 et
2783 1486 2854 1554 in
2904 1485 3138 1555 secula

605 1571 993 1642 seculorum
1020 1628 1035 1655 ,
1090 1576 1325 1643 Amen.

1099 1940 1332 2041 VlTA
1397 1941 1473 2041 S.
1540 1939 2136 2042 HlLARlONlS
2204 1940 2642 2040 ABBATlS

731 2215 868 2263 1³13ss
923 2216 983 2261 D·
1036 2204 1534 2263 nlnnolwnnu
1592 2214 1942 2280 SCRIPTA,
1993 2215 2235 2263 EXTAT
2288 2216 2513 2264 INTER
2563 2215 3003 2265 EPISTOLAS.

997 2431 1262 2489 claruit
1302 2443 1435 2485 sec.
1464 2428 1561 2484 1v
1593 2457 1664 2468 —
1707 2431 1766 2485 A
1806 2428 2195 2487 Palaestina
2237 2432 2465 2485 ortum
2504 2428 2729 2485 duxit.

689 2642 730 2727 ἓ
775 2651 853 2718 1.
908 2644 1279 2736 Scripturis
1328 2644 1532 2714 vitam
1567 2643 1749 2714 beati
1784 2642 2177 2722 Hilarionis,
2218 2642 2665 2714 habitatorem
2700 2642 2853 2714 e'us
2888 2643 3132 2716 invoco

602 2734 934 2823 Spiritum
985 2738 1336 2816 Sanctum,
1388 2746 1466 2804 ut
1507 2734 1629 2820 qui
1669 2732 1772 2800 illi
1807 2734 2090 2802 virtutes
2137 2731 2426 2833 largitus
2471 2745 2595 2814 est,
2644 2731 2732 2800 mi
2791 2730 2814 2799 i
2852 2731 2938 2801 ad
2978 2755 3133 2804 nar-

601 2823 854 2893 randas
899 2844 1016 2892 eas
1064 2844 1446 2893 sermonem
1483 2822 1763 2903 tribuat,
1799 2834 1875 2891 ut
1903 2820 2080 2890 sacta
2112 2820 2314 2890 dictis
2352 2833 2836 2909 exaequentur.
2872 2825 3128 2892 Eorum

599 2912 810 2993 enim,
862 2911 983 2999 qui
1018 2911 1236 2982 fecere
1275 2911 1556 2981 virtutes
1600 2911 1711 3002 (ut
1755 2910 1851 2980 ait
1898 2909 2230 3001 Crispus),
2268 2923 2455 2981 tanta
2487 2910 2832 2980 habentur
2866 2910 3126 2992 merita,

599 2999 933 3088 quantum
976 3023 1057 3070 ea
1105 3000 1329 3072 verbis
1379 3013 1655 3091 potuere
1688 2999 1992 3069 attollere
2021 2998 2374 3089 praeclara
2421 2999 2720 3090 ingenia.
2752 2997 3134 3069 Alexander

599 3094 890 3181 Magnus
937 3090 1234 3170 Macedo,
1275 3111 1479 3176 quem
1531 3088 1632 3159 vel
1684 3090 1990 3171 arietem,
2046 3088 2144 3158 vel
2184 3089 2503 3179 pardum,
2542 3088 2646 3158 vel
2696 3088 2973 3158 hircum
3012 3110 3132 3160 ca-

598 3200 883 3268 prarum
957 3179 1192 3248 Daniel
1248 3191 1486 3259 vocat,
1549 3199 1709 3247 cum
1770 3177 1854 3248 ad
1914 3176 2198 3247 Achillis
2257 3177 2608 3247 tumulum
2661 3175 3123 3267 pervenisset:

600 3287 639 3333 «
671 3266 956 3336 Felicem
997 3281 1079 3348 te,
1118 3269 1235 3346 ait,
1264 3266 1564 3357 juvenis,
1596 3267 1716 3354 qui
1750 3287 2001 3357 magno
2030 3265 2283 3335 fruaris
2367 3287 2652 3336 raecone
2694 3266 3121 3347 meritorum,

597 3358 968 3424 Homerum
1023 3355 1333 3425 videlicet
1381 3356 1809 3446 significans.
1877 3379 1912 3420 »
1964 3360 2168 3424 Porro
2225 3355 2319 3424 mi
2378 3355 2396 3423 i
2446 3355 2617 3425 tanti
2678 3377 2757 3424 ac
2826 3352 2947 3424 tali
2998 3354 3122 3422 viri

598 3443 1020 3512 conversatio
1059 3444 1328 3532 vitaque
1375 3444 1666 3514 dicenda
1713 3457 1836 3524 est,
1889 3455 1967 3513 ut
2014 3448 2351 3513 Homerus
2396 3464 2692 3531 quoque,
2730 3443 2790 3512 si
2829 3444 3111 3523 adesset,

598 3529 698 3599 vel
750 3531 1081 3602 invideret
1123 3533 1479 3614 materiae,
1539 3532 1640 3602 vel
1692 3531 2190 3603 succumberet.
2245 3536 2674 3620 Quamquam
2724 3532 2910 3602 enim
2956 3552 3118 3600 san-

595 3632 748 3691 ctus
793 3619 1244 3711 EpiphaniuS,
1303 3620 1688 3691 Salaminae
1738 3620 1939 3712 Cypri
1978 3621 2378 3711 Episcopus,
2422 3620 2734 3708 quicum
2776 3621 3125 3691 Hilarione

597 3709 982 3801 plurimum
1035 3725 1342 3779 versatus
1387 3722 1532 3791 est,
1588 3709 1863 3780 laudem
1930 3709 2081 3797 ejus
2129 3709 2315 3779 brevi
2362 3709 2652 3800 epistola
2716 3710 3125 3799 scripserit,

641 3819 773 3868 uae
810 3797 1017 3889 vulgo
1051 3799 1113 3869 le
1167 3798 1338 3868 itur:
1387 3810 1611 3868 tamen
1661 3798 1851 3869 aliud
1907 3810 2031 3880 est,
2085 3798 2256 3869 locis
2286 3797 2780 3868 communibus
2841 3799 3131 3869 laudare

593 3820 1044 3958 defunctum:
1096 3911 1134 3957 a
1168 3887 1332 3966 iud,
1386 3887 1692 3958 defuncti
1760 3887 2073 3978 proprias
2131 3908 2411 3957 narrare
2459 3887 2766 3957 virtutes,
2821 3888 3018 3957 Unde
3062 3899 3131 3959 et

591 3998 718 4047 nos
764 3977 992 4047 favore
1033 3977 1256 4068 magis
1294 3975 1510 4058 illius,
1554 3998 1760 4064 quam
1829 3976 2106 4065 injuria,
2161 3988 2478 4067 coeptum
2529 3976 2617 4045 ab
2663 3996 2742 4044 eo
2789 3997 2970 4067 opus
3008 3998 3131 4068 ag-

578 4116 585 4125 .
645 4064 1029 4147 redientes,
1108 4065 1602 4135 maledicorum
1672 4086 1872 4135 voces
1918 4064 2463 4135 contemnimus:
2513 4063 2635 4152 qui
2681 4064 2846 4134 olim
2897 4065 3133 4135 detra-

643 4164 831 4223 entes
879 4155 1089 4225 Paulo
1138 4176 1314 4235 meo,
1353 4175 1543 4224 nunc
1572 4152 1743 4225 forte
1780 4153 2140 4223 detrahent
2185 4165 2251 4223 et
2296 4152 2655 4234 Hilarioni,
2714 4151 2917 4223 illum
2968 4153 3135 4224 soli·

593 4240 858 4313 tudinis
896 4243 1324 4324 calumniati,
1379 4242 1543 4313 huic
1589 4242 1986 4330 objicientes
2017 4242 2506 4330 frequentiam:
2559 4251 2637 4312 ut
2682 4242 2804 4329 qui
2848 4263 3135 4333 semper

591 4328 816 4410 latuit,
874 4351 1009 4401 non
1058 4331 1309 4402 fuisse:
1348 4332 1466 4420 qui
1507 4354 1547 4402 a
1582 4331 1818 4401 multis
1851 4332 2041 4402 visus
2088 4343 2212 4413 est,
2249 4330 2403 4403 vilis
2437 4330 2884 4401 existimetur.
2924 4335 3138 4402 Fece·

592 4430 757 4489 runt
789 4419 917 4489 hoc
940 4433 1006 4489 et
1034 4422 1324 4510 majores
1347 4442 1584 4491 eorum
1613 4420 1961 4508 quondam
1992 4419 2365 4502 Pharisaei,
2391 4420 2648 4508 quibus
2682 4441 2806 4490 nec
2834 4419 3139 4491 Joannis
