3347 4999
722 309 806 373 32
1224 317 1237 329 “
1488 327 1565 374 1)ss
1613 327 1670 373 s.
1723 325 1981 374 nemeto
2031 327 2325 374 Ancntsr.
2903 310 3081 376 OCT.
3149 313 3176 374 ΔΙ

636 428 770 476 non
823 406 910 477 sit
958 407 1079 477 tibi
1133 407 1522 487 molestum,
1554 418 1629 476 ut
1677 407 1887 476 simul
1925 407 2305 478 habeamus
2342 407 2468 476 hoc
2507 407 3012 478 molendinum.
3051 409 3189 479 Ille

634 509 860 565 autem
913 496 1144 565 re‘ecit
1201 518 1385 565 eum.
1433 500 1511 564 Et
1572 496 1801 566 statim
1851 510 1996 565 rota
2050 495 2428 565 molendini
2480 496 2641 565 verti
2699 497 2764 566 in
2817 498 3182 568 inversum

633 585 877 674 coepit.
933 590 960 653 I
1014 606 1118 653 em
1170 598 1397 655 autem
1451 584 1656 653 homo
1704 585 2025 654 clamavit
2076 599 2226 674 post
2273 587 2545 655 beatum
2603 587 3017 677 Remigium,
3069 585 3185 655 di-

631 695 829 742 cens:
886 677 1083 742 Serve
1126 674 1260 752 Dei,
1318 674 1495 754 veni,
1553 687 1617 742 et
1668 674 2046 745 habeamus
2080 675 2289 743 simul
2328 674 2454 743 hoc
2505 675 3006 743 molendinum.
3049 676 3182 744 Cui

633 775 912 831 sanctus
960 762 1360 852 Remigius:
1407 767 1537 831 Nec
1574 762 1769 843 mibi,
1814 785 1936 832 nec
1964 763 2111 832 tibi.
2158 768 2233 832 Et
2263 764 2361 831 sie
2396 762 2551 831 talis
2601 764 2784 832 fossa
2824 764 2891 832 in
2924 762 3178 833 eodem

636 852 782 920 loco
829 850 1133 930 devenit,
1186 863 1264 920 ut
1311 864 1558 920 extunc
1605 864 1670 919 et
1721 873 1905 920 nunc
1955 873 2175 938 usque
2236 851 2305 919 in
2359 864 2764 941 perpetuum
2830 852 3179 921 molendi-

633 960 799 1008 num
853 939 946 1007 ibi
996 961 1142 1009 esse
1210 962 1343 1009 non
1419 941 1731 1028 potuerit.
1789 945 1865 1008 Et
1917 941 2080 1026 quia
2133 939 2454 1029 repulsus
2502 954 2602 1009 est
2650 962 2689 1009 a
2748 940 3174 1026 quibusdam

633 1028 1076 1108 hominibuS,
1139 1050 1220 1097 ne
1269 1027 1587 1097 silvulam
1640 1028 2013 1115 quamdam
2068 1030 2245 1098 intra
2295 1029 2622 1097 terminos
2675 1051 2836 1098 suos
2894 1029 3180 1097 conclu-

631 1117 842 1199 deret,
881 1117 1050 1187 dixit
1102 1129 1179 1186 ut
1235 1139 1358 1185 nec
1412 1115 1649 1186 folium
1696 1139 2003 1203 unquam
2056 1117 2140 1186 de
2185 1119 2332 1207 ipsa
2392 1117 2562 1186 silva
2611 1117 2788 1185 intra
2840 1117 3177 1186 terminos

632 1227 820 1286 suos,
852 1228 1010 1275 cum
1035 1218 1210 1276 esset
1239 1205 1589 1296 contigua,
1624 1206 1940 1286 evolaret,
1990 1228 2111 1275 nee
2145 1205 2345 1275 fustis
2380 1205 2532 1275 illos
2567 1207 2893 1276 terminos
2927 1227 3174 1275 versus

633 1293 794 1363 inde
833 1294 1124 1363 caderet.
1171 1294 1359 1376 Quod
1413 1307 1477 1363 et
1524 1294 1954 1364 observatum
1992 1308 2114 1373 est,
2201 1294 2490 1365 uamdiu
2527 1294 2645 1363 illa
2678 1294 2847 1364 silva
2886 1294 3168 1364 mansit.

633 1383 892 1452 Abinde
940 1404 1213 1469 quoque
1255 1382 1654 1472 procedens,
1712 1384 1890 1451 venit
1939 1383 2022 1451 ad
2077 1382 2160 1451 vil
2197 1406 2333 1461 am,
2383 1383 2661 1452 nomine
2702 1384 3171 1452 Caviniacum.

636 1476 853 1553 Quam
900 1470 1314 1540 concludere
1362 1472 1539 1540 intra
1589 1471 1762 1540 fines
1806 1470 1957 1540 illos
2007 1471 2261 1551 volenS,
2298 1472 2383 1540 ab
2423 1472 2819 1541 hominibus
2852 1471 3169 1561 ejusdem

635 1559 837 1628 villae
887 1558 1175 1649 reiectus
1214 1571 1337 1628 est.
1391 1565 1559 1630 Tum
1615 1560 1726 1628 ille
1761 1559 1964 1629 hilari
2004 1561 2194 1629 vultu
2236 1560 2437 1630 modo
2477 1561 2787 1649 rejectuS‚
2834 1559 3035 1630 modo
3071 1582 3176 1628 re-

636 1648 1392 1738 propinquanS,”signa
1444 1671 1563 1739 per
1609 1671 1811 1717 suum
1856 1649 1982 1717 iter
2024 1649 2230 1729 misit,
2281 1650 2458 1720 sicut
2492 1650 2635 1719 loca
2669 1648 3175 1729 demonstrant,

636 1758 758 1837 per
803 1759 980 1823 quae
1030 1738 1321 1826 rejectus
1366 1750 1432 1806 et
1481 1759 1598 1826 per
1644 1759 1819 1823 quae
1864 1739 2335 1828 propinquans
2385 1739 2700 1828 perrexit.
2741 1738 3040 1807 Tandem
3081 1759 3180 1807 re·

629 1836 882 1983 ‘bemus’
936 1826 1106 1895 dixit
1155 1824 1325 1895 illis:
1383 1829 1664 1914 Semper
1704 1826 2026 1906 laborate,
2080 1840 2143 1895 et
2189 1840 2551 1917 egestatem
2597 1827 2960 1897 sustinete:
2994 1827 3182 1895 sicut

685 1915 976 2000 odieque
1048 1914 1391 1982 manentis
1447 1916 1822 1983 sententiae
1889 1916 2253 1985 verborum
2320 1915 2508 1985 illius
2573 1916 2786 1985 virtus
2847 1916 3174 1985 ostendit.

638 2008 970 2093 Surgente
1012 2003 1265 2073 interea
1316 2008 1493 2091 Rege
1540 2026 1579 2071 a
1627 2024 1868 2072 somno
1920 2004 2324 2084 meridiano,
2370 2026 2680 2073 reversus
2727 2016 2828 2073 est
2874 2004 2959 2073 ad
3012 2026 3178 2073 eum

635 2106 915 2161 sanctus
948 2091 1328 2179 Remigius,
1360 2104 1425 2160 et
1457 2091 1692 2160 omnia
1716 2114 1892 2178 quae
1926 2093 2230 2162 ambitus
2254 2093 2758 2162 circumitionis
2790 2092 2978 2161 illius
3007 2115 3182 2162 con-

638 2180 885 2261 tinuit,
938 2181 999 2249 ei
1064 2192 1421 2269 praecepto
1491 2202 1654 2250 suae
1703 2182 2127 2252 auctoritatis
2169 2186 2304 2250 Rex
2366 2181 2674 2251 donavit:
2728 2203 2904 2268 quae
2952 2203 3183 2269 usque

640 2268 841 2338 hodie
890 2269 1297 2338 Rhemensis
1343 2268 1663 2349 ecclesia,
1719 2290 2014 2355 quarum
2068 2292 2296 2340 rerum
2346 2271 2573 2359 capita
2622 2285 2784 2339 sunt
2827 2269 3179 2340 Judiacus

634 2370 701 2426 et
732 2357 1096 2437 OciliacuS‚
1129 2358 1288 2458 jure
1320 2346 1548 2444 quieto
1600 2358 1923 2447 possidet.

725 2448 760 2534 ξ
803 2451 939 2519 41.
999 2450 1317 2537 Legimus
1367 2446 1433 2515 in
1506 2468 1701 2516 sacra
1747 2460 1810 2516 et
1857 2448 2142 2533 antiqua
2190 2446 2516 2528 historia,
2585 2460 2899 2516 sanctum
2964 2445 3178 2515 David

639 2548 903 2606 montes
951 2535 1198 2605 Gelboe
1241 2535 1699 2616 maledixisse,
1753 2552 1830 2605 ut
1882 2559 2004 2605 nec
2039 2558 2148 2606 ros
2192 2558 2313 2604 nec
2368 2537 2599 2626 pluvia
2660 2536 2914 2604 veniret
2966 2557 3187 2624 super

635 2641 774 2708 ρος,
832 2645 1051 2710 neque
1082 2638 1308 2694 essent
1337 2624 1483 2715 agri
1523 2625 2012 2713 primitiarum.
2054 2626 2403 2694 Habemus
2431 2636 2744 2694 sanctum
2782 2625 3180 2714 Remigium

636 2735 752 2783 ore
803 2712 1198 2803 prophetico
1236 2713 1666 2784 maledixisse
1698 2712 2224 2783 insensibilibus
2254 2713 2609 2793 creaturis,
2640 2727 2716 2782 ut
2750 2735 3184 2801 possessores

633 2824 897 2880 earum,
953 2800 1330 2873 sterilitatis
1379 2802 1633 2870 damno
1686 2802 1752 2870 in
1793 2802 2094 2870 vindicta
2148 2801 2619 2870 retributionis
2669 2802 3061 2871 ferirentur.

723 2894 759 2978 ἓ
806 2896 964 2963 4⁰3.
1002 2890 1327 2981 Eulogius
1361 2889 1645 2979 quidam
1699 2890 1799 2958 vir
1849 2904 2277 2981 prae-potem,
2322 2891 2675 2960 convictus
2708 2889 2893 2978 apud
2941 2911 3174 2980 regem

634 2979 1054 3049 Ludovicum
1106 2980 1190 3048 de
1241 2980 1532 3048 crimine
1603 2979 1827 3068 regiae
1886 2979 2304 3068 majestatiS‚
2350 3001 2507 3048 cum
2561 3000 2632 3047 se
2689 3001 2985 3068 purgare
3042 2999 3184 3045 non

640 3080 885 3156 posset,
925 3066 1008 3136 ad
1059 3067 1417 3137 ecclesiam
1471 3073 1756 3137 Sanctae
1805 3068 2075 3148 Mariae,
2136 3083 2203 3136 et
2247 3068 2331 3137 ad
2385 3067 2942 3136 intercessionem
2996 3066 3181 3134 beati

638 3156 927 3244 Remigii
978 3155 1379 3246 confugium
1431 3156 1608 3226 fecit.-
1654 3156 1771 3227 Cui
1808 3169 2089 3225 sanctus
2117 3157 2472 3246 Remigius
2504 3169 2568 3224 et
2607 3156 2812 3225 vitam
2850 3168 2915 3224 et
2946 3176 3177 3224 rerum

635 3266 920 3313 suarum
952 3245 1136 3332 apud
1190 3251 1438 3335 Regem
1478 3246 1778 3315 obtinuit
1827 3246 2354 3333 possessionem.
2399 3244 2587 3313 Idem
2639 3256 2867 3314 autem
2916 3265 3181 3313 recom-

638 3332 1059 3422 pensationis
1090 3334 1308 3422 gratia
1340 3346 1575 3404 sancto
1614 3335 1923 3424 Remigio
1954 3339 2379 3423 Sparnaeum
2414 3332 2646 3402 villam
2678 3355 2876 3402 suam
2911 3334 2986 3400 in
3029 3354 3183 3422 pro-

638 3423 991 3511 prietatem
1059 3421 1222 3490 dare
1288 3421 1522 3491 voluit.
1592 3428 1883 3493 Sanctus
1939 3436 2168 3492 autem
2228 3422 2586 3512 Remigius
2654 3421 3178 3491 retributionem

637 3509 1081 3599 temporalem
1122 3532 1240 3599 pro
1292 3510 1803 3582 intercessionis
1844 3534 2010 3582 suae
2060 3511 2394 3580 beneficio
2426 3511 2727 3600 recipere
2762 3510 3006 3579 noluit.
3050 3507 3182 3579 Sed

636 3598 963 3685 quoniam
1018 3599 1196 3667 idem
1251 3597 1580 3690 Eulogius
1632 3601 2086 3670 verecundiae
2134 3598 2537 3669 confusione
2597 3598 2961 3679 addictuS,
3014 3597 3184 3685 quia

636 3701 868 3757 contra
916 3686 1175 3757 natales
1224 3709 1384 3757 suos
1420 3689 1553 3758 vita
1586 3688 1826 3759 donari
1880 3711 2002 3779 per
2035 3687 2322 3758 alterius
2356 3687 2862 3777 indulgentiam
2900 3687 3176 3765 meruit,

638 3776 706 3844 in
763 3775 1057 3846 seculari
1126 3775 1366 3845 habitu
1413 3788 1593 3847 stare
1644 3799 1777 3846 non
1834 3778 2067 3860 voluit,
2123 3790 2406 3846 sanctus
2454 3775 2813 3866 Remigius
2860 3776 2923 3843 ei
2974 3775 3170 3854 dixit,

636 3878 713 3934 ut
760 3865 818 3933 si
868 3864 1207 3955 perfectus
1253 3887 1403 3936 esse
1439 3865 1659 3945 vellet,
1717 3866 2037 3936 venderet
2084 3866 2320 3935 omnia
2367 3887 2515 3946 sua,
2569 3877 2633 3934 et
2682 3864 2875 3934 daret
2927 3884 3185 3954 paupe-

639 3953 832 4023 ribus
864 4008 879 4034 ,
931 3966 995 4022 et
1043 3967 1442 4041 sequeretur
1491 3953 1864 4024 Christum.
1918 3961 1993 4024 Et
2042 3955 2142 4024 sic
2205 3954 2291 4023 de
2340 3954 2662 4023 thesauro
2710 3951 3182 4023 ecclesiastico

638 4054 938 4112 taxatum
994 4043 1311 4132 pretium,
1364 4043 1676 4130 quinque
1722 4043 1987 4113 scilicet
2039 4041 2259 4112 millia
2291 4042 2558 4132 argenti
2610 4041 2846 4121 libraS,
2895 4040 3185 4141 Eul‘ogio

646 4131 855 4212 dedit,
912 4144 977 4200 et
1023 4131 1331 4201 eamdem
1384 4131 1616 4200 villam
1666 4131 1737 4201 in
1794 4132 2290 4222 possessionem
2340 4129 2668 4200 ecclesiae
2716 4141 3179 4230 comparavit:

639 4221 896 4290 bonum
947 4220 1335 4310 exemplum
1370 4220 1700 4291 omnibus
1750 4221 2127 4312 EpiscopiS.
2169 4232 2306 4289 tam
2355 4241 2480 4289 suo
2517 4232 2824 4308 tempore
2873 4239 2944 4286 in
2976 4238 3186 4287 carne

638 4309 1072 4391 viventibu5‚
1136 4330 1346 4396 quam
1405 4321 1560 4400 post
1618 4332 1776 4380 eum
1845 4310 1909 4378 in
1979 4308 2224 4378 ordine
2292 4308 2830 4378 succedentibus
2889 4305 3187 4375 derelin-

638 4419 899 4485 quens:
942 4409 1014 4469 ut
1051 4398 1498 4491 pauperibUS,
1538 4410 1656 4470 aut
1689 4397 1939 4482 viduis,
1975 4412 2091 4468 aut
2127 4397 2437 4487 pupillis,
2475 4396 2575 4466 vel
2608 4419 2731 4488 pro
2765 4396 2901 4480 his,
2936 4395 3058 4483 qui
3094 4393 3187 4464 ad
