3347 4999
249 349 437 416 OCT.
494 350 520 413 1
1125 366 1203 411 ns
1252 367 1307 411 s.
1362 365 1620 412 asmicto
1667 362 1963 412 ARcfflm’.
2635 349 2718 414 29

260 448 575 528 traditae,
613 468 749 516 non
794 445 1139 514 modicam
1180 458 1439 534 partem
1491 445 1822 514 ecclesiae
1857 451 2141 515 Sanctae
2190 445 2446 514 Mariae
2472 446 2541 514 in
2583 458 2807 517 castro

259 537 580 606 Lauduni
628 535 939 606 clavati*
986 534 1396 604 Rhemensis
1447 534 1837 624 parochiae,
1877 534 1998 603 ubi
2049 534 2350 603 nutritus
2393 533 2636 613 suerat,
2675 548 2808 605 tra-

248 625 471 695 didit:
512 625 745 711 ibique
779 623 1277 703 (hucbaldum,
1324 622 1546 691 virum
1599 644 1805 692 carne
1856 621 2180 702 nobilem,
2237 635 2301 692 et
2348 635 2484 692 tam
2535 624 2604 692 in
2639 626 2810 694 scri-

259 714 489 805 pturis
529 713 810 793 sanctis,
844 734 1052 799 quam
1086 723 1150 780 et
1179 712 1246 780 in
1274 711 1709 781 secularibus
1736 711 1979 782 litteris
2003 711 2379 788 eruditum,
2416 713 2535 798 qui
2574 714 2810 783 relicta

258 804 584 893 conjuge,
640 816 840 892 nepte
880 800 1140 871 scilicet
1175 800 1395 886 ipsius
1435 799 1613 870 beati
1648 801 1969 891 Remigii,
2010 800 2215 868 vitam
2268 800 2657 890 religiosam
2701 825 2809 871 ex-

260 893 573 983 petierat,
600 892 830 982 episco
886 912 1003 959 um
1036 889 1399 970 ordinavit,
1439 903 1506 959 et
1539 889 1936 978 parochiam
1972 889 2195 978 ipsius
2230 889 2599 959 comitatus
2639 895 2810 960 Lau-

258 980 616 1051 dunensis
663 1001 825 1070 prae
857 992 966 1048 ato
1027 992 1252 1048 castro
1309 978 1624 1067 subjecit.
1697 978 1825 1060 Qui
1894 976 2330 1047 Genebaldus
2383 977 2540 1067 plus
2599 1001 2809 1065 quam

259 1091 541 1139 necesse
587 1068 844 1149 fuerat,
884 1067 967 1136 de
1001 1080 1309 1137 anteacta
1342 1068 1478 1138 vita
1526 1080 1592 1137 et
1640 1068 1901 1155 gradus
1957 1065 2380 1136 sublimitate
2413 1067 2800 1149 confidem,

260 1181 424 1228 cum
474 1158 789 1228 debuerit
843 1156 1186 1247 cogitare,
1240 1156 1407 1243 quia
1455 1178 1578 1225 nec
1631 1156 1836 1225 David
1892 1156 2214 1229 sanctior.
2271 1177 2396 1224 nec
2448 1155 2812 1227 Salomone

260 1248 640 1336 sapientior
685 1259 886 1327 esset,
940 1246 1060 1333 qui
1112 1246 1482 1315 mulierum
1534 1244 2007 1315 delinimentis
2059 1243 2421 1335 periclitati
2471 1259 2667 1315 sunt:
2708 1246 2811 1315 in-

259 1349 461 1406 caute
495 1358 693 1406 suam
730 1357 1037 1414 uxorem,
1063 1355 1272 1421 quam
1308 1334 1706 1421 relinquens
1743 1345 2122 1404 mutaverat
2148 1333 2218 1402 in
2250 1355 2574 1408 sororem.
2610 1335 2813 1422 quasi

260 1447 388 1515 pro
437 1425 890 1495 instructione
937 1423 1249 1504 salutari,
1304 1422 1733 1511 frequentius
1767 1445 1839 1493 se
1871 1423 2146 1492 visitare
2180 1423 2519 1512 permisit,
2557 1424 2813 1494 oblitus

262 1514 683 1603 Scripturae,
726 1513 1059 1583 dicentis:
1112 1513 1395 1602 Lapides
1442 1522 1780 1582 eoecavant
1827 1535 2070 1603 aquae,
2126 1522 2188 1582 et
2237 1515 2582 1581 alluvione
2632 1522 2815 1583 terra

249 1605 701 1683 consumitur,
755 1612 816 1671 et
862 1604 1055 1693 rupis
1095 1604 1506 1691 transfertur
1550 1603 1631 1671 dc
1683 1605 1819 1671 loco
1868 1624 1986 1671 suo
2033 1602 2181 1690 (Job
2217 1601 2377 1689 x1v).
2422 1601 2612 1670 Unde
2647 1623 2815 1671 con-

262 1691 459 1782 tigit,
511 1705 587 1761 ut
637 1691 917 1760 crebrae
978 1690 1401 1759 visitationes
1432 1745 1446 1772 ‚
1511 1703 1576 1759 et
1632 1689 1885 1760 blanda
1934 1712 2013 1759 ac
2063 1689 2450 1775 frequentia
2499 1691 2814 1760 mulieris

259 1780 632 1867 colloquia,
671 1779 923 1849 durum
976 1792 1214 1849 contra
1262 1778 1577 1850 luxuriae
1628 1779 1981 1848 mollitiem
2036 1801 2155 1848 cor
2197 1780 2440 1868 Episco
2497 1779 2816 1849 iemolli-

261 1883 439 1950 rent,
493 1882 557 1938 et
588 1868 788 1955 quasi
835 1890 1077 1959 rupem
1129 1890 1401 1937 saxeam
1450 1869 1535 1937 de
1585 1868 1733 1937 loco
1765 1889 1930 1938 suae
1960 1868 2346 1938 sanctitatis
2380 1890 2417 1937 a
2501 1867 2816 1939 luxuriae

261 1957 796 2043 inquinamenta
824 1957 1341 2027 transtulerint:
1380 1971 1444 2027 et
1474 1958 1633 2026 item
1672 1970 1908 2026 contra
1947 1957 2398 2047 scripturam,
2425 1956 2809 2026 dicentem:

265 2047 429 2128 Quis
478 2046 613 2114 alle·
660 2048 797 2115 abit
844 2049 1065 2137 iqnem
1115 2049 1185 2115 in
1230 2048 1384 2115 sinu
1428 2069 1584 2125 suo,
1641 2056 1705 2115 et
1750 2048 2146 2116 vestimenta
2194 2049 2339 2136 ejus
2386 2070 2516 2115 non
2562 2049 2816 2116 combu-

262 2136 555 2203 rentur?
634 2140 823 2205 Prov.
878 2135 1011 2224 v1);
1063 2135 1338 2204 admota
1390 2135 1534 2224 igni
1585 2134 1820 2224 palea,
1878 2135 1943 2203 id
1993 2147 2116 2216 est,
2175 2134 2533 2204 muliebris
2581 2137 2813 2223 carnis

264 2225 577 2303 materia,
647 2222 960 2293 libidinis
1010 2223 1238 2313 ignem
1297 2224 1622 2293 suasione
1686 2223 2066 2303 diabolica,
2120 2225 2320 2310 quasi
2369 2236 2569 2292 vento
2608 2224 2812 2294 vehe-

265 2312 501 2395 menti,
541 2314 950 2401 exagitante,
1007 2313 1213 2382 ardor
1253 2312 1566 2381 luxuriae
1618 2313 1685 2380 in
1722 2313 2037 2383 flammas
2069 2314 2322 2402 erupit,
2376 2327 2442 2381 et
2487 2334 2815 2382 concum-

264 2398 465 2469 bente
512 2422 590 2469 eo
638 2423 797 2470 cum
848 2401 1115 2481 eadem,
1168 2400 1518 2488 quondam
1563 2423 1774 2471 uxore
1822 2422 1973 2482 sua,
2032 2402 2283 2470 mulier
2331 2402 2693 2491 concepit:
2746 2414 2812 2472 et

266 2503 422 2579 post
471 2504 743 2579 partum
789 2488 1142 2560 mandavit
1191 2490 1525 2582 Episcopo
1560 2490 1783 2560 filium
1837 2513 1906 2560 se
1961 2491 2329 2581 peperisse.
2376 2491 2811 2562 Genebaldus

261 2599 424 2647 vero
460 2578 792 2649 confusus
821 2591 886 2648 et
916 2579 1179 2659 dolens,
1237 2580 1494 2649 nuncio
1541 2579 1749 2649 dixit:
1804 2581 1977 2662 Quia
2027 2580 2411 2656 latrocinio,
2466 2593 2541 2649 ut
2575 2581 2814 2650 lateret

262 2666 604 2748 homineS‚
641 2667 824 2754 quod
862 2673 1071 2738 Deum
1110 2667 1314 2739 latere
1349 2691 1483 2738 non
1532 2670 1778 2758 potuit,
1835 2671 1900 2737 in
1955 2669 2258 2739 cubiculi
2313 2669 2651 2739 absconso
2700 2692 2814 2759 ge-

261 2770 546 2826 neratus
592 2769 742 2836 est,
800 2770 976 2826 recte
1039 2757 1391 2827 vocabitur
1457 2763 1677 2827 Latr0.
1741 2758 1969 2827 Sic.ei
2030 2780 2277 2827 nornen
2348 2758 2679 2847 imponat.
2735 2763 2813 2828 Et

248 2845 429 2932 quia
476 2845 681 2935 culpa
734 2845 1137 2916 hominibus
1189 2868 1319 2915 non
1358 2847 1682 2928 innotuit,
1741 2868 1824 2915 ne
1858 2847 2162 2934 suspicio
2197 2845 2354 2914 inde
2392 2847 2805 2934 procederet,

260 2934 323 3002 si
362 2955 436 3002 se
484 2956 524 3003 a
564 2934 760 3005 solita
809 2934 1191 3004 visitatione
1237 2934 1495 3005 semina
1544 2936 1658 3004 illa
1718 2935 2173 3013 subtraberet,
2228 2935 2452 3023 coepit
2484 2948 2559 3003 ut
2607 2947 2811 3005 antea
2869 2955 2872 2962 '

263 3022 552 3092 domum
593 3021 1028 3110 frequentare
1078 3024 1420 3113 Episcopi.
1476 3025 1725 3111 Sicque
1764 3023 2021 3092 sactum
2071 3035 2196 3104 est,
2235 3036 2312 3091 ut
2362 3034 2531 3092 tecta
2585 3023 2810 3093 homi-

260 3111 473 3181 nibus
509 3110 740 3200 culpa,
785 3124 851 3181 et
913 3113 1002 3181 in·
1034 3112 1361 3182 cordibus
1413 3126 1551 3181 tam
1611 3112 1927 3204 Episcopi
1977 3133 2186 3198 quam
2248 3111 2544 3180 feminae
2595 3124 2811 3182 tectus

261 3199 577 3269 luxuriae
623 3199 852 3281 ardor,
906 3202 1260 3288 quoniam,
1302 3214 1377 3271 ut
1411 3214 1646 3271 notum
1684 3214 1808 3281 est,
1847 3221 1985 3287 quo
2022 3200 2242 3290 magis
2277 3201 2551 3301 tegitur,
2596 3213 2811 3270 tectus

262 3289 488 3378 magis
536 3301 800 3358 aestuat
848 3290 1071 3379 ignis:
1110 3303 1345 3360 contra
1396 3289 1675 3379 culpam
1725 3304 2188 3378 compunctus
2238 3295 2619 3379 Episcopus
2659 3304 2814 3379 post

261 3377 501 3446 fletum
535 3377 620 3446 ad
652 3377 931 3468 culpam
964 3378 1187 3459 rediit,
1221 3391 1285 3448 et
1314 3378 1571 3450 oblitus
1604 3391 1729 3457 est,
1770 3378 1952 3464 quod
1989 3377 2363 3467 planxerat,
2403 3400 2559 3447 cum
2594 3368 2824 3462 extiti÷

262 3487 476 3554 gnere
523 3465 766 3548 noluit,
824 3466 1006 3553 quod
1061 3489 1181 3557 per
1232 3468 1655 3537 desiderium
1723 3466 2028 3536 ardebat.
2088 3468 2359 3536 Iteravit
2420 3479 2802 3556 peccatum,

247 3554 447 3711 guod
475 3568 728 3645 egerat.
773 3557 1231 3645 concepitque
1276 3557 1524 3626 iterum
1577 3555 1853 3637 mulier,
1906 3569 1971 3625 et
2024 3556 2235 3625 misso
2293 3556 2572 3636 nunci0,
2612 3578 2810 3625 man-

313 3643 449 3712 avit
519 3644 853 3800 Episcopo
917 3667 988 3715 se
1062 3644 1392 3732 feminam
1461 3645 1852 3734 peperisse:
1920 3666 2130 3731 quam
2190 3644 2405 3734 jussit
2464 3644 2809 3713 nominari

262 3731 573 3822 Vulpecu
604 3754 741 3801 am.
797 3732 1030 3816 Quod,
1086 3756 1213 3803 cur
1260 3734 1353 3802 ita
1400 3755 1551 3802 eam
1600 3733 1943 3805 nominari
1996 3733 2309 3814 voluerit,
2361 3733 2482 3819 qui
2530 3731 2809 3802 fraudes

260 3832 328 3890 et
374 3820 917 3911 significationes
948 3823 1018 3891 in
1054 3821 1419 3910 scripturis
1468 3822 1691 3911 ipsius
1723 3822 2049 3892 animalis
2098 3822 2473 3913 cognoscit,
2513 3843 2686 3908 quas
2721 3821 2808 3892 ad

254 3908 457 3981 dolos
491 3932 571 3979 ac
611 3911 944 3981 versutias
976 3910 1363 4000 deceptoris
1411 3909 1694 4012 diaboli,
1731 3925 1797 3982 et
1844 3911 1929 3981 ad
1966 3912 2198 3982 carnis
2237 3909 2610 4002 petulantis
2660 3909 2811 3980 ille-

255 3999 504 4070 cebras
542 4012 608 4069 et
653 3997 1004 4071 anfractus
1054 3998 1308 4080 retulit,
1361 3998 1563 4070 facile
1611 4001 1776 4070 satis
1823 3999 2136 4069 advertit.

353 4093 393 4168 ἓ
440 4091 605 4159 36.
661 4087 962 4157 Tandem
1020 4087 1335 4169 DominO,
1438 4089 1512 4158 ui
1559 4089 1837 4159 beatum
1891 4094 2161 4158 Petrum
2214 4108 2322 4157 res
2373 4088 2531 4169 exit,
2583 4102 2650 4157 et
2698 4109 2813 4157 ne-

262 4176 606 4266 gationem
658 4176 1091 4246 amarissime
1137 4176 1343 4258 flevit,
1383 4110 1582 4248 iilum
1643 4178 2077 4268 respiciente,
2131 4180 2313 4246 Gene
2365 4177 2570 4247 aldus
2622 4178 2689 4246 in
2740 4199 2812 4246 se

262 4286 602 4348 reversuS,
641 4264 726 4335 ad
764 4278 1083 4336 sanctum
1126 4266 1516 4357 Remigium
1568 4267 1781 4349 misit,
1834 4278 2073 4357 petens
2106 4278 2184 4335 ut
2232 4265 2649 4335 Laudunum
2701 4288 2812 4335 ve-

256 4353 485 4424 niret:
520 4354 686 4442 quia
738 4353 904 4425 tales
938 4376 1187 4425 causae
1226 4355 1319 4425 ibi
1361 4368 1807 4438 emerserant,
1847 4377 2020 4443 quas
2056 4375 2176 4444 per
2208 4375 2281 4426 se
2320 4353 2622 4424 diffinire
2671 4376 2808 4423 non

314 4480 342 4507 ¹·
371 4481 495 4522 Lacu
511 4481 622 4526 hod.
644 4482 760 4524 urbs
780 4483 873 4530 ean
894 4480 1003 4524 vide
1022 4482 1065 4525 8.
1087 4483 1388 4526 Beuedtotm
1408 4479 1458 4524 in
1474 4481 1760 4524 unstruot..
1781 4482 2019 4529 Inmsra..
2039 4490 2122 4523 vm
2141 4481 2243 4532 huj.
