3347 4999
667 326 794 390 594
1467 340 1545 386 na
1593 340 1648 387 s.
1704 338 1975 387 Arimino
2024 339 2213 386 naar.
2801 321 2974 387 OCT.
3024 324 3119 389 20

573 427 963 515 inquirunt,
1002 425 1230 496 sciunt
1279 424 1556 493 cuinam
1609 424 1936 494 honorem
1970 424 2299 505 tribuant,
2330 434 2396 493 et
2435 423 2519 493 ad
2554 444 2761 510 quem
2815 437 3116 496 transeat

576 516 884 586 adoratio
926 514 1321 584 divinarum
1373 512 1790 603 imaginum.

665 609 702 693 ξ
753 608 897 676 2¹2.
951 626 987 670 «
1020 609 1231 672 Tuam
1264 623 1425 692 ergo
1476 601 1709 671 hortor
1756 601 2265 692 praestantiam,
2310 612 2387 670 ut
2435 613 2561 671 stet
2591 624 2631 671 a
2663 602 2882 684 nobis,
2917 615 2984 671 et
3014 602 3116 672 vi-

575 706 710 771 vat,
766 707 839 762 ut
895 691 1093 761 nobis
1158 690 1401 781 placet,
1455 702 1520 759 et
1569 703 1746 759 recte
1802 695 2124 760 Graecam
2177 701 2506 777 sequatur
2553 689 2996 781 religionem,
3051 706 3139 765 et.

573 783 862 853 retineat
911 801 1133 850 mores
1179 792 1244 848 et
1293 802 1399 849 res
1451 791 1726 850 veteres.
1774 779 2260 849 Constantinus
2297 780 2508 859 enim,
2548 780 2726 849 sicut
2774 780 2920 871 ipse
2972 802 3113 850 non

575 872 876 962 ignoraS,
914 880 1057 938 erat
1104 869 1418 938 omnium
1463 868 1824 937 hominum
1875 867 2164 958 deceptu
2199 866 2598 948 facillimus;
2637 879 2701 937 et
2740 890 2900 938 cum
2931 883 3115 939 essct

574 959 896 1029 indoctus
933 971 997 1028 et
1043 979 1304 1037 amem,
1358 957 1705 1025 innovavit
1736 956 2162 1047 religionem,
2201 968 2266 1025 et
2312 955 2448 1026 diis
2489 961 2900 1028 Graecorum
2942 958 3112 1028 abo—

574 1049 740 1129 litis,
789 1046 1153 1117 declinavit
1184 1045 1268 1114 ad
1312 1044 1939 1126 Christianismum,
1977 1067 2133 1114 cum
2169 1044 2544 1135 impiorum
2581 1067 2863 1115 suorum
2899 1046 3113 1117 facto-

574 1159 734 1207 rum
783 1158 939 1205 eum
993 1134 1298 1226 puderet,
1352 1146 1416 1203 et
1447 1133 1630 1221 quod
1678 1134 1777 1202 dii
1824 1156 2005 1214 eum,
2064 1146 2413 1220 tamquam
2459 1134 2810 1224 impurum
2858 1149 2923 1204 et
2960 1157 3114 1205 sce-

576 1226 895 1305 leratum,
948 1246 988 1293 a
1027 1235 1460 1293 sacrosancta
1518 1244 1645 1292 sua
1695 1221 2024 1313 religione
2069 1221 2472 1310 expulerant
2531 1221 2930 1312 longissime
2961 1280 2976 1306 ,
3033 1239 3113 1294 ut

576 1315 698 1402 qui
731 1325 1098 1403 cognatum
1132 1311 1542 1402 sanguinem
1575 1310 1864 1380 fuderat.
1899 1316 2061 1381 Nam
2104 1324 2169 1380 et
2198 1309 2437 1381 fratres
2469 1311 2738 1392 occldit,
2778 1313 2896 1399 qui
2931 1313 3106 1382 nihil

577 1402 746 1471 mali
778 1401 1099 1478 fecerant,
1152 1414 1216 1470 et
1265 1422 1543 1469 uxorem
1588 1405 1931 1481 Faustam,
1976 1410 2040 1469 et
2073 1422 2277 1469 suum
2336 1399 2557 1469 filium
2610 1400 2940 1482 Priscum,
2984 1402 3111 1489 qui

577 1504 723 1560 erat
755 1491 859 1559 vir
905 1490 1088 1581 frugi
1122 1501 1186 1559 et
1218 1489 1465 1560 bonus.
1518 1493 1901 1579 Propterea,
1954 1510 1993 1556 o
2045 1488 2175 1556 vir·
2208 1489 2276 1556 in
2348 1488 2590 1578 primis
2648 1489 3054 1559 admirande
3086 1545 3101 1571 ,

576 1601 738 1649 cum
790 1578 1055 1648 videam
1107 1591 1261 1648 tuae
1298 1578 1543 1647 mentis
1627 1578 1973 1647 ravitatem
2015 1587 2078 1646 et
2110 1578 2587 1659 constantiam,
2642 1577 2791 1647 volo
2842 1592 2901 1647 te
2956 1600 3111 1648 esse

578 1681 968 1737 nostrarum
1014 1668 1339 1757 partium.
1393 1672 1526 1757 Age
1609 1688 1726 1735 um
1761 1688 1946 1755 erg0,
1992 1689 2030 1735 o
2065 1666 2338 1745 Artemi,
2378 1666 2461 1734 ad
2503 1667 2791 1756 patriam
2832 1680 2896 1736 et
2929 1668 3108 1736 anti-

577 1757 986 1844 quissimam
1058 1768 1123 1826 et
1184 1756 1478 1824 maxime
1555 1755 1955 1824 diuturnam
2028 1760 2495 1824 Romanorum
2552 1770 2616 1824 et
2685 1760 3104 1825 Graecorum

582 1846 792 1915 transi
823 1843 1247 1936 religionem,
1283 1856 1346 1913 et
1371 1843 1729 1913 nobiscum
1758 1843 1982 1912 fruere
2000 1843 2219 1924 boniS,
2256 1865 2430 1930 quae
2456 1866 2495 1912 a
2520 1843 2653 1914 diis
2682 1843 2838 1913 data
2870 1858 3109 1915 sunt.»

666 1936 702 2021 ξ
752 1937 900 2005 28.
953 1933 1044 2003 Ad
1100 1934 1262 2002 haec
1320 1933 1565 2002 Christi
1613 1936 1909 2022 Martyr,
1972 1955 2129 2001 cum
2184 1954 2255 2001 se
2318 1954 2558 2022 parum
2632 1933 3099 2015 sustinuisset,

580 2023 965 2111 respondit:
1007 2045 1043 2088 «
1079 2028 1214 2112 Ego
1260 2021 1565 2108 quidem,
1612 2042 1651 2090 o
1702 2026 2099 2109 Imperator,
2153 2020 2237 2089 de
2286 2042 2434 2089 mea
2485 2020 2810 2110 religione
2855 2036 2920 2091 et
2969 2022 3110 2093 fide

580 2112 842 2181 nullam
895 2112 965 2179 in
1019 2110 1400 2199 praesentia
1447 2110 1725 2179 afferam
1777 2109 2279 2187 defensionem,
2348 2108 2473 2178 etsi
2512 2111 2679 2180 satis
2748 2124 3103 2201 promptas

577 2200 866 2269 habeam
925 2199 1560 2268 demonstrationes.
1619 2204 1707 2267 De
1768 2197 1997 2267 fratris
2052 2211 2279 2267 autem
2332 2198 2430 2266 tui
2493 2210 2706 2268 morte
2755 2197 2927 2268 illud
2978 2201 3102 2269 tibi

576 2286 1030 2379 respondebo,
1088 2308 1193 2355 me
1243 2286 1429 2357 illius
1474 2287 1777 2355 animam
1838 2285 2029 2355 nulla
2075 2309 2381 2373 unquam
2434 2287 2739 2356 affecisse
2801 2287 3095 2375 injuria,

580 2399 704 2446 nec
751 2376 948 2455 sacto,
990 2397 1112 2444 nec
1141 2374 1345 2451 dicto,
1385 2375 1501 2445 sed
1538 2397 1661 2443 nec
1694 2375 1838 2444 ulla
1867 2374 2145 2462 quidem
2181 2375 2608 2466 cogitatione.
2649 2378 3106 2458 Quantumvis

575 2466 647 2534 in
697 2487 775 2536 eo
809 2463 1220 2552 inquirendo
1256 2463 1540 2544 laboreS,
1596 2466 1863 2545 veritas,
1903 2478 2003 2534 est
2034 2463 2510 2535 immutabilis.
2553 2464 2861 2535 Sciebam
2913 2467 3105 2535 enim

577 2577 734 2624 eum
783 2575 929 2623 esse
1000 2575 1232 2621 verum
1307 2553 1804 2630 Christianum.
1873 2566 1936 2622 et
1986 2553 2159 2622 nulli
2208 2553 2478 2622 affinem
2532 2554 3102 2643 reprehensioni,

575 2642 909 2733 piumque
956 2664 1034 2712 ao
1065 2642 1361 2731 justum,
1414 2656 1478 2710 et
1532 2641 1778 2710 Christi
1846 2642 2026 2730 leges
2084 2654 2397 2710 accurate
2445 2653 2850 2712 servantem.
2922 2645 3110 2714 Sciat

576 2753 737 2821 ergo
784 2730 1051 2801 coelum
1094 2744 1158 2799 et
1186 2742 1382 2812 terra,
1426 2743 1490 2798 et
1518 2730 1883 2799 universus
1930 2730 2183 2801 chorus
2230 2742 2623 2799 sanctorum
2656 2731 3102 2821 Angelorum,

574 2835 638 2890 et
685 2820 991 2891 Christus
1026 2819 1141 2887 Dei
1171 2817 1383 2889 Filius
1416 2820 1530 2887 cui
1577 2840 1701 2908 ego
1742 2818 1958 2888 servio
2000 2820 2067 2887 in
2107 2840 2254 2886 meo
2303 2819 2574 2908 spiritu,
2616 2841 2719 2888 me
2771 2820 2858 2888 ab
2912 2820 3107 2892 illius

577 2909 784 2979 caede
830 2921 895 2977 et
945 2921 1156 2977 morte
1185 2929 1333 2976 esse
1367 2930 1657 2997 purum:
1693 2929 1911 2994 neque
1945 2907 2109 2976 viris
2148 2908 2403 2995 impiis,
2440 2909 2560 2995 qui
2600 2908 2875 2977 caedem
2912 2908 3110 2978 illius

569 2998 902 3076 fecerunt,
956 2996 1326 3084 quicquam
1377 2996 1645 3066 dedisse
1694 2995 1976 3077 auxilii,
2031 3008 2149 3065 aut
2212 2995 2295 3064 ad
2346 3018 2495 3065 eam
2545 2996 2806 3083 aliquid
2857 3010 3105 3067 contu—

573 3086 758 3155 lisse.
813 3091 1038 3172 Neque
1086 3086 1266 3154 enim
1305 3099 1462 3154 tunc
1503 3084 1778 3153 aderam
1816 3107 1973 3153 cum
2025 3086 2433 3154 Constantio.
2476 3090 2552 3153 Et
2584 3085 2669 3153 de
2718 3085 2921 3154 fratre
2946 3087 3105 3172 qui-

575 3175 732 3244 dem
775 3186 889 3244 tuo
942 3176 1103 3243 haec
1138 3188 1238 3243 est
1297 3195 1444 3242 mea
1500 3172 1827 3242 defensio.
1882 3172 2070 3255 Quod
2122 3186 2347 3242 autem
2408 3173 2492 3241 ad
2550 3173 2800 3243 Christi
2862 3177 3107 3243 attinet

574 3263 1099 3349 abjurationem,
1152 3275 1216 3331 et
1263 3261 1348 3330 ad
1383 3264 1586 3332 vitam
1637 3263 1943 3352 gentium
1995 3284 2100 3331 am
2163 3261 2562 3340 lectendam,
2619 3262 2746 3331 hoc
2800 3263 2919 3331 tibi
2994 3285 3099 3332 re-

576 3349 951 3439 spondebo,
1004 3373 1042 3419 a
1094 3351 1311 3419 tribus
1342 3351 1596 3438 pueriS,
1637 3352 1757 3438 qui
1804 3362 1995 3419 erant
2027 3372 2106 3420 su
2187 3351 2831 3432 Nabuchodonosor,
2861 3364 3098 3420 mutuo

575 3438 962 3528 accipiens:
1014 3444 1252 3508 Notum
1304 3442 1425 3508 tibi
1465 3441 1580 3520 sit,
1614 3463 1650 3507 o
1694 3445 1856 3520 Rem,
1910 3439 2085 3530 quod
2116 3439 2266 3508 deos
2306 3450 2450 3507 tuos
2481 3463 2611 3508 non
2658 3444 2821 3521 σοῖο,
2874 3450 2931 3508 ec
2970 3440 3099 3506 cibi

578 3529 915 3596 carissimi
958 3529 1288 3617 Apollinis
1320 3551 1599 3597 auream
1632 3551 1759 3596 non
1795 3529 2082 3597 adorabo
2132 3528 2492 3618 imayinem
2538 3529 2739 3618 (Dan.
2778 3532 2885 3612 11).

666 3619 702 3703 ξ
748 3620 902 3686 29.
939 3614 1170 3698 «Quod
1200 3629 1426 3684 autem
1461 3618 1734 3686 beatum
1783 3616 2325 3696 Constantinum,
2379 3638 2733 3685 summum
2783 3614 3099 3685 omnium

575 3709 1100 3794 Imperatorum,
1136 3717 1201 3773 et
1235 3704 1423 3775 illius
1470 3727 1689 3794 genus
1722 3705 2102 3775 maledictis
2133 3727 2205 3773 es
2248 3705 2640 3786 insectatuS,
2688 3726 2936 3774 vocans
2969 3704 3114 3772 ini·

573 3793 859 3874 micum,
912 3807 976 3863 et
1038 3793 1171 3861 diis
1224 3793 1356 3863 tuis
1405 3793 1889 3874 execrandum,
1947 3806 2289 3884 praeterea
2337 3807 2564 3863 autem
2614 3793 2981 3873 furiosum,
3036 3804 3105 3861 et

573 3895 974 3972 promptum
1025 3881 1109 3950 ad
1145 3882 1420 3950 caedem
1470 3881 1878 3963 faciendam,
1934 3883 2098 3951 haec
2147 3882 2264 3950 tibi
2320 3904 2440 3970 pro
2475 3882 2591 3953 illo
2642 3881 3100 3973 respondebo.

572 3976 770 4041 Pater
804 3985 965 4041 tuus
1013 3970 1483 4046 Constantius,
1537 3983 1600 4039 et
1653 3971 1801 4060 ejus
1850 3970 2089 4042 fratres
2136 3971 2197 4040 ei
2254 3971 2512 4071 priores
2560 3971 2865 4040 fecerunt
2909 3970 3106 4060 inju-

573 4059 776 4138 riam,
831 4075 905 4129 ut
962 4059 1076 4146 qui
1128 4059 1186 4128 ei
1242 4060 1500 4128 malum
1553 4080 1887 4129 venenum
1950 4061 2380 4140 miscuerint,
2437 4057 2629 4128 nulla
2675 4059 2961 4131 omnino
3008 4060 3107 4129 ab

573 4167 652 4215 eo
701 4149 920 4218 affecti
974 4148 1252 4237 injuria.
1307 4146 1427 4216 Ille
1495 4161 1721 4218 autem
1772 4169 2052 4217 uxorem
2103 4154 2416 4218 Faustam
2464 4148 2649 4237 juste
2717 4146 3106 4217 admodum

570 4234 930 4318 interfecit,
985 4250 1060 4306 ut
1105 4258 1280 4324 quae
1314 4237 1612 4326 priscam
1643 4237 2021 4306 Phaedram
2062 4249 2236 4308 esset
2264 4236 2546 4316 imitata,
2593 4247 2654 4305 et
2673 4236 2823 4326 ejus
2872 4235 3105 4305 filium

573 4322 884 4394 Priscum
933 4338 1109 4395 esset
1141 4325 1583 4407 calumniata,
1625 4325 1806 4412 quod
1842 4327 1990 4416 ejus
2029 4347 2258 4396 amore
2305 4338 2546 4414 captus
2593 4337 2790 4405 esset,
2842 4337 2905 4394 et
2956 4323 3104 4394 vim

569 4411 635 4480 ei
704 4424 990 4484 conatus
1059 4426 1236 4485 esset
1297 4414 1581 4495 afferre,
1650 4415 1828 4485 sicut
1886 4415 2087 4485 etiam
2151 4414 2270 4485 illa
2341 4412 2788 4505 Hippolytum
2854 4413 3109 4483 Thesei
