3347 4999
201 362 376 427 OCT.
431 362 468 427 3
915 380 992 424 ns
1040 380 1095 425 s,
1150 378 1438 426 ormano
1486 381 1728 427 ,mma
1776 380 2109 427 naomeffl
2569 365 2654 428 87

200 476 445 554 agente
480 463 930 554 providentia,
965 463 1225 553 legatos
1263 465 1531 534 mittere
1584 463 1795 535 voluit
1843 465 1913 533 in
1966 463 2223 534 Gallias
2271 464 2358 533 ad
2409 464 2751 537 illustrem

201 553 521 622 comitem
592 552 1007 634 Robertum,
1061 573 1269 639 quem
1346 565 1580 653 postea
1635 563 1901 626 constat
1949 553 2031 622 ad
2088 554 2280 642 regni
2332 558 2753 625 Francorum

200 655 475 732 sceptra
529 641 941 731 pervenisse.
996 642 1223 711 Accito
1273 641 1291 710 i
1349 653 1488 712 itur
1534 641 1620 710 ad
1672 663 1744 711 se
1796 642 1937 711 viro
2004 642 2118 711 Dei
2167 641 2502 724 Gerardo,
2565 643 2758 715 solus

198 729 330 799 soli
380 729 673 820 explicat
722 751 1054 800 arcanum
1106 730 1297 800 consi
1334 731 1477 799 ium
1529 752 1776 811 suum,
1820 752 2028 800 orans
2076 752 2235 799 eum
2290 745 2750 820 peramanter,

146 818 153 822 ’
198 832 278 888 ut
327 820 473 910 ipse
519 841 670 888 eam
720 819 1136 908 legationem
1188 819 1542 909 suscipere
1592 818 1774 888 velit.
1829 819 2012 889 Nihil
2050 839 2205 887 vero
2254 830 2620 891 cunctatus
2657 822 2757 891 vir

200 908 344 988 Dei,
399 930 561 978 cum
612 907 758 977 suis
806 907 892 976 ad
946 907 1071 976 iter
1120 929 1192 978 se
1237 909 1558 997 accingit,
1589 919 1653 977 et
1691 909 1870 977 intra
1903 907 2051 977 dies
2098 928 2235 976 non
2287 908 2541 979 multos
2571 911 2754 979 venit

202 997 568 1066 Lutetiam.
624 1002 930 1083 Cumque
970 996 1117 1086 jam
1167 995 1254 1065 ad
1312 1018 1636 1066 occasum
1696 1008 2014 1087 vergente
2060 995 2226 1076 sole,
2285 996 2546 1066 tardior
2586 997 2754 1067 hora

200 1107 340 1154 non
390 1083 644 1155 sineret
691 1084 983 1154 ulterius
1030 1085 1378 1174 progredi,
1413 1084 1752 1172 quosdam
1789 1108 1826 1154 e
1864 1085 2010 1154 suis
2041 1083 2242 1174 jubet
2274 1097 2746 1175 opportunum

196 1174 580 1264 hospitium
634 1174 1005 1261 inquirere.
1058 1178 1214 1263 Ipse
1263 1174 1536 1243 interim
1589 1195 1749 1243 curn
1802 1174 2045 1264 paucis
2093 1173 2484 1243 veneranda
2517 1173 2748 1245 beato-

198 1283 359 1332 rum
429 1263 733 1351 Dionysii
788 1276 854 1332 et
913 1263 1260 1333 sociorum
1323 1263 1476 1351 ejus
1552 1276 1935 1353 martyrum
1987 1261 2230 1331 limina
2280 1274 2561 1352 peten3‚
2615 1268 2748 1352 Deo

200 1353 352 1441 pias
401 1352 595 1422 offert
645 1373 907 1443 preces,
960 1363 1026 1421 et
1073 1364 1304 1440 optata
1352 1363 1752 1422 sanctorum
1792 1351 2175 1441 patrocinia
2222 1350 2571 1441 implorat.
2626 1358 2748 1422 Ea·

192 1441 355 1509 dem
421 1440 586 1510 hora
653 1461 786 1510 non
856 1441 1004 1510 sine
1072 1452 1247 1509 nutu
1299 1441 1412 1510 Dei
1464 1441 1888 1530 vespertinas
1938 1461 2174 1532 preces
2222 1440 2545 1510 monachi
2596 1463 2748 1532 per-

194 1529 578 1599 solvebant.
647 1535 895 1599 Eorum
970 1550 1241 1621 suaves¹
1280 1529 1633 1599 cantiones
1700 1529 1803 1598 vir
1860 1528 2374 1599 ecclesiasticus
2421 1530 2749 1600 attentius

192 1618 562 1700 auscultat,
586 1633 662 1688 *et
707 1639 866 1687 curn
923 1632 1203 1687 ventum
1250 1631 1351 1688 est
1393 1618 1478 1687 ad
1529 1639 1689 1687 eum
1735 1618 1989 1699 locum,
2045 1637 2183 1705 quo
2236 1613 2406 1689 solet
2453 1617 2746 1689 fratrum

191 1708 452 1777 chorus
495 1712 904 1777 Sanctorum
955 1706 1286 1797 suffragia
1336 1706 1694 1797 speciatim
1747 1718 2084 1796 expetere,
2147 1721 2211 1776 et
2263 1705 2409 1793 jam
2460 1706 2746 1794 quidam

194 1797 606 1865 nominatim
657 1796 962 1885 expressi
1013 1809 1263 1875 essent,
1307 1795 1503 1866 audit
1540 1796 1748 1865 etiam
1790 1795 2323 1865 commemorari
2355 1797 2743 1888 Eugenium

192 1885 711 1973 optatissimum
751 1897 1144 1973 martyrem.
1190 1883 1315 1953 Sed
1356 1885 1625 1954 interim
1665 1897 1891 1954 tamen
1944 1884 2131 1972 apud
2183 1906 2254 1954 se
2302 1906 2437 1953 non
2490 1885 2748 1954 medio·

193 1973 406 2129 grijter·
454 1974 765 2054 haesitat,
820 1973 907 2043 sit
943 1995 1023 2043 ne
1055 1972 1171 2042 ille
1199 1974 1573 2063 Eugenius,
1610 1973 1813 2063 cujus
1849 1994 2098 2043 nomen
2134 1987 2333 2042 antea
2378 1974 2444 2042 in
2482 1973 2745 2044 visione

250 2083 262 2128 ι
325 2074 578 2131 icisset.
1330 2067 1341 2080 ‘

671 2187 741 2248 Et
782 2187 978 2265 coepit
1019 2202 1229 2249 secum
1272 2187 1490 2249 tacitus
1533 2187 1851 2264 deposcere
1898 2185 2233 2260 Christum,

672 2267 748 2328 Ut
788 2284 852 2329 se
894 2282 1252 2345 suspensum
1297 2265 1885 2330 celeraret,reddere
1928 2275 2185 2329 certum.

282 2419 319 2505 ξ
367 2421 461 2486 9.
541 2416 885 2487 Absolutis
932 2416 1094 2486 inde
1144 2416 1551 2508 vespertinis
1602 2416 1932 2507 hymnis,
1987 2438 2298 2488 seorsum
2368 2440 2446 2488 ex
2495 2419 2743 2510 primis

190 2505 521 2576 fratribus
584 2506 922 2594 quosdam
973 2506 1277 2587 abducit,
1329 2528 1583 2596 eosque
1634 2508 1725 2575 ita
1787 2507 2189 2596 compellat:
2248 2508 2543 2579 Obsecro
2596 2531 2738 2591 νος,

189 2596 459 2664 domini
513 2609 578 2665 et
675 2608 852 2665 atres
900 2595 1282 2677 carissimi,
1335 2607 1413 2666 ut
1473 2595 1836 2686 exiguitati
1886 2618 2078 2666 meae
2145 2596 2449 2667 indicare
2493 2596 2741 2679 velitis,

187 2685 513 2771 quisnam
577 2683 618 2754 il
655 2707 691 2754 e
738 2685 827 2754 sit
875 2695 1138 2785 martyr
1184 2684 1576 2775 EugeniuS‚
1633 2686 1837 2774 cujus
1903 2706 2151 2755 nomen
2203 2685 2381 2755 inter
2437 2700 2745 2756 caeteros

189 2786 464 2843 sanctos
512 2795 553 2841 a
603 2773 791 2843 vobis
839 2773 1077 2843 audivi
1125 2774 1680 2843 commemorari.
1728 2772 1861 2852 Illi,
1903 2773 2386 2845 animadversa
2435 2774 2744 2845 hominis

186 2859 655 2951 simpli'citate,
709 2862 1105 2932 innocentia
1150 2873 1217 2931 et
1262 2861 1584 2942 candore,
1623 2863 1810 2933 hunc
1849 2864 1918 2932 in
1955 2862 2239 2931 modum
2275 2862 2738 2952 respondent:

187 2956 500 3040 Ignoras,
558 2963 749 3040 pater
797 2950 1205 3031 venerande,
1260 2951 1448 3021 hunc
1497 2952 1883 3042 Eugenium
1922 2950 2325 3020 Toletanum
2356 2951 2570 3021 fuisse
2603 2953 2745 3042 cpi-

184 3043 527 3129 scopum?
575 3038 959 3110 auditorem
1008 3061 1283 3131 quoquc
1335 3042 1604 3130 patroni
1654 3041 1872 3109 nostri
1921 3039 2349 3108 sanctissimi
2401 3040 2743 3130 Dionysii,

182 3129 474 3216 ejusque
520 3127 855 3219 collegam
907 3130 976 3198 in
1029 3129 1419 3230 spargendo
1458 3128 1645 3219 apud
1698 3126 2016 3222 infideles
2052 3127 2243 3197 verbi
2293 3129 2608 3199 coelestis
2641 3151 2744 3199 se-

187 3218 414 3285 mine?
461 3217 589 3300 Qui
641 3216 918 3287 tandem
966 3216 1130 3289 ditis
1164 3239 1550 3319 poenarum
1598 3216 2090 3288 cruciamentis
2140 3215 2515 3300 confectus,
2547 3218 2737 3288 coelo

185 3306 510 3394 spiritum
579 3304 875 3375 reddidit
929 3326 1090 3375 cum
1160 3307 1418 3397 insigni
1467 3305 1868 3396 triurnph0,
1923 3305 2034 3374 sui
2099 3307 2466 3397 sanguinis
2513 3307 2735 3377 imbre

186 3393 511 3476 perfusus
557 3394 612 3461 *.
667 3397 788 3464 His
836 3393 1115 3475 auditiS,
1163 3395 1571 3486 non-potuit
1622 3394 1723 3462 vir
1772 3393 2209 3464 venerandus
2239 3396 2456 3465 animi
2488 3397 2734 3466 suice·

185 3482 327 3551 lare
376 3482 728 3563 laetitiam,
781 3483 900 3553 sed
950 3500 1160 3553 suum·
1211 3484 1350 3553 illis
1397 3482 1821 3554 desiderium
1871 3483 2215 3574 aperiens,
2270 3496 2336 3554 et
2386 3506 2469 3553 ne
2503 3485 2618 3554 cui
2660 3485 2732 3553 id

186 3569 508 3651 revelent,
541 3571 788 3642 obnixe
840 3593 1112 3661 roganS,
1146 3573 1237 3641 ita
1269 3572 1364 3641 ait
1410 3571 1495 3640 ad
1548 3570 1751 3641 illos:
1806 3576 1856 3641 O
1900 3572 2073 3641 mihi
2125 3573 2421 3643 nimium
2470 3573 2726 3653 dilecti,

189 3666 456 3747 Deoque
502 3659 725 3730 devoti
757 3673 1006 3750 patreS‚
1039 3661 1097 3730 si
1133 3683 1267 3731 non
1308 3660 1672 3730 molestum
1707 3673 1883 3732 esset
1920 3661 2465 3752 benignissimae
2502 3663 2734 3732 chari-

185 3750 306 3818 tati
355 3760 617 3819 vestrae
647 3803 662 3828 ,
720 3749 891 3819 mihi
942 3748 1207 3819 tantillo
1260 3750 1712 3820 homuncioni
1761 3750 1976 3840 hujus
2025 3751 2246 3821 sancti
2300 3750 2538 3841 largiri
2577 3751 2734 3820 reli-

182 3838 428 3925 quias:
484 3836 740 3907 credite
787 3838 984 3919 mihi,
1031 3838 1180 3908 sine
1232 3860 1430 3912 mora.
1460 3861 1585 3930 par
1618 3839 1768 3929 pari
1803 3839 1995 3910 vobis
2046 3838 2396 3909 referrem.
2435 3840 2734 3909 Tumilli

184 3926 479 3995 multum
546 3926 1053 4017 obstupefacti,
1108 3932 1421 4010 Quanam
1454 3984 1470 4010 ,
1528 3929 1795 4017 inquit,
1851 3929 2115 4000 ratione
2162 3926 2313 3997 fieri
2362 3939 2579 4019 potest
2631 3928 2726 4011 id,

181 4014 365 4100 quod
397 4016 724 4105 postulas,
760 4015 862 4085 vir
887 4015 1126 4087 beate?
1151 4016 1273 4087 Vix
1305 4017 1491 4087 enim
1516 4019 1885 4105 quisquam
1920 4016 2237 4087 sufficere
2269 4017 2483 4107 possit
2511 4018 2735 4086 omni-

184 4104 313 4175 bus
376 4103 754 4175 referendis
805 4103 1206 4187 miraculis,
1276 4128 1454 4193 quae
1502 4106 1589 4176 ab
1638 4106 1759 4176 illo
1815 4107 1885 4175 in
1939 4106 2178 4176 Galliis
2228 4117 2494 4196 patrata
2541 4119 2727 4176 sunt.

188 4193 373 4261 Unde
420 4193 607 4263 haud
658 4215 883 4275 secuS‚
937 4207 1142 4281 atque
1188 4194 1522 4286 Angelum
1583 4194 1749 4275 Dei,
1803 4215 2043 4264 omnes
2097 4195 2483 4286 Eugenium
2549 4215 2733 4265 com·

190 4280 603 4367 plectuntur.
655 4282 864 4354 Crede
915 4282 1137 4363 nobis,
1178 4305 1320 4353 rem
1362 4305 1532 4353 sane
1581 4282 2070 4353 difficillimam
2123 4284 2454 4374 postulaS.
2489 4287 2567 4354 At
2614 4282 2731 4353 ille

239 4445 262 4468 '⁸
293 4443 358 4482 De
384 4443 473 4485 hoc
503 4445 546 4486 S.
578 4446 799 4496 Eugento,
829 4456 885 4486 ex
914 4444 1194 4495 apocryphis
1219 4444 1350 4487 Actis
1378 4444 1529 4496 Episc.
1554 4447 1704 4486 Tolet.
1727 4446 1868 4492 dieto.
1887 4448 2110 4498 Areopag.
2133 4445 2345 4496 Dionysii
2366 4447 2494 4489 socio
2523 4456 2575 4487 ae
2605 4445 2733 4488 Pari·

193 4495 334 4536 sienni
352 4496 570 4547 Mat-tyre.
589 4499 718 4548 leges
736 4501 786 4540 tn
805 4499 1012 4550 Append.
1035 4499 1135 4540 Vol.
1158 4509 1254 4550 seq.
1279 4499 1401 4542 idest
1419 4500 1481 4542 ad
1501 4509 1563 4541 xv
1584 4510 1691 4542 nov·
2556 4514 2567 4528 ·
