3347 4999
242 342 421 409 OCT.
476 342 559 407 46
1031 361 1109 407 nn
1156 360 1212 407 s.
1265 358 1460 407 GALLo
1506 356 1648 405 Anii.
1699 359 1775 406 iii·
1822 357 2003 406 comi.
2564 342 2691 407 477

249 444 625 515 criminum
679 444 928 513 misera
977 443 1625 513 commemoratione
1673 464 1985 522 suorum,
2030 442 2235 511 vitam
2275 441 2635 512 infeliciter
2662 443 2785 513 du-

247 547 500 612 centeS,
540 532 860 602 flebiliter
895 532 1290 602 finiverunt.

342 623 378 708 ξ
425 625 572 692 8³2.
626 620 769 690 Alio
812 634 1113 710 tempore
1139 619 1475 689 diaconus
1506 618 1818 706 quidam,
1857 619 2134 688 nomine
2166 617 2576 707 Stephanus,
2612 619 2781 689 dum

249 711 322 779 in
370 709 684 799 ejusdem
718 710 929 798 patris
964 709 1192 779 Sancti
1231 708 1518 779 ecclesia
1557 707 1864 777 custodis
1901 706 2303 798 fungeretur
2333 706 2580 788 officio,
2619 729 2786 795 qua-

249 799 408 868 dam
447 800 730 887 vespera
778 798 1129 867 incensam
1182 797 1479 867 oratorio
1519 796 1820 891 inferens
1859 796 2242 870 candelam.
2281 796 2511 895 posuit
2571 818 2782 885 supra

247 886 747 957 candelabrum
782 887 978 975 juxta
1011 886 1188 955 beati
1215 886 1354 956 Viri
1384 885 1806 975 sepulcrum.
1841 890 2028 968 Quae
2056 907 2096 953 a
2135 884 2544 954 rectitudine
2569 898 2782 955 status

253 997 543 1065 vergens
607 976 679 1044 in
733 988 1018 1065 partem,
1074 975 1323 1045 ardens
1369 973 1615 1043 cecidit
1653 995 1863 1063 super
1908 996 2139 1043 arcam
2194 971 2518 1063 sepulcri.
2579 974 2789 1061 Cujus

251 1063 523 1135 ardoris
555 1063 875 1133 violentia
913 1085 1125 1133 unam
1176 1063 1769 1152 comprehendens
1812 1061 2090 1152 pallam,
2150 1084 2234 1130 us
2287 1083 2372 1131 ue
2412 1061 2495 1130 ad
2531 1045 2787 1131 medie-

249 1165 456 1223 tatem
509 1153 791 1232 exussit,
844 1163 910 1220 et
958 1152 1050 1222 ita
1084 1152 1407 1222 restincta
1453 1166 1577 1232 est,
1630 1149 1805 1220 nihil
1856 1150 2049 1230 lecto,
2109 1150 2256 1219 nihi
2332 1149 2603 1232 baculo,
2664 1151 2787 1238 qui

250 1242 322 1311 in
373 1263 452 1311 eo
506 1240 867 1330 pendebat,
905 1240 1004 1310 vel
1046 1240 1204 1310 aliis
1237 1240 1758 1310 linteaminibus
1789 1261 2001 1330 super
2038 1238 2434 1328 sepulcrum
2465 1240 2788 1326 expansis

254 1328 558 1400 inserens
597 1329 945 1399 laesionis,
982 1334 1125 1412 Qua
1155 1350 1234 1399 ex
1269 1350 1339 1398 re
1371 1328 1742 1419 colligitur,
1782 1328 1866 1396 ad
1899 1326 2428 1397 declarationem
2458 1328 2786 1397 virtutum

251 1419 433 1488 beati
485 1418 621 1486 viri
659 1418 907 1507 potiuS‚
951 1439 1157 1504 quam
1195 1417 1280 1487 ad
1315 1417 1646 1487 damnum
1680 1416 1886 1486 rebus
1918 1417 2068 1506 ejus
2102 1415 2562 1497 inferendum,
2602 1415 2786 1485 idem

253 1507 564 1577 evenisse
595 1506 1023 1575 incendium.
1049 1507 1224 1590 Quia
1246 1519 1323 1575 ut
1353 1507 1422 1574 in
1456 1505 1905 1593 sequentibus
1933 1518 2240 1594 apparet,
2287 1504 2539 1596 pallam
2574 1526 2787 1591 quam

255 1596 434 1665 lenis
483 1595 763 1664 flamma
826 1594 1195 1675 diminuit,
1249 1596 1466 1664 virtus
1534 1592 1899 1663 manifesta
1947 1594 2263 1664 restituit.
2321 1598 2512 1662 Mane
2560 1593 2788 1681 itaque

255 1683 457 1763 facto,
510 1683 750 1753 fratres
784 1683 1157 1753 oratorium
1201 1683 1521 1772 ingressi,
1572 1682 1743 1770 quid
1783 1682 2037 1752 factum
2074 1681 2294 1752 fuerat
2323 1681 2783 1771 perviderunt,

257 1786 323 1842 et
373 1771 828 1842 admiratione
862 1793 995 1841 non
1033 1772 1322 1841 minima
1360 1783 1522 1841 sunt
1571 1770 1894 1862 perculsi.
1931 1771 2149 1841 Tertia
2179 1792 2334 1840 vero
2367 1770 2477 1840 die
2508 1792 2664 1839 cum
2702 1770 2789 1840 ad

257 1860 664 1931 matutinale
713 1861 1152 1930 convenirent
1222 1860 1525 1930 officium
1557 1915 1573 1942 ,
1627 1859 2038 1929 invenerunt
2085 1863 2150 1927 in
2201 1859 2495 1929 oratorio
2554 1880 2786 1930 cereos

261 1951 602 2029 ardenteS,
656 1960 722 2022 et
768 1948 943 2017 duos
983 1949 1270 2038 juvenes
1319 1961 1620 2027 stanteS,
1669 1970 1886 2018 unum
1937 1947 2021 2016 ad
2072 1959 2280 2038 caput
2312 2003 2328 2029 ,
2381 1959 2447 2016 et
2492 1946 2783 2017 alterum

263 2037 350 2108 ad
405 2036 633 2126 pedes,
671 2035 1136 2117 distendentes
1170 2039 1344 2107 inter
1384 2060 1455 2107 se
1496 2036 1776 2127 pallam,
1820 2058 1995 2123 quae
2044 2036 2307 2126 pridem
2351 2034 2571 2106 fuerat
2607 2037 2791 2125 ignis

266 2137 514 2195 attacta
555 2125 949 2215 vaporibus,
997 2130 1136 2195 Hoc
1180 2126 1345 2206 viso,
1400 2128 1641 2195 timore
1689 2125 1905 2195 nimio
1958 2125 2353 2206 conterriti,
2406 2146 2566 2195 cum
2621 2124 2793 2194 cele-

265 2215 463 2282 ritate
509 2214 791 2304 egressi,
836 2212 922 2282 ad
982 2213 1264 2284 lectulos
1320 2214 1693 2284 redierunt.
1734 2218 2040 2300 Cumque
2093 2235 2163 2285 se
2207 2212 2648 2294 collocarent,
2685 2235 2792 2282 ec-

264 2301 515 2372 clesiae
561 2323 981 2391 campanum
1039 2302 1369 2383 insonuit,
1424 2314 1490 2372 et
1520 2301 1741 2372 auditi
1775 2315 1938 2372 sunt
1970 2301 2108 2372 duo
2140 2302 2357 2384 chori,
2393 2302 2786 2372 incredibili

260 2389 752 2459 alternantium
799 2411 1244 2480 personarum
1276 2390 1644 2461 dulcedine
1685 2403 2206 2482 perstrepentes
2260 2391 2483 2482 Igitur
2513 2390 2625 2460 die
2674 2390 2795 2460 illa

265 2499 705 2567 nequaquam
757 2479 908 2549 ausi
941 2494 1102 2555 sunt
1139 2480 1513 2551 oratorium
1546 2480 1850 2551 introire.
1888 2481 2003 2549 Die
2029 2493 2257 2550 autem
2290 2479 2602 2567 sequenti
2637 2492 2792 2551 ante

258 2568 513 2637 ostium
550 2569 700 2656 ejus
735 2569 1157 2638 unanimiter
1183 2568 1598 2659 conglobati,
1633 2581 2145 2659 prostraverunt
2169 2591 2241 2639 se
2274 2570 2342 2638 in
2371 2569 2746 2639 orationem
2775 2592 2788 2635 :

256 2669 324 2725 et
356 2678 516 2725 cuin
550 2657 1027 2740 surrexissent,
1067 2680 1225 2727 cuin
1264 2679 1513 2748 magno
1549 2659 1789 2729 timore
1815 2659 2169 2737 intrantes,
2213 2659 2618 2727 invenerunt
2646 2657 2795 2745 pal·

262 2744 427 2825 lam,
480 2765 689 2831 quam
753 2747 1000 2836 partim
1061 2746 1242 2837 ignis
1289 2748 1792 2836 absumpserat,
1831 2745 2328 2836 superlectum
2381 2766 2788 2834 expansum,

262 2833 442 2903 sicut
492 2834 687 2924 prius
725 2834 1021 2924 expandi
1069 2835 1350 2917 solebat,
1397 2835 1588 2905 nulla
1635 2835 2145 2906 imminutionis
2192 2833 2555 2903 habentem
2608 2831 2792 2901 indi-

261 2922 412 3002 cia3
467 2921 584 2992 sed
640 2922 866 3012 potius
913 2923 1344 2994 latitudinem
1387 2924 1487 2992 vel
1540 2923 2041 3015 longitudinem
2082 2923 2229 3012 ejus
2263 2921 2471 2991 trium
2522 2933 2795 2990 auctam

256 3032 408 3080 esse
460 3011 936 3101 magnitudine
964 3013 1378 3083 cubitorum.
1417 3013 1641 3103 Hujus
1670 3012 2154 3104 perspicuitate
2186 3009 2506 3079 miraculi
2536 3009 2790 3078 hilares

265 3098 451 3180 facti,
498 3099 991 3171 benedixerunt
1030 3102 1340 3181 Domino,
1379 3102 1500 3187 qui
1535 3115 1668 3171 tam
1714 3099 2093 3170 manifestis
2142 3099 2402 3188 gratiae
2458 3119 2623 3170 suae
2672 3098 2795 3166 vir·

263 3188 550 3269 tutibuS‚
606 3189 789 3256 Servi
841 3189 951 3259 sui
1002 3190 1241 3259 merita
1288 3189 1638 3259 declarare
1686 3188 2014 3278 dignatus
2044 3201 2167 3257 est.

350 3277 584 3363 §88
646 3276 834 3345 Idem
887 3278 1272 3368 Stephanus
1340 3278 1509 3347 dum
1565 3276 1870 3365 quodam
1923 3289 2228 3367 tempore
2293 3297 2450 3345 cum
2512 3275 2623 3346 his
2674 3274 2797 3361 qui

263 3362 476 3435 simul
548 3363 872 3444 aderant,
929 3388 1202 3435 carnem
1255 3365 1342 3435 ad
1394 3364 1913 3455 percipiendum
1962 3365 2033 3432 in
2094 3364 2457 3454 cujusdam
2507 3385 2799 3434 accessu

251 3451 502 3544 jejunii
552 3452 1038 3534 non‘haberet,
1094 3455 1342 3524 resedit
1401 3455 1469 3523 in
1520 3453 1793 3534 cellula,
1855 3452 1938 3522 de
2001 3453 2237 3523 eadem
2293 3454 2580 3543 penuria
2631 3473 2789 3523 curn

264 3540 554 3613 caeteris
624 3539 1005 3611 locuturus.
1082 3547 1394 3630 Dumque
1461 3564 1775 3613 sermone
1822 3541 2010 3611 vario
2071 3542 2489 3633 paupertatis
2559 3540 2800 3611 solatia

267 3642 511 3699 mutuo
578 3628 1088 3712 ministrarent,
1144 3631 1287 3701 avis
1355 3631 1696 3717 quaedam
1749 3632 2020 3732 ignotae
2065 3630 2323 3700 formae
2368 3629 2677 3700 consedit
2725 3631 2795 3697 in

266 3718 532 3788 limine.
587 3722 777 3787 Unus
826 3719 1275 3788 assidentium
1328 3731 1573 3790 torrem
1637 3720 1723 3790 de
1783 3741 1943 3811 igne
1992 3720 2303 3809 rapienS,
2357 3719 2586 3788 alitem
2643 3739 2799 3818 per-

264 3806 504 3878 cussit.
540 3806 750 3896 Cujus
796 3827 1038 3876 carnes
1083 3807 1250 3877 dum
1285 3809 1429 3878 suis
1463 3809 1708 3879 usibus
1742 3820 2286 3898 praeparassent,
2324 3806 2794 3876 incredibilem

266 3895 534 3986 saporis
581 3894 1015 3966 dulcedinem
1069 3897 1139 3965 in
1189 3912 1398 3986 gustu
1438 3920 1677 3967 earum
1711 3897 2345 3987 deprehenderunt:
2390 3895 2786 3986 facientibus

265 3985 421 4065 hoc,
473 3996 549 4054 ut
595 3983 964 4065 credimu8‚
1017 3984 1198 4054 beati
1246 3986 1383 4055 Viri
1432 3986 1718 4067 meritiS,
1759 3999 1835 4058 ut
1881 3986 2061 4056 sicut
2106 3984 2349 4055 famuli
2395 3985 2545 4074 ejus
2593 3985 2661 4052 in
2696 3996 2786 4044 51-

268 4072 733 4143 militudinem
809 4073 1079 4160 antiqui
1143 4074 1506 4156 miraculi,
1577 4097 1714 4162 quo
1778 4076 2080 4176 populus
2141 4073 2253 4143 Dei
2319 4074 2783 4162 coniurntsiim

269 4161 597 4232 carnibus
647 4162 715 4231 in
766 4161 1136 4232 solitudine
1182 4175 1284 4232 est
1329 4162 1645 4244 refectuS,
1688 4186 1833 4234 avis
1864 4163 2214 4233 incooniia
2264 4162 2474 4231 missa
2520 4174 2636 4231 est
2690 4164 2786 4221 1ῑᾶ

273 4270 477 4337 sapor
525 4263 926 4340 procuratae
973 4252 1260 4321 coelitus
1291 4273 1508 4333 escae,
1564 4274 1772 4322 novae
1805 4217 2195 4321 dulcedinis
2223 4249 2781 4341 delectanentum

272 4337 572 4408 haberet.
641 4346 852 4410 Tanta
915 4355 1141 4410 autem
1204 4353 1306 4409 est
1370 4341 1868 4411 miraculorum
1931 4340 2179 4430 copia,
2235 4362 2414 4427 quae
2474 4345 2779 4430 ‘Offilssps

272 4425 455 4514 apud
510 4429 852 4498 tumulum
916 4430 1065 4519 eJus
1114 4429 1399 4500 diversis
1450 4430 1877 4520 temporibus
1924 4429 2241 4512 ostendit,
2295 4442 2371 4500 ut
2418 4437 2529 4485 10¹1
2579 4416 2779 4488 sflssllss
