3347 4999
245 378 418 445 OCT.
479 379 503 442 l
1086 398 1164 443 nr:
1213 397 1269 444 s.
1324 398 1582 445 amneio
1631 398 1925 446 anemae.
2656 386 2695 448 7

244 475 621 546 litterarum
676 475 959 567 figuraS,
1013 499 1219 563 quam
1257 490 1542 546 eatenus
1572 477 1861 547 Hebraei
1893 477 2261 560 habebant,
2302 480 2650 568 repererit.
2705 485 2785 552 Et

240 564 307 634 in
359 564 644 654 epistola
697 566 873 656 regis
922 572 1324 637 Persarum:
1380 566 1754 635 Artaxersis
1786 567 2071 656 (Esdrae
2122 574 2214 648 4⁰,
2272 568 2415 657 vu).
2488 566 2494 597 ⁹

329 659 715 736 Quocontra
748 669 811 724 et
846 677 992 738 nOS,
1034 654 1270 724 multis
1309 653 1465 723 aliis
1501 654 1811 745 perditiS,
1860 655 2060 745 plura
2099 656 2169 724 in
2212 656 2628 743 quibusdam
2673 656 2785 726 hi-

241 743 469 812 storiis
500 755 563 811 et
596 742 885 815 diversis
919 742 1441 823 membranuliS,
1485 765 1566 812 ac
1608 743 1860 812 usitata
1902 744 2253 825 relatione,
2294 767 2333 813 a
2368 746 2781 836 praeceden-

240 832 427 900 tibus
459 831 689 900 relicta
722 832 1033 922 posteris,
1066 830 1150 900 de
1179 844 1334 902 ortu
1362 846 1427 900 et
1459 831 1615 913 vita,
1644 853 1767 900 seu
1802 832 2170 902 virtutibus
2200 846 2265 902 et
2293 833 2487 904 obitu
2512 834 2781 904 domini

240 932 305 988 et
353 920 771 989 sanctissimi
811 921 1021 1010 patris
1055 942 1135 989 ac
1170 920 1568 1011 protectoris
1617 920 1830 990 nostri
1871 922 2168 1012 Remigii
2199 921 2560 1004 habemus,
2608 945 2785 1010 quae

242 1008 309 1075 in
351 1023 721 1078 memorata
761 1009 1190 1099 excerptione
1227 1031 1359 1078 non
1397 1008 1861 1078 continentur.
1917 1010 2108 1079 Unde
2150 1011 2347 1080 bonis
2381 1011 2625 1082 vestris
2662 1012 2782 1081 de-

242 1095 515 1166 sideriis
550 1098 831 1186 placuit,
862 1111 940 1169 ut
973 1096 1090 1166 illa
1128 1119 1276 1166 mea
1307 1097 1597 1168 servitus
1629 1096 1716 1166 ad
1751 1098 2221 1187 ignorantium
2259 1111 2323 1168 et
2356 1100 2785 1187 subsequen-

243 1185 416 1254 tium
460 1186 767 1256 notitiam
805 1188 871 1256 in
907 1207 1126 1255 unum
1163 1185 1319 1255 colli
1373 1197 1536 1254 eret.
1577 1186 1769 1268 Quod
1805 1199 1869 1255 et
1898 1186 2043 1276 jam
2092 1187 2214 1256 diu
2263 1186 2604 1268 fecissem,
2646 1188 2782 1258 nisi

243 1294 352 1340 me
386 1296 542 1363 spes
577 1298 748 1345 vana
792 1274 1167 1355 deluderet,
1217 1275 1335 1361 qui
1390 1274 1634 1343 usdarn
1686 1274 2099 1356 dicentibuS‚
2145 1276 2308 1363 quia
2350 1275 2418 1345 in
2465 1276 2584 1346 illo
2617 1290 2680 1347 et
2712 1278 2781 1346 in

242 1360 362 1431 illo
388 1361 538 1433 loco
567 1386 676 1433 ma
732 1386 898 1434 num
931 1364 1185 1433 librum
1221 1362 1305 1432 de
1341 1362 1708 1432 virtutibus
1739 1375 1803 1432 et
1834 1364 1969 1433 vita
1999 1364 2220 1464 ipsius
2262 1366 2531 1455 patroni
2569 1366 2782 1437 nostri

246 1452 544 1540 reperire
594 1475 674 1523 va
705 1474 913 1522 erem.
952 1451 1047 1521 Ad
1096 1474 1270 1539 quae
1320 1452 1619 1533 mittenS,
1657 1473 1836 1538 quae
1878 1452 2046 1521 mihi
2100 1453 2440 1541 promissa
2473 1453 2778 1535 fuerunt,

245 1540 523 1628 penitus
549 1540 720 1611 falsa
752 1541 1006 1610 inveni.
1038 1546 1232 1610 Nunc
1262 1552 1516 1621 autem,
1546 1540 1927 1629 opitulante
1959 1542 2267 1622 Domino,
2299 1544 2418 1628 qui
2447 1542 2786 1612 mirabilis

242 1639 345 1697 est
392 1641 458 1698 et
504 1630 846 1731 gloriosus
895 1631 962 1698 in
1009 1629 1273 1699 Sanctis
1322 1629 1490 1710 suis,
1528 1628 1790 1699 meritis
1839 1629 2060 1718 ipsius
2111 1631 2331 1700 sancti
2367 1636 2783 1701 Francorum

245 1717 536 1817 apostoli
586 1733 650 1789 et
747 1718 967 1789 atroni
1018 1718 1257 1799 nostri,
1313 1717 1692 1803 vestrisque
1730 1718 2010 1807 adjutus
2048 1719 2502 1801 orationibuS,
2542 1741 2784 1819 aggre-

247 1805 401 1874 d1ar
448 1828 624 1893 quae
685 1742 808 1876 giu
856 1806 1141 1886 distuli,
1196 1829 1235 1875 a
1284 1807 1838 1895 progenitoribus
1882 1819 1946 1876 et
1994 1820 2148 1877 ortu
2195 1808 2344 1907 ejus
2394 1808 2534 1877 inci
2588 1830 2737 1877 iens
2766 1862 2782 1888 ,

248 1906 317 1963 et
363 1895 463 1965 sic
516 1909 650 1965 tam
702 1919 817 1977 ea,
873 1918 1049 1983 quae
1096 1896 1166 1963 in
1217 1895 1524 1964 historiis
1571 1917 1608 1963 a
1660 1895 2033 1984 Majoribus
2080 1896 2328 1977 editis,
2383 1896 2467 1965 de
2518 1897 2635 1966 ilo
2685 1897 2788 1965 in-

248 1983 448 2064 veni,
503 2005 710 2070 quam
760 1996 824 2054 et
872 1984 1012 2066 illa,
1065 2006 1242 2071 quae
1290 1983 1360 2051 in
1413 1982 1704 2053 diversis
1754 1983 2103 2054 schedulis
2160 1985 2471 2086 dispersa
2523 1985 2782 2075 reperi:

250 2093 487 2141 verum
537 2087 601 2143 et
649 2073 770 2142 illa
818 2074 885 2142 in
938 2073 1112 2142 serie
1157 2072 1503 2161 digerens,
1552 2094 1729 2158 quae
1770 2072 2045 2163 vulgata
2098 2072 2422 2143 relatlone
2474 2073 2783 2164 percepi:

249 2159 414 2246 quia
462 2173 536 2230 ut
586 2162 783 2253 longe
831 2174 988 2231 ante
1040 2183 1161 2231 nos
1208 2161 1472 2230 dictum
1522 2161 1654 2242 est,
1700 2173 1766 2230 et
1811 2162 2014 2230 etiam
2067 2161 2136 2231 in
2189 2164 2446 2232 sanctis
2496 2163 2788 2252 scriptu·

250 2247 395 2329 riS,
450 2249 564 2319 sed
638 2263 700 2320 et
762 2251 829 2319 in
882 2250 1277 2340 evangelica
1326 2248 1602 2318 veritate
1651 2250 2113 2338 comperitur:
2169 2273 2326 2320 vera
2372 2263 2474 2321 est
2520 2252 2626 2320 lex
2675 2251 2783 2320 hi-

251 2338 521 2420 storiae,
577 2338 982 2429 simpliciter
1029 2361 1131 2419 ea,
1183 2360 1359 2425 quae
1409 2337 1590 2406 fama
1643 2337 1963 2427 vulgante
2025 2338 2473 2430 colliguntur,
2526 2340 2613 2410 ad
2685 2340 2790 2408 in-

251 2427 694 2497 structionem
747 2427 1160 2519 posteritatis
1193 2427 1437 2497 litteris
1466 2426 1974 2496 commendare.
2015 2432 2089 2496 In
2135 2430 2393 2516 quibus
2432 2429 2782 2509 omnibuS,

254 2514 569 2585 lectorem
622 2516 980 2586 diversitas
1029 2516 1186 2606 styli
1238 2538 1373 2587 non
1425 2517 1812 2606 perturbet:
1849 2519 2177 2603 quoniam
2213 2540 2315 2599 ea,
2351 2539 2527 2604 quae
2568 2518 2652 2586 de
2685 2518 2791 2586 hi-

252 2605 480 2674 storiis
531 2605 861 2694 Majorum
913 2604 1302 2684 adsumam,
1359 2616 1422 2673 et
1469 2626 1548 2673 ea
1594 2626 1772 2689 quae
1819 2605 1891 2674 in
1941 2606 2248 2693 antiquis
2298 2605 2650 2678 schedulis
2690 2629 2790 2676 re-

258 2693 543 2782 periam,
601 2694 694 2762 ita
743 2706 818 2762 ut
866 2694 1142 2762 inventa
1188 2693 1465 2774 fuerint,
1524 2714 1861 2782 ponam...

342 2784 378 2869 ξ
424 2788 500 2853 1.
569 2787 726 2851 Post
791 2781 1163 2851 vindictam
1217 2779 1549 2852 scelerum
1605 2781 1755 2870 (a),
1809 2804 1986 2869 quae
2045 2781 2221 2852 facta
2269 2794 2370 2852 est
2416 2806 2457 2852 a
2505 2783 2793 2852 Domino

253 2870 460 2939 caede
509 2870 931 2951 Galliarum,
986 2883 1439 2958 prosequente
1487 2870 1974 2940 Wandalorum
2027 2870 2466 2952 crudelitate,
2525 2870 2793 2939 miseri—

253 2958 558 3028 cordiam
611 2958 779 3028 coeli
832 2958 1301 3028 distillarunt:
1354 2979 1511 3027 cum
1564 2959 1646 3028 ad
1704 2958 2183 3050 mitigandam,
2225 2960 2448 3049 gentis
2499 2965 2791 3029 Franco-

257 3070 407 3115 rum
463 3047 822 3117 barbarica
868 3047 1212 3117 ferocitate
1244 3061 1839 3136 superventuram,
1871 3047 2143 3116 divinae
2170 3047 2793 3117 animadversionis

254 3147 533 3226 propter
580 3137 976 3222 iniquitates
1029 3150 1535 3227 perseverantes
1586 3136 1944 3217 ultionem,
2002 3135 2264 3205 mundo
2314 3136 2702 3227 praesulem
2754 3158 2795 3205 a

258 3230 390 3381 {Jeo
463 3224 1043 3313 praedestinatum
1083 3280 1098 3306 ,
1151 3224 1542 3314 Remigium
1610 3223 2004 3316 pontificem
2077 3224 2203 3295 hoc
2269 3225 2512 3295 ordine
2565 3238 2795 3316 protu-

284 3325 510 3383 erunt.

346 3403 380 3488 ἓ
432 3406 521 3472 ².
596 3407 753 3471 Erat
798 3402 1082 3489 quidam
1145 3400 1554 3471 venerabilis
1586 3454 1600 3481 ,
1656 3423 1734 3469 ac
1781 3400 2037 3490 dignus
2089 3401 2510 3502 professione
2555 3413 2621 3472 et
2672 3423 2794 3471 no-

259 3491 469 3572 mine,
525 3496 888 3560 Montanus
940 3489 1323 3561 monachus
1360 3545 1375 3572 ,
1430 3491 1498 3558 in
1553 3489 1935 3558 reclusione
1984 3489 2359 3560 solitariam
2413 3491 2620 3560 vitam
2671 3489 2794 3558 du-

257 3600 444 3672 cena
480 3579 793 3670 jejuniis,
833 3579 1111 3670 vigiliis,
1157 3591 1358 3664 atque
1392 3578 1822 3648 orationibus
1854 3579 2178 3647 continue
2213 3601 2489 3660 vacam,
2528 3599 2794 3648 necnon

258 3678 681 3738 caeterarum
715 3669 1043 3737 virtutum
1079 3667 1472 3755 insignibus
1497 3667 1666 3736 adeo
1694 3666 2034 3736 divinitati
2070 3690 2140 3738 se
2173 3666 2795 3737 commendabilem

261 3755 580 3837 reddens,
616 3769 692 3825 ut
738 3779 822 3825 an
880 3755 1071 3825 elicis
1120 3777 1321 3844 saepe
1362 3755 1703 3825 frueretur
1735 3755 2083 3842 alloquiiS,
2120 3768 2184 3825 et
2223 3756 2611 3841 frequenter
2648 3776 2799 3824 coe-

259 3844 548 3915 lestibus
594 3845 839 3914 visioni
897 3867 977 3914 us
1026 3866 1105 3914 ac
1136 3843 1668 3913 revelationibus
1720 3844 2100 3916 interesset.
2142 3849 2208 3915 Is
2256 3867 2419 3935 ergo
2452 3866 2609 3913 cum
2649 3865 2800 3932 per-

156 3997 161 4002 .
259 3933 422 4022 vigil
473 3934 540 4002 in
593 3934 897 4002 oratione
949 3954 1069 4022 pro
1119 3954 1283 4021 pace
1332 3946 1608 4002 sanctae
1656 3932 2020 4012 Ecclesiae,
2065 3955 2242 4020 quae
2294 3932 2530 4003 multis
2577 3954 2660 4001 ac
2700 3930 2802 3999 di-

260 4022 474 4091 versis
534 4020 1022 4091 afflictionibus
1094 4021 1276 4110 apud
1346 4020 1721 4090 Galliarum
1781 4037 1845 4091 et
1915 4020 2342 4111 Belgicarum
2413 4018 2802 4111 provincias

261 4112 657 4192 vexabatur,
704 4110 820 4180 Dei
869 4109 1358 4200 omnipotentis
1419 4109 1855 4180 clementiam
1909 4110 2271 4180 indefessis
2321 4108 2646 4200 precibus
2694 4129 2806 4176 ex-

260 4212 506 4281 oraret,
545 4212 737 4270 nocte
775 4198 1078 4287 quadam
1116 4197 1270 4289 plus
1311 4197 1509 4270 solito
1542 4200 1918 4269 orationem
1963 4198 2330 4289 protelans,
2371 4220 2590 4285 usque
2625 4197 2803 4266 lucis

316 4395 379 4456 (a)
407 4394 614 4447 Irruptio
644 4393 718 4437 hic
742 4393 980 4436 indicatur
998 4396 1327 4436 Wandalorum
1348 4405 1468 4444 quos
1489 4406 1596 4436 cum
1616 4396 1726 4435 aliis
1745 4393 1960 4436 barbaris
1982 4396 2030 4435 ln
2049 4395 2228 4435 Gallias
2247 4394 2479 4438 evocavit.
2499 4404 2621 4433 anno
2640 4400 2815 4436 ccccvt.

267 4449 444 4543 βιὲιιὶείιέ,
474 4448 656 4542 prlimus
684 4449 892 4491 Honorio
921 4447 1195 4498 imperatori
1223 4460 1250 4489 a
1276 4447 1500 4496 consiliis,
1518 4452 1602 4499 qul
1621 4450 1848 4499 regnandi
1865 4450 2100 4497 cupidine,
2116 4449 2216 4488 tam
2234 4458 2378 4498 grave
2399 4457 2593 4488 romano
2609 4441 2815 4494 Imperio

268 4513 314 4542 m
341 4513 371 4543 u
460 4513 523 4542 vu
545 4513 648 4544 nus.
