3347 4999
179 332 345 398 OCT.
401 332 481 395 47
1058 350 1138 396 na
1185 349 1241 396 S.
1295 348 1588 395 nssnwmn
1637 348 1829 394 vinna
2485 332 2602 396 501

176 436 401 505 anima
429 434 602 525 ejus.
633 434 922 504 Ardebat
959 448 1191 524 pectus
1224 433 1395 523 ejuS‚
1433 455 1555 503 nec
1588 434 1942 521 quiescere
1981 445 2242 524 poterat
2273 456 2433 523 prae
2473 455 2708 505 amore

175 525 312 604 Dei,
342 545 545 611 quem
575 525 849 594 amabat
882 534 946 592 et
977 522 1297 611 cupiebat
1333 522 1585 592 habere
1621 535 2070 610 praesentem,
2109 522 2698 609 quemadmodum

175 611 513 683 desiderat
543 633 782 681 cervus
811 610 895 681 ad
927 611 1146 682 fontes
1184 632 1547 698 aquarum.
1604 611 1756 681 Dies
1794 631 1956 701 ergo
1991 610 2333 691 noctibuS,
2371 623 2436 680 et
2470 626 2705 681 noctes

167 699 523 791 jungendo
568 713 634 769 et
679 699 1148 770 continuando
1194 699 1462 778 diebus,
1501 700 1571 768 in
1606 699 1823 769 sacris
1855 698 2327 789 perseverabat
2358 699 2694 779 excubiis,

173 788 649 879 praestolando
702 789 1150 860 consolatoris
1195 788 1562 858 adventum
1600 842 1616 867 ,
1668 800 1747 857 ut
1798 788 2093 857 venienti
2145 800 2211 857 et
2264 787 2567 876 pulsanti
2615 788 2703 857 ad

173 877 396 948 cordis
436 878 726 965 januam
757 933 772 960 ,
825 877 1133 947 celeriter
1179 878 1491 965 aperiret.
1546 881 1853 964 Namque
1899 899 1939 945 a
1988 875 2439 965 Completorio
2487 897 2708 963 usque

175 967 257 1036 ad
311 966 691 1056 profundae
744 967 958 1037 noctis
1005 966 1276 1037 silentia
1335 966 1404 1035 in
1466 987 1699 1056 preces
1765 964 2021 1055 prolixe
2084 965 2573 1044 incumbebat,
2628 978 2705 1034 ut

219 1056 448 1125 uando
502 1055 816 1125 homines
870 1055 1140 1125 desides
1188 1055 1357 1124 solet
1402 1076 1570 1125 occu
1624 1075 1740 1123 are
1788 1076 1990 1143 sopor
2026 1108 2042 1134 ‚
2095 1054 2248 1139 ipsa
2296 1074 2526 1122 vocem
2576 1075 2702 1123 au—

173 1078 343 1214 diret
393 1143 630 1214 Dilecti
678 1144 1019 1235 pulsantis
1066 1158 1131 1213 et
1177 1143 1469 1213 dulciter
1515 1075 1950 1229 alloquentis,
2003 1142 2281 1212 Audiret
2310 1195 2325 1220 ,
2389 1142 2701 1228 inquam,

176 1232 454 1303 verbum
495 1231 668 1301 illud
704 1255 742 1301 a
773 1232 1025 1303 seculis
1055 1231 1563 1312 absconditum,
1601 1244 1665 1301 et
1699 1254 1739 1301 a
1771 1230 2016 1300 mundi
2067 1229 2481 1300 tumultibus
2508 1229 2711 1320 longe

171 1321 523 1391 alienum:
576 1322 857 1391 verbum
910 1321 1145 1407 utique
1193 1320 1680 1390 dulcissimum
1711 1374 1727 1401 ,
1780 1319 2048 1389 deliciis
2095 1319 2383 1388 affluens
2412 1372 2433 1399 ,
2489 1330 2555 1388 et
2602 1341 2711 1388 sa-

171 1408 513 1481 lutaribus
562 1409 959 1479 redundans
1008 1410 1475 1479 sacramentis.
1532 1409 1744 1496 Cujus
1794 1408 1981 1478 verbi
2026 1409 2357 1477 suavitate
2398 1406 2518 1476 illa
2553 1428 2708 1496 per·

172 1495 307 1567 frui
359 1499 553 1568 valde
602 1502 951 1589 appetem,
1007 1497 1293 1568 sollicite
1335 1499 1396 1566 vi
1451 1496 1659 1567 ilabat
1714 1498 1998 1567 caeteris
2052 1496 2577 1576 dormientibuS‚
2631 1509 2711 1566 ut
2812 1533 2823 1545 ·

169 1588 368 1673 quasi
417 1587 666 1657 furtive
713 1588 1092 1677 susciperet
1120 1587 1310 1656 auris
1358 1586 1402 1654 il
1438 1586 1548 1655 ius
1597 1608 1802 1655 venas
1848 1586 2142 1656 susurrii
2189 1586 2359 1675 ejus,
2411 1583 2711 1654 Dilectus

170 1697 329 1745 vero
378 1676 557 1746 hanc
605 1677 666 1745 ei
716 1675 1041 1746 reddebat
1086 1676 1299 1744 vicem
1328 1730 1344 1757 ,
1399 1686 1474 1743 ut
1524 1686 1656 1744 tam
1710 1674 2068 1765 vigilanter
2114 1673 2200 1743 ad
2249 1674 2456 1742 vitam
2504 1695 2710 1742 excu-

175 1763 327 1833 bias
376 1779 691 1855 agentem
742 1786 875 1833 non
948 1764 1309 1844 transiret,
1367 1784 1489 1833 nec
1551 1762 1925 1833 declinaret
1978 1763 2063 1831 ab
2128 1784 2230 1831 ea.
2285 1761 2710 1833 Subsistebat

170 1851 405 1943 igitur,
460 1868 525 1923 et
572 1866 883 1923 amanter
928 1875 1076 1923 eam
1127 1851 1541 2009 appellabat,
1593 1874 1845 1939 corque
1895 1850 2082 1921 illius
2131 1850 2578 1929 incendebat,
2633 1863 2709 1919 ut

173 1962 251 2010 ex
304 1942 604 2012 flammis
652 1942 909 2011 amoris
955 1943 1104 2029 ejus
1153 1943 1169 2010 i
1207 1941 1348 2010 lum
1402 1954 1825 2029 praesentem
1875 1952 2334 2030 cognosceret,
2363 1954 2428 2008 et
2472 1961 2554 2009 ex
2598 1960 2703 2019 ea,

169 2051 381 2115 quam
437 2030 503 2098 in
558 2052 630 2099 se
677 2031 1031 2107 sentiebat,
1087 2031 1460 2100 mutatione
1506 2051 1664 2099 eum
1716 2028 1953 2099 adesse
2001 2027 2445 2118 intelligeret,
2499 2048 2704 2114 quem

172 2118 471 2186 amabat.
539 2119 787 2205 Ecquis
834 2119 1038 2188 hodie
1098 2120 1166 2187 in
1232 2118 1431 2188 nobis
1477 2131 1580 2188 est
1648 2117 1817 2188 adeo
1878 2116 2169 2207 vigilans
2228 2129 2292 2186 et
2337 2115 2711 2186 observans

170 2218 449 2294 tempus
497 2206 905 2276 visitationis
952 2207 1247 2289 divinae,
1302 2212 1781 2297 Sponsumque
1828 2205 2302 2280 adventantem
2339 2205 2707 2276 momentis

171 2292 502 2390 omnibus
551 2316 628 2364 eo
676 2296 903 2365 studio
952 2296 1325 2377 sustinenS,
1376 2308 1454 2364 ut
1500 2317 1658 2364 cum
1709 2295 1966 2365 venerit
2012 2307 2077 2364 et
2116 2294 2509 2384 pulsaverit,
2548 2314 2710 2362 con-

169 2380 392 2449 sesttm
441 2405 477 2450 a
532 2382 701 2452 eriat
747 2386 833 2464 ei,
889 2384 1065 2453 sicut
1115 2384 1281 2453 haec
1331 2384 1567 2453 beata?
1613 2388 1799 2466 Quae
1834 2396 1976 2453 tum
2009 2383 2285 2454 demum
2338 2381 2709 2470 paululum

177 2467 475 2540 dormita
528 2485 634 2552 at,
709 2471 1068 2562 paululum
1132 2471 1533 2550 dormiebat,
1588 2494 1744 2542 cum
1799 2485 1948 2564 post
1995 2472 2235 2562 longas
2281 2471 2553 2561 vigilias
2600 2491 2713 2541 so·

174 2580 387 2630 mnus
436 2560 708 2630 irruens
754 2582 906 2630 eam
954 2562 1391 2650 opprimeret.
1446 2565 1497 2632 Ο
1543 2563 1810 2649 quoties
1855 2561 2190 2649 quaedam
2225 2561 2287 2630 ei
2334 2560 2712 2630 familiares

172 2645 518 2730 dominae,
573 2648 759 2737 apud
806 2671 956 2719 eam
1012 2664 1386 2728 manentes,
1432 2672 1673 2722 somno
1708 2653 1880 2721 bene
1912 2651 2196 2720 resectae
2236 2662 2701 2728 surrexerunt,

172 2758 333 2805 cum
384 2759 533 2807 eam
585 2737 813 2807 adhuc
861 2737 1254 2829 vigilantem
1305 2753 1708 2820 cernerent,
1780 2752 1845 2809 et
1894 2753 2200 2809 orantem
2267 2738 2336 2806 in
2386 2735 2712 2807 cubiculo

178 2838 336 2896 ante
384 2825 637 2898 lectum
689 2848 892 2897 suum
924 2880 944 2908 ‚
999 2839 1065 2896 et
1110 2825 1342 2897 dulcia
1389 2851 1549 2898 cum
1598 2849 1678 2899 eo
1724 2827 2067 2914 colloquia
2114 2827 2537 2907 miscentem,
2589 2824 2712 2910 qui

173 2929 273 2983 est
339 2927 518 2986 totus
577 2915 1099 2985 desiderabilis!
1174 2921 1541 3004 Postquam
1613 2929 1842 2986 autem
1903 2916 2148 3006 exiguo
2218 2913 2507 2982 relevata
2567 2924 2713 2982 erat

172 3024 415 3073 somno
447 3057 464 3083 ‚
522 3026 763 3074 rursus
811 3005 1158 3095 surgebat,
1212 3005 1310 3075 vel
1366 3005 1629 3075 mediae
1679 3005 1896 3074 noctis
1945 3016 2215 3091 tempus
2263 3014 2704 3091 exspectanS,

170 3091 272 3159 vel
321 3105 502 3162 certe
540 3092 929 3163 diluculum
981 3108 1455 3165 antevertens:
1507 3106 1585 3163 ut
1631 3115 1793 3162 cum
1842 3091 2203 3162 laudarent
2250 3104 2431 3159 astra
2482 3101 2709 3158 matu—

172 3180 313 3250 tina
366 3182 757 3263 Dominum,
811 3196 875 3251 et
913 3182 1296 3271 jubilarent
1327 3203 1567 3252 omnes
1606 3180 1736 3249 filii
1768 3181 1907 3261 Dei,
1947 3181 2093 3269 ipsa
2128 3200 2401 3266 quoque
2434 3177 2713 3248 devotas

168 3270 301 3338 Deo
354 3268 593 3340 laudes
646 3270 1073 3359 persolveret.
1131 3272 1394 3342 Sciebat
1427 3270 1609 3339 enim
1641 3269 1842 3339 docta
1874 3268 2224 3348 divinituS,
2269 3267 2710 3358 praevenien-

170 3355 336 3427 dum
375 3378 521 3426 esse
549 3357 758 3426 solem
792 3357 879 3427 ad
908 3358 1449 3428 benedictionem
1479 3357 1751 3427 Domini
1785 3380 1859 3427 ca
1919 3356 2214 3437 iendam,
2250 3355 2422 3425 etad
2454 3376 2711 3425 manna

167 3445 483 3516 coelestis
516 3447 776 3535 gratiae
821 3445 1334 3537 colligendum:
1388 3460 1591 3533 atque
1636 3468 1787 3514 eam
1836 3468 1875 3515 o
1959 3467 2102 3515 rem
2150 3444 2606 3546 perseveravit
2635 3444 2705 3513 in

167 3531 496 3605 laudibus
546 3535 702 3615 Dei,
754 3534 958 3603 etiam
1010 3557 1130 3625 per
1175 3533 1355 3603 diem
1427 3557 1558 3605 non
1610 3556 1892 3604 cessans
1939 3557 1980 3604 a
2026 3534 2280 3604 divinis
2336 3532 2698 3621 colloquiis

168 3636 232 3691 et
279 3623 602 3714 precibus
630 3677 645 3701 ‚
703 3623 836 3691 nisi
882 3645 1042 3692 cum
1092 3634 1268 3693 esset
1314 3622 1698 3693 sumendus
1744 3623 1943 3694 cibus
1974 3678 1989 3704 ,
2044 3637 2162 3692 aut
2207 3623 2569 3712 quippiam
2620 3621 2706 3691 de

167 3712 299 3782 Deo
326 3711 777 3792 audiendum,
816 3725 935 3780 aut
968 3711 1474 3781 misericordiae
1503 3711 1830 3801 operibus
1864 3712 2276 3781 vacandum.
2318 3710 2446 3781 Sed
2483 3732 2709 3797 neque

167 3811 333 3872 tunc
384 3821 615 3869 revera
662 3799 949 3869 cessavit
995 3821 1033 3867 a
1083 3799 1426 3888 precibus,
1479 3802 1740 3891 quippe
1787 3822 1962 3889 quae
2009 3823 2049 3868 a
2099 3801 2277 3869 bono
2310 3821 2513 3888 opere
2565 3820 2703 3868 non

168 3902 487 3961 cessaret.
540 3893 764 3975 Neque
796 3887 1027 3957 cibum
1063 3887 1470 3978 percipienS,
1523 3888 1759 3958 divina
1798 3888 2139 3976 colloquia
2170 3885 2702 3957 intermittebat:

169 3996 332 4048 nam
380 3998 538 4047 cum
591 3976 761 4047 bene
796 3975 1087 4047 litterata
1118 3991 1315 4059 esset,
1351 3989 1415 4046 et
1446 3979 1591 4048 Scri
1646 3990 1833 4048 turas
1865 3976 2293 4067 intelligeret,
2329 3975 2608 4064 saepius
2640 3974 2700 4044 ei

172 4063 253 4133 ad
308 4087 612 4137 mensam
667 4065 1066 4156 legebatur:
1138 4066 1251 4136 cui
1308 4088 1541 4136 sacrae
1629 4066 1879 4136 ectioni
1932 4088 2066 4136 non
2119 4087 2271 4135 raro
2320 4078 2456 4134 tam
2510 4062 2706 4133 avide

170 4150 585 4235 intendebat,
640 4167 716 4224 ut
749 4153 1143 4224 morsellum
1185 4177 1395 4225 manu
1428 4155 1939 4255 apprehensum
1972 4155 2075 4224 ori
2110 4175 2244 4224 non
2282 4153 2696 4234 admoveret,

169 4241 272 4309 vel
321 4243 694 4312 mandendi
740 4244 891 4313 e'us
936 4243 1182 4324 oblita,
1235 4265 1350 4312 ore
1416 4255 1754 4323 retineret,
1808 4243 2288 4332 lacrymasque
2333 4241 2699 4321 funderet,

170 4342 249 4397 ut
298 4344 521 4418 posset
557 4333 715 4422 jure
814 4333 988 4402 icere
1035 4354 1192 4402 cum
1243 4332 1617 4420 Propheta:
1671 4337 1884 4415 Quam
1934 4334 2163 4401 dulcia
2195 4332 2504 4420 faucibus
2539 4333 2708 4399 meis

172 4419 438 4510 eloquia
472 4431 613 4501 tua,
667 4444 864 4510 super
909 4424 1044 4491 mel
1075 4423 1179 4491 ori
1206 4424 1375 4491 meo!
1414 4420 1624 4510 (Psal.
1666 4424 1844 4511 ΜΘ).
1903 4421 2207 4491 Vivacior
2242 4420 2428 4489 enirn
2464 4419 2528 4489 ei
2575 4418 2712 4488 fuit
