3347 4999
303 301 475 367 OCT.
536 302 614 365 ⁴4
1041 320 1118 364 nn
1167 319 1222 365 s.
1277 315 1648 365 nuaannno
1699 319 1945 365 nssnntp.
2000 320 2097 365 Er.
2613 302 2739 367 393

299 424 475 490 quos
510 401 789 471 idoneos
840 413 1135 481 noverat,
1185 400 1425 490 legatis
1457 413 1656 487 atque
1692 401 1934 470 litteris
1974 402 2055 469 ad
2091 401 2536 471 excolendum
2592 402 2830 472 novale

301 491 761 571 Dominicum,
814 489 995 577 quod
1037 511 1278 557 novare
1302 490 1446 577 jam
1498 503 1832 579 coeperat,
1875 491 2256 559 accersiret.
2295 497 2478 560 Inter
2524 513 2695 578 quos
2724 492 2827 560 in-

300 581 551 670 clytuS‚
610 581 891 649 etomni
942 578 1295 668 religionis
1360 578 1750 647 testimonio
1816 579 2415 648 nominatissimus
2479 581 2831 670 presbyter

299 669 764 746 Burchardus,
805 668 886 736 ad
917 670 1196 758 nuptias
1228 668 1396 756 Agni
1428 679 1728 746 vocatus,
1766 667 2078 757 geminae
2103 666 2455 736 charitatis
2485 668 2592 736 bis
2620 671 2829 738 tincto

297 780 500 828 cocco
551 757 919 848 praecipue
966 756 1291 826 rutilabat
1341 754 1647 825 indutus.
1689 761 1828 825 Hoc
1869 756 2069 824 modo
2109 778 2379 844 semper
2413 756 2614 825 corda
2674 779 2828 845 pro-

297 848 474 917 bans
506 847 767 915 Arbiter
815 847 1147 926 internuS,
1203 844 1620 914 desiderium
1676 865 2057 934 pauperum
2111 866 2395 914 suorum
2454 845 2822 926 exaudivit,

300 937 398 1005 sic
444 935 859 1004 voluntatem
912 934 1296 1004 timentium
1352 956 1422 1003 se
1474 931 1772 1022 perfecit,
1817 934 1983 1001 dum
2028 933 2449 1023 corporalem
2506 955 2828 1023 praesen-

299 1026 489 1105 tiam,
542 1046 749 1110 quam
801 1021 1250 1111 spiritualiter
1279 1021 1345 1089 in
1399 1022 1801 1090 alterutrum
1836 1034 2123 1108 uterque
2150 1023 2466 1091 sacerdos
2499 1023 2586 1091 ob
2619 1044 2822 1092 suum

301 1125 705 1203 perpetuum
751 1112 1126 1192 servitium,
1170 1110 1684 1197 multorumque
1735 1110 2144 1199 populorum
2184 1111 2498 1192 salutem,
2557 1112 2832 1179 nunciis

297 1201 572 1271 vicariis
609 1200 1036 1281 moliebatur,
1083 1200 1252 1288 ipse,
1311 1199 1650 1269 mediante
1682 1200 2031 1279 charitate,
2073 1200 2462 1288 colligabat.

386 1293 554 1376 ἓὸ.
610 1295 739 1359 Nec
803 1311 1013 1369 mora,
1069 1288 1232 1356 dum
1304 1288 1461 1356 talia
1523 1287 1686 1357 foris
1758 1288 2168 1377 operabatur
2231 1290 2456 1358 Sancti
2524 1288 2820 1379 Spiritus

296 1379 539 1469 gratia.
596 1379 661 1446 in
719 1378 939 1467 primo
990 1389 1331 1446 tantorum
1379 1376 1678 1447 virorum
1731 1390 2067 1446 conventu
2119 1378 2574 1477 praesentiam
2629 1398 2823 1445 suam

297 1467 658 1558 propalare
724 1488 854 1535 non
933 1466 1438 1555 dedignabatur
1489 1487 1606 1555 per
1676 1465 1876 1535 solita
1944 1466 2382 1537 charismata.
2446 1472 2610 1536 Nam
2679 1486 2828 1533 mox

296 1570 448 1646 post
496 1556 974 1624 salutationem
1015 1553 1481 1623 humillimam
1522 1566 1586 1622 et
1635 1554 1871 1623 oscula
1930 1569 2188 1635 sancta,
2234 1577 2552 1625 summus
2584 1553 2828 1623 Christi

296 1644 618 1734 pontifex,
675 1643 1085 1722 BonifaciuS,
1145 1642 1540 1731 prophetiae
1591 1643 1837 1732 spiritu
1877 1643 2195 1732 repletuS,
2244 1642 2638 1733 hujusmodi
2677 1664 2829 1732 pro-

297 1734 487 1823 rupit
529 1734 595 1801 in
640 1731 964 1802 oracula:
1021 1754 1054 1797 «
1091 1730 1550 1810 GaudeamuS,
1604 1732 1852 1818 inquit,
1909 1731 2170 1810 fratres,
2221 1732 2283 1799 in
2339 1733 2647 1812 Domino,
2703 1731 2822 1816 qui

297 1822 742 1911 benignitatis
776 1842 938 1890 suae
990 1841 1272 1888 manum
1328 1820 1669 1910 porrigere
1717 1820 2045 1910 dignatur
2094 1821 2308 1890 labori
2363 1833 2625 1900 nostro,
2690 1817 2819 1887 fra·

298 1914 489 1980 terna
541 1933 664 1979 nos
723 1909 1185 1979 consolatione
1235 1907 1712 1995 frequentanS,
1783 1922 1845 1977 et
1898 1909 2189 1978 rudibus
2274 1909 2609 1978 Ecclesiae
2665 1908 2830 1977 filiis
2875 1940 2881 1944 ·

298 2021 510 2068 novos
548 2020 819 2087 semper
865 1998 1246 2067 eruditores
1286 1998 1372 2066 ab
1406 1997 1654 2066 insulis
1688 2009 1752 2066 et
1800 2020 1839 2066 a
1870 1997 2127 2067 finibus
2162 2010 2376 2066 terrae
2421 2018 2822 2087 procurans.

297 2088 560 2157 Gratias
594 2109 882 2177 agamus
923 2086 1181 2176 ingenti
1237 2085 1387 2174 ejus
1446 2085 1854 2175 provisioni„
1909 2087 2024 2174 qui
2077 2088 2463 2156 societatem
2525 2099 2824 2154 nostram

299 2176 654 2265 ampliavit
692 2176 836 2265 jam
876 2175 1327 2244 contubernio
1377 2175 1543 2243 tanti
1589 2174 1736 2242 viri.
1791 2176 1908 2243 Isti
1946 2175 2399 2264 proculdubio
2439 2174 2828 2244 custodien-

297 2264 462 2333 dum
516 2264 801 2333 debetur
859 2263 1031 2332 ovile
1084 2263 1562 2343 Dominicum,
1619 2263 1797 2332 beati
1847 2264 2096 2332 Kiliani
2146 2265 2631 2350 sociorumque
2678 2263 2829 2350 ejus

300 2353 623 2422 instantia
673 2351 1077 2431 collectum,
1133 2351 1465 2420 doctrinis
1513 2364 1576 2420 et
1631 2352 1964 2441 exemplis
2011 2353 2463 2432 instructum,
2517 2375 2596 2421 ac
2635 2373 2830 2441 'mar-

297 2443 471 2531 tyrio
505 2453 1005 2512 consecratum.
1049 2464 1083 2506 »
1136 2445 1380 2510 Servus
1421 2454 1645 2510 autem
1702 2442 1968 2522 Christi,
2025 2441 2486 2517 Burchardus,
2543 2440 2825 2512 humili·

295 2532 451 2602 tatis
516 2530 793 2600 oculum
845 2531 914 2598 in
970 2530 1274 2618 seipsum
1328 2543 1778 2616 retorquenS,
1848 2529 2004 2599 licet
2053 2531 2147 2600 nil
2202 2532 2433 2601 minus
2481 2553 2551 2600 se
2604 2530 2830 2619 suspi-

293 2633 565 2689 caretur
598 2618 1025 2698 auditurum,
1076 2631 1309 2707 utpote
1373 2619 1489 2704 qui
1544 2618 1767 2688 modis
1815 2620 2141 2688 omnibus
2190 2621 2472 2689 subesse
2529 2630 2824 2696 venerat,

292 2731 426 2776 non
482 2730 830 2797 praeesse3
913 2719 1136 2777 tamen
1203 2706 1659 2775 humilitatem
1713 2708 1860 2776 sine
1922 2708 2305 2778 obedientia
2367 2707 2663 2776 sterilem
2725 2706 2826 2775 vel

294 2797 557 2866 nullam
611 2818 757 2866 esse
808 2794 1260 2886 perpendens,
1318 2794 1587 2865 tandem
1658 2809 1809 2885 post
1857 2797 2202 2871 silentium
2256 2811 2533 2884 stupore
2584 2814 2827 2863 conce-

292 2899 511 2974 ptum,
570 2885 635 2952 in
681 2884 1082 2973 hujusmodi
1132 2883 1345 2953 fertur
1394 2905 1800 2975 responsum
1848 2887 2279 2974 prorupisse:
2335 2907 2369 2949 «
2406 2882 2647 2964 Cred0,
2704 2888 2828 2951 Pa-

292 2987 392 3043 ter
436 2973 842 3053 venerande,
899 2972 1140 3053 crede,
1211 2994 1388 3060 quae
1447 2986 1563 3041 tua
1623 2975 1977 3062 proposuit
2024 2973 2437 3053 auctoritaS,
2504 2971 2716 3041 otiose
2764 2984 2827 3040 te

290 3084 725 3149 nequaquam
779 3061 1183 3153 protulisse:
1243 3083 1349 3130 me
1382 3083 1655 3148 quoque
1705 3062 1758 3130 si
1795 3061 1979 3131 intus
2030 3082 2378 3141 noscereS‚
2426 3060 2565 3130 scio
2604 3058 2828 3128 nulla-

294 3164 495 3220 tenus
550 3162 1071 3240 prosecuturum
1139 3149 1373 3220 fuisse.
1438 3155 1576 3240 Ego
1637 3169 1790 3218 vero
1858 3151 1913 3217 si
1978 3149 2060 3219 ad
2114 3149 2182 3217 id
2238 3147 2417 3236 quod
2485 3149 2820 3235 loqueris,

290 3239 494 3309 etiam
537 3261 643 3307 me
692 3239 1016 3308 idoneum
1062 3258 1192 3306 non
1245 3261 1393 3308 esse
1427 3238 1754 3307 veraciter
1795 3237 2134 3326 profiteor,
2168 3252 2391 3307 tamen
2443 3237 2827 3325 quodcum-

291 3351 426 3414 que
478 3349 597 3417 per
653 3340 838 3397 tuam
892 3327 1314 3396 sanctitatem
1371 3327 1540 3395 mihi
1596 3327 1998 3416 imponitur,
2060 3328 2249 3396 oneri
2303 3348 2434 3396 non
2488 3326 2819 3396 obluctor.

293 3422 472 3486 Deus
521 3416 702 3484 enim
742 3417 799 3485 si
864 3439 981 3505 per
1021 3429 1083 3485 te
1136 3415 1302 3484 mihi
1349 3415 1879 3486 misericorditer
1939 3438 2116 3485 onus
2156 3416 2471 3505 imponit,
2555 3414 2826 3486 consido

287 3506 449 3592 quia
480 3504 850 3573 clementer
878 3504 1147 3574 levabit.
1182 3504 1433 3574 Adsum
1472 3504 1731 3594 quippe
1765 3526 1883 3594 per
1915 3505 2147 3575 omnia
2180 3519 2293 3575 tuo
2327 3526 2562 3594 parere
2599 3526 2828 3594 prom-

295 3607 454 3683 ptus
503 3593 835 3683 imperio:
872 3607 936 3662 et
983 3593 1147 3680 quia
1196 3593 1322 3661 hoc
1376 3614 1496 3683 pro
1525 3593 1800 3661 nomine
1850 3594 2216 3665 Salvatoris
2242 3616 2391 3684 ag0,
2448 3616 2565 3684 per
2613 3593 2679 3662 id
2720 3614 2827 3663 me

290 3682 539 3751 salvari
588 3703 744 3750 cum
798 3681 949 3769 ejus
983 3681 1202 3772 gratia
1252 3702 1384 3749 non
1422 3680 1721 3772 ambigo.
1760 3704 1794 3749 »

376 3772 412 3858 ξ
460 3777 553 3840 ss.
608 3775 697 3837 Ex
749 3771 874 3839 hoc
929 3783 1227 3859 tempore
1269 3769 1701 3840 nobilissimo
1733 3782 2140 3839 ’sanctorum
2194 3769 2494 3839 virorum
2538 3768 2826 3858 collegio

289 3860 417 3928 sub
468 3858 860 3948 magisterio
896 3858 1150 3927 summi
1190 3857 1526 3947 praesulis
1560 3859 1891 3928 Bonifacii
1931 3859 2364 3928 consociatus
2409 3863 2538 3928 Deo
2570 3857 2827 3958 dignus

289 3949 644 4037 presbyter
710 3946 1188 4028 BurcllarduS,
1243 3947 1465 4035 coepit
1511 3947 1595 4015 ab
1644 3946 1978 4037 exemplis
2044 3947 2478 4036 singulorum
2553 3945 2825 4016 solitam

290 4057 454 4105 suae
503 4036 1038 4105 conversationis
1088 4035 1513 4104 sanctitatem
1566 4036 1770 4104 veluti
1822 4035 2240 4122 quibusdam
2296 4035 2664 4126 pigmentis
2716 4059 2827 4106 ac·

292 4125 727 4194 curatissime
774 4123 1077 4203 condire,
1133 4136 1197 4193 et
1243 4123 1521 4193 illorum
1563 4125 2073 4215 comparatione
2121 4125 2426 4214 seipsum
2478 4136 2827 4211 totamque

289 4223 697 4282 transactam
754 4214 955 4282 vitam
1008 4213 1382 4303 despicere.
1441 4212 1744 4299 Indeque
1793 4212 2045 4281 factum
2099 4225 2222 4293 est,
2260 4225 2339 4282 ut
2438 4234 2511 4282 ro
2554 4235 2822 4283 morum

285 4300 671 4382 honestate,
751 4302 1020 4388 vitaque
1068 4301 1134 4369 in
1188 4302 1513 4372 omnibus
1587 4301 1685 4371 vel
1754 4301 2046 4370 maxime
2097 4301 2374 4370 laudabi
2412 4303 2454 4382 i,
2516 4303 2582 4370 in
2636 4302 2823 4372 brevi

283 4390 614 4460 omnibus
683 4404 859 4460 esset
924 4392 1143 4460 amori
1209 4403 1273 4460 et
1340 4390 1611 4461 honori.
1685 4394 1930 4459 Contra
1995 4413 2150 4460 vero
2210 4390 2327 4460 ille
2383 4391 2623 4461 beatus
2686 4412 2821 4459 non
