3347 4999
57 327 261 393 OCT.
320 327 360 391 3
786 343 864 389 na
912 342 971 389 s.
1024 341 1311 389 cananno
1362 342 1601 389 Anam:
1650 341 1985 389 aaomaxffl
2476 323 2560 390 93

59 428 518 500 unanimiter
568 426 708 496 illic
759 427 830 495 in
882 428 1101 497 sancti
1141 427 1413 497 abbatis
1461 426 1774 495 Venantii
1823 425 2174 512 obsequiis
2203 435 2390 514 cura(
2422 426 2648 515 pervi-

60 519 205 609 gili
258 517 703 588 excubantes,
764 520 1014 584 Eorum
1065 514 1417 605 explorata
1466 515 1633 584 satis
1691 512 1853 584 fidei
1903 518 1969 583 S.
2016 515 2305 605 Eugenii
2357 515 2649 606 pignora

64 605 597 678 commendans
642 603 1094 695 (jampridem
1137 603 1322 673 enim
1357 603 1458 672 illi
1507 615 1703 673 erant
1733 601 2200 690 familiaritate
2232 604 2642 692 conjuncti),

68 719 223 766 non
279 694 587 765 alienum
643 692 906 783 putavit
952 692 1143 762 adire
1202 692 1627 781 Stephanum
1680 697 2154 781 Tungrensem
2205 691 2641 782 episcopum,

62 798 155 854 ut
209 785 382 874 quia
431 797 568 852 tam
624 782 897 870 insigne
932 781 999 849 in
1052 782 1203 871 ejus
1250 781 1619 851 dioecesim
1677 780 2130 870 margaritum
2199 781 2643 869 importabat,

62 875 243 961 ejus
293 895 373 943 ea
424 873 507 941 de
556 894 627 941 re
663 871 1075 942 sententiam
1126 870 1420 939 audiret.

525 988 624 1050 Sic
665 990 955 1052 decorare
997 1004 1135 1048 suos
1177 990 1495 1049 consuevit
1538 986 1813 1048 Christus
1853 984 2158 1047 alumnos.

536 1069 670 1137 Hic,
718 1070 936 1144 spretis
976 1067 1213 1145 opibuS,
1257 1067 1389 1144 eJ'us
1432 1067 1716 1129 mandata
1761 1073 2025 1137 secutuS,

539 1148 715 1211 Unde
759 1149 915 1208 nitet
954 1148 1172 1225 patria,
1216 1162 1354 1208 cum
1402 1161 1603 1208 merce
1642 1146 2088 1233 repatriat-ista.

175 1268 388 1353 §12
446 1269 814 1350 Postquam
866 1273 1096 1331 autem
1150 1261 1250 1330 vir
1302 1262 1416 1330 Dei
1464 1260 1627 1330 inde
1676 1260 2032 1350 digressus
2080 1271 2204 1339 est,
2248 1259 2428 1328 beati
2471 1281 2653 1327 mar-

72 1356 266 1446 tyris
328 1350 745 1443 corpusculo
794 1349 937 1420 illic
986 1350 1262 1431 relicto,
1323 1372 1479 1420 ecce
1525 1349 1830 1419 edictum
1875 1349 2287 1439 proponitur
2337 1370 2456 1439 per
2504 1347 2654 1418 loca

72 1444 325 1514 vicina
373 1441 632 1523 omnia,
688 1452 765 1509 ut
820 1439 1184 1526 utriusque
1233 1461 1432 1509 sexus
1480 1437 1807 1526 frequens
1841 1450 2112 1507 caterva
2151 1438 2459 1506 certatim
2502 1438 2656 1527 ejus

72 1536 159 1603 in
204 1552 578 1601 occursum
623 1531 962 1619 properet,
1002 1540 1068 1597 et
1110 1549 1438 1618 magnum
1483 1526 1896 1617 Eugenium,
1935 1549 2094 1596 cum
2149 1547 2402 1616 magno
2448 1548 2645 1614 euge,

78 1620 542 1691 introducant
578 1619 648 1687 in
692 1618 919 1687 locum
955 1615 1081 1698 illi,
1104 1617 1394 1705 jubente
1430 1621 1585 1697 Deo,
1629 1627 2142 1706 praeparatum.
2168 1619 2310 1684 Hac
2332 1616 2653 1705 Episcopi

76 1710 404 1799 benigna
452 1708 902 1797 responsione
949 1706 1053 1773 vir
1101 1706 1215 1774 Dei
1268 1727 1402 1775 non
1456 1704 1893 1775 mediocriter
1950 1704 2324 1784 animatus,
2391 1716 2455 1773 et
2502 1704 2654 1791 ejus

78 1798 503 1870 auctoritate
552 1795 1028 1875 confirmatus,
1066 1794 1378 1864 celeriter
1410 1794 1776 1863 Cuvinium
1817 1793 2198 1874 revertitur,
2243 1792 2656 1883 optatissimi

84 1885 431 1975 martyris
490 1884 745 1974 pignus
795 1883 1233 1973 repetiturus.
1278 1882 1471 1966 Quod
1530 1882 1654 1953 ubi
1696 1883 1972 1973 recepit,
2028 1883 2206 1951 inter
2239 1880 2648 1972 ingreditur,

88 1999 176 2044 ac
230 1974 562 2043 Bronium
624 1993 885 2054 versuS,
938 1971 1197 2042 directo
1254 1972 1547 2056 tramite,
1604 1971 1844 2041 tendit.

185 2064 223 2150 ἓ
253 2066 395 2135 18.
427 2062 676 2148 Ecquis
710 2082 864 2131 vero
899 2061 1063 2132 satis
1098 2060 1349 2131 referre
1381 2073 1586 2148 queat
1618 2061 2030 2129 immensam
2075 2058 2308 2150 populi
2346 2059 2644 2138 turbam,

93 2153 168 2219 in
228 2151 553 2240 martyris
584 2171 978 2230 occursum,
1017 2150 1220 2240 cujus
1250 2149 1435 2219 fama
1456 2150 1603 2240 jam
1637 2148 1951 2219 omnium
1986 2169 2188 2218 aures
2224 2147 2648 2237 impleverat,

90 2238 414 2325 undique
467 2241 1002 2329 properantem?
1050 2243 1143 2308 Ea
1190 2239 1374 2307 enim
1425 2239 1612 2308 fama

501 2356 720 2418 Multos
763 2356 1042 2433 urgebat,
1088 2356 1335 2417 multios
1378 2371 1698 2433 properare
1742 2353 2053 2434 monebat.
2085 2373 2104 2386 ⁴

503 2436 844 2497 Procurvus
886 2436 1075 2497 fossor
1120 2437 1316 2508 venit,
1359 2443 1420 2496 et
1462 2435 1731 2497 defessus
1771 2443 1998 2497 arator:
2130 2432 2154 2460 '

501 2515 766 2578 Cernere
808 2515 1098 2577 subulcus
1141 2516 1440 2578 desiderat
1482 2524 1661 2594 atque
1707 2516 2026 2578 bubulcus.

500 2596 728 2657 Servus
768 2604 828 2657 et
873 2597 1184 2671 ingenuus
1225 2597 1603 2657 commixtim
1647 2595 1929 2658 convolat
1972 2593 2136 2657 illuc.

96 2713 269 2795 Quis
316 2711 505 2779 enim
544 2710 869 2799 martyris
914 2709 1415 2800 praetereuntis
1463 2732 1812 2781 rumorem
1863 2710 2218 2780 auditione
2266 2710 2550 2798 accepit,
2592 2720 2655 2776 et

95 2800 290 2870 domi
341 2800 628 2870 devotus
674 2800 1010 2887 desesque
1050 2799 1348 2870 resedit?

500 2917 619 2978 Vix
662 2916 910 2995 capiunt
956 2916 1145 2994 patuli
1191 2916 1553 2995 populorum
1599 2916 1817 2994 gaudia
1860 2917 2089 2994 campi:

500 2996 750 3058 Munera
797 3003 1202 3073 comportant,
1236 2997 1451 3058 devota
1498 3012 1642 3058 voce
1684 2995 1961 3057 salutant.

500 3074 712 3139 Oscula
754 3077 1075 3154 perspicuo
1120 3075 1322 3155 figunt
1366 3077 1652 3155 impressa
1700 3074 1968 3149 metalIO,

499 3155 770 3217 Dulciter
814 3156 1193 3232 hymnidicas
1236 3156 1411 3234 plebs
1453 3158 1654 3217 omnis
1697 3156 1965 3216 concinit
2008 3153 2170 3217 odas,

195 3279 232 3351 ἓ
278 3273 431 3342 19.
492 3268 765 3339 Tollunt
813 3269 897 3338 ad
942 3269 1171 3341 sidera
1211 3291 1429 3351 voces,
1469 3282 1534 3339 et
1582 3269 1699 3337 Dei
1750 3290 1860 3337 ma
1916 3268 2099 3338 nalia
2146 3267 2650 3338 concelebrant.

108 3358 380 3428 Videres
422 3359 549 3426 iter
589 3357 759 3428 illud
816 3381 946 3427 non
996 3357 1199 3429 modo
1248 3360 1395 3429 sine
1448 3358 1685 3429 labore
1731 3291 2004 3437 confici,
2059 3358 2175 3429 sed
2237 3358 2441 3426 etiam
2492 3380 2653 3426 cum

110 3469 359 3537 magna
392 3446 786 3517 animorum
819 3447 1194 3528 alacritate,
1233 3468 1391 3516 cum
1422 3445 1741 3533 ,iucundo
1775 3444 2178 3516 laetantium
2211 3445 2460 3535 jubilo.
2502 3451 2656 3515 Cre—

110 3536 306 3604 deres
352 3534 622 3604 coelum
673 3536 905 3624 ipsum
958 3536 1263 3606 arridere
1326 3534 1783 3605 blandissima
1840 3535 2020 3605 aeris
2082 3537 2467 3605 serenitate.
2531 3535 2656 3604 Ubi

111 3638 336 3693 autem
372 3623 539 3692 haec
580 3622 667 3692 ad
717 3625 1025 3695 notitiam
1080 3646 1321 3694 venere
1369 3622 1752 3693 Adelhelmi
1792 3623 2291 3703 archidiaconi,
2333 3623 2460 3693 viri
2510 3644 2656 3691 mo-

118 3735 266 3782 rum
317 3710 673 3781 nobilitate
740 3713 1114 3783 clarissimi
1175 3714 1362 3802 (sub
1416 3713 1567 3801 ejus
1616 3713 1801 3781 enim
1864 3712 2441 3783 Archidiaconatu
2489 3711 2657 3781 haec

114 3800 573 3892 gerebantur),
628 3802 866 3872 accitis
913 3801 1324 3873 clericorum
1387 3800 1792 3882 ordinibuS,
1841 3802 2065 3889 iisque
2118 3801 2352 3871 Crucis
2413 3801 2658 3870 vexilla

118 3904 644 3976 sanctorumque
690 3888 1020 3981 reliquias
1082 3891 1223 3960 sive
1275 3890 1654 3980 patrocinia
1701 3901 2162 3980 congruenter
2216 3888 2660 3980 praeferenti-

120 3980 266 4058 buS,
300 3999 432 4046 non
466 3977 737 4048 modico
770 3979 971 4047 etiam
1006 3991 1205 4048 coetu
1240 3979 1619 4068 promiscui
1653 4001 1858 4048 sexus
1888 3978 2213 4059 adunam,
2250 4000 2287 4048 e
2327 3977 2658 4048 coenobio
2709 4008 2717 4018 ·

121 4068 329 4137 sancti
364 4065 654 4136 Foillani
687 4067 1053 4157 derepente
1082 4068 1352 4137 obviam
1399 4068 1754 4158 processit.
1809 4073 2177 4154 Postquam
2232 4082 2462 4138 autem
2506 4088 2658 4156 pro·

127 4156 278 4245 pius
325 4177 597 4225 sacrum
650 4155 974 4226 feretrum
1015 4156 1396 4226 beatissimi
1428 4157 1753 4247 martyris
1784 4156 2095 4238 accessit,
2127 4156 2324 4226 tertio
2357 4176 2428 4225 se
2459 4154 2660 4224 humi

129 4244 516 4331 prostravit:
568 4244 832 4329 faciunt
879 4243 1061 4314 idem
1115 4244 1224 4316 sui
1284 4266 1525 4315 omnes
1556 4300 1571 4327 ,
1644 4243 1952 4315 tundunt
2000 4266 2128 4316 sua
2176 4256 2450 4335 pectora
2500 4265 2659 4333 pro-

128 4332 329 4412 strati,
366 4332 872 4422 tundentesque
911 4333 1314 4404 confitentes
1348 4333 1687 4423 lacrymas
1719 4332 1934 4402 edunt
1964 4345 2029 4402 et
2068 4333 2372 4424 suspiria
2412 4352 2658 4426 oppor-

132 4433 287 4490 tuna
312 4421 615 4492 remedia
644 4422 1041 4514 implorant,
1079 4436 1143 4492 et
1183 4427 1315 4493 Deo
1348 4421 1805 4513 poenitentiae
1840 4422 2181 4494 sacrificia
2219 4419 2653 4512 promittunt.
