3347 4999
679 299 809 362 248
1465 313 1544 359 na
1592 312 1649 358 s.
1701 313 2015 361 nenssrmo
2061 313 2252 361 nar.
2863 295 3040 362 OCT.
3101 299 3158 361 8

588 399 872 487 quidem
932 399 992 468 ei
1043 397 1207 467 satis
1257 407 1534 467 acutum
1589 397 1947 488 ingenium
1998 399 2082 467 ad
2133 398 2508 488 capiendas
2547 397 2954 488 disciplinas
2987 455 3002 481 ,
3058 423 3152 470 a·

591 502 788 579 ptum
827 511 981 557 vero
1030 487 1111 556 ad
1160 508 1382 555 mores
1430 485 1880 576 colligendos,
1920 498 1983 556 et
2019 488 2440 577 benignitate
2477 500 2741 558 contem
2801 488 3152 570 erandos;

591 590 656 648 et
706 576 936 647 vultus
997 576 1276 664 elegans
1346 574 1714 664 adspectus
1787 575 2225 667 significabat
2293 576 2509 646 animi
2585 577 2740 645 nobi
2780 577 3032 646 itatem.
3091 583 3152 647 Α

594 666 889 758 pueritia
926 665 1206 752 quidem
1244 685 1463 751 usque
1496 664 1581 733 ad
1621 664 2075 754 pubertatem,
2128 678 2274 735 erat
2300 666 2615 756 superior
2660 667 2986 735 omnibus
3020 689 3146 736 ae-

587 754 954 844 qualibus:
1009 775 1229 841 neque
1275 766 1419 822 erat
1452 753 1715 839 aliquid
1752 775 1830 822 ex
1863 754 1948 824 iis
1995 776 2171 841 quae
2204 766 2367 824 sunt
2417 776 2566 823 vere
2616 755 2818 834 bona,
2875 755 2944 823 in
2992 777 3152 841 quo

587 866 725 915 non
805 843 1009 933 longo
1072 841 1429 912 intervallo
1480 842 1636 911 aliis
1688 855 2111 932 praestaret:
2198 842 2777 929 manifestumque
2825 856 2968 913 erat
3042 844 3140 913 ab

586 933 807 1013 initio,
889 955 1096 1019 quam
1165 944 1340 1001 esset
1416 930 1696 1017 quidem
1749 931 1952 1001 arbor
2004 932 2560 1022 jucundissima,
2624 947 2688 1000 et
2761 954 2967 1018 quam
3023 955 3151 1003 co-

587 1023 864 1113 piosum
899 1034 964 1090 et
1012 1022 1275 1091 bonum
1325 1018 1627 1088 fructum
1681 1018 1903 1090 latura
1964 1033 2164 1091 esset.
2220 1026 2384 1090 Cum
2443 1032 2668 1090 autem
2728 1020 2813 1088 ad
2865 1020 3142 1092 virilem

589 1111 1008 1201 pervenisset
1056 1122 1369 1189 aetatem,
1427 1109 1601 1177 vires
1649 1109 2048 1179 ostendebat
2087 1110 2373 1211 ingenii,
2406 1122 2472 1180 et
2520 1110 2874 1179 exercebat
2922 1110 3146 1179 robur

589 1211 654 1269 et
701 1197 1198 1278 fortitudinem,
1244 1210 1446 1284 atque
1496 1198 1565 1266 in
1610 1209 1754 1267 arte
1790 1198 2068 1268 militari
2117 1198 2445 1269 discenda
2497 1198 2872 1278 laborabat,
2930 1201 3140 1269 bonis

589 1299 872 1357 ornatus
916 1289 1248 1367 moribus,
1288 1300 1352 1355 et
1399 1308 1575 1374 quae
1608 1287 1673 1354 in
1719 1309 1799 1357 eo
1836 1287 2245 1357 suavissime
2286 1287 2588 1368 florebat,
2623 1288 3036 1357 verecundia
3067 1301 3144 1358 et

590 1377 1088 1447 moderatione:
1128 1376 1297 1445 adeo
1331 1389 1407 1445 ut
1460 1376 1775 1444 omnium
1828 1376 1912 1445 de
1950 1399 2029 1446 eo
2086 1398 2311 1445 sermo
2359 1376 2850 1447 celeberrimus
2901 1377 3138 1465 ipsum

588 1478 825 1536 notum
880 1464 1253 1535 reddiderit
1300 1465 1729 1552 Imperatori.
1785 1469 1949 1534 Cum
2000 1487 2162 1555 ergo
2191 1479 2324 1534 tam
2381 1465 2730 1555 praeclaro
2768 1479 2833 1534 et
2884 1487 3144 1554 magno

589 1555 870 1644 ingenio
937 1554 1325 1646 praeditum
1378 1554 1793 1622 Demetrium
1853 1554 2446 1624 animadvertisset
2519 1559 2899 1643 Imperator
2944 1555 2998 1634 ⁴⁸,
3045 1556 3138 1624 ab

589 1643 785 1712 initio
832 1643 914 1712 ad
974 1666 1294 1733 magnam
1357 1663 1514 1712 eum
1567 1643 1790 1711 evehit
1837 1643 2126 1732 gloriam
2161 1697 2176 1723 ,
2229 1656 2293 1712 et
2361 1665 2518 1712 eum
2581 1657 2763 1712 creat
2812 1645 3140 1714 Graeciae

591 1731 1114 1802 Proconsulem:
1153 1731 1348 1808 acleO,
1385 1743 1461 1800 ut
1506 1731 1708 1800 etiam
1750 1731 2242 1801 Consularibus
2275 1753 2433 1801 eum
2486 1731 2789 1801 induerit
2840 1733 3133 1801 insigni-

586 1821 741 1891 bus.
797 1821 919 1890 Ille
968 1843 1123 1890 vero
1192 1821 1397 1908 (erat
1442 1820 1624 1888 enim
1690 1820 1778 1891 ad
1846 1820 1910 1888 id
1981 1820 2161 1907 quod
2213 1832 2521 1910 oportet,
2603 1786 3134 1910 intelligendum

587 1911 1017 2001 aptissimus,
1055 1922 1120 1979 et
1167 1908 1252 1977 ad
1316 1907 1382 1976 id
1445 1909 1625 1994 quod
1679 1921 1779 1978 est
1846 1910 2303 1998 praestantius
2350 1909 2774 1999 eligendum,
2830 1910 3128 1979 aliorum

587 1997 1255 2089 praestantissimus)
1307 2019 1545 2066 eorum
1595 1997 1876 2083 quidem
1932 2020 2208 2086 parvam
2261 1996 2557 2068 ducebat
2607 1998 2980 2077 rationem,
3044 1999 3130 2067 ad

587 2111 666 2158 ea
716 2099 981 2157 tantum
1033 2108 1207 2173 quae
1255 2084 1484 2154 ferunt
1532 2085 1616 2154 ad
1677 2087 1791 2154 Dei
1853 2087 2156 2167 cultum,
2215 2087 2563 2175 praeclare
2610 2086 2992 2155 attendens
3051 2093 3128 2156 Et

587 2177 740 2246 ideo
788 2196 1266 2263 quaecumque
1317 2174 1429 2243 hic
1461 2187 1622 2244 sunt
1661 2174 2000 2263 jucunda,
2062 2198 2140 2243 ex
2182 2197 2400 2261 aequo
2451 2177 2846 2264 respuebat:
2914 2176 3132 2245 unius

588 2280 816 2335 autem
855 2264 1070 2334 solius
1110 2285 1341 2333 amore
1385 2263 1763 2345 tenebatur,
1814 2264 2081 2353 pietatis
2127 2264 2409 2344 scilicet,
2467 2277 2893 2351 mortemque
2943 2265 3133 2334 sitie-

585 2355 703 2423 bat
793 2375 864 2420 ro
912 2352 1199 2432 Christo,
1247 2365 1312 2421 et
1349 2374 1525 2438 quae
1563 2374 1643 2421 ex
1692 2375 1768 2421 ea
1817 2353 2297 2442 proficiscitur,
2352 2352 2873 2422 beatitudinem.
2928 2358 3132 2422 Prae-

587 2442 741 2512 dica
793 2455 859 2511 at
904 2464 1064 2599 ergo
1115 2463 1248 2511 non
1287 2441 1545 2523 timide,
1593 2463 1716 2511 nec
1749 2463 1914 2523 cum,
1951 2442 2184 2527 aliqua
2232 2441 2684 2521 dubitatione,
2740 2440 2857 2511 sed
2916 2442 3132 2512 auda-

586 2544 729 2601 cter
776 2532 979 2600 admo
1034 2555 1150 2601 um
1186 2543 1251 2600 et
1285 2531 1517 2612 libere,
1557 2553 1804 2600 nomen
1865 2531 1972 2600 Dei
2010 2531 2347 2600 salutare:
2402 2542 2466 2599 et
2515 2531 2687 2600 nihil
2739 2531 2926 2600 aliud
2986 2545 3129 2601 erat

586 2620 647 2689 ei
685 2621 750 2689 in
794 2642 932 2699 ore,
979 2621 1111 2689 nisi
1147 2620 1478 2690 Christus.
1525 2626 1776 2688 Panem
1837 2634 2062 2690 autem
2118 2621 2313 2701 vitae,
2372 2642 2574 2707 quem
2640 2621 3129 2710 cognoscimus

584 2732 733 2779 esse
766 2711 1046 2779 verbum
1102 2709 1425 2790 veritatiS,
1464 2709 1812 2785 omnibus,
1866 2710 1984 2796 qui
2031 2723 2224 2778 erant
2261 2710 2505 2798 pietate
2544 2722 2842 2799 egentes,
2897 2710 3130 2779 distri-

583 2799 735 2869 buit
786 2799 894 2889 pie
942 2821 1021 2868 ac
1057 2798 1395 2889 religiose,
1436 2796 1790 2866 adducens
1860 2819 1939 2893 ex
1987 2796 2241 2866 divinis
2294 2800 2669 2888 Scripturis
2717 2811 2781 2866 et
2843 2799 3122 2880 docens,

584 2888 765 2977 quod
804 2889 1177 2967 hominem,
1231 2887 1352 2974 qui
1400 2909 1477 2956 ex
1526 2886 1722 2955 beata
1772 2886 1911 2966 illa,
1953 2907 2126 2972 quae
2172 2901 2274 2956 est
2323 2889 2391 2955 in
2448 2887 2792 2977 paradis0,
2846 2909 3128 2956 conver-

584 2979 846 3047 satione
892 2978 1255 3055 exciderat,
1295 2989 1359 3044 et
1407 2975 1477 3043 in
1519 2975 1913 3045 servitutem
1979 2976 2236 3063 peccati
2297 2990 2440 3046 erat
2502 2976 2846 3055 redactus,
2892 2978 3122 3066 ipsum

584 3069 906 3146 Verbum,
960 3065 1142 3152 quod
1194 3064 1402 3134 simul
1460 3086 1619 3134 cum
1670 3068 1863 3132 Patre
1910 3077 2011 3133 est
2064 3086 2305 3153 expers
2357 3066 2720 3155 principii,
2790 3088 2949 3134 cum
3003 3087 3127 3133 nec

585 3157 984 3226 excessisset
1018 3177 1058 3223 a
1092 3154 1473 3233 Divinitate,
1512 3166 1577 3222 et
1623 3175 1898 3222 carnem
1949 3154 2322 3242 accepisset
2369 3176 2448 3223 ex
2498 3155 2795 3244 Virgine,
2846 3167 2912 3223 et
2952 3153 3127 3222 servi

587 3243 876 3312 formam
928 3254 1004 3311 ut
1044 3257 1281 3330 sponte
1315 3243 1753 3332 suscepisset,
1794 3242 2085 3331 dignum
2130 3243 2286 3313 fecit
2318 3243 2654 3312 diviniore
2693 3242 2964 3311 vivendi
3012 3263 3125 3310 ra-

586 3332 790 3412 tione,
843 3331 1007 3399 etei
1060 3331 1353 3419 priorem
1404 3330 1684 3400 donavit
1733 3330 2140 3401 libertatem.
2823 3408 2830 3421 ,

674 3422 710 3506 ξ
763 3425 847 3490 2.
888 3423 1067 3487 Haec
1106 3431 1168 3487 et
1194 3419 1325 3487 alia
1360 3419 1613 3489 docens
1652 3431 1719 3488 et
1754 3420 2233 3510 interpretans,
2279 3421 2379 3490 eis
2426 3421 2827 3511 exponebat,
2864 3431 3119 3505 etquo-

585 3506 957 3576 dammodo
990 3506 1088 3576 eis
1119 3508 1544 3577 occasionem
1585 3508 1950 3596 praebebat
1988 3523 2054 3579 et
2100 3510 2363 3579 semina
2405 3509 2489 3578 ad
2538 3509 2689 3590 hoc,
2745 3523 2821 3579 ut
2858 3509 2965 3577 Dei
2997 3507 3122 3576 filii

584 3608 811 3666 essent
857 3608 922 3665 et
954 3608 1379 3677 vocarentur,
1406 3610 1492 3675 et,
1545 3618 1724 3684 quae
1754 3597 1823 3665 in
1875 3598 2139 3667 Christo
2177 3611 2279 3668 est
2311 3599 2669 3679 absconsa,
2705 3601 2913 3667 vitam
2964 3618 3125 3665 con·

584 3698 1057 3772 sequerentur.
1111 3685 1285 3753 Hinc
1336 3685 1534 3754 multi
1585 3686 1995 3756 suavissima
2043 3685 2346 3756 fruentes
2394 3686 2706 3756 doctrina
2763 3686 3117 3774 Martyris,

582 3787 1010 3844 recesserunt
1044 3772 1326 3860 quidem
1362 3774 1448 3842 ab
1496 3775 1752 3844 amaris
1785 3775 2082 3844 tenebris
2114 3777 2388 3856 erroriS,
2423 3791 2996 3862 accesseruntque
3037 3773 3121 3842 ad

582 3861 784 3932 dulce
833 3863 1065 3932 lumen
1135 3862 1458 3931 veritatis.
1524 3863 1648 3931 Sed
1703 3862 1817 3932 ille
1886 3863 2165 3950 quidem
2245 3887 2575 3954 magnum
2630 3866 2700 3934 in
2772 3866 3119 3961 tibristum

584 3972 887 4021 amorem
939 3951 1364 4041 concipiens,
1427 3964 1491 4020 et
1541 3951 2024 4022 insatiabiliter
2072 3953 2431 4023 hominum
2491 3953 2781 4023 salutem
2851 3952 3123 4023 deside-

580 4062 768 4120 ram,
828 4041 885 4110 si
921 4062 1054 4110 non
1110 4055 1337 4131 posset
1377 4061 1617 4110 omnes
1671 4041 1935 4129 eripere
1983 4065 2021 4110 a
2066 4043 2390 4112 manibus
2448 4043 2738 4121 inimici,
2799 4043 2925 4111 hoc
2980 4062 3124 4109 ma-

580 4129 845 4198 ximum
896 4129 1230 4200 damnum
1300 4130 1790 4210 arbitrabatur,
1848 4152 1969 4199 nec
2019 4152 2090 4200 se
2152 4133 2437 4220 putabat
2484 4131 2744 4218 aliquid
2801 4145 2978 4201 recte
3029 4129 3127 4196 sa-

582 4239 756 4287 cere.
798 4224 927 4288 Res
978 4218 1205 4306 itaque
1252 4219 1315 4287 ei
1363 4219 1772 4289 succedebat
1802 4240 1884 4287 ex
1914 4220 2274 4300 sententia;
2313 4234 2377 4290 et
2409 4243 2564 4289 eum
2622 4218 3125 4289 transmittebat

638 4381 663 4408 ²⁸¹
692 4382 808 4422 Cum
835 4391 1093 4430 numquam
1121 4383 1484 4422 Thessalonicae
1506 4380 1778 4424 dominatus
1796 4383 1940 4422 ruerit
1960 4384 2267 4423 Maximianus
2286 4384 2562 4429 Herculeus,
2579 4384 2933 4433 Imperatorem,
2952 4384 3008 4424 de
3031 4393 3127 4432 quo

580 4433 656 4476 hic
678 4434 851 4485 agitur,
872 4437 1116 4476 Galerium
1134 4434 1469 4477 Maximianum
1488 4437 1638 4477 fuisse
1659 4438 1804 4485 patet,
1823 4436 1903 4486 qui
1923 4446 2089 4477 revera
2109 4447 2214 4477 cum
2236 4437 2459 4477 Sarmatis
2480 4439 2656 4478 bellum
2682 4439 2842 4487 gessit.
