3347 4999
700 315 828 381 640
877 321 887 332 '
1295 335 1372 380 nn
1421 334 1513 380 ss.
1565 333 1811 380 nasum
1860 334 1934 380 nr
1981 333 2282 382 sociacus
2331 335 2443 381 nu.
2837 315 3009 381 OCT.
3071 317 3155 380 2⁴

611 431 1003 489 sanctarum
1027 417 1139 487 Vir
1193 417 1381 487 inum
1418 418 1769 497 memoria,
1802 433 1949 508 post
1976 418 2325 488 incensam
2358 430 2751 488 sanctorum
2781 440 2900 487 cor
2950 440 3159 488 orum

613 506 966 577 custodem
1018 528 1134 575 ecc
1165 506 1407 587 esiam,
1466 505 1794 594 paulatim
1848 507 1934 576 ab
1995 528 2111 576 ore
2163 507 2461 596 primum
2500 561 2520 587 ,
2577 506 2827 575 deinde
2865 529 2900 575 a
3005 509 3167 596 ipso

616 610 881 686 pectore
921 593 1217 685 religiosi
1270 596 1537 665 dudum
1585 595 1817 684 populi
1889 595 2250 665 laberetur.
2309 599 2487 664 Haec
2542 595 2999 665 nihilominus
3036 616 3163 663 ne-

612 683 943 775 gligentia
990 683 1074 753 de
1115 684 1535 754 honorandis
1599 684 1901 754 thesauri
1948 684 2423 774 pretiosissimi
2467 682 2713 753 loculis
2780 685 2844 752 in
2902 696 3165 753 nostra·

618 773 801 843 tibus
849 772 1020 841 adeo
1070 773 1506 842 vehementer
1542 772 1882 853 induruit,
1925 787 1997 841 ut
2037 796 2112 842 ex
2157 772 2434 842 remotis
2478 772 2670 841 valde
2714 773 3161 842 orientalium

617 861 974 963 regionum
1022 862 1331 949 partibus
1381 862 1749 931 clematius
1797 861 2079 948 quidam
2110 916 2124 942 ,
2187 862 2309 943 vir,
2368 875 2445 931 ut
2486 883 2712 931 rerum
2765 862 2986 930 exitus
3038 861 3162 931 do-

611 963 778 1030 cuit,
832 949 1065 1019 clarus
1104 950 1310 1019 simul
1361 964 1425 1019 et
1486 951 1871 1042 religiosus,
1929 966 2132 1037 atque
2179 950 2261 1018 ad
2327 950 2768 1020 honorandas
2812 950 3163 1019 illustran-

614 1039 878 1128 dasque
927 1037 1106 1107 fama
1153 1040 1407 1128 pariter
1450 1053 1515 1107 et
1578 1061 1861 1108 munere
1917 1052 2309 1109 sanctarum
2348 1039 2704 1130 virginum
2760 1039 3163 1127 sepulturas

616 1127 947 1207 idoneus,
1004 1127 1266 1197 crebris
1334 1127 1672 1196 visionum
1731 1127 2108 1217 prodigiiS,
2178 1128 2552 1197 terroribus
2607 1142 2671 1197 et
2715 1128 3163 1198 documentis

616 1217 964 1286 Coloniam
1011 1217 1335 1286 invitatus
1369 1216 1743 1294 accederet,
1782 1230 1848 1286 et
1894 1236 2370 1305 quaecumque
2410 1232 2689 1287 coactus
2739 1217 2806 1284 in
2844 1238 2969 1285 suo
3005 1216 3163 1287 loco

617 1306 915 1395 primum
974 1305 1210 1374 timore
1271 1329 1301 1374 s
1353 1305 1754 1406 oponderat‚
1809 1304 1920 1374 hic
1972 1306 2037 1373 in
2084 1305 2561 1394 reintegranda
2619 1307 2971 1375 beatarum
3012 1306 3161 1373 Vir-

667 1394 856 1463 inum
904 1393 1184 1463 basilica
1230 1416 1297 1462 re
1335 1393 1582 1482 igionis
1630 1393 1983 1462 devotione
2038 1391 2406 1482 perficeret.
2472 1393 2682 1482 Cujus
2732 1395 3162 1464 monimenta

517 1564 524 1571 ,
644 1482 968 1571 apidibus
1012 1482 1212 1552 isthic
1261 1497 1620 1551 servantur
1669 1482 1910 1565 incisa,
1962 1504 2139 1570 quae
2185 1496 2248 1551 et
2300 1482 2461 1552 huic
2507 1483 2697 1572 operi
2751 1483 2970 1552 verbis
3019 1484 3162 1553 eis-

613 1570 769 1641 dem
823 1570 1222 1662 putavimus
1264 1571 1668 1641 inserenda:

618 1754 865 1820 Dtvm’ls
912 1773 1225 1820 FLAnxms
1273 1772 1627 1820 vtslomnvs
1676 1768 2087 1828 FREQUENTER
2134 1771 2486 1819 Anuom'rvs
2533 1749 2658 1838 (VT
2705 1771 2989 1817 VIRTVTIS
3035 1771 3162 1817 uA-

614 1877 779 1926 GNAR
826 1879 1200 1926 xAJES'rA‘rls
1248 1875 1547 1926 MARTYRH
1597 1878 1979 1926 cozmsnvx
2026 1877 2329 1925 vntssmvn
2367 1854 2852 1943 tumultuum),
2884 1878 2960 1923 Ex
3002 1877 3165 1923 PAR-

616 1985 794 2032 Tths
841 1985 1131 2031 omssN'rts
1180 1986 1508 2032 Exfltm'rvs
1556 1985 1675 2032 PRO
1726 1984 1883 2032 voTo
1930 1984 2271 2032 CLEnA'rtvs
2314 1985 2415 2031 VIR
2454 1983 2861 2039 CONSVLARIS,
2897 1984 2973 2029 DE
3006 1982 3163 2030 Pno-

615 2091 758 2138 vnto
806 2092 871 2139 IN
919 2091 1073 2139 Loco
1121 2091 1238 2138 SVO
1287 2091 1452 2139 HANG
1500 2091 1833 2139 BAStLtcAn
1883 2090 2065 2149 VOTO,
2103 2090 2224 2147 Qvo
2271 2091 2571 2148 DEBEBAT,
2628 2090 2665 2135 Α
2713 2089 3160 2137 FVNuAnnrts

614 2198 960 2245 RESTt'rvt‘r.

704 2372 739 2456 ξ
791 2373 944 2440 ²4.
999 2368 1187 2451 Quod
1240 2370 1401 2457 quia
1453 2369 1744 2439 breviter
1775 2368 2151 2460 designari,
2212 2369 2499 2458 paginae
2535 2368 2781 2437 veritas
2831 2367 2983 2457 ipsa
3036 2390 3160 2458 po-

619 2457 874 2538 scebat,
912 2457 1245 2545 quosdam
1289 2459 1520 2529 minus
1553 2458 1918 2549 diligenter
1967 2457 2420 2538 intendentes,
2458 2479 2703 2527 sensus
2733 2456 2883 2546 ejus
2918 2479 3153 2539 veruS‚

616 2547 810 2617 etad
875 2549 1249 2617 sententiae
1316 2549 1522 2617 totius
1586 2548 1996 2618 solutionem
2067 2546 2487 2618 omnimodis
2534 2557 2739 2634 aptus
2791 2547 3164 2634 hucusque

618 2635 891 2705 latebat.
949 2636 1140 2706 Unde
1192 2650 1464 2726 propter
1513 2636 1622 2717 id,
1679 2637 1858 2724 quod
1913 2636 2282 2706 clematius
2329 2634 2413 2704 de
2482 2635 2757 2723 proprio
2805 2657 2845 2704 a
2899 2634 3161 2704 funda-

618 2725 870 2794 mentis
909 2740 1302 2795 sanctarum
1357 2725 1712 2815 virginum
1764 2725 2123 2795 ecclesiam
2167 2724 2492 2796 scribitur
2529 2723 2847 2804 erexisse,
2906 2736 3162 2813 putant

615 2836 772 2883 eum
823 2814 1177 2914 proprium
1230 2814 1342 2884 hic
1396 2814 1750 2905 praedium
1804 2814 2151 2893 habuisse,
2196 2814 2265 2882 in
2307 2834 2444 2900 quo
2476 2813 2787 2882 eamdem
2842 2812 3163 2882 reaedifi-

615 2917 892 2982 caverit,
931 2924 1136 2990 quam
1194 2904 1385 2991 prius
1434 2903 1860 2972 aedificatam
1908 2903 2120 2972 fuisse
2159 2902 2479 2988 quamvis
2539 2901 2753 2971 multo
2785 2900 2931 2987 jam
2985 2915 3163 2970 tem-

620 3014 781 3081 pore
819 2992 1263 3072 destructam,
1321 3014 1520 3062 nemo
1570 2990 1720 3070 suit,
1775 2993 1893 3079 qui
1938 2990 2032 3061 vel
2078 2991 2409 3060 hactenus
2442 2990 2876 3059 dubitaverit.
2909 2990 3037 3059 Sed
3080 3012 3162 3059 ex

619 3081 897 3170 proprio
993 3081 1280 3149 ecuniae
1328 3103 1493 3149 suae
1544 3081 1758 3170 pretio
1814 3080 2062 3149 melius
2114 3102 2261 3149 eam
2329 3078 2611 3148 aliunde
2669 3078 2953 3147 veniens
3004 3077 3161 3147 reli·

668 3168 852 3237 iosus
901 3168 919 3236 i
977 3191 1079 3237 em
1134 3168 1501 3240 clematius
1549 3170 1854 3250 creditur
1905 3161 2380 3258 recuperass‘e:
2446 3168 2565 3255 qui
2620 3189 2751 3235 non
2805 3167 3033 3236 solum
3088 3167 3159 3234 in

644 3278 766 3326 oco
820 3260 1094 3346 proprio
1148 3259 1594 3347 pretiosorum
1648 3280 2014 3347 corporum
2052 3257 2552 3327 venerationem
2591 3255 2889 3325 debitam
2927 3254 3166 3323 redin-

619 3345 906 3433 tegravit
951 3360 1015 3414 et
1065 3347 1293 3426 auxit,
1349 3370 1580 3416 verum
1633 3349 1836 3417 etiam
1894 3347 1959 3414 in
2010 3359 2272 3416 exteras
2325 3345 2746 3436 provincias,
2811 3343 3001 3413 unde
3050 3364 3166 3412 ve-

621 3446 834 3512 nerat,
880 3448 943 3502 et
995 3456 1113 3523 per
1158 3457 1332 3521 quas
1383 3436 1510 3504 iter
1553 3436 1823 3516 fecerat,
1863 3435 2117 3505 famam
2156 3448 2410 3505 tantam
2447 3433 2675 3502 eundo
2707 3444 2771 3502 et
2808 3431 3162 3501 redeundo

623 3522 961 3610 perduxit.
1023 3528 1370 3593 Hactenus
1416 3548 1493 3593 ex
1543 3526 1778 3594 codice
1818 3524 2241 3614 supradicto,
2281 3523 2398 3593 ubi
2440 3522 2642 3591 etiam
2680 3521 3151 3601 confutantur,

617 3612 737 3697 qui
786 3626 1026 3700 putant
1071 3633 1186 3680 eas
1234 3613 1321 3680 ab
1369 3615 1637 3683 Oriente
1690 3614 1976 3696 venisse,
2031 3613 2499 3699 asseriturque
2539 3633 2618 3680 ex
2653 3611 3008 3680 Britannia
3040 3613 3168 3679 Co·

621 3700 876 3770 Ioniam
929 3723 1045 3770 eas
1094 3702 1492 3772 accessisse.

941 3896 1394 3966 ttf'andalberti
1437 3898 1848 3965 Prumiensis
1903 3898 2338 3988 praeclarum
2386 3906 2448 3965 et
2495 3897 2849 3986 antiquum

663 3985 745 4052 de
795 3985 1030 4054 iisdem
1090 3986 1469 4076 Vz'rqinibus
1517 3987 1989 4055 testimonium.
2028 3988 2289 4056 Claruzft
2331 3987 2388 4054 is
2434 4008 2608 4054 anno
2660 3984 2918 4055 Christi
2960 3992 3121 4054 850.

707 4146 743 4229 ξ
786 4150 938 4216 25.
995 4152 1183 4215 Tunc
1236 4167 1599 4215 numerosa
1640 4144 1849 4214 simul
1904 4145 2121 4215 Rheni
2167 4167 2285 4235 per
2320 4145 2542 4214 littora
2582 4143 2851 4245 fulgent

1089 4234 1354 4305 Christo
1411 4235 1739 4325 virgineis
1786 4246 2011 4304 erecta
2061 4234 2381 4323 trophaea
2437 4232 2764 4323 maniplis

1084 4324 1497 4413 Agrippinae
1532 4323 1713 4404 urbi,
1748 4345 2043 4411 quarum
2097 4322 2286 4393 furor
2333 4323 2593 4412 impius
2638 4322 2803 4391 olim

1089 4413 1301 4481 Millia
1355 4414 1671 4483 mactavit
1719 4411 2150 4485 ductricibus
2199 4411 2459 4503 inclyta
2510 4411 2785 4481 sanctis
