3347 4999
182 393 348 460 OCT.
400 394 487 459 29
929 413 1006 458 ns
1054 413 1109 459 s.
1161 410 1463 459 nancisso
1509 412 1608 458 ΕΡ.
1659 409 1950 458 ιειιοεοι.
2488 395 2603 460 741

180 520 345 567 usus
394 495 840 586 providentia,
901 495 1230 565 fratribus
1280 496 1473 585 ipsis,
1545 517 1628 564 ne
1677 494 2048 564 deficerent
2094 493 2164 562 in
2218 496 2697 566 mandatorum

182 586 447 654 Domini
483 585 612 665 via,
658 586 879 654 victus
911 598 1113 671 atque
1150 585 1431 654 vestitus
1465 584 1884 654 sufficientes
1918 580 2227 652 redditus
2256 585 2698 666 contradidit,

181 674 545 764 ipsumque
597 674 851 753 locum,
910 673 1126 742 donec
1167 674 1235 742 in
1286 695 1568 763 corpore
1617 673 1803 753 vixit,
1860 675 2129 742 summa
2174 671 2531 742 devotione
2583 696 2705 765 pro

181 763 404 833 Sancti
450 762 824 831 reverentia
870 761 1106 832 coluit.
1173 768 1537 849 Postquam
1598 774 1824 831 autem
1897 760 2146 830 domus
2179 761 2329 851 ejus
2373 763 2707 833 terrestris

178 851 616 921 habitationis
669 851 876 937 hujus
925 851 1147 920 luteae
1195 851 1418 921 soluta
1466 863 1588 928 est,
1628 865 1706 920 ut
1746 872 1879 919 non
1921 848 2410 930 manufactam,
2448 851 2562 922 sed
2597 873 2707 922 ae-

179 954 436 1010 ternam
490 940 556 1009 in
629 939 837 1008 coelis
886 939 1339 1022 inhabitaret,
1396 938 1836 1028 pontificatus
1887 938 2077 1007 illius
2140 939 2401 1028 pariter
2439 953 2504 1009 et
2552 941 2709 1009 reli-

177 1029 401 1120 gionis
451 1049 880 1100 successores
914 1028 1296 1110 Richolfus,
1340 1028 1788 1118 Haistolphus
1827 1039 1893 1096 et
1921 1028 2272 1107 Rabanus,
2318 1025 2555 1097 eadem
2591 1029 2705 1098 de-

179 1118 442 1187 votione
491 1118 716 1186 locum
790 1132 1102 1186 sanctum
1155 1117 1561 1198 coluerunt,
1632 1116 1990 1186 ecclesiam
2064 1115 2701 1205 amplificaverunt,

180 1208 486 1277 tumbam
538 1218 930 1275 sanctarum
982 1206 1381 1276 exuviarum
1434 1206 1753 1275 decenter
1782 1217 2342 1295 composuerunt,
2375 1227 2712 1296 pauperes

180 1295 424 1365 Christi
474 1296 690 1365 sacris
732 1295 1008 1365 ossibus
1055 1295 1473 1366 excubantes
1521 1293 1974 1364 humanitatis
2021 1315 2337 1363 summae
2398 1295 2711 1366 consola-

181 1385 357 1454 tione
397 1383 736 1453 foverunt.

268 1481 304 1554 ἓ
353 1478 495 1545 15.
554 1477 630 1541 Et
678 1495 824 1555 nOS,
864 1470 1106 1542 fratres
1139 1472 1509 1554 carissimi,
1565 1477 1805 1553 Deum,
1849 1492 1930 1540 ex
1978 1493 2137 1558 quo,
2196 1492 2315 1561 per
2360 1493 2591 1559 quem,
2646 1488 2711 1542 et

178 1563 249 1631 in
297 1583 433 1648 quo
482 1574 643 1633 sunt
691 1574 960 1644 cuncta,
1013 1584 1189 1649 quae
1239 1575 1400 1631 sunt
1449 1564 1653 1642 bona,
1708 1559 2098 1638 laudemus,
2136 1574 2200 1628 et
2251 1582 2373 1650 pro
2433 1560 2712 1631 modulo

180 1664 411 1721 nostro
449 1650 830 1720 secundum
886 1651 1398 1720 multitudinem
1455 1650 1976 1720 miserationum
2026 1649 2176 1738 ejus
2214 1648 2710 1739 glorificemus,

178 1739 296 1827 qui
347 1739 545 1810 nobis
597 1739 798 1809 talem
858 1739 1184 1830 dignatus
1231 1753 1332 1809 est
1377 1738 1687 1809 conferre
1760 1752 2119 1828 patronum
2163 1792 2178 1818 ‚
2232 1738 2437 1828 cujus
2489 1739 2711 1808 excel-

179 1828 388 1898 lentia
437 1828 864 1907 meritorum,
920 1829 1222 1897 solamen
1277 1828 1632 1909 laborum,
1686 1841 1751 1896 et
1810 1826 2108 1895 fructum
2161 1827 2361 1895 nobis
2409 1843 2682 1897 aeterno

178 1940 331 1987 rum
365 1918 668 1988 obtineat
696 1918 1186 2007 praemiorum.
1226 1922 1652 1986 Praesentem
1685 1936 1840 1984 vero
1870 1927 2178 1984 nostrum
2207 1915 2714 2004 specialemque

182 2020 546 2097 patronum
601 2005 1051 2096 imploremus
1099 2028 1364 2085 omnes,
1409 2005 1863 2094 imploremus
1912 2002 2167 2093 singuli
2210 2002 2569 2074 sedulitate
2603 2027 2715 2074 vo-

182 2109 432 2177 torum,
476 2107 819 2183 quatenus
858 2093 1249 2186 fragilitatis
1284 2108 1555 2164 nostrae
1605 2092 1935 2183 percipiat
1973 2092 2271 2182 gemitus
2299 2147 2314 2173 ‚
2367 2092 2711 2163 humanos

184 2196 452 2253 nostros
491 2205 809 2253 excessus
857 2183 1038 2273 apud
1092 2205 1426 2273 supernos
1458 2180 2050 2261 excusetauditu3‚
2087 2181 2194 2269 pie
2223 2182 2714 2272 patrocinando

180 2293 306 2342 nos
355 2270 596 2352 foveat,
643 2285 982 2362 pastorem
1017 2285 1323 2341 nostrum
1359 2283 1687 2360 protegat,
1724 2268 2056 2339 familiam
2092 2267 2435 2351 defendat,
2476 2269 2706 2342 locum

178 2360 542 2441 custodiat,
581 2382 621 2428 a
669 2361 1038 2450 spirituum
1095 2359 1552 2449 malignorum
1606 2380 1732 2429 nos
1773 2372 2044 2428 tueatur
2091 2357 2365 2428 insidiis
2398 2413 2419 2440 ,
2477 2360 2562 2430 ab
2604 2361 2712 2429 in-

180 2449 491 2520 numeris
542 2447 750 2538 hujus
800 2447 1045 2519 mundi
1085 2462 1278 2519 eruat
1329 2446 1690 2550 periculis:
1730 2460 1806 2518 ut
1857 2447 2073 2538 ipsius
2104 2460 2169 2518 et
2197 2448 2508 2519 omnium
2542 2451 2713 2520 San-

178 2551 445 2609 ctorum
501 2537 1115 2607 intervenientibus
1182 2538 1489 2618 merttis,
1546 2537 1628 2607 ad
1700 2536 1817 2606 illa
1887 2537 2271 2628 pertingere
2322 2560 2714 2609 mereamur

175 2625 434 2719 gaudia
474 2626 946 2707 beatitudinis,
984 2648 1160 2714 quae
1219 2649 1349 2697 non
1406 2626 1573 2696 vidit
1611 2625 1880 2708 oculus,
1924 2648 2046 2695 nec
2079 2626 2381 2706 auditu&
2419 2648 2542 2697 nec
2583 2627 2711 2696 hu·

175 2737 432 2786 manus
479 2737 724 2806 capere
772 2715 987 2785 valuit
1037 2715 1448 2797 intellectus,
1504 2737 1681 2803 quae
1730 2720 1907 2784 Deus
1955 2726 2111 2784 ante
2163 2730 2466 2806 tempora
2514 2736 2711 2785 secu-

174 2804 350 2874 laria
393 2804 538 2874 suis
576 2805 1004 2895 praeparavit
1031 2804 1510 2876 dilectoribus:
1543 2806 1745 2894 cujus
1775 2804 2017 2884 honor,
2057 2802 2208 2873 laus
2241 2817 2307 2873 et
2338 2803 2708 2893 imperium

173 2894 326 2967 sine
367 2893 504 2963 fine
557 2908 908 2985 permanet
957 2895 1023 2962 in
1078 2893 1310 2964 secula
1348 2893 1766 2973 seculorum,
1812 2896 2046 2960 Amen.

985 3141 1466 3223 HISTORIA
1521 3141 1901 3221 BREVIS

607 3334 683 3432 S.
754 3332 1234 3433 NARClSSI
1303 3332 1616 3433 EPtSC.
1685 3330 2167 3434 JEROSOL.

998 3540 1075 3585 Ex
1123 3536 1513 3587 ECCLESIAST·
1567 3539 1902 3586 ms'rOtuAss

444 3641 747 3688 EUSBBII
809 3640 1377 3689 CAESARBENSIS
1427 3641 1570 3689 Ltn.
1628 3642 1740 3701 vl,
1794 3641 1951 3689 CAP.
2021 3642 2159 3690 v111
2208 3642 2292 3689 ET
2351 3641 2452 3689 lx.

649 3742 1032 3790 mummium
1078 3741 1321 3791 JOANNB
1369 3740 1968 3792 cnnls‘ropnonsono
2016 3743 2242 3792 ANGLo.

1022 3886 1207 3942 Obiit
1248 3887 1529 3944 ineunte
1570 3902 1704 3945 sec.
1752 3888 1880 3943 111.

266 4035 304 4120 ξ
355 4039 428 4105 ί.
487 4031 612 4101 Ubi
664 4036 950 4101 Severus
1007 4032 1378 4123 imperium
1432 4033 1514 4102 ad
1568 4055 1789 4103 annos
1829 4033 2059 4103 decem
2111 4045 2176 4103 et
2221 4045 2374 4102 octo
2420 4031 2717 4101 admini-

173 4134 533 4200 straverat,
591 4121 974 4190 Antoninus
1021 4120 1057 4157 *
1116 4122 1267 4211 ejus
1316 4119 1505 4191 filius
1541 4177 1556 4204 ‚
1624 4121 1708 4191 ad
1774 4144 1929 4191 eum
2001 4122 2325 4191 honorem
2380 4122 2712 4190 evehitur.

174 4209 433 4279 Eodem
490 4223 792 4311 tempore
855 4232 1040 4279 unus
1088 4232 1165 4280 ex
1215 4231 1452 4280 eorum
1522 4233 1860 4292 numer0,
1913 4211 2032 4298 qui
2081 4211 2149 4279 in
2200 4231 2278 4280 ea
2329 4210 2721 4280 turbulenta

175 4299 683 4390 persecutionis
734 4312 1130 4390 tempestate
1169 4321 1240 4369 se
1279 4298 1483 4369 fortes
1513 4312 1578 4369 et
1604 4300 1892 4369 invictos
1926 4299 2442 4390 praestitissent,
2479 4312 2542 4370 et
2571 4311 2720 4390 post

232 4461 260 4489 ¹·
288 4457 494 4506 Scilicet,
524 4462 756 4501 Caracalla
785 4460 989 4513 (mi-cun
1020 4461 1240 4503 Aurelius
1267 4463 1528 4502 Antoninus
1563 4460 1863 4515 Bassianus).
1891 4460 1998 4513 qui.
2024 4463 2219 4504 fruti-em
2251 4462 2418 4504 Getam
2439 4462 2529 4503 nibt
2557 4461 2719 4511 adjun-

169 4523 312 4567 gens,
332 4512 528 4564 imperio
551 4516 732 4564 potitus
750 4518 822 4556 est
844 4526 965 4556 anno
983 4517 1075 4556 211.
