3347 4999
704 342 787 405 5⁵2
1514 353 1592 402 nte:
1642 356 1697 402 s.
1753 355 1993 401 ΒΑνοΝε
2042 354 2221 401 coar.
2877 338 3052 404 OCT.
3117 342 3145 404 1

614 460 852 508 omnes
892 437 1351 527 possessiones
1386 457 1548 504 suas
1581 435 1663 503 ad
1702 435 1842 504 loca
1870 448 2263 504 sanctorum
2293 434 2691 505 contradere
2720 458 2732 503 :
2773 437 3156 525 peculiare,

613 527 795 614 quod
848 526 1118 595 nullum
1171 525 1269 594 vel
1323 547 1553 594 rarum
1604 546 1684 593 ex
1736 525 1945 613 priori
1981 524 2371 614 erogatione
2400 540 2844 604 remanserat,
2880 525 2944 593 in
2971 550 3161 597 usus

616 637 999 707 pauperum
1050 614 1298 682 iterum
1350 613 1773 692 contradere,
1839 613 2010 681 nihil
2068 612 2198 683 sibi
2246 635 2326 681 ex
2373 615 2700 683 omnibus
2753 636 3156 691 reservare:

618 718 961 794 postremo
1010 703 1420 791 sibimetipsi
1470 702 1992 780 abrenunciare,
2032 717 2097 770 et
2142 724 2414 770 crucem
2469 702 2716 771 Christi
2773 702 2966 773 laetis
3017 704 3162 774 hu-

617 794 823 862 meris
863 806 1154 880 portare.
1212 792 1515 860 Laudent
1549 790 1667 859 alii
1710 792 2087 879 PompejOS‚
2131 790 2429 861 Metellos
2477 804 2541 858 et
2589 792 2857 870 Marios,
2913 793 3166 862 trium·

619 882 803 972 phali
844 881 1205 969 largitione
1243 902 1482 949 auram
1538 879 1938 969 popularem
1984 893 2343 948 venantes:
2387 880 2554 948 mihi
2587 881 2854 950 videtur
2890 903 3166 971 pauper

617 993 738 1060 pro
787 970 1050 1039 Christo
1101 974 1274 1037 Bavo
1313 968 1468 1057 plus
1502 967 1917 1048 laudanduS,
1958 969 2074 1055 qui
2116 968 2199 1036 de
2233 968 2659 1058 triumphato
2691 969 2920 1040 seculo
2957 992 3161 1059 prae-

613 1082 821 1129 cones
848 1058 1092 1127 habuit
1126 1062 1528 1126 Sanctorum
1557 1056 1905 1133 ecclesias,
1941 1071 2004 1126 et
2034 1056 2578 1126 mendicantium
2610 1071 2938 1127 catervas.
2968 1059 3156 1142 Quid

613 1149 798 1216 enim
852 1148 979 1215 hac
1031 1146 1274 1215 virtute
1315 1145 1759 1215 mirabilius?
1796 1145 1960 1233 quid
2016 1145 2143 1215 hac
2191 1148 2574 1215 constantia
2620 1148 3018 1217 robustius?
3056 1149 3159 1216 vi—

615 1259 767 1306 rum
819 1234 1072 1304 nobilis
1120 1234 1422 1303 familiae
1468 1247 1532 1303 et
1581 1239 1980 1303 Senatorum
2034 1256 2276 1324 genus,
2333 1249 2465 1303 tam
2503 1235 2865 1305 obfirmato
2914 1238 3158 1305 animo

616 1347 941 1414 pompam
994 1323 1205 1392 seculi
1257 1336 1321 1392 et
1370 1323 1666 1402 divitias,
1707 1324 1774 1391 in
1818 1324 2073 1408 quibus
2113 1336 2287 1393 totus
2336 1323 2670 1395 educatus
2723 1325 2964 1404 suerat,
3005 1326 3160 1393 cal-

615 1436 830 1493 casse,
887 1426 961 1481 ut
1002 1425 1144 1481 tum
1182 1411 1460 1480 demum
1507 1434 1575 1481 se
1606 1414 1995 1480 aestimaret
2023 1434 2174 1481 vere
2201 1412 2502 1492 divitem,
2537 1436 2697 1482 cuin
2734 1415 3158 1504 pro,Christo

614 1502 1107 1591 assumpsisset
1154 1514 1600 1591 spontaneam
1657 1514 2121 1591 paupertatem
2151 1504 2180 1567 ⁴?
2210 1502 2331 1569 Alii
2376 1503 2708 1591 pecunias
2753 1505 3046 1573 mittant.
3088 1518 3162 1571 et

614 1591 698 1659 de
738 1590 1112 1679 superfluis
1148 1592 1295 1659 suis
1325 1612 1481 1659 aera
1519 1591 1584 1657 in
1618 1589 2100 1679 Evangelicum
2135 1591 2506 1659 corbonam
2550 1591 2948 1679 projiciant:
2987 1604 3161 1661 teste

616 1680 927 1760 veritate,
974 1701 1174 1747 nemo
1225 1679 1382 1769 plus
1435 1678 1653 1759 misit,
1709 1701 1914 1766 quam
1969 1680 2086 1766 qui
2137 1679 2220 1746 de
2260 1680 2584 1748 omnibus
2638 1680 2808 1749 nihil
2863 1682 2991 1750 sibi
3047 1703 3159 1749 re—

619 1781 849 1837 tinuit.

704 1859 739 1943 ἓ
787 1861 867 1928 S.
923 1856 1263 1926 Omnibus
1295 1877 1456 1944 ergo
1490 1854 1845 1944 dispositis
1892 1869 1956 1924 et
2007 1856 2381 1945 prudenter
2427 1856 2786 1936 ordinatis,
2830 1858 3160 1928 columba

618 1945 864 2015 Christi
914 1951 1114 2023 Bavo,
1171 1957 1528 2033 assumpto
1570 1966 1759 2012 ramo
1810 1967 2003 2013 verae
2043 1946 2503 2021 innocentiae,
2557 1960 2621 2014 et
2668 1948 2863 2033 quasi
2915 1946 3159 2017 relicto

615 2034 835 2103 corvis
870 2034 1163 2103 seculari
1198 2033 1548 2111 cadavere,
1603 2032 1685 2100 ad
1740 2055 1941 2102 suum
1996 2033 2425 2123 spiritualem
2475 2036 2832 2104 revertitur
2864 2040 3034 2105 Noe':
3091 2052 3164 2105 et

613 2123 820 2210 cujus
852 2122 1210 2212 pedesjam
1249 2144 1383 2191 non
1421 2121 1765 2191 habebant
1799 2123 2101 2209 requiem
2134 2123 2200 2190 in
2232 2122 2376 2192 salo
2402 2124 2639 2205 seculi,
2673 2146 2869 2193 arcae
2895 2126 3156 2194 ostium

619 2212 783 2312 petit
832 2212 962 2281 sibi
1014 2212 1288 2301 aperiri.
1344 2217 1681 2300 Receptus
1738 2210 1947 2300 digna
2004 2234 2159 2301 curn
2216 2216 2611 2291 reverentia,
2665 2225 2729 2280 et
2779 2214 3161 2300 requisitus

618 2314 867 2368 iterum
904 2322 1111 2389 super
1145 2300 1517 2368 intentione
1552 2322 1701 2378 sua,
1738 2298 2070 2368 Clericum
2102 2300 2195 2368 ait
2230 2322 2299 2368 se
2335 2301 2502 2368 velle
2534 2303 2794 2370 vivere:
2834 2318 2906 2371 ut
2943 2298 3158 2371 semel

618 2388 945 2478 alligatus
993 2390 1124 2458 sub
1153 2389 1326 2478 jugo
1379 2388 1673 2477 regulae,
1720 2387 1956 2476 pedem
2009 2388 2296 2457 ulterius
2340 2412 2472 2458 non
2518 2390 2750 2459 liceret
2779 2392 3152 2472 retrahere,

618 2478 732 2546 sed
786 2490 1158 2566 spontanee
1206 2490 1630 2564 assumptam
1687 2478 2155 2546 necessitatem
2210 2492 2493 2548 verteret
2543 2479 2608 2549 in
2664 2480 2835 2548 bene
2883 2480 3158 2550 vivendi

616 2567 1058 2635 voluntatem.
1105 2566 1391 2636 Gavisus
1433 2571 1496 2634 S.
1530 2566 1900 2646 Amandus,
1943 2568 2152 2635 multa
2188 2569 2379 2656 prius
2421 2569 2972 2638 machinamenta
3010 2571 3156 2638 dia-

617 2655 754 2724 boli
810 2655 1179 2744 prudenter
1248 2655 1713 2744 praetendere,
1768 2677 2042 2744 gravem
2093 2678 2241 2724 esse
2288 2679 2650 2726 ascensum
2704 2679 2908 2745 quem
2961 2658 3166 2728 vellet

612 2745 941 2833 arripere,
997 2743 1080 2812 de
1127 2766 1294 2812 casu
1334 2744 1607 2836 timere;
1662 2745 2012 2830 inceptum
2067 2745 2343 2831 quidem
2399 2745 2693 2828 facilem,
2743 2747 2947 2815 finem
2995 2770 3155 2816 vero

616 2832 1056 2922 praedicabat
1103 2854 1251 2900 esse
1283 2831 1658 2900 difficilem.
1715 2833 1837 2902 Ubi
1892 2833 2069 2900 videt
2116 2856 2270 2902 eum
2313 2835 2482 2903 nihil
2535 2837 2870 2916 cunctari,
2919 2836 3032 2905 sed
3069 2837 3158 2906 ad

611 2923 850 2990 omnia
901 2920 1299 2991 sustinenda
1347 2920 1767 3010 paratissimi
1815 2943 1963 2989 esse
2011 2922 2250 3001 animi,
2293 2924 2548 3012 gratias
2589 2947 2800 3013 agens
2841 2930 2969 2993 Deo
3001 2926 3160 3015 (qui

613 3032 789 3096 quos
843 3010 1371 3098 praedestinavit
1418 3033 1455 3077 a
1572 3009 1887 3098 rincipi0‚
1944 3010 2068 3080 hos
2116 3010 2318 3078 etiam
2372 3012 2574 3102 elegit
2625 3015 2690 3080 in
2749 3013 3161 3103 novissimo)

615 3098 814 3183 quasi
863 3098 1301 3167 carissimum
1353 3120 1512 3187 amp
1545 3113 1782 3167 exatus
1832 3098 2090 3178 filium,
2150 3099 2413 3169 inducit
2467 3103 2533 3169 in
2589 3103 2923 3171 Dominici
2960 3102 3162 3172 scho-

616 3187 752 3255 lam
797 3186 1076 3258 servitii.
1116 3208 1323 3273 quam
1369 3188 1660 3275 primam
1714 3187 2028 3255 omnium
2081 3201 2344 3258 constat
2389 3211 2544 3258 eum
2603 3192 2851 3259 rexisse
2914 3192 2981 3258 in
3048 3213 3163 3260 ec·

609 3274 823 3343 clesia
875 3275 1244 3344 Gandensi.
1277 3275 1378 3343 Ibi
1406 3289 1562 3345 ante
1587 3299 1775 3344 aram
1815 3276 1989 3345 beati
2015 3278 2188 3345 Petri
2220 3278 2516 3366 Apostoli
2558 3280 2868 3348 militiam
2910 3280 3162 3349 Christi

616 3362 999 3454 professum
1031 3417 1050 3443 ,
1109 3364 1317 3432 barba
1368 3377 1431 3432 et
1479 3365 1732 3453 capillo
1783 3376 2056 3434 tonsum
2118 3367 2410 3435 assumit
2460 3368 2525 3434 in
2580 3368 2982 3436 Clericatum
3016 3423 3030 3448 ‚
3093 3382 3163 3438 et

618 3453 883 3542 plantat
938 3452 1003 3519 in
1057 3452 1259 3520 domo
1312 3453 1573 3521 Domini
1625 3453 1926 3523 cedrum·
1965 3454 2226 3534 Libani,
2276 3455 2689 3526 redolentem
2755 3472 3156 3525 sanctarum

612 3542 945 3609 virtutum
999 3540 1205 3609 odore
1255 3541 1774 3622 inaestimabili,
1833 3555 1898 3611 et
1943 3555 2356 3611 crescentem
2413 3545 2650 3613 robore
2708 3546 3154 3635 imputribili.

610 3629 919 3717 Denique
969 3631 1194 3698 statim
1247 3643 1320 3697 ut
1367 3631 1723 3719 ingressus
1762 3643 1862 3698 est
1893 3632 2273 3701 sanctitatis
2310 3633 2511 3713 viam,
2548 3634 2767 3702 firmis
2802 3636 3161 3724 gressibus

616 3720 715 3786 ire
764 3719 831 3786 in
888 3717 1195 3808 magistri
1249 3720 1682 3799 sententiam,
1736 3731 1802 3788 et
1848 3720 2046 3805 quasi
2100 3721 2324 3789 navim
2380 3723 2686 3811 corporis
2736 3735 2964 3812 optato
3003 3725 3154 3812 jam

605 3806 1017 3876 collocasset
1068 3808 1132 3876 in
1189 3806 1410 3876 littore
1444 3863 1459 3887 ,
1512 3809 1826 3876 omnium
1880 3808 2214 3877 bonorum
2251 3865 2265 3889 ,
2304 3831 2476 3895 quas
2524 3811 2688 3880 olim
2741 3811 3108 3902 collegerat
3142 3869 3158 3894 ‚

618 3917 880 3965 merces
911 3917 1269 3985 exponere,
1304 3896 1758 3965 humilitatem
1791 3896 2169 3977 ostendere,
2203 3900 2594 3998 patientiam
2627 3923 2957 3981 exercere,
2990 3901 3160 3970 cha-

612 3985 835 4054 ritatis
878 3984 1092 4054 latum
1132 3984 1532 4054 mandatum
1585 4008 1665 4054 ex
1717 4000 2075 4075 praecepto
2115 3991 2224 4054 Dei
2255 3988 2612 4058 extendere
2650 4011 2869 4077 usque
2907 3990 2988 4058 ad
3028 3992 3167 4058 ini-

620 4073 922 4142 micum:
977 4073 1164 4142 solus
1214 4074 1360 4164 ipse
1420 4075 1750 4144 omnibus
1797 4076 2086 4156 servire,
2139 4075 2425 4164 gloriam
2487 4078 2731 4147 virtute
2783 4079 3159 4168 superare,

614 4176 681 4231 et
727 4162 813 4231 ab
864 4162 972 4232 his
1020 4162 1242 4252 diligi,
1296 4184 1470 4249 quos
1520 4163 1878 4232 videbatur
1930 4164 2355 4252 praecedere.
2410 4168 2652 4236 Creber
2703 4168 2768 4234 in
2820 4172 3156 4245 oratione,

608 4251 804 4339 jugis
840 4251 908 4319 in
960 4252 1129 4342 legis
1178 4252 1291 4320 Dei
1322 4252 1806 4333 meditatione,
1865 4266 2141 4341 paratus
2173 4255 2364 4322 omni
2410 4256 2656 4343 petenti
2691 4256 2774 4324 de
2806 4256 3160 4326 reddenda

617 4341 910 4410 ratione:
984 4355 1059 4409 ut
1119 4363 1198 4409 ex
1255 4340 1543 4411 diversis
1609 4341 1978 4411 virtutibus
2042 4365 2258 4412 unum
2313 4344 2660 4413 hominem
2715 4359 3154 4434 compactum

605 4442 917 4519 putares.
952 4435 1083 4500 Neo
1131 4429 1331 4499 facile
1379 4430 1686 4512 docebat,
1721 4430 1903 4518 quod
1943 4453 2075 4499 non
2126 4431 2498 4503 didicerat:
2554 4434 2667 4502 sed
2719 4455 3166 4521 quocumque
