3347 4999
143 353 295 418 OCT.
346 355 432 418 28
991 372 1068 417 ns
1117 372 1173 418 s.
1227 370 1537 418 renam-10
1586 371 1777 417 naar.
2273 365 2293 375 ⁶
2438 353 2566 418 733

142 477 434 547 gressum
466 454 755 532 liberum
787 475 921 523 non
955 455 1253 524 valentes
1278 455 1473 543 erigi,
1498 475 1618 543 per
1652 467 1898 523 terram
1941 453 2287 524 trahimur
2317 454 2651 545 depressi;

145 557 210 613 ut
248 544 316 611 in
388 544 585 613 nobis
660 542 1049 633 impleatur,
1101 543 1285 629 quod
1335 545 1576 614 beatus
1631 543 2001 632 Gregorius
2050 542 2404 612 humiliter
2452 544 2535 613 de
2583 566 2657 614 se

146 633 506 720 profitetur,
559 632 723 718 quia
757 631 933 700 vires
979 654 1152 719 quas
1188 632 1529 721 imperitia
1565 630 1880 721 denegat,
1932 631 2232 702 charitas
2282 632 2652 702 ministrat.

143 721 355 807 Ipsius
393 742 556 811 ergo
607 721 867 789 meritis
907 721 1541 798 intervenientibus,
1594 720 1795 811 cujus
1831 720 1897 788 in
1937 720 2211 789 laudem
2249 742 2328 790 ex
2376 719 2655 790 informi

145 810 410 878 materia
478 830 702 878 sermo
748 809 1086 890 cudetur,
1153 808 1397 879 oculus
1468 821 1696 878 noster
1758 810 2039 878 interior
2088 810 2346 898 Spiritu
2413 814 2661 880 Sancto

141 897 506 967 mundante
555 910 910 988 purgetur,
965 897 1376 984 aridumque
1422 897 1652 967 cordis
1701 898 1916 967 nostri
1966 897 2310 966 desertum
2364 897 2548 967 fonte
2591 899 2660 966 in

141 987 335 1055 vitam
387 998 730 1056 aeternam
782 986 1066 1055 saliente
1114 987 1405 1075 rigetur:
1457 1001 1799 1073 quatenus
1833 986 2162 1074 quicquid
2195 985 2485 1067 dicetur,
2530 992 2666 1057 Deo

138 1088 424 1175 gratum,
463 1075 738 1166 egregio
773 1076 1079 1145 Ferrutio
1110 1075 1427 1165 dignum,
1471 1075 2011 1166 prudentiaeque
2037 1088 2296 1145 vestrae
2327 1075 2666 1167 placabile

141 1177 533 1254 reperiatur.

217 1347 254 1430 ξ
299 1349 377 1416 1.
432 1347 598 1412 Cum
651 1364 771 1432 per
817 1364 1152 1433 organum
1208 1342 1503 1431 Spiritus
1553 1342 1779 1411 Sancti
1835 1340 2220 1423 familiare,
2276 1341 2663 1411 mirabilem

137 1444 196 1500 et
243 1431 616 1522 gloriosum
669 1432 1034 1500 Dominum
1095 1431 1161 1498 in
1214 1432 1472 1499 sanctis
1518 1432 1664 1500 suis
1711 1431 1745 1465 ⁴*
1791 1429 2290 1499 admoneamur
2338 1428 2617 1499 laudare
2646 1486 2663 1510 ,

139 1542 267 1590 non
319 1520 540 1589 solum
591 1520 1015 1607 quotidianis
1061 1519 1412 1605 obsequiis
1446 1573 1462 1599 ‚
1535 1519 1650 1589 sed
1717 1531 1783 1588 et
1838 1518 2297 1587 excellentiori
2365 1519 2665 1607 quadam

135 1609 486 1680 devotione
538 1631 660 1698 par
704 1623 807 1678 est
852 1630 967 1676 eos
1016 1607 1372 1678 honorare.
1431 1608 1735 1677 Summis
1781 1607 1963 1676 enim
2001 1607 2249 1676 studiis
2290 1607 2669 1677 devotionis

133 1698 539 1784 obsequium
592 1697 859 1766 videtur
902 1697 1404 1784 exequendum,
1458 1696 1638 1782 quod
1694 1693 1950 1764 sanctis
1997 1695 2326 1776 delatum,
2383 1698 2673 1765 recurrit

138 1789 203 1856 in
257 1787 622 1856 Christum.
669 1790 914 1855 Verum
968 1807 1101 1855 non
1156 1786 1360 1854 bomo
1409 1784 1598 1854 solus
1645 1784 1918 1853 divinae
1964 1783 2230 1854 debitor
2257 1797 2670 1885 provocatur

142 1875 389 1955 laudiS,
435 1873 549 1944 sed
586 1887 897 1943 creatura
935 1874 1161 1963 potius
1199 1873 1451 1953 omniS,
1484 1873 1840 1943 rationalis
1874 1872 2208 1956 videlicet,
2254 1873 2671 1943 irrationalis

136 1978 199 2033 et
237 1963 685 2033 insensibilis.
727 1968 851 2032 Per
896 1985 968 2031 se
999 1963 1258 2052 quippe
1304 1967 1515 2031 Deum
1567 1961 1804 2031 laudat
1847 1974 2157 2031 creatura
2209 1961 2559 2032 rationalis
2607 1974 2673 2032 et

135 2051 633 2142 intelligibilis:
691 2073 808 2141 per
858 2052 1204 2121 hominem
1244 2072 1397 2120 vero
1430 2051 1849 2119 irrationalis
1894 2063 1959 2118 et
2005 2050 2454 2130 insensibiliS,
2500 2051 2666 2119 dum

135 2163 285 2210 eam
327 2142 530 2209 homo
569 2140 1040 2220 considerans,
1080 2152 1230 2209 vota
1255 2139 1590 2209 conditori
1633 2138 1835 2208 solvit
1863 2138 2322 2228 jubilationis
2363 2140 2673 2208 Laudant

133 2244 358 2299 autem
414 2229 779 2297 Dominum
828 2240 894 2298 et
941 2229 1134 2318 ipsa,
1186 2228 1513 2315 quoniam
1580 2227 2042 2296 laudationem
2110 2228 2377 2296 Domini
2427 2249 2664 2298 eorum

140 2319 430 2407 parturit
474 2339 706 2386 causa.
761 2321 948 2399 Quae
996 2330 1219 2386 autem
1284 2316 1612 2385 dicuntur
1669 2314 2107 2386 insensibiles
2153 2329 2507 2386 creaturae
2540 2371 2556 2397 ‚
2610 2318 2669 2384 si

138 2406 237 2476 vel
287 2407 518 2496 ipsum
569 2405 995 2475 Conditorem
1051 2404 1316 2475 valeant
1362 2404 1649 2484 sentire,
1708 2405 1945 2493 paucis
1995 2404 2158 2474 libet
2207 2405 2665 2476 considerare.

135 2497 202 2567 Si
255 2517 500 2565 sensus
549 2518 586 2563 a
634 2495 992 2565 sentiendo
1039 2493 1315 2574 dicitur,
1370 2494 1598 2564 omnis
1630 2508 1942 2564 creatura
1977 2498 2184 2563 Deum
2224 2496 2475 2565 sentire
2517 2517 2675 2585 pro-

136 2586 364 2656 batur.
412 2584 801 2653 Secundum
841 2606 912 2654 se
953 2605 1248 2669 namque
1286 2596 1655 2653 creatorem
1693 2583 1897 2652 sentit
1936 2597 2272 2661 creatura,
2314 2584 2433 2653 ubi
2467 2584 2670 2653 etiam

132 2697 207 2743 se
258 2695 392 2742 non
446 2673 649 2741 sentit
697 2672 853 2740 vita.
909 2677 1019 2742 Est
1068 2686 1292 2741 autem
1346 2693 1592 2743 sensus
1638 2695 1677 2740 a
1734 2672 2114 2752 sentiendo,
2175 2694 2313 2760 quo
2360 2685 2670 2741 creatura

137 2768 347 2832 Deum
406 2761 747 2841 sentiens,
808 2761 957 2848 ejus
1004 2760 1549 2849 obtemperanter
1594 2760 1824 2829 bbedit
1870 2761 2186 2849 imperio.
2237 2765 2401 2829 Nam
2456 2761 2675 2849 impe-

134 2865 331 2920 rante
380 2850 515 2919 fide
562 2849 622 2918 si
674 2849 1168 2919 transferantur
1208 2862 1493 2930 montes,
1533 2847 1969 2919 insensibiles
2001 2849 2239 2935 utique
2273 2853 2481 2917 Deum
2517 2869 2674 2916 sen·

133 2941 318 3009 tiunt
353 2961 584 3029 rupes.
639 2938 878 3007 Omnis
923 2961 1087 3030 ergo
1119 2951 1431 3007 creatura
1480 2959 1758 3008 sensum
1810 2937 2013 3006 habet
2062 2937 2128 3005 in
2171 2942 2405 3006 Deum.

224 3030 260 3114 ξ
313 3034 399 3096 2.
455 3033 827 3114 Martyrum
883 3044 1108 3096 autem
1181 3026 1420 3097 Christi
1493 3026 1891 3094 memoriam
1926 3079 1942 3106 ,
1994 3026 2305 3094 omnium
2360 3024 2668 3094 fidelium

137 3115 499 3184 devotione
551 3114 979 3184 recolendam
1017 3170 1035 3195 ,
1091 3114 1347 3185 festivis
1398 3114 1670 3203 gaudiis
1720 3113 2127 3182 laudibusve
2182 3113 2428 3183 debitis
2475 3134 2676 3181 vene-

135 3206 305 3284 rari,
341 3204 504 3290 quid
549 3204 720 3272 serat
758 3204 1225 3283 emolumenti,
1267 3204 1461 3291 juxta
1510 3203 1686 3271 vires
1736 3203 2060 3291 ingenioli
2114 3203 2322 3272 nostri
2369 3204 2434 3271 in
2480 3201 2674 3271 initio

132 3292 414 3361 dicendi
463 3315 708 3382 operae
745 3293 1033 3381 pretium
1084 3292 1412 3361 duximus
1461 3291 1898 3380 perscrutari.
1952 3296 2115 3362 Nam
2170 3292 2224 3360 si
2266 3291 2441 3359 desit
2487 3311 2673 3359 emo·

133 3380 554 3461 Iumentum,
581 3386 658 3449 ex
689 3402 1115 3469 supervacuo
1140 3401 1388 3449 causae
1416 3393 1746 3448 tractatur
1777 3380 2150 3470 negotium.
2180 3379 2418 3449 Omnis
2452 3381 2679 3466 itaque

138 3467 513 3558 profectus,
553 3469 636 3537 de
673 3491 882 3539 causa
917 3469 1336 3560 parturiente
1376 3468 1835 3559 progreditur.
1876 3467 2000 3537 Sed
2035 3469 2263 3537 omnis
2302 3491 2512 3539 causa
2545 3467 2679 3537 effi·

133 3557 335 3626 ciens
381 3578 530 3626 esse
573 3558 924 3646 probatur.
971 3561 1186 3627 Omne
1232 3571 1460 3626 autem
1522 3556 1827 3625 efficiens
1857 3611 1872 3636 ,
1920 3558 2145 3647 majus
2192 3569 2292 3626 est
2339 3580 2440 3638 eo,
2494 3555 2676 3644 quod

132 3645 461 3714 efficitur.
517 3645 706 3715 Unde
765 3659 942 3716 recte
999 3646 1386 3734 quaerenda
1450 3645 1719 3715 videtur
1763 3668 1969 3714 causa
2034 3644 2474 3733 gaudiorum,
2542 3667 2680 3731 quo

135 3733 450 3803 lucidius
498 3747 721 3825 pateat
757 3735 1327 3804 emolumentum.
1369 3740 1595 3821 Neque
1626 3735 1808 3803 enim
1856 3735 2295 3824 parvulorum
2337 3755 2521 3802 more
2557 3755 2680 3802 nos

127 3822 333 3893 decet
359 3821 674 3892 effluere:
711 3825 830 3911 qui
874 3825 1175 3915 genuino
1212 3845 1362 3893 mox
1397 3824 1483 3893 ab
1524 3836 1717 3892 utero
1758 3823 1823 3890 in
1864 3820 2202 3892 incolatus
2237 3822 2447 3911 hujus
2479 3843 2680 3891 aeru-

135 3933 375 3980 mnam
432 3910 716 3999 profusi,
761 3913 940 3982 sicut
998 3913 1210 4014 gratis
1260 3933 1335 3980 va
1394 3912 1603 3981 itibus
1635 3967 1650 3993 ,
1705 3911 2091 3998 nesciisque
2133 3911 2511 4001 ploratibus
2559 3932 2678 3980 ora

136 4001 482 4089 rigantur,
540 4002 639 4070 sic
687 4014 750 4069 et
792 4001 857 4068 in
896 4023 1119 4070 varios
1158 4014 1355 4091 gratu
1389 4000 1696 4069 ationum
1741 4012 1972 4090 gestus
2006 4001 2155 4069 sine
2190 4022 2397 4070 causa
2448 3999 2681 4069 laxan-

133 4100 275 4156 tur.
322 4093 453 4158 Nos
493 4110 672 4169 vero,
707 4090 827 4174 qui
870 4089 1015 4178 jam
1059 4111 1235 4177 quae
1287 4088 1726 4178 parvulorum
1772 4102 1955 4167 sunt,
2010 4090 2515 4169 evacuavimus,
2560 4089 2681 4175 qui

134 4176 356 4245 robur
396 4176 612 4257 virile,
653 4177 872 4246 solido
907 4178 1059 4248 cibo
1109 4177 1574 4268 spiritualium
1618 4177 1790 4266 pasti
1824 4177 2255 4257 deliciarum,
2294 4176 2678 4257 induimuS,

125 4266 258 4351 qui
315 4287 437 4356 per
484 4265 844 4355 speculum
887 4279 953 4335 et
1000 4267 1068 4335 in
1121 4267 1504 4357 aenigmate
1555 4265 1888 4348 videmus,
1933 4265 2116 4354 quod
2168 4264 2339 4334 facie
2390 4265 2682 4335 revelata

130 4375 394 4423 sumus
458 4354 719 4436 visuri,
772 4354 1028 4445 gaudia
1091 4369 1320 4425 nostra
1383 4354 1937 4446 gaudiorumque
1998 4367 2364 4445 proventus
2424 4355 2685 4424 ratione

187 4476 217 4504 ⁶
246 4478 306 4519 In
327 4480 514 4523 Psalmo
534 4481 627 4523 1⁶0.
