3347 4999
696 300 826 363 618
1448 317 1524 361 ns
1572 314 1628 361 s.
1673 314 2017 363 aimatosa
2064 316 2305 361 Altum
2830 298 2988 364 OCT.
3036 300 3100 362 21

613 402 1025 471 monasterio
1071 401 1244 491 ejus,
1295 400 1616 488 precibus
1661 399 1745 468 ad
1801 404 2288 488 Imperatorem
2357 399 2560 479 datis,
2614 413 2679 469 et
2724 400 3106 482 HilarioniS,

610 503 677 559 et
726 490 1040 579 Hesycbii
1085 502 1367 558 mortem
1409 488 1922 578 impetraverat:
1958 490 2302 574 amboque
2332 502 2407 556 ut
2460 502 2941 576 quaererentur
2995 502 3114 559 toto

615 578 778 648 orbe
826 580 1159 668 scriptum
1191 590 1358 646 erat.
1413 582 1747 666 Egressus
1786 599 1947 667 ergo
1995 576 2079 645 de
2132 578 2385 649 Bruti0.
2439 600 2561 666 per
2610 579 2856 646 inviam
2906 578 3117 647 solitu-

611 667 841 735 dinem
881 668 1155 735 intravit
1203 667 1467 734 Oasim:
1524 666 1754 753 ibique
1786 688 1969 735 anno
2003 665 2160 755 plus
2211 666 2443 735 minus
2473 681 2729 745 exacto,
2781 668 2933 754 quia
2971 667 3111 735 illuc

612 777 885 843 quoque
933 778 1053 824 sua
1130 754 1312 823 fama
1375 768 1792 843 pervenerat,
1846 756 2042 841 quasi
2102 757 2247 844 jam
2303 756 2370 823 in
2422 757 2693 825 Oriente
2759 756 2954 825 latere
2998 777 3108 824 non

617 857 869 934 posset,
911 845 1031 913 ubi
1085 843 1282 912 multi
1334 842 1544 913 illum.
1581 856 1646 912 et
1692 845 2040 934 opinione,
2083 858 2149 912 et
2197 844 2389 913 vultu
2434 857 2784 924 noverant,
2836 844 2915 912 ad
2961 843 3112 913 solas

618 933 942 1022 navigare
973 933 1240 1002 insulas
1286 933 1665 1022 cogitabat:
1697 946 1775 1002 ut
1811 955 2015 1020 quem
2055 946 2228 1001 terra
2267 932 2682 1023 vulgaverat,
2736 932 2963 1002 saltem
2997 955 3117 1002 ma-

615 1022 713 1090 ria
763 1022 1085 1091 celarent.

701 1113 738 1267 ῗ
790 1115 942 1183 924.
1021 1109 1268 1179 Eodem
1343 1110 1553 1179 ferme
1622 1125 1923 1201 tempore
1979 1109 2370 1180 Hadrianus
2423 1110 2813 1202 discipulus
2869 1111 3005 1199 ejus
3044 1109 3115 1178 de

620 1204 702 1268 Pa
737 1200 996 1269 aestina
1062 1200 1491 1288 supervenit,
1544 1199 1785 1268 dicens
1834 1199 2201 1269 Julianum
2269 1200 2618 1270 occisum:
2689 1200 3109 1269 Christianum

618 1293 1104 1377 Imperatorem
1135 1309 1420 1377 regnare
1459 1289 1812 1378 coepisse:
1862 1290 2097 1357 reverti
2147 1309 2305 1357 eum
2343 1288 2590 1358 debere
2622 1289 2705 1356 ad
2748 1286 3101 1357 monasterii

617 1377 727 1446 sui
777 1377 1128 1464 reliquias.
1167 1377 1356 1458 Quod
1414 1377 1526 1445 ille
1574 1377 1890 1458 audienS,
1944 1377 2319 1446 detestatus
2364 1392 2497 1446 est:
2548 1392 2614 1447 et
2663 1378 2989 1446 conducto
3015 1397 3106 1443 ca-

620 1464 841 1546 melo,
899 1487 1020 1556 per
1067 1478 1325 1534 vastam
1408 1465 1851 1535 solitudinem
1927 1466 2232 1555 pervenit
2279 1466 2362 1534 ad
2436 1468 2856 1536 maritimam
2904 1464 3103 1533 urbem

617 1554 867 1645 Libyae
921 1555 1438 1623 Paraetonium:
1492 1555 1610 1625 ubi
1663 1554 2056 1624 Hadrianus
2092 1553 2360 1636 infelix,
2416 1555 2647 1625 volens
2695 1554 3105 1623 Palaestinam

591 1645 884 1734 reverti,
935 1657 1002 1712 et
1046 1642 1405 1732 pristinam
1449 1645 1580 1712 sub
1615 1644 1890 1712 nomine
1925 1644 2230 1732 magistri
2259 1666 2595 1730 quaerens
2625 1644 2938 1734 gloriam,
2967 1639 3113 1709 mul·

618 1743 720 1801 tas
768 1733 827 1801 ei
879 1731 1036 1801 fecit
1083 1732 1402 1818 injurias⁸
1441 1732 1532 1800 Ad
1584 1747 1991 1812 extremum,
2023 1733 2406 1801 convasatis
2434 1734 2491 1813 ξ
2532 1755 2708 1820 quae
2741 1756 2780 1802 a
2828 1729 3112 1801 fratribus

612 1820 672 1888 ei
727 1822 931 1892 missa
981 1820 1336 1902 detulerat,
1378 1821 1719 1890 nesciente
1752 1820 1892 1899 illo,
1951 1820 2290 1910 profectus
2336 1836 2459 1889 est.
2533 1826 2757 1911 Super
2789 1822 2933 1899 hoc,
2979 1817 3114 1905 quia

618 1908 790 1978 alter
846 1910 1035 1979 locus
1090 1908 1422 1978 referendi
1478 1932 1609 1977 non
1662 1923 1800 1987 est,
1860 1911 1985 1978 hoc
2035 1924 2299 1979 tantum
2353 1909 2636 1979 dixerim
2703 1911 2775 1981 iu
2829 1925 3111 1977 terrorem

615 2020 881 2077 eorum,
934 1998 1049 2085 qui
1105 1998 1468 2089 magistros
1514 1998 1929 2086 despiciunt,
1973 1998 2154 2086 quod
2208 2013 2357 2087 post
2413 1998 2921 2086 aliquantulum
2971 2010 3111 2064 tem-

622 2088 809 2176 poris
857 2087 1357 2176 computruerit
1405 2087 1642 2157 morbo
1693 2088 1900 2177 regio.

704 2178 740 2262 ξ
793 2179 945 2248 925.
1003 2175 1275 2245 Habens
1317 2176 1527 2264 igitur
1574 2198 1775 2244 senex
1810 2180 2153 2245 Gazanum
2186 2197 2446 2256 secum,
2484 2177 2800 2245 ascendit
2826 2174 3105 2250 classem,

612 2285 790 2350 quae
825 2263 1124 2332 Siciliam
1162 2264 1546 2353 navigabat.
1585 2269 1889 2351 Cumque
1921 2266 2310 2334 venundato
2336 2270 2514 2333 Evan
2570 2265 2862 2334 eliorum
2895 2262 3106 2338 codice,

615 2373 819 2438 quem
876 2374 1088 2420 manu
1136 2375 1258 2421 sua
1310 2352 1710 2421 adolescens
1743 2355 2133 2441 scripserat,
2179 2353 2343 2422 dare
2394 2376 2529 2423 nau
2565 2375 2677 2424 um
2727 2353 3105 2442 disponeret,

625 2441 692 2509 in
748 2439 972 2511 medio
1021 2442 1232 2510 ferme
1281 2440 1540 2520 Adriae,
1599 2441 1902 2511 naucleri
1940 2442 2127 2513 filius
2174 2456 2490 2532 arreptus
2539 2466 2573 2510 a
2623 2440 2978 2518 daemone,
3003 2437 3114 2507 cla-

621 2552 807 2599 mare
837 2529 1083 2618 coepit,
1135 2542 1200 2598 et
1246 2530 1513 2626 dicere-z
1570 2554 1604 2596 «
1632 2531 1965 2611 Hilarion‚
2021 2553 2206 2600 serve
2260 2533 2393 2610 Dei,
2432 2555 2560 2600 cur
2590 2532 2794 2602 nobis
2835 2554 2949 2622 per
2987 2544 3038 2597 te
3063 2535 3113 2593 et

617 2620 682 2686 in
737 2618 977 2707 pelago
1026 2631 1207 2688 tutos
1254 2641 1400 2686 esse
1451 2641 1581 2687 non
1623 2620 1828 2688 licet?
1880 2626 1965 2689 Da
2021 2621 2190 2689 mihi
2239 2622 2580 2709 spatium,
2632 2620 2857 2689 donec
2896 2618 2972 2687 ad
3021 2633 3114 2684 ter-

615 2729 758 2777 ram
813 2709 1106 2788 veniam,
1164 2729 1245 2776 ne
1294 2708 1403 2776 hic
1452 2708 1735 2796 ejectUS,
1794 2709 2199 2798 praecipiter
2247 2711 2314 2777 in
2366 2712 2725 2798 abyssum.
2761 2733 2796 2772 »
2832 2708 2944 2778 Cui
2979 2704 3110 2773 ille:

615 2819 650 2862 «
688 2797 755 2865 Si
799 2802 973 2866 Deus
1025 2818 1242 2876 meus,
1286 2797 1402 2877 ait,
1462 2798 1577 2865 tibi
1631 2797 1944 2867 concedit
1977 2811 2051 2866 ut
2101 2820 2414 2873 maneas,
2470 2819 2694 2866 mane.
2753 2798 2868 2866 Sin
2917 2807 3109 2865 autem

618 2883 730 2954 ille
772 2898 832 2953 te
880 2885 1089 2973 ejicit,
1147 2885 1310 2972 quid
1367 2886 1536 2955 mihi
1601 2886 1926 2955 invidiam
1981 2885 2171 2966 facis,
2229 2886 2493 2957 homini
2556 2885 2897 2975 peccatori
2942 2897 3112 2978 atque

616 2973 976 3043 mendico?
1008 2997 1042 3039 »
1092 2978 1231 3043 Hoc
1281 2988 1506 3043 autem
1549 2974 1841 3053 dicebat,
1883 2997 1967 3044 ne
2016 2989 2261 3044 nautae
2307 2990 2372 3045 et
2410 2975 2886 3066 negotiatores,
2927 2972 3111 3060 quim

615 3064 768 3131 navi
797 3075 1013 3142 erant,
1046 3085 1139 3142 se,
1181 3087 1338 3132 cum
1379 3063 1461 3131 ad
1499 3076 1744 3132 terram
1800 3065 2285 3154 pervenissent,
2327 3064 2710 3154 proderent.
2774 3069 2901 3133 Nec
2932 3057 3112 3131 multo

621 3164 769 3241 post
819 3165 1154 3242 purgatus
1192 3163 1293 3220 est
1339 3174 1533 3240 puer.
1592 3165 1781 3242 patre
1845 3152 2051 3220 fidem
2102 3152 2329 3233 dante,
2380 3167 2446 3221 et
2485 3153 2797 3233 caeteris,
2847 3151 2962 3239 qui
3016 3143 3112 3214 ad-

611 3255 829 3320 erant,
886 3240 1057 3308 nulli
1091 3261 1161 3308 se
1205 3262 1414 3330 super
1444 3242 1593 3330 ejus
1636 3242 1912 3310 nomine
1961 3240 2328 3311 locuturos.
2366 3246 2731 3331 Ingressus
2764 3241 3112 3335 autemPa-

614 3327 919 3415 chynum
949 3327 1041 3408 *ξ
1099 3330 1639 3417 promontorium
1695 3330 1988 3407 Siciliae,
2027 3330 2276 3399 obtulit
2324 3328 2645 3400 nauclero
2701 3325 3107 3418 Evangeltum

624 3436 746 3505 pro
787 3415 1221 3484 subvectione
1249 3439 1376 3486 sua
1420 3433 1485 3488 et
1516 3419 1791 3488 Gazani.
1823 3418 1951 3503 Qui
2004 3418 2241 3488 nolens
2280 3419 2611 3509 accipere,
2665 3419 2958 3487 maxime
2980 3428 3111 3481 cum

617 3503 869 3573 videret
908 3502 1085 3585 illos,
1137 3520 1413 3596 excepto
1448 3507 1564 3576 illo
1593 3508 1849 3588 codice,
1902 3507 2130 3587 ethis,
2171 3507 2427 3594 quibus
2476 3507 2696 3576 vestiti
2745 3517 2958 3583 erant,
2991 3520 3114 3570 am-

618 3591 804 3685 plius
855 3593 1023 3661 nihil
1077 3593 1347 3675 habere,
1385 3596 1467 3664 ad
1518 3609 1894 3665 extremum
1940 3594 2131 3684 jurat
2186 3618 2259 3665 se
2306 3618 2439 3665 non
2491 3599 2959 3686 accepturum.
3009 3582 3114 3662 Sed

612 3695 677 3752 et
724 3704 924 3752 senex
953 3703 1286 3751 accensus
1334 3683 1590 3754 fiducia
1628 3686 1952 3774 pauperis
1985 3686 2465 3765 conscientiae,
2506 3685 2573 3752 in
2623 3706 2704 3754 eo
2757 3681 2971 3772 magis
3000 3676 3116 3770 lae-

617 3772 910 3852 tabatur,
977 3785 1042 3840 et
1087 3772 1266 3859 quod
1323 3773 1493 3841 nihil
1545 3773 1825 3844 haberet
1883 3773 2144 3852 seculi,
2196 3786 2262 3843 et
2309 3773 2394 3843 ab
2442 3772 2695 3843 accolis
2761 3764 3118 3866 illius-loct

619 3860 927 3930 medicus
979 3874 1355 3950 putaretur.
1410 3868 1613 3931 Porro
1663 3863 2068 3954 recogitans,
2120 3884 2201 3930 ne
2243 3863 2694 3953 negotiatores
2743 3862 2829 3930 de
2877 3862 3117 3927 Orlente

614 3951 980 4031 venienteS,
1035 3972 1106 4018 se
1156 3962 1390 4020 notum
1445 3949 1768 4022 facerent.
1821 3951 1905 4019 ad
1958 3951 2456 4020 mediterranea
2482 3950 2657 4039 fugit
2691 3949 2866 4028 loca,
2919 3944 3114 4016 idest,

614 4037 935 4107 vicesimo
983 4060 1022 4107 a
1060 4039 1230 4107 mari
1270 4038 1613 4116 milliario,
1664 4040 1892 4127 ibique
1933 4040 2001 4109 in
2034 4039 2331 4127 quodam
2369 4040 2636 4110 deserto
2672 4037 2895 4128 agello
2927 4034 3120 4129 ligno-

618 4146 768 4193 rum
820 4127 1122 4212 quotidie
1151 4127 1400 4196 fascem
1454 4128 1775 4220 alligans,
1820 4130 2215 4218 imponebat
2243 4128 2448 4199 dorso
2482 4127 2834 4216 discipuli.
2887 4128 3023 4206 Quo
3057 4135 3119 4185 tn

619 4213 926 4303 proxima
975 4215 1129 4284 villa
1180 4217 1592 4298 venundato,
1646 4232 1710 4287 et
1758 4219 1887 4286 sibi
1918 4217 2345 4298 alimoniam,
2389 4217 2617 4296 ethis,
2670 4215 2792 4303 qui
2840 4212 3001 4281 forte
3043 4201 3118 4274 ad

614 4324 730 4373 eos
771 4303 1151 4386 veniebant,
1207 4305 1662 4394 pauxillulum
1720 4306 1917 4395 panis
1968 4308 2311 4376 emebant.

666 4431 692 4457 ⁸
721 4430 922 4474 scillcet.
939 4429 1152 4471 collectus
1169 4432 1220 4471 ln
1238 4433 1448 4472 sarcinas
1469 4433 1624 4479 rebus,
1641 4434 1698 4474 ut
1717 4435 2089 4483 asportarentur.
2324 4433 2379 4460 *¹⁸
2407 4433 2585 4477 Italica,
2612 4432 2725 4482 capo
2758 4431 2961 4469 tumre.
