3347 4999
210 324 381 392 OCT.
436 325 507 389 2⁴
910 343 988 388 nn
1036 342 1128 389 ss.
1184 341 1428 389 nasum
1475 343 1552 389 nr
1599 341 1902 391 sociemus
1949 343 2065 390 nn.
2537 324 2665 391 639

206 427 360 515 ejus
393 425 860 497 testimonium
904 424 1057 506 fuit,
1111 438 1176 494 et
1216 424 1406 495 nefas
1437 438 1541 497 est
1587 425 1928 507 dubitare,
1967 425 2152 513 quod
2198 425 2284 496 de
2324 439 2561 497 sancta
2596 449 2753 497 san-

209 528 380 596 ctae,
418 515 502 585 de
528 536 780 604 sponsa
815 535 1130 605 sponsae,
1168 513 1253 583 de
1285 514 1533 585 dilecta
1561 515 1849 585 dilectae
1876 536 2044 585 suae
2070 514 2402 585 Dominus
2426 515 2753 607 dignatus

208 616 310 675 est
354 603 676 675 revelare.

296 695 515 781 §²2
557 692 900 762 Glorietur
936 712 1099 781 ergo
1127 714 1207 763 su
1262 713 1425 761 erna
1473 691 1887 773 Jerusalem,
1935 706 1999 763 et
2030 691 2343 761 coelestis
2372 692 2492 762 illa
2531 693 2746 771 curia,

210 793 305 851 tot
352 781 677 872 ingenuis
722 779 993 850 civibus
1040 802 1201 870 amp
1238 780 1407 850 iata:
1448 781 1566 850 ubi
1606 802 1741 851 non
1777 794 1877 851 est
1912 802 2174 862 servus,
2214 792 2333 851 aut
2373 779 2569 863 liber,
2609 804 2752 851 ma-

209 868 447 941 sculus
479 883 600 939 aut
643 868 924 938 femina.
980 868 1321 939 Glorietur
1371 869 1749 949 Britannia,
1806 870 2125 957 quamvis
2172 869 2242 939 in
2293 872 2500 938 Adam
2551 890 2754 960 gene-

208 980 395 1039 rans,
452 959 796 1046 virgineae
846 971 1069 1027 tamen
1122 957 1378 1027 indolis
1414 957 1735 1028 fecunda.
1805 957 2144 1029 Glorietur
2192 958 2598 1039 Germania,
2656 970 2753 1028 tot

209 1046 621 1118 lectissimos
669 1046 916 1118 Oceani
977 1046 1181 1116 flores
1240 1046 1613 1136 excipiens.
1691 1045 2030 1118 Glorietur
2087 1051 2324 1128 Roma,
2380 1069 2749 1117 numerum

207 1136 584 1226 virginum,
614 1157 817 1223 quem
855 1148 1234 1225 acceperat,
1278 1134 1592 1205 reddens.
1622 1135 1961 1206 Glorietur
1994 1134 2292 1217 Colonia,
2332 1135 2534 1205 talem
2563 1135 2748 1227 apud

209 1246 281 1295 se
329 1224 729 1294 thesaurum
783 1224 1109 1294 retinens
1149 1224 1490 1295 Gloriatur
1521 1224 1716 1295 beata
1758 1224 1875 1293 illa
1924 1224 2558 1294 sanctimonialium
2588 1246 2751 1294 con-

210 1313 538 1414 gregatio,
596 1326 688 1383 tot
736 1325 1129 1383 sanctarum
1184 1313 1558 1403 virginum,
1612 1313 1870 1400 quibus
1918 1313 2155 1383 devote
2202 1311 2605 1393 famulatur,
2642 1335 2747 1403 pa·

210 1402 519 1471 trociniis
555 1401 639 1471 de
675 1414 1003 1493 perpetua
1053 1399 1274 1472 salute
1338 1423 1812 1491 praesumens.
1866 1400 2231 1472 Benedicta
2281 1401 2495 1492 igitur
2533 1402 2752 1493 gloria

210 1490 482 1560 Domini
530 1490 614 1559 de
663 1490 811 1560 loco
851 1502 1110 1560 sancto.
1149 1495 1280 1559 Vos
1310 1502 1563 1572 autem,
1602 1490 2189 1570 sanctimoniales,
2226 1503 2320 1560 tot
2350 1490 2746 1560 coelestium
2842 1572 2849 1579 ,

211 1600 643 1670 gemmarum
688 1579 1110 1659 servatriceS,
1155 1577 1344 1648 fideli
1391 1580 1721 1666 obsequio
1776 1577 2167 1669 specialiter
2204 1580 2513 1669 satagite,
2566 1592 2643 1648 ut
2692 1578 2750 1648 si

210 1667 293 1737 ad
346 1668 798 1738 centesimum
854 1667 951 1737 vel
997 1668 1500 1768 sexagesimum
1538 1668 1837 1738 fructum
1877 1690 2010 1738 non
2054 1668 2464 1758 pertingitis,
2507 1666 2745 1737 saltem

210 1769 366 1846 post
411 1756 697 1847 vestigia
746 1778 982 1829 earum
1047 1755 1321 1826 divinae
1367 1757 1883 1827 misericordiae
1923 1756 2152 1858 spicas
2186 1756 2449 1846 legatis.
2499 1760 2751 1827 Omnes

208 1845 410 1915 etiam
446 1845 516 1913 in
552 1866 922 1915 commune
958 1845 1395 1915 sanctissima
1435 1867 1670 1916 earum
1715 1845 2091 1936 patrocinia
2129 1843 2524 1915 humillime
2556 1844 2750 1935 flagi-

213 1945 462 2015 temus,
502 1944 579 2003 ut
625 1932 788 2021 quia
824 1933 907 2003 ad
948 1933 1269 2005 socialem
1306 1956 1465 2004 cum
1510 1934 1681 2024 ipsis
1729 1934 2018 2025 gloriam
2056 1933 2414 2024 adspirare
2462 1955 2586 2003 nec
2632 1955 2752 2004 au-

212 2021 499 2104 demus,
571 2043 693 2092 nec
745 2043 1141 2112 possumus:
1211 2035 1440 2107 tamen
1493 2023 1655 2109 quia
1715 2023 1782 2091 in
1840 2022 2045 2093 domo
2093 2018 2311 2093 Patris
2361 2022 2752 2091 mansiones

213 2109 473 2180 multae
506 2125 691 2191 sunt,
727 2132 962 2181 earum
993 2111 1256 2181 meritis
1306 2111 1922 2198 patrocinantibus,
1963 2112 2030 2181 in
2066 2110 2337 2181 coelesti
2370 2109 2745 2182 Jerusalem

212 2197 315 2267 vel
369 2198 781 2269 novissimae
815 2200 1015 2270 sortis
1052 2199 1559 2290 municipatum
1603 2201 2006 2290 capiamus:
2045 2212 2431 2291 praestante
2467 2199 2752 2270 Domino

211 2299 443 2356 nostro
471 2293 637 2359 Jesu
686 2288 972 2369 ChristO,
1011 2290 1130 2376 qui
1183 2311 1343 2359 cum
1384 2295 1575 2358 Patre
1624 2302 1691 2358 et
1741 2289 2002 2380 Spiritu
2038 2295 2285 2360 Sancto
2321 2289 2482 2360 vivit
2514 2304 2579 2359 et
2607 2289 2752 2380 glo·

212 2375 432 2445 riatur
471 2381 647 2448 Deus
689 2377 754 2446 in
809 2377 1041 2448 secula
1074 2377 1493 2459 seculorum,
1533 2381 1770 2447 Amen.

205 2575 569 2674 Hucusque
628 2573 913 2642 historia
974 2582 1364 2642 sanctarum
1421 2574 1768 2663 virqz‘num
1814 2575 1885 2643 in
1942 2575 2219 2642 vetustis
2273 2575 2751 2662 manuscriptis

304 2661 640 2730 codicibus
690 2663 961 2764 ἱερέων.
1028 2663 1248 2731 Visum
1295 2671 1390 2731 est
1443 2673 1670 2731 autem
1734 2662 1891 2732 huie
1936 2663 2341 2752 subjunqere
2390 2664 2741 2740 nonnulla,

296 2771 472 2840 quae
521 2751 591 2818 in
623 2761 900 2841 antiquo
946 2773 1108 2820 sane
1156 2751 1376 2820 codice
1410 2752 1871 2841 manuscripto
1919 2751 2270 2830 habentur,
2310 2751 2551 2841 quibus
2600 2772 2750 2839 pos·

294 2849 449 2907 sunt
489 2840 829 2927 confutari
858 2841 989 2919 illi,
1030 2841 1152 2931 qui
1176 2841 1489 2928 fabulosa
1536 2863 1673 2909 esse
1697 2849 1972 2929 putant,
2011 2862 2186 2930 quae
2219 2840 2298 2907 de
2349 2839 2751 2908 beatissimis

299 2927 402 2996 his
459 2929 837 3019 Virqt'm'bus
882 2939 1278 2998 narrantur.

295 3088 333 3173 ἓ
379 3090 532 3157 ²3.
565 3091 705 3156 Non
743 3100 996 3167 autem,
1039 3087 1284 3174 inquit,
1328 3085 1933 3187 praetereundum,
1975 3107 2099 3155 nec
2155 3084 2426 3154 silentio
2476 3086 2752 3174 suppri-

206 3174 536 3244 mendum
588 3197 735 3244 esse
770 3175 1287 3263 videtur,·quod
1325 3198 1392 3243 in
1435 3197 1551 3245 ore
1588 3174 1995 3262 nostratium
2035 3172 2609 3275 (coloniensium)
2657 3187 2750 3245 te-

206 3264 362 3332 naci
415 3264 744 3333 memoria
777 3286 1049 3363 semper
1080 3264 1364 3333 omnino
1422 3262 1953 3352 diligentissime
1987 3276 2357 3343 servatum,
2400 3262 2742 3353 religiosis

204 3351 601 3453 frequenter
648 3351 1010 3438 colloquiis
1062 3352 1376 3433 volvitur,
1414 3351 1742 3422 credibile
1789 3351 2020 3432 etiam,
2058 3363 2122 3421 et
2161 3365 2279 3422 aut
2326 3374 2589 3433 verum,
2629 3365 2749 3423 aut

209 3439 811 3512 verisimillimum
851 3462 984 3509 non
1025 3454 1333 3530 negatur.
1380 3440 1682 3528 Denique
1720 3441 2018 3530 plurima
2053 3461 2175 3531 per
2203 3440 2555 3532 opinionis
2582 3464 2750 3511 con-

193 3531 539 3622 jecturam
599 3529 978 3617 probantur
1013 3551 1162 3599 esse
1194 3529 1608 3619 conscripta,
1660 3532 1918 3617 quibus
1953 3542 2179 3599 tamen
2215 3528 2406 3600 nulla
2432 3552 2744 3618 unquam

204 3616 582 3689 auctoritas
611 3616 947 3705 refragata
972 3630 1096 3687 est.
1128 3617 1462 3688 Mendacii
1491 3640 1791 3705 namque
1826 3632 2052 3689 notam
2084 3631 2261 3688 recte
2305 3640 2743 3707 nequaquam

203 3705 523 3787 incurrit,
576 3705 695 3791 qui
745 3705 1048 3775 veritatis
1078 3707 1394 3797 indagini
1423 3728 1501 3777 ex
1545 3708 1910 3798 majorum,
1945 3707 2334 3794 horumque
2366 3706 2746 3777 admodum

206 3795 687 3886 religiosorum
742 3793 1127 3876 traditione,
1180 3797 1968 3884 convenientissimoque
2016 3795 2301 3867 rationis
2338 3795 2607 3886 judicio
2645 3816 2746 3866 se·

205 3884 417 3954 dulus
451 3896 855 3970 cautusque,
905 3897 1242 3970 quantum
1294 3884 1379 3954 ad
1431 3908 1525 3966 se,
1580 3885 1868 3956 librator
1918 3885 2195 3956 insistit.
2235 3889 2399 3954 Nam
2441 3906 2568 3953 cur
2605 3905 2748 3953 coe-

205 3973 398 4043 lestis
447 3972 661 4061 hujus
699 3974 1037 4042 exercitus
1085 3996 1124 4043 a
1158 3973 1500 4064 principio
1534 3988 1724 4064 gesta
1755 3972 1964 4044 simul
2006 3985 2070 4043 et
2105 3972 2363 4064 proelia
2405 3994 2538 4041 non
2575 3971 2744 4042 scri-

205 4062 555 4143 berentur,
609 4074 684 4132 ut
731 4062 830 4131 sic
877 4061 1156 4132 demum
1207 4062 1454 4163 purius
1500 4075 1567 4133 et
1612 4062 1917 4133 lucidius
1963 4061 2048 4132 ad
2080 4084 2282 4132 aures
2332 4061 2747 4152 posteritatis

208 4152 834 4221 transmitterentur
859 4205 874 4231 ,
911 4162 1165 4238 quotus
1201 4174 1271 4220 1n
1323 4152 1514 4221 omni
1555 4164 1757 4242 gente
1806 4151 2047 4221 mirari
2082 4151 2346 4232 debeat,
2395 4173 2553 4220 cum
2590 4173 2747 4221 cau·

208 4261 356 4310 sam
408 4239 619 4330 hujus
668 4262 751 4310 ne
804 4239 1127 4331 ligentiac
1173 4240 1567 4310 communis
1617 4261 1790 4332 pene
1835 4240 2147 4311 omnium
2203 4262 2288 4331 po
2342 4240 2616 4311 ulorum
2658 4239 2748 4309 af·

207 4327 421 4399 flictio
473 4350 593 4417 per
640 4331 764 4399 bar
815 4352 1009 4409 aros,
1064 4329 1173 4400 his
1226 4329 1521 4399 maxime
1582 4329 1985 4421 regionibus
2043 4328 2299 4400 debacc
2355 4342 2586 4411 antes,
2640 4329 2746 4398 in-

204 4416 394 4488 flicta
443 4417 850 4507 perdoceat?
878 4424 1001 4490 Per
1048 4441 1256 4508 quarn
1307 4418 1510 4490 etiam
1562 4419 1693 4491 hoc
1732 4417 1991 4492 sactum
2040 4431 2165 4504 est,
2217 4433 2295 4492 ut
2340 4417 2741 4492 earumdem
