3347 4999
206 333 385 399 OCT.
438 334 523 397 25
925 351 1004 397 ns
1058 351 1113 396 s.
1168 349 1427 396 mutarn
1475 348 1685 395 mcum
1733 349 1809 395 ar
1855 350 2044 396 naar.
2542 332 2670 396 '71¹5

208 435 393 506 felici
443 434 702 521 ubique
747 456 992 504 cruore
1029 434 1434 503 rubuerunt.
1491 438 1568 502 Et
1600 439 1815 502 Roma
1867 431 2150 520 quidem
2183 487 2199 513 ‚
2259 455 2439 520 quae
2489 434 2762 504 cunctis

206 524 509 595 urbibus
554 536 764 614 caput
811 523 1020 593 altius
1066 522 1421 603 extulerat,
1457 521 1861 612 generosius
1903 542 2180 610 quoque
2212 522 2296 591 ad
2351 523 2759 612 martyrium

208 613 516 705 plurimo
563 634 725 682 cum
797 612 1013 681 milite
1075 611 1427 702 processit.
1496 610 1642 681 Illis
1707 631 1874 679 sane
1920 610 2169 681 diebus
2231 612 2471 681 beatus
2534 613 2762 682 Sixtus

206 700 515 773 Pontifex
554 701 589 736 ⁴*
635 700 936 791 gloriosa
983 702 1072 771 ob
1119 700 1621 771 confessionem
1673 699 1945 769 Domini
2014 699 2335 790 passione
2387 700 2757 779 occubuit;

206 790 621 861 Laurentius
671 811 827 862 vero
885 788 1428 860 Archidiaconus
1474 788 1672 877 ejus,
1735 788 1895 878 igne
1942 801 2288 860 crematus
2318 843 2333 867 ‚
2406 810 2762 859 summum

204 880 705 949 invictissimae
776 877 937 948 fidei
1011 878 1329 969 praebuit
1399 877 1819 966 exemplum.
1899 881 2041 947 Hoc
2112 877 2493 967 sanguineo
2573 877 2765 946 dirae

205 990 491 1039 mensae
537 967 743 1057 epulo
792 979 1130 1057 tyrannus
1180 988 1314 1036 non
1365 978 1841 1046 exsaturatur;
1894 965 2012 1036 sed
2049 965 2231 1035 sicut
2263 966 2484 1057 tigris,
2519 966 2767 1036 hausto

202 1056 422 1128 semel
474 1057 838 1147 sanguine,
879 1055 1179 1146 pollutas
1229 1077 1364 1126 non
1411 1055 1667 1146 patitur
1704 1076 2184 1125 mansuescere
2218 1053 2475 1136 fauceS,
2518 1054 2763 1125 arden·

202 1148 350 1216 tius
383 1147 455 1215 in
489 1167 723 1215 necem
759 1145 1348 1227 Christicolarum,
1380 1145 1642 1232 siquos
1676 1144 1772 1213 ibi
1800 1144 2157 1224 inveniret,
2197 1143 2586 1235 ingreditur
2618 1142 2770 1214 Flo-

141 1261 153 1274 ·
203 1235 532 1305 rentiam.
587 1240 773 1317 Quae
821 1234 1064 1306 civitas
1097 1234 1413 1304 odoranti
1460 1232 1762 1320 quadam
1820 1247 1984 1302 tunc
2033 1234 2362 1303 vernabat
2402 1256 2590 1304 rosa:
2629 1253 2768 1319 quo

204 1325 379 1394 flore
425 1325 515 1394 ob
563 1324 855 1393 rubeum
911 1323 1365 1413 purpurantis
1413 1327 1787 1412 Martyrum
1858 1321 2226 1412 sanguinis
2288 1321 2588 1394 colorem
2623 1376 2640 1403 ,
2693 1321 2763 1390 in

203 1412 394 1483 bello
428 1411 793 1481 redimitur
824 1426 1041 1481 mater
1072 1411 1397 1493 Ecclesia,
1435 1411 1615 1481 sicut
1651 1412 1742 1482 ob
1774 1411 2085 1498 quietum
2119 1410 2572 1482 confessionis
2601 1431 2765 1480 can-

203 1502 448 1572 dorem
492 1501 561 1569 in
604 1522 768 1591 pace
817 1501 1022 1570 habet
1063 1501 1231 1570 lilia.

298 1592 335 1677 ξ
387 1596 471 1661 2.
528 1590 896 1660 Habitabat
944 1589 1126 1659 enim
1184 1589 1276 1659 ibi
1332 1588 1529 1658 miles
1576 1587 1860 1670 electuS,
1922 1587 2268 1658 thoracem
2321 1587 2458 1658 fide
2507 1600 2764 1659 textum

211 1680 499 1749 robusto
546 1691 825 1769 gestans
888 1680 956 1747 in
1025 1692 1336 1768 pectore;
1388 1679 1507 1764 qui
1559 1678 1625 1747 in
1681 1676 2019 1748 suburbio
2075 1699 2114 1746 a
2182 1676 2518 1746 ministris
2584 1675 2768 1746 Decii

201 1767 794 1858 comprehensus,
849 1767 1455 1854 conditionemque
1504 1787 1583 1836 ac
1636 1787 1883 1835 nomen
1937 1766 2438 1856 interrogatus:
2495 1787 2531 1832 «
2575 1766 2769 1834 Chri-

209 1856 498 1935 stianae,
555 1856 801 1943 inquit,
863 1855 1308 1945 professionis
1357 1878 1562 1935 sum;
1619 1855 1864 1925 Minias
1892 1855 1963 1889 ⁴*
2013 1868 2241 1924 autem
2295 1853 2466 1922 mihi
2510 1875 2759 1924 nomen

209 1957 316 2017 est
349 1946 672 2015 inditum.
708 1968 743 2011 »
794 1950 1031 2033 Itaque
1080 1959 1214 2015 tam
1271 1943 1612 2033 intrepida
1672 1944 1810 2012 veri
1866 1943 1973 2012 Dei
2025 1942 2256 2013 cultus
2303 1943 2768 2013 assertio-ma—

213 2056 431 2125 gnum
494 2034 1009 2104 sciscitantibus
1060 2033 1358 2104 furorem
1419 2031 1757 2112 accendit,
1814 2031 2255 2121 gaudentque
2295 2030 2603 2100 scelerati
2658 2053 2768 2100 sa·

216 2122 468 2193 tellites
517 2144 590 2192 se
633 2123 1000 2201 invenisse,
1053 2145 1257 2209 quem
1301 2121 1745 2210 Imperatoris
1793 2120 2168 2190 crudelitas
2214 2120 2593 2190 oblectetur
2639 2142 2770 2209 pu-

223 2212 399 2280 nire.
455 2216 847 2281 Retractum
920 2213 1131 2301 igitur
1175 2234 1256 2281 ex
1324 2210 1563 2278 itinere
1596 2263 1611 2288 ,
1665 2230 1744 2277 ac
1812 2221 2140 2279 statutum
2198 2231 2322 2299 pro
2385 2207 2764 2289 tribunali,

217 2300 467 2369 Decius
516 2299 710 2369 vultu
742 2311 808 2369 et
842 2322 1002 2370 voce
1054 2299 1306 2368 minaci
1356 2296 1825 2387 compellans:
1886 2321 1920 2364 «
1952 2303 2052 2367 Tu
2084 2320 2168 2366 ne
2199 2319 2294 2378 es,
2349 2297 2596 2385 inquit,
2652 2298 2771 2365 Mi-

217 2388 397 2468 niaS‚
429 2388 546 2474 qui
583 2402 809 2456 mente
835 2389 1115 2457 sinistra
1144 2386 1638 2457 immortalium
1672 2386 2009 2476 majestati
2037 2387 2322 2457 deorum
2351 2387 2763 2465 obtrectans,

217 2487 427 2547 totam
477 2475 851 2547 conturbas
905 2477 1355 2567 provinciam,
1412 2475 1865 2546 Christianam
1922 2476 2154 2547 nescio
2201 2497 2409 2564 quam
2463 2477 2763 2566 ineptam

216 2565 646 2656 persuadens
683 2565 1140 2657 religionem?
1183 2589 1217 2632 »
1268 2571 1458 2636 Tunc
1490 2565 1641 2635 ille:
1702 2587 1736 2631 «
1767 2566 2048 2647 Minias,
2104 2566 2352 2652 inquit,
2406 2587 2531 2654 ego
2581 2586 2761 2643 sum,

215 2676 457 2725 servus
504 2677 585 2724 ac
636 2655 906 2725 vinctus
953 2655 1111 2725 Jesu
1163 2655 1434 2735 Christi,
1475 2654 1604 2722 vivi
1637 2677 1717 2723 ac
1751 2655 1889 2723 veri
1930 2653 2423 2743 omnipotentis
2475 2654 2612 2733 Dei,
2649 2653 2769 2737 qui

214 2756 279 2812 te
332 2764 498 2813 suae
555 2756 1094 2834 contemptorem
1157 2743 1569 2835 disciplinae
1621 2755 1949 2833 perpetuo
1998 2742 2371 2812 destinabit
2419 2740 2763 2820 incendio,

213 2832 353 2903 nisi
392 2832 480 2901 ab
532 2833 818 2902 istorum
873 2833 1275 2904 discesseris
1322 2833 1642 2911 cultura,
1697 2831 1956 2917 quibus
1996 2832 2247 2922 spiritu
2297 2831 2471 2899 vitae
2506 2830 2765 2908 vacuis,

216 2934 291 2991 tu
319 2921 605 3012 profana
632 2943 879 2991 caecus
905 2922 1275 3003 dementis,
1305 2943 1541 3011 preces
1577 2919 1811 2989 fundis
1833 2943 1913 2989 ac
1942 2941 2188 2990 curvas
2217 2941 2467 3009 genua.
2502 2917 2767 2987 Etenim

211 3031 295 3080 ea
358 3010 636 3080 demum
688 3023 984 3081 extrema
1044 3025 1146 3081 est
1205 3011 1521 3091 insania,
1584 3008 1871 3077 adorare
1941 3007 2218 3077 metalla
2278 3019 2342 3076 et
2390 3005 2579 3098 ligna
2616 3061 2631 3086 ,
2695 3005 2765 3074 in

212 3098 471 3186 quibus
518 3099 642 3169 etsi
692 3101 931 3170 artifex
983 3101 1360 3170 humanam
1396 3096 1732 3187 expressit
1765 3097 2166 3186 imaginem,
2214 3097 2501 3166 rationis
2536 3108 2765 3165 tamen

204 3209 497 3261 sensum
549 3199 615 3256 et
660 3187 1041 3258 divinitatis
1089 3189 1431 3278 inspirare
1479 3206 1615 3255 non
1664 3186 1884 3273 potuit
1937 3185 2362 3275 potentiam:
2414 3184 2672 3272 quibus
2713 3184 2768 3253 si

219 3276 548 3357 honorem
601 3298 681 3345 ac
715 3277 1056 3346 sacrificia
1107 3298 1326 3355 voves,
1381 3274 1902 3345 convenientius
1955 3272 2171 3344 multo
2210 3275 2506 3344 maxime
2538 3285 2664 3353 est,
2701 3283 2773 3342 ut

215 3385 456 3432 eorum
511 3364 756 3434 adores
804 3364 1057 3446 fabros,
1107 3387 1213 3445 ne,
1272 3365 1381 3432 his
1432 3362 1746 3432 videlicet
1797 3362 2150 3451 neglectis,
2208 3384 2340 3432 non
2395 3362 2603 3432 libeat
2642 3382 2773 3429 nu-

221 3451 409 3520 mina
445 3450 738 3521 formare
761 3476 962 3540 quae,
1000 3467 1070 3522 ut
1099 3466 1172 3522 tu
1205 3453 1455 3531 credis,
1490 3464 1553 3522 te
1579 3472 2012 3541 regnumque
2041 3464 2238 3521 tuum
2272 3451 2403 3521 sub
2438 3450 2772 3521 continua

220 3562 387 3630 pace
421 3552 484 3609 et
519 3539 991 3612 incolumitate
1034 3541 1298 3631 possint
1333 3541 1531 3610 tueri.
1573 3563 1607 3606 »

308 3631 345 3716 ἓ
391 3633 483 3699 8.
529 3634 697 3698 Tum
764 3643 1104 3719 tyrannus
1150 3627 1517 3700 confusum
1570 3650 1643 3697 se
1701 3631 2074 3700 autumans
2108 3683 2125 3710 ,
2183 3628 2242 3697 si
2293 3628 2496 3698 fixam
2543 3627 2775 3697 adole-

222 3717 524 3788 scentiae
551 3728 618 3786 et
645 3718 1069 3789 immobilem
1094 3720 1548 3788 constantiam
1574 3718 2117 3807 inexpugnatam
2148 3717 2513 3803 relinquat,
2550 3716 2773 3807 primo

219 3806 855 3878 blandimentorum
887 3808 1101 3877 armis
1122 3808 1543 3887 succinctus,
1566 3826 1895 3896 superare
1921 3827 2070 3874 eam
2091 3804 2514 3895 aggreditur,
2539 3805 2777 3892 sicque

216 3917 505 3966 exorsus
534 3907 667 3965 est:
704 3919 738 3963 «
767 3901 997 3968 Annos
1039 3895 1300 3966 vividae
1322 3895 1706 3983 juventutis
1748 3907 1904 3963 tuae
1934 3895 2349 3983 abrumpere
2383 3894 2770 3973 horremus,

222 3984 459 4056 florem
497 3984 950 4085 speciositatis
992 3998 1148 4055 tuae
1195 3984 1433 4074 poenis
1465 3983 1736 4054 afficere
1772 3981 2137 4073 indignum
2172 3982 2614 4071 Judicamus:
2656 3980 2770 4051 sed

217 4072 505 4143 deorum
536 4074 850 4163 injuriae,
893 4075 1152 4162 quibus
1187 4073 1623 4162 pertinaciter
1647 4093 1729 4141 ac
1766 4070 2173 4161 blasphemo
2206 4093 2323 4141 ore
2352 4070 2771 4158 obloqueris,

222 4163 636 4253 sacrilegum
669 4176 773 4234 est
818 4185 954 4234 non
991 4162 1357 4233 contraire.
1410 4160 1704 4232 Consule
1752 4181 1917 4250 ergo
1954 4160 2021 4228 in
2078 4159 2411 4241 medium,
2468 4172 2545 4230 ut
2590 4173 2656 4230 et
2703 4158 2773 4227 in

272 4358 298 4384 ⁸
328 4360 537 4410 scriptor
555 4362 718 4398 noster
739 4353 815 4395 hic
835 4356 882 4395 in
903 4364 1113 4396 errorem
1134 4350 1313 4398 incidit,
1331 4362 1476 4402 quum
1496 4353 1679 4413 certum
1701 4352 1764 4391 stt:
1792 4351 1836 4392 8.
1855 4351 2055 4402 xyatum
2077 4353 2124 4391 et
2154 4352 2196 4393 S.
2221 4348 2530 4392 Laurentium
2564 4349 2784 4402 martyra

223 4411 836 4511 eoggnffitzdeffgltffiffcfae'
854 4409 904 4449 tu
923 4405 1253 4458 persecutione
1275 4406 1511 4447 Valeriam
1533 4407 1846 4456 imperatoris.
