3347 4999
682 323 810 387 6t4
1439 342 1514 386 ni:
1564 341 1617 386 s.
1667 337 2007 385 fflLAmoNE
2054 338 2292 385 Anaua
2823 319 2995 385 OCT.
3049 321 3125 385 ’21

591 424 893 505 Elusam,
946 445 1023 493 eo
1064 423 1229 494 forte
1280 424 1413 505 die,
1451 446 1586 511 quo
1621 422 2091 493 anniversaria
2126 422 2525 492 solemnitas
2572 442 2845 491 omnem
2886 444 2975 523 op
3033 423 3137 492 idi

594 513 924 603 populum
966 513 1030 581 in
1087 512 1417 603 templum
1475 513 1748 581 Veneris
1788 524 2341 602 congregaverat.
2376 511 2619 581 Colunt
2665 525 2892 582 autem
2935 510 2978 579 ιΙ
3014 535 3130 581 am

590 603 677 673 ob
713 602 1127 682 Luciferum,
1180 603 1379 690 cujus
1427 601 1648 672 cultui
1691 606 2184 671 Saracenorum
2232 600 2414 669 natio
2453 599 2684 668 dedita
2729 613 2853 668 est.
2899 599 3023 669 Sed
3062 613 3132 670 et

591 691 820 779 ipsum
871 689 1202 779 oppidum
1255 713 1335 760 ex
1398 713 1645 779 magna
1701 703 1888 779 parte
1938 690 2486 759 semibarbarum
2539 702 2641 757 est
2676 700 2952 778 propter
2992 688 3130 759 loci

590 779 823 850 situm.
880 779 1098 868 Igitur
1144 779 1403 860 audito,
1458 779 1640 866 quod
1693 793 1972 849 sanctus
2014 778 2316 847 Hilarion
2374 777 2767 868 praeteriret
2836 777 3128 867 (multos

588 868 769 937 enim
846 872 1337 941 Saracenorum
1413 881 1721 957 arreptos
1769 891 1803 936 a
1855 867 2187 937 daemone
2257 867 2645 954 frequenter
2703 866 3118 955 curaverat),

588 957 920 1046 gregatim
972 957 1032 1025 ei
1082 979 1241 1025 cum
1295 957 1623 1027 uxoribus
1670 969 1734 1025 et
1785 956 2017 1025 liberis
2050 956 2317 1025 obviam
2359 976 2767 1045 processere,
2826 955 3125 1025 submit-

592 1056 804 1117 tentes
843 1044 1042 1123 colla,
1096 1056 1160 1114 et
1195 1066 1352 1114 voce
1408 1049 1598 1135 Syra,
1649 1047 1934 1126 Barach,
1978 1043 2041 1113 id
2101 1058 2224 1124 est,
2286 1045 2573 1124 benedic,
2641 1044 3117 1115 inclamantes.

590 1140 772 1217 Quos
822 1134 937 1203 ille
984 1133 1233 1203 blande
1289 1134 1775 1221 humiliterque
1848 1133 2276 1220 suscipiens,
2331 1132 2734 1202 obsecrabat
2782 1145 2856 1201 ut
2907 1137 3121 1203 Deum

591 1222 834 1312 magis,
874 1245 1080 1308 quam
1134 1222 1398 1307 lapides
1436 1222 1771 1304 colerent;
1828 1221 2173 1309 simulque
2219 1221 2513 1291 ubertim
2566 1221 2791 1302 flebat,
2845 1221 3116 1291 coelum

589 1324 931 1400 spectan5‚
985 1324 1049 1380 et
1116 1311 1470 1401 pollicens,
1527 1313 1580 1380 si
1635 1312 1897 1382 Christo
1960 1310 2351 1390 crederent,
2426 1309 2509 1379 ad
2582 1332 2697 1380 eos
2760 1331 2832 1378 se
2879 1311 3119 1379 crebro

590 1421 740 1467 esse
773 1411 1162 1469 venturum.
1211 1401 1370 1468 Mira
1428 1400 1690 1469 Domini
1743 1400 1995 1489 gratial
2056 1421 2185 1469 non
2226 1400 2418 1488 prius
2467 1398 2655 1468 abire
2700 1399 2877 1488 passi
2931 1411 3114 1477 sunt,

589 1510 795 1575 quam
833 1488 1105 1558 futurae
1152 1488 1477 1558 ecclesiae
1540 1488 1790 1557 lineam
1856 1490 2186 1557 mitteret:
2231 1502 2295 1558 et
2354 1488 2671 1559 sacerdos
2718 1509 2976 1568 eorum,
3030 1499 3113 1556 ut

586 1590 732 1647 erat
778 1589 1168 1657 coronatuS,
1224 1577 1467 1647 Christi
1519 1578 1717 1666 signo
1764 1577 2225 1647 denotaretur.

673 1668 708 1753 ξ
758 1669 888 1738 12.
944 1666 1086 1734 Alio
1133 1687 1406 1753 quoque
1453 1688 1657 1747 ann0‚
1706 1688 1860 1735 cum
1914 1666 2222 1736 exiturus
2270 1678 2445 1734 esset
2492 1664 2574 1733 ad
2628 1663 2913 1734 visenda
2963 1685 3106 1732 mo-

591 1754 909 1834 nasteria,
954 1765 1019 1823 et
1067 1754 1403 1844 digereret
1452 1755 1517 1823 in
1570 1754 1921 1835 schedula,
1975 1755 2156 1844 apud
2222 1776 2393 1841 quos
2446 1775 2722 1822 manere
2753 1808 2768 1834 ,
2823 1774 2996 1839 quos
3047 1752 3114 1820 iu

590 1844 882 1913 transitu
933 1844 1204 1912 visitare
1238 1843 1532 1924 deberet,
1576 1844 1864 1913 scientes
1909 1842 2224 1912 monachi
2256 1842 2624 1930 quemdam
2668 1841 2753 1911 de
2791 1840 3121 1911 fratribus

589 1932 990 2023 parciorem,
1045 1932 1390 2019 simulque
1436 1933 1791 2020 cupientes
1836 1931 1991 2000 vitio
2058 1932 2210 2019 ejus
2275 1930 2553 2012 mederi,
2625 1932 2981 2021 rogabant,
3037 1940 3116 2000 ut

588 2021 769 2122 apud
813 2043 968 2090 eum
1010 2035 1332 2090 maneret.
1374 2026 1447 2090 Et
1498 2021 1652 2090 ille:
1700 2044 1734 2086 «
1771 2020 1970 2102 Quid,
2025 2020 2267 2108 inquit,
2314 2018 2516 2089 vultis
2557 2033 2619 2089 et
2678 2019 2866 2088 vobis
2932 2019 3123 2105 inju-

589 2132 787 2189 r1am,
830 2123 893 2179 et
942 2109 1131 2178 fratri
1198 2111 1613 2180 vexationem
1662 2108 1934 2179 facere?
1984 2133 2017 2175 »
2068 2109 2255 2190 Quod
2324 2120 2682 2197 postquam
2741 2108 2949 2176 frater
3002 2106 3118 2177 ille

588 2220 839 2298 parcus
887 2197 1182 2280 audivit,
1236 2197 1547 2278 erubuit,
1601 2210 1664 2267 et
1712 2198 2183 2267 annitentibus
2231 2197 2524 2278 cunctiS,
2591 2197 2696 2265 vix
2758 2197 2843 2265 ab
2897 2196 3112 2265 invito

587 2285 997 2375 impetravit,
1044 2299 1118 2354 ut
1176 2309 1377 2355 suum
1419 2309 1694 2373 quoque
1745 2286 2234 2356 monasterium
2305 2286 2370 2354 in
2436 2285 2870 2354 mansionum
2925 2284 3114 2354 ordi-

589 2396 741 2443 nem
784 2385 1082 2463 poneret.
1140 2380 1291 2443 Post
1339 2374 1519 2444 diem
1560 2397 1722 2463 ergo
1771 2374 2112 2444 decimum
2167 2373 2608 2443 veneruntad
2651 2395 2835 2454 eum,
2890 2386 3118 2443 custo-

584 2462 792 2533 dibus
833 2462 976 2552 jam
1032 2463 1097 2531 in
1152 2464 1368 2544 vinea,
1415 2485 1552 2551 qua
1603 2463 1906 2533 venirent
1959 2463 2080 2543 illi,
2134 2461 2521 2554 dispositis:
2561 2461 2675 2550 qui
2728 2485 2886 2532 cum
2942 2462 3120 2553 lapi-

584 2551 791 2622 dibus
838 2568 903 2621 et
951 2551 1302 2641 glebarum
1358 2552 1574 2641 jactu,
1631 2552 2396 2644 fundaeque.vertigine
2446 2551 2844 2622 accedentes
2897 2551 3119 2621 deter-

588 2642 837 2721 rerent,
893 2641 1040 2710 sine
1078 2662 1197 2710 esu
1241 2663 1411 2710 uvae
1450 2663 1647 2710 mane
1688 2664 1926 2711 omnes
1972 2641 2248 2731 profecti
2295 2654 2478 2717 sunt,
2536 2641 2796 2710 ridente
2830 2662 3017 2722 sene,
3056 2650 3121 2709 et

581 2729 1066 2799 dissimulante
1115 2730 1321 2810 scire,
1383 2729 1561 2816 quod
1615 2745 1948 2799 evenerat.
2023 2734 2227 2800 Porro
2293 2730 2590 2819 suscepti
2640 2730 2725 2798 ab
2776 2729 2914 2798 alio
2968 2751 3122 2798 mo-

586 2818 830 2899 nacho,
885 2819 998 2887 cui
1049 2818 1259 2889 Sabas
1312 2817 1715 2888 vocabulum
1767 2831 1868 2887 est
1911 2817 2275 2908 (debemus
2315 2819 2431 2904 qui
2490 2840 2572 2908 pe
2637 2818 2823 2918 parci
2893 2830 3117 2887 tacere

585 2906 1021 2985 vocabulum,
1060 2906 1232 2997 largi
1267 2905 1543 2995 dicere):
1597 2908 1758 2994 quia
1814 2907 2206 2976 Dominicus
2244 2920 2387 2975 erat
2477 2907 2594 2986 ies,
2643 2906 3119 2977 invitabantur

584 2995 670 3065 ab
719 3018 796 3065 eo
844 2996 1149 3065 universi
1200 2996 1266 3064 in
1322 2996 1632 3078 vineam,
1703 3010 1776 3065 ut
1823 3007 1979 3065 ante
2036 2996 2270 3065 horam
2323 2995 2496 3075 cibi,
2567 3017 2857 3065 uvarum
2917 3008 3120 3084 pastu

585 3084 887 3154 laborem
965 3084 1107 3152 viae
1179 3084 1636 3156 sublevarent.
1691 3090 1783 3154 Et.
1822 3088 2150 3154 Sanctus:
2198 3107 2232 3150 «
2300 3083 2738 3165 Maledictus,
2808 3084 2943 3165 ait,
2999 3084 3120 3171 qui

587 3173 780 3262 prius
833 3172 1259 3242 refectionem
1323 3173 1651 3262 corporis,
1706 3195 1911 3260 quam
1972 3173 2265 3254 animae,
2320 3171 2709 3259 quaesierit.
2776 3176 3109 3252 OremuS‚

586 3260 988 3351 psallamuS,
1044 3260 1414 3331 reddamus
1465 3262 1750 3331 Domino
1784 3260 2109 3332 officium.
2166 3261 2364 3330 etsie
2412 3260 2494 3330 ad
2549 3261 2812 3330 vineam
2869 3282 3119 3361 prope-

584 3349 847 3418 rabitis,
891 3373 926 3414 »
979 3348 1320 3439 Completo
1362 3351 1586 3436 itaque
1638 3351 2041 3431 ministerio,
2085 3351 2149 3418 in
2195 3349 2480 3420 sublimi
2515 3360 2727 3432 stanS‚
2765 3349 3113 3419 benedixit

587 3437 846 3514 vineae,
900 3449 963 3505 et
1010 3459 1173 3506 suas
1243 3438 1328 3507 ad
1384 3439 1801 3526 pascendum
1853 3438 2116 3507 dimisit
2163 3459 2342 3508 oves.
2398 3443 2603 3507 Erant
2666 3452 2922 3520 autem,
2988 3436 3111 3523 qui

588 3525 1055 3606 vescebantur,
1114 3547 1244 3594 non
1284 3526 1513 3596 minus
1564 3528 1781 3597 tribus
1832 3526 2161 3596 millibus.
2234 3531 2537 3613 Cumque
2586 3539 2860 3596 centum
2930 3525 3113 3615 lage-

586 3613 694 3683 nis
742 3614 1095 3683 aestimata
1143 3613 1385 3684 suisset
1436 3615 1698 3706 integra
1749 3615 1976 3684 adhuc
2036 3615 2256 3695 vinea,
2319 3629 2468 3716 post
2516 3615 2663 3685 dies
2704 3615 2946 3706 viginti
2983 3627 3117 3684 tre-

579 3715 814 3775 centas
845 3700 1024 3771 fecit.
1062 3708 1264 3773 Porro
1298 3703 1413 3773 ille
1455 3726 1704 3793 parcus
1752 3703 1958 3773 frater
1994 3702 2209 3774 multo
2252 3726 2482 3773 minus
2515 3703 2711 3774 solito
2750 3704 3113 3794 colligens,

582 3792 785 3863 etiam
842 3790 903 3859 id
956 3791 1139 3878 quod
1189 3791 1563 3874 habuerat,
1636 3814 1906 3862 versum
1983 3791 2050 3860 in
2126 3805 2393 3861 acetum
2456 3814 2605 3862 sero
2675 3792 2921 3861 doluit.
2974 3795 3120 3862 Hoc

584 3881 822 3951 multis
869 3879 1196 3949 fratribus
1231 3902 1433 3951 senex
1474 3895 1629 3950 ante
1679 3880 1985 3950 futurum
2035 3880 2483 3969 praedixerat.

668 3973 704 4058 ξ
752 3973 887 4043 18.
944 3970 1409 4039 Detestabatur
1441 3983 1668 4040 autem
1726 3970 2091 4059 praecipue
2128 3969 2522 4051 monachos,
2561 3969 2679 4056 qui
2713 3967 3122 4038 infidelitate

580 4058 882 4146 quadam
911 4058 980 4126 in
1032 4057 1342 4128 futurum
1395 4069 1817 4128 reservarent
1864 4080 2013 4139 sua,
2066 4069 2131 4127 et
2177 4056 2605 4149 diligentiam
2656 4056 2986 4127 haberent
3020 4056 3121 4127 vel

581 4159 1012 4235 sumptuum,
1039 4146 1135 4217 vel
1164 4147 1464 4227 vestitus,
1490 4160 1607 4217 aut
1633 4146 1932 4235 alicujus
1952 4168 2189 4216 earum
2222 4168 2476 4227 rerum,
2497 4168 2676 4234 quae
2697 4168 2855 4215 cum
2880 4144 3122 4216 seculo

584 4247 964 4306 transeunt.
1005 4235 1306 4323 Denique
1334 4258 1550 4306 unum
1581 4235 1664 4305 de
1692 4235 2021 4305 fratribus
2054 4235 2123 4304 in
2165 4235 2406 4321 quinto
2454 4234 2592 4304 fere
2619 4233 2944 4303 milliario
2974 4257 3015 4303 a
3050 4254 3125 4304 se

586 4336 996 4398 manentem.
1024 4325 1186 4411 quia
1214 4325 1676 4414 comperiebat
1702 4323 1952 4394 hortuli
1985 4324 2093 4393 sui
2117 4324 2326 4394 nimis
2348 4337 2625 4394 cautum
2653 4321 3123 4411 timidumque

579 4411 958 4494 custodem,
996 4425 1058 4482 et
1109 4413 1488 4503 pauxillum
1538 4414 1787 4483 habere
1824 4434 2295 4494 nummorum,
2349 4412 2437 4482 ab
2486 4411 2707 4483 oculis
2766 4411 3117 4502 abegerat.
