3347 4999
146 328 326 396 OCT.
382 330 408 392 4
1008 348 1088 393 ns
1137 348 1192 394 s.
1247 348 1504 395 semem
1553 347 1849 396 ARCHIEP.
2525 335 2610 400 45

144 428 478 497 memoria
529 427 709 496 beati
757 428 1054 517 Remigii
1101 425 1375 507 colitur-‚⁴
1419 428 1487 496 in
1544 450 1719 528 pago
1768 429 2121 512 Ribuario‚
2176 430 2315 501 duo
2364 434 2700 503 contracti

142 517 369 586 sanati
402 516 701 586 fuerunt.
758 521 851 585 Ex
886 529 1187 606 tempore
1228 515 1505 603 quidem
1560 538 1827 616 primae
1872 540 1951 587 ac
2009 520 2353 590 secundae
2407 522 2700 591 transla-

141 605 379 687 tioniS,
436 605 639 676 sicuti
687 619 752 674 et
798 618 978 686 ante,
1036 604 1292 674 multae
1338 616 1403 674 et
1451 606 1760 696 insignes
1812 606 2093 677 virtutes
2143 609 2213 677 in
2263 609 2498 680 eodem
2554 611 2699 682 ioco

140 715 269 783 per
308 694 531 785 ipsius
579 694 798 764 sancii
850 693 1089 763 merita
1133 715 1211 763 ex
1245 693 1534 762 diversis
1567 694 2094 767 infirmitatibus
2141 710 2302 767 suni
2349 714 2693 787 operatae.

139 787 331 864 Quas
379 782 658 871 quidem
711 783 1050 853 habemus
1099 781 1502 873 descriptam,
1552 783 1669 852 sed
1721 783 1834 853 hic
1886 798 2162 875 propter
2197 785 2692 877 pluraiitatem,

136 885 209 941 et
247 872 411 959 quia
452 872 732 962 saepius
781 871 1036 940 ibidem
1074 871 1557 953 ostenduntur,
1597 872 1967 942 omisimus
2019 896 2295 964 ponere.

551 1070 867 1136 VERSUS
915 1069 1325 1135 INSCRIPTI
1376 1068 1794 1136 SEPULCRO
1850 1070 1915 1135 S.
1968 1071 2301 1138 REMIGII

386 1233 517 1290 Hic
557 1234 858 1289 famulus
896 1231 1218 1287 Hincmsr
1257 1230 1549 1298 Domini,
1595 1246 1791 1288 sacre.
1837 1234 2139 1314 membra
2178 1235 2430 1292 locavit

466 1314 706 1370 Dulcis
745 1312 1051 1379 Remigii,
1094 1313 1347 1368 ductus
1391 1326 1619 1369 amore
1659 1313 1796 1381 pio.

389 1412 525 1475 Qui
564 1410 757 1479 prius
799 1413 906 1466 est
946 1414 1246 1475 sanctus,
1286 1411 1542 1466 mundo
1584 1423 1794 1477 quom
1832 1415 2049 1468 matre
2087 1418 2380 1483 orestus,

464 1493 555 1547 Et
591 1504 878 1558 magnus
919 1490 1149 1545 dictus
1191 1490 1483 1546 coelitus
1525 1504 1643 1545 ore
1684 1490 1831 1548 Dei.

384 1590 502 1646 Bis
530 1572 757 1645 'denos
798 1588 1137 1655 binosque
1178 1602 1420 1655 gerens
1448 1587 1742 1644 feliciter
1771 1602 2012 1656 annos,

465 1672 660 1726 Sorte
699 1668 824 1724 Dei
852 1669 1144 1735 sumpsit
1182 1668 1577 1735 pontificale
1618 1669 1851 1724 decus.

386 1767 754 1834 Sexaginta
793 1765 1000 1836 simul
1039 1765 1147 1821 bis
1177 1769 1437 1832 septem
1476 1770 1820 1823 manserat
1861 1767 2059 1824 annis

465 1848 678 1902 Istius
717 1846 909 1900 urbis
949 1846 1184 1905 honor.
1213 1847 1513 1913 praesul,
1558 1850 1628 1902 et
1655 1846 1845 1902 orbis
1874 1862 2082 1904 amor.

387 1945 618 2000 Vitam
646 1943 991 1999 defunctis
1019 1944 1333 2009 reddens,
1362 1957 1642 2011 quoque
1669 1944 1933 2001 lumina
1958 1946 2199 2007 caecis.

464 2026 715 2092 Egerst
742 2027 811 2079 et
836 2023 1065 2080 vivens
1091 2024 1391 2092 plurima
1430 2024 1602 2079 miro
1645 2024 1837 2083 satis.

386 2123 561 2178 Nom
588 2122 853 2177 domuit
892 2121 1038 2177 fers
1066 2122 1276 2176 corda
1304 2121 1526 2176 animo
1555 2121 1734 2190 pius,
1766 2137 1883 2178 ore
1923 2124 2277 2195 profusus,

467 2202 846 2258 sicambrae
875 2201 1098 2269 gentis
1126 2201 1312 2269 regia
1343 2206 1613 2270 sceptro
1643 2216 1942 2258 sacrans.
1979 2242 1986 2253 .

386 2299 773 2366 Nonaginta
800 2300 1078 2366 quidem
1105 2312 1228 2377 sex
1257 2313 1416 2355 cum
1440 2300 1898 2366 compleverat
1925 2314 2161 2372 annos,

467 2380 839 2448 splendida
874 2380 1002 2434 lux
1030 2383 1302 2435 nostros
1330 2379 1635 2435 deseruit
1660 2381 2002 2437 tenebras.

388 2478 558 2534 Idus
592 2477 731 2545 jam
767 2478 1012 2545 plenas
1053 2490 1208 2532 cum
1247 2477 1291 2532 J
1294 2489 1467 2533 onus
1509 2477 1759 2535 mensis
1799 2479 2105 2550 haberet,

466 2557 808 2614 Emeritus
848 2557 1045 2612 miles
1083 2556 1388 2625 praemia
1428 2559 1636 2625 digna
1679 2559 1880 2627 capit.

387 2656 615 2711 Isdem
640 2654 1049 2710 Hincmorus
1076 2654 1271 2722 prius
1297 2655 1426 2710 hac
1465 2654 1539 2710 in
1579 2657 1740 2711 sede
1775 2659 2112 2725 sacerdos,

467 2737 633 2791 Post
674 2734 954 2802 triginta
981 2736 1137 2789 loco
1166 2735 1477 2791 constitit
1506 2739 1574 2791 et
1601 2749 1908 2793 numero.

386 2832 512 2888 Cui
538 2831 1084 2888 sextusdecimus
1112 2832 1242 2887 sub
1268 2833 1398 2888 hac
1422 2831 1736 2889 radiante
1765 2835 2067 2891 lucerna.

467 2912 795 2980 Remigio,
824 2911 1096 2967 Rhemis
1124 2913 1358 2967 munia
1386 2926 1545 2967 cara
1570 2913 1782 2970 dedit.

384 3009 600 3065 Annis
629 3009 949 3078 septenis,
980 3009 1212 3076 quinis
1242 3023 1321 3065 ac
1349 3009 1701 3066 mensibus
1730 3011 1870 3078 egit

461 3089 766 3146 Pastoris
807 3103 1060 3156 curam,
1080 3090 1247 3145 haec
1274 3091 1639 3147 recolenda
1677 3096 1983 3159 patrans.

383 3187 877 3255 octingenteno
908 3186 1533 3255 quinquagenoque
1573 3188 1897 3254 secundo,

464 3270 616 3331 Quo
657 3268 842 3323 Deus
883 3271 989 3322 est
1030 3282 1209 3323 anno
1249 3267 1509 3335 virgine
1539 3272 1744 3324 natus
1768 3268 2005 3323 homo:

383 3365 653 3422 'l'ertius
681 3369 751 3421 et
780 3365 1066 3420 Carolus
1106 3365 1300 3432 regni
1340 3368 1776 3433 componeret
1805 3370 2022 3434 actus,

463 3445 755 3500 October
781 3444 1069 3513 primam
1096 3459 1253 3501 cum
1277 3446 1472 3500 daret
1500 3449 1708 3513 atque
1743 3446 1941 3503 diem.

380 3545 479 3598 Ac
505 3546 611 3599 ter
652 3545 979 3599 centenus
1021 3546 1302 3598 octavus
1339 3547 1649 3610 tangeret
1678 3558 1924 3612 annus,

467 3623 597 3677 Hic
630 3622 861 3690 justus
902 3622 1173 3678 Domini
1213 3637 1354 3690 quo
1394 3623 1569 3691 petit
1611 3629 1796 3680 astra
1821 3623 1989 3693 poli,

382 3720 509 3775 'l'er
554 3724 825 3777 centum
852 3720 1127 3776 fuerant
1154 3724 1293 3776 tres
1324 3724 1392 3776 et
1418 3720 1578 3776 deni
1607 3725 1906 3788 quatuor
1948 3721 2131 3790 anni,

461 3802 614 3863 Quo
642 3800 818 3856 vitae
845 3801 1150 3856 Francos
1191 3800 1463 3868 gurgite
1488 3800 1658 3857 lavit
1687 3815 1919 3858 ovans.

378 3897 610 3966 Ipsius
639 3897 699 3953 is
738 3897 1058 3966 precibus
1086 3898 1368 3954 coelesti
1396 3897 1468 3954 in
1496 3899 1656 3956 sede
1686 3900 1978 3968 locetur,

458 3979 673 4041 Quem
712 3978 914 4034 terris
954 3977 1171 4033 coluit
1197 3990 1398 4034 verus
1428 3983 1708 4047 amator,
1735 3982 1952 4036 Amen
1995 3973 2111 4054 (a).

190 4136 250 4182 (a)
269 4133 528 4174 Ecclesiola
549 4135 591 4175 S.
611 4133 951 4184 christophori,
970 4135 1051 4174 ubi
1070 4135 1234 4183 primo.
1253 4136 1306 4176 ut
1326 4145 1470 4184 supra
1491 4135 1510 4185 5
1531 4137 1582 4176 56
1604 4137 1815 4176 narravit
1834 4137 2132 4180 Hinemarus.
2145 4137 2407 4184 repositum
2426 4136 2466 4176 S.
2490 4133 2689 4187 Remigii

135 4199 310 4237 corpus
338 4188 443 4233 fuit.
472 4189 601 4228 brevi
631 4190 690 4228 ob
717 4185 975 4237 signorum,
1005 4189 1179 4236 quibus
1209 4191 1312 4237 ejus
1339 4191 1611 4239 sepulerum
1632 4191 1981 4234 illustrabatur.
2000 4187 2348 4235 celebritatem,
2360 4190 2494 4229 iliius
2519 4200 2692 4231 nomen

136 4244 472 4291 assumpserat.
502 4242 800 4283 Benedictini
829 4243 985 4282 autem
1015 4243 1204 4281 Ordinis
1232 4244 1355 4291 apud
1383 4243 1503 4283 hanc
1529 4254 1556 4283 a
1591 4245 1631 4282 S.
1653 4244 1840 4292 Tilpino
1859 4244 2110 4284 constituti
2131 4243 2348 4289 Abbates‚
2366 4246 2472 4292 post
2493 4244 2613 4284 λειω
2635 4245 2692 4285 de

137 4306 232 4344 qua
249 4296 364 4336 item
384 4306 538 4344 supra,
558 4298 681 4336 sacri
701 4293 914 4344 corporis
932 4296 1300 4341 translationem.
1319 4297 1507 4336 saeculo
1531 4307 1573 4340 x.
1594 4297 1845 4337 Basilicam
1866 4307 1916 4337 m
1933 4298 1975 4337 S.
1997 4296 2218 4337 Francor.
2243 4297 2444 4346 apostoli
2464 4296 2691 4338 honorem

138 4349 449 4397 amplitudine
477 4353 523 4389 ei
553 4347 785 4399 elegantis
813 4344 1114 4397 praeclaram.
1143 4350 1475 4390 aedificandam
1501 4355 1813 4398 susceperunt
1835 4360 1953 4400 quae
1973 4350 2257 4389 Rhemornm
2278 4349 2484 4389 civitatis
2506 4351 2696 4398 insigne

139 4401 313 4443 visitur
341 4407 695 4444 monumentum
724 4402 1036 4447 (cathedralis
1064 4413 1175 4443 vero
1203 4404 1403 4443 ecclesia
1421 4401 1621 4443 Bestias.
1647 4401 1775 4452 Virg.
1799 4403 2018 4451 Deiparae
2041 4407 2115 4443 est
2133 4407 2303 4450 εισι-εκ
2325 4404 2368 4443 S.
2388 4402 2588 4452 Remigii
2608 4407 2691 4444 Ba-

142 4455 338 4501 silicam.
367 4457 412 4497 S.
430 4457 525 4497 Leo
544 4458 624 4507 Pp.
646 4457 709 4497 11
728 4457 800 4504 (de
824 4456 987 4506 quoin
1006 4456 1288 4498 Masi-raon.
1306 4458 1524 4497 Innusrs.
1543 4465 1588 4505 p.
1612 4455 1724 4506 337).
1745 4459 1796 4496 ut
1818 4457 2132 4507 spoponderat
2153 4467 2260 4497 cum
2280 4457 2432 4496 adhuc
2450 4457 2691 4499 Fnliensia
