3347 4999
632 337 716 400 30
1403 354 1480 398 ΒΕ
1529 354 1580 398 s.
1644 352 1901 399 nemeto
1950 353 2243 399 Ancnuir.
2821 333 2988 398 OCT.
3059 333 3084 396 l

546 446 795 523 posset.
850 438 1095 502 Beatus
1135 444 1362 501 autem
1409 433 1788 522 RemigiuS,
1838 434 2018 502 sicut
2068 431 2501 502 Genebaldus
2552 431 2763 520 petiit,
2815 432 3098 501 Laudu-

544 544 711 591 num
777 521 1101 611 pervenit.
1158 527 1234 589 Et
1282 533 1645 609 susceptus
1706 543 1862 589 cum
1926 521 2154 591 debita
2208 520 2618 601 reverentia,
2685 542 2764 589 ac
2826 521 3089 590 secreta

542 610 849 680 cubiculi
903 622 1137 699 petens
1167 665 1182 689 ‚
1239 609 1710 679 Genebaldum
1765 612 2231 700 interrogavit,
2279 631 2401 700 pro
2439 631 2575 697 qua
2622 631 2832 678 causa
2881 609 3086 701 illum

542 700 903 768 vocaverit.
948 697 1382 768 Genebaldus
1421 720 1576 768 vero
1625 721 1785 768 curn
1854 701 2150 768 maximo
2199 700 2365 769 fletu
2412 713 2477 767 et
2532 698 2795 788 ejulatu
2844 698 3084 768 volens

543 788 778 858 tollere
825 788 1068 857 stolam
1105 788 1189 857 de
1238 786 1414 856 collo
1462 810 1611 869 su0,
1646 800 1710 856 et
1760 789 2113 878 procidere
2145 788 2230 857 ad
2268 788 2475 879 pedes
2505 788 2723 857 sancti
2757 788 3077 877 Remigii,

539 900 699 947 cum
754 899 1004 968 magna
1054 878 1299 945 virtute
1347 899 1388 944 a
1435 875 1630 945 beato
1680 878 1992 967 Remigio
2051 890 2154 947 est
2200 877 2536 953 detentus,
2579 898 2666 944 ne
2713 876 2955 945 stolam
2991 875 3083 944 de

538 965 714 1035 collo
764 987 891 1035 suo
946 964 1229 1035 tolleret.
1290 970 1367 1032 Et
1432 978 1794 1055 postquam
1844 966 2110 1036 diutius
2157 968 2361 1035 ambo
2404 966 2739 1034 fleverunt
2782 964 3082 1053 (intelle-

536 1069 726 1124 xerat
757 1056 940 1124 enim
979 1056 1220 1123 beatus
1270 1055 1626 1143 Remigius
1676 1054 2142 1124 Genebaldum
2196 1055 2560 1123 admisisse
2606 1053 2894 1133 crimen,
2952 1075 3082 1140 pro

536 1166 673 1231 quo
705 1145 948 1212 stolam
981 1142 1175 1211 vellet
1202 1142 1574 1231 deponere)
1610 1144 1716 1211 vix
1747 1144 2258 1233 singultibuset
2292 1143 2612 1231 lacrymis
2641 1142 3090 1212 Genebaldus·

539 1254 660 1323 per
698 1232 1008 1301 ordinem
1062 1231 1292 1300 omnia
1347 1232 1597 1311 retulit,
1653 1254 1830 1318 quae
1868 1234 2335 1302 commiserat:
2367 1238 2580 1315 Quem
2634 1244 2913 1300 sanctus
2942 1236 3076 1300 Re-

538 1322 797 1410 migius
846 1320 1085 1389 videns
1132 1321 1500 1390 contritum
1550 1332 1615 1387 et
1665 1326 1838 1409 pene
1884 1322 2349 1411 desperatum,
2395 1320 2647 1390 blande
2680 1320 3079 1389 consolatus

536 1422 659 1489 est,
714 1410 987 1479 dicens:
1042 1415 1182 1478 Non
1235 1421 1499 1479 tantum
1552 1408 1750 1478 doleo
1786 1410 1872 1478 de
1901 1410 2204 1480 admisso
2237 1434 2275 1480 a
2310 1424 2370 1479 te
2392 1410 2705 1489 crimine,
2736 1422 3078 1496 quantum

535 1498 717 1585 quod
769 1499 868 1566 sic
905 1498 1082 1567 male
1130 1500 1342 1568 sentis
1374 1499 1457 1567 de
1500 1499 1768 1568 Domini
1809 1499 2131 1580 bonitate,
2185 1500 2298 1569 cui
2347 1498 2730 1569 secundum
2781 1518 3078 1587 evange-

534 1586 740 1655 licam
794 1587 1166 1666 veritatem‚
1222 1610 1353 1658 non
1404 1601 1506 1658 est
1554 1588 1982 1677 impossibile
2029 1611 2232 1658 omne
2282 1590 2591 1658 verbum.
2647 1592 2800 1677 Ipse
2847 1587 2931 1655 de
2969 1586 3078 1653 ni-

538 1674 679 1744 hilo
712 1689 962 1745 cuncta
1010 1675 1188 1751 fecit,
1240 1676 1686 1767 primumque
1735 1693 2109 1765 parentem,
2149 1678 2217 1746 in
2269 1699 2407 1764 quo
2455 1697 2696 1747 omnes
2748 1696 3071 1766 peccave-

537 1777 721 1843 runt,
776 1766 997 1864 gratia
1046 1765 1312 1834 salvum
1364 1764 1560 1834 fecit:
1598 1764 2013 1853 nullumque
2064 1779 2454 1856 peccantem
2494 1764 2578 1834 ad
2616 1788 2687 1835 se
2721 1786 3074 1834 reversum

535 1852 848 1942 despicit,
884 1855 1005 1940 qui
1057 1866 1443 1942 peccatores
1476 1856 1816 1943 sanguine
1852 1878 1977 1926 suo
2013 1856 2347 1924 redimere
2397 1855 2603 1924 venit.
2657 1853 3077 1937 Quatridua-

535 1963 702 2010 num
754 1943 957 2011 etiam
1021 1941 1379 2011 foetentem
1434 1947 1802 2023 Lazarum,
1857 1944 2184 2033 lacrymis
2233 1965 2573 2022 sororum,
2629 1965 2807 2030 quae
2856 1941 3084 2031 signi-⁴

533 2031 744 2099 ficant
771 2031 1102 2101 sollicitas
1132 2053 1209 2100 ac
1243 2028 1503 2100 flebiles
1538 2033 2031 2121 poenitentium
2061 2033 2532 2122 cogitationes,
2561 2029 3066 2122 compatiendo,

533 2120 720 2187 flevit
764 2134 829 2189 et
876 2142 913 2188 a
966 2121 1256 2190 mortuis
1323 2121 1715 2199 suscitavit,
1774 2122 2178 2192 suscitatum
2229 2121 2540 2190 convivio
2589 2143 2716 2189 suo
2762 2119 3068 2189 admisit.

533 2208 841 2276 Mulieris
887 2209 1090 2277 etiam
1149 2209 1390 2310 ipsius,
1444 2231 1621 2297 quae
1671 2209 1889 2279 fuerat
1938 2212 2004 2278 in
2035 2211 2303 2280 civitate
2345 2210 2709 2300 peccatrix,
2745 2209 3074 2277 manibus

535 2297 897 2383 iniquitate
953 2297 1268 2381 pontius,
1324 2299 1797 2368 sanctissimos
1847 2299 2054 2388 pedes
2104 2321 2265 2368 suos
2315 2299 2372 2368 is
2424 2299 2542 2385 qui
2596 2320 2805 2387 super
2863 2317 3084 2386 ange-·

533 2385 756 2454 lorum
795 2387 1108 2455 omnium
1152 2387 1469 2456 verticem
1521 2386 1605 2455 ad
1658 2388 1876 2457 Patris
1924 2389 2270 2457 dexteram
2320 2387 2668 2465 considet,
2726 2385 3071 2455 attrectari

534 2495 668 2544 non
724 2475 976 2544 renuit:
1030 2481 1393 2564 Nunquam
1460 2474 1586 2545 ulli
1651 2477 2232 2565 quantiscumque
2280 2475 2379 2546 vel
2444 2476 3073 2564 qualibuscumque

532 2564 832 2653 peccatis
882 2578 1174 2644 mortu0,
1231 2588 1352 2634 seu
1404 2564 1579 2634 mole
1627 2588 1706 2634 ac
1755 2566 2090 2637 scelerum
2142 2567 2546 2636 enormitate
2586 2566 2876 2654 sepult0‚
2916 2586 3072 2654 gra-

533 2653 696 2721 tiam
738 2654 1279 2723 resuscitationis
1313 2676 1352 2723 a
1402 2654 1698 2743 peccatis
1732 2656 2046 2747 denegat.
2103 2656 2313 2741 Digne
2348 2656 2828 2744 poenitentem,
2867 2666 3070 2740 atque

531 2754 808 2831 peccata
858 2765 984 2811 sua
1013 2742 1402 2822 deflentem,
1444 2765 1564 2831 per
1585 2744 1876 2830 januam
1929 2745 2507 2814 reconciliationis
2552 2742 3080 2812 communionis·

527 2830 765 2899 altaris
813 2832 1230 2900 sacrosancti
1273 2832 1590 2901 restituit.
3077 2871 3082 2882 ι

617 2927 654 3000 ἓ
703 2923 849 2990 82.
904 2925 979 2988 Et
1026 2932 1103 2989 ut
1132 2932 1275 2989 erat
1322 2919 1791 3000 doctissimus,
1831 2943 1910 2990 ac
1958 2934 2186 2991 orator
2217 2921 2849 3008 eloquentissimus,
2883 2919 3066 2987 testi·

525 3009 756 3076 monia
805 3008 888 3076 de
921 3008 1283 3078 latitudine
1333 3021 1608 3079 sanctae
1657 3012 2060 3099 scripturae,
2099 3023 2163 3079 et
2210 3011 2522 3099 exempla
2565 3008 3063 3099 poenitentium

524 3096 592 3162 in
633 3118 850 3164 unum
901 3097 1256 3197 colligens,
1302 3098 1383 3165 ad
1438 3098 1896 3167 animandum
1937 3122 2094 3168 eum
2135 3099 2235 3167 illi
2290 3099 2665 3188 proposuit,
2706 3110 2769 3166 et
2817 3098 3065 3165 exhor-

528 3197 664 3253 tato
727 3185 1209 3273 poenitentiam
1279 3185 1544 3256 indixit.
1611 3193 1949 3274 Factaque
2002 3187 2488 3257 mansiuncula
2544 3207 2702 3255 cum
2770 3186 2939 3254 lecto
2989 3186 3063 3253 in

528 3272 810 3341 modum
863 3274 1188 3362 sepulcri,
1241 3287 1304 3343 et
1348 3276 1776 3364 parvissimis
1817 3276 2211 3356 fenestelliS,
2251 3300 2331 3346 ac
2361 3277 2679 3354 oratorio,
2719 3296 2894 3361 quae
2946 3275 3069 3342 ho-

527 3361 774 3448 dieque
810 3375 1086 3430 manent
1136 3385 1335 3433 secus
1381 3363 1742 3433 ecclesiam
1795 3366 2014 3434 sancti
2048 3365 2331 3446 tuliani,
2368 3363 2837 3435 Genebalduin
2875 3363 2944 3430 in
2982 3384 3065 3431 ea

527 3451 828 3531 reclusit,
863 3464 926 3519 et
974 3450 1235 3520 clerum
1281 3475 1359 3521 ac
1401 3454 1767 3539 parochiae
1816 3454 2038 3542 ipsius
2091 3454 2422 3543 populum
2478 3475 2597 3544 per
2645 3465 2902 3538 septem
2941 3473 3064 3518 an-

526 3561 673 3619 nos,
720 3552 795 3608 ut
839 3552 905 3609 et
959 3541 1306 3696 Eropriam
1362 3543 1783 3629 parochiam,
1839 3543 2270 3630 gubernavit,
2323 3556 2389 3612 et
2437 3564 2646 3612 unam
2699 3541 2879 3609 diem
2933 3545 3061 3608 Do-

526 3628 851 3697 minicam
906 3635 959 3698 R
1012 3629 1222 3709 emis,
1280 3629 1561 3699 alteram
1613 3631 1795 3720 apud
1860 3631 2272 3701 Laudunum
2334 3631 2746 3709 celebravit,
2802 3629 2868 3696 in
2923 3650 3061 3714 qua

524 3716 909 3786 reclusione
961 3719 1437 3807 poenitentiae,
1484 3733 1784 3805 quantae
1821 3721 2253 3790 contritionis
2281 3733 2345 3790 et
2383 3719 2844 3789 continentiae
2877 3717 3060 3785 idem

524 3805 957 3875 Genebaldus
1004 3806 1229 3888 fuerit,
1283 3807 1518 3875 divina
1568 3809 2039 3878 misericordia
2089 3810 2602 3879 demonstravit.

473 3893 483 3904 ’
612 3897 647 3980 ξ
693 3899 845 3966 38.
891 3897 1191 3984 Septimo
1225 3896 1568 3983 siquidem
1601 3919 1784 3966 anno
1833 3898 1899 3965 in
1955 3898 2188 3987 vigilia
2235 3920 2486 3968 coenae
2549 3896 2842 3974 Domini,
2895 3915 3059 3962 cum

523 3981 704 4052 idem
770 3985 1203 4054 Genebaldus
1266 3985 1338 4053 in
1385 3986 1695 4054 oratione
1740 4000 2205 4073 pernoctaret:
2257 4002 2322 4056 et
2381 3989 2686 4076 seipsum
2750 3984 3052 4061 defleret,

520 4072 847 4157 quoniam
908 4074 967 4143 is
1020 4074 1138 4160 qui
1189 4074 1274 4142 ad
1325 4074 1454 4142 hoc
1522 4073 1884 4144 ordinatus
1932 4075 2188 4156 suerat,
2244 4090 2319 4146 ut
2377 4077 2445 4144 in
2497 4075 2616 4143 illa
2664 4075 2777 4143 die
2827 4071 3059 4162 poeni-

521 4172 737 4259 tentes
788 4167 918 4231 Deo
969 4163 1470 4243 reconciliaret,
1537 4163 1684 4263 ipse
1732 4165 1900 4231 suis
1945 4164 2359 4234 criminibus
2406 4165 2864 4255 exigentibus,
2934 4182 3058 4229 nec

518 4261 702 4317 inter
751 4251 1175 4340 poenitentes
1221 4254 1288 4320 in
1340 4253 1630 4321 ecclesia
1675 4252 2064 4322 merebatur
2090 4255 2501 4324 consistere:
2541 4254 2724 4323 circa
2759 4250 3056 4320 mediam

520 4353 786 4408 noctem
824 4340 1114 4430 angelus
1165 4342 1432 4409 Domini
1486 4363 1645 4410 cum
1701 4364 1953 4430 inagna
2003 4344 2183 4412 venit
2233 4343 2404 4412 luce·
2444 4342 2526 4411 ad
2571 4364 2726 4412 eum
2782 4342 2850 4408 in
2902 4360 3072 4407 ora--

522 4429 798 4511 toi-ium,
852 4431 975 4501 ubi
1025 4452 1285 4521 pronus
1325 4431 1620 4519 jacebat,
1660 4443 1724 4499 et
1757 4431 1851 4500 ait
1897 4431 1982 4500 acl
2014 4454 2211 4502 eum:
2252 4432 2662 4513 Genebalde‚
2700 4428 3056 4500 exauditae
