3347 4999
625 340 753 403 558
1322 356 1399 401 nc
1451 357 1544 401 ss.
1599 357 1763 402 vano
1816 358 1888 402 m·
1937 357 2136 403 sociis
2186 358 2299 403 un.
2778 340 2949 406 OCT.
3012 342 3100 407 ⁴9

538 444 772 512 animo
829 441 992 508 baec
1045 439 1222 508 mala
1274 438 1499 510 ferens
1560 441 1823 510 Athleta
1858 442 2009 519 ,ad
2067 447 2350 511 Sanctos
2407 443 2737 511 omnibus
2798 444 3121 513 audien-⁴

538 533 724 601 tibus
771 550 1180 597 conversus:
1238 553 1271 594 «
1335 528 1722 598 Benedicite
1774 529 2024 600 famulo
2083 546 2324 605 vestro.
2395 533 2612 599 sancti
2680 546 2929 618 patres,
2985 533 3094 602 in-

536 622 707 707 quit,
758 619 1162 688 benedicite.
1219 624 1494 709 Rogate‚
1552 634 1623 687 ut
1678 620 1843 688 mihi
1906 622 2089 712 vires
2113 620 2615 689 confirmentur
2671 644 2710 689 a
2775 623 3082 704 Domin0,

535 723 600 778 et
649 732 756 778 me
803 708 956 793 ejus
1004 707 1274 776 dextera
1350 708 1706 797 suscipiat.
1763 710 1953 778 Novit
2023 711 2207 778 enim
2263 709 2567 777 humana
2646 709 3085 780 imbecillita-

534 812 695 879 tem,
734 800 851 885 qui
901 819 1050 864 eam
1108 798 1252 886 ipse
1301 818 1576 884 quoque
1624 812 1889 885 gestare
1942 799 2176 877 voluit,
2230 815 2292 866 et
2339 798 2549 868 dixit:
2593 801 2890 889 Spiritus
2935 803 3083 891 qui·

535 890 680 957 dem
705 897 1053 978 promptus
1080 897 1197 964 est,
1231 909 1386 954 caro
1414 898 1637 955 autem
1680 890 1950 976 infirma
1980 890 2246 975 (Mami.
2284 888 2481 975 xxm).
2515 912 2548 953 »
2580 889 2803 957 Sancti
2843 891 3081 979 igitur,

531 999 689 1046 cum
742 975 981 1044 oculos
1029 976 1098 1043 in
1135 975 1401 1043 coelum
1471 975 2025 1045 sustulissent:-·
2078 982 2274 1055 DeuS,
2314 978 2658 1053 dixerunt,
2720 983 2893 1047 Deus
2944 980 3082 1047 vir-

537 1079 785 1144 tutum,
843 1066 988 1153 ipse
1036 1065 1293 1131 emittet
1346 1064 1465 1132 tibi
1519 1065 1835 1133 virtutem
1895 1087 1975 1134 ex
2023 1065 2182 1146 alto,
2237 1079 2301 1134 et
2347 1067 2556 1155 capiti
2611 1082 2723 1135 tuo
2774 1067 3082 1155 imponet

581 1156 797 1223 aleam
870 1152 1137 1227 salutis,
1199 1166 1263 1221 et
1315 1168 1374 1219 te
1446 1154 1685 1222 induet
1733 1155 2155 1224 vestimentis
2230 1155 2537 1223 ultionis.
2594 1161 2835 1224 Manus
2886 1156 3084 1226 illius

582 1242 849 1312 efendet
901 1255 983 1321 te,
1023 1256 1087 1311 et
1136 1242 1496 1311 brachium
1537 1256 1596 1311 te
1632 1244 2124 1323 corroborabit,
2178 1260 2242 1311 et
2288 1243 2673 1332 praeclaras
2776 1245 3081 1315 raebebit

532 1333 848 1402 victorias
896 1345 1133 1399 contra
1182 1332 1681 1400 adversarium.
1712 1338 2023 1422 Eaesurye
2053 1357 2232 1424 erqo,
2271 1355 2587 1423 exsui-qe,
2631 1335 2695 1401 in
2748 1356 2906 1402 uere
2935 1336 3077 1422 sor-

533 1423 819 1490 titudine
866 1421 1132 1489 brachii
1185 1423 1291 1488 lui
1345 1423 1511 1509 (Isa.
1561 1421 1669 1508 u),
1729 1422 1853 1490 boc
1904 1423 2179 1491 discens
2228 1444 2262 1489 a
2306 1421 2537 1489 divina
2578 1423 2952 1510 Scriptura,
3009 1435 3076 1492 et

531 1513 754 1579 sciens
802 1509 1031 1595 qualis
1079 1509 1166 1576 ab
1215 1508 1350 1578 alto
1399 1510 1577 1577 adsit
1631 1510 1829 1578 nobis
1887 1511 2181 1600 adjutor,
2235 1524 2298 1580 et
2345 1509 2658 1598 qualium
2727 1512 3066 1580 bonorum

530 1600 878 1688 perceptio
911 1620 1025 1667 eos
1075 1611 1326 1670 manet.
1373 1599 1488 1685 qui
1537 1613 1811 1687 propter
1853 1599 2045 1668 illum
2093 1601 2257 1669 baec
2300 1599 2435 1688 pati
2481 1599 2795 1669 lubenter
2843 1600 3073 1670 volue-

535 1703 714 1757 runt.
760 1711 794 1752 »
847 1693 1098 1774 Martyr
1145 1701 1370 1755 autem
1425 1688 1671 1755 Christi
1723 1711 1880 1757 cum
1935 1690 2189 1757 interea
2256 1687 2750 1768 verberaretur,
2789 1702 2853 1757 et
2899 1711 3071 1776 quo-

529 1777 901 1846 dammodo
949 1777 1228 1845 sentiret
1280 1798 1560 1845 manum
1612 1799 1810 1865 opem
1855 1800 1891 1845 e
1923 1778 2110 1846 coelo
2139 1777 2491 1858 ferentem,
2548 1778 2615 1845 in
2650 1778 3069 1848 exultatione

529 1868 800 1935 animae
848 1866 1017 1933 (lixit
1060 1865 1374 1933 Sanctis:
1411 1888 1444 1929 «
1499 1865 1698 1934 Nulla
1752 1881 2024 1953 propter
2076 1890 2180 1935 me
2234 1867 2504 1935 tristitia
2563 1867 2804 1935 subeat
2851 1866 3062 1936 corda

529 1970 771 2023 vestra.
815 1960 980 2023 Ecce
1011 1954 1193 2021 euim
1248 1968 1505 2022 vestrae
1559 1977 1817 2043 preces,
1870 1977 2046 2041 quae
2098 1961 2227 2024 Deo
2279 1970 2788 2043 persuaserunt,
2827 1978 3072 2045 aspera

530 2057 863 2113 tormenta
920 2043 1121 2132 plana
1189 2044 1560 2112 effecerunt
1608 2058 1671 2112 et
1723 2044 1935 2123 levia,
2001 2058 2064 2111 et
2126 2044 2504 2112 molestiam
2577 2058 2933 2114 mutarunt
2996 2046 3063 2114 in

532 2134 1051 2211 recreationem,
1110 2131 1276 2199 adeo
1328 2146 1400 2200 ut.
1452 2154 1573 2201 nec
1624 2132 1864 2223 plagas
1911 2133 2189 2219 quidem
2242 2130 2564 2201 sentiam}
2606 2157 2641 2199 »

617 2228 650 2308 ς’
701 2230 793 2292 θ.
851 2226 1002 2289 Post
1055 2220 1220 2288 baec
1272 2243 1513 2289 rursus
1571 2244 1603 2289 a
1660 2245 1939 2312 gressus
1964 2236 2063 2292 est
2098 2228 2460 2311 Tyrannus
2513 2221 2947 2312 persuadere,
3007 2236 3068 2291 et

531 2311 862 2378 Atltletam
895 2310 1234 2378 attrahere
1262 2309 1343 2377 ad
1375 2332 1588 2399 negan
1653 2336 1794 2392 um,
1826 2311 2000 2380 bona
2041 2312 2098 2379 ei
2140 2312 2489 2399 pollicenS,
2514 2323 2577 2379 et
2619 2312 2861 2379 horum
2890 2313 3089 2399 ipso-'

531 2421 710 2473 rum,
744 2421 920 2485 quae
956 2399 1305 2477 sustinuit,
1357 2411 1877 2479 tormentorum,
1914 2422 2045 2467 non
2074 2401 2137 2467 in
2175 2400 2394 2474 illum,
2427 2399 2541 2467 sed
2585 2401 2649 2467 in
2676 2399 2847 2468 alios
2874 2401 3064 2469 Chri-

528 2489 609 2557 sti
671 2493 993 2576 Martyres
1047 2486 1322 2575 culpam
1367 2487 1746 2557 conferens.
1808 2494 2167 2576 Postquam
2221 2503 2448 2558 autem
2517 2489 2684 2557 vidit
2734 2493 3059 2558 Sanctum

525 2577 771 2646 callida
840 2577 1028 2646 illius
1081 2577 1351 2645 inventa
1399 2579 1701 2666 amplius
1777 2579 2198 2652 irridentem,
2256 2580 2356 2646 ira
2410 2579 2630 2668 magis
2697 2600 3057 2659 accensuS,

519 2666 719 2754 jubet
771 2672 1014 2734 Varum
1072 2687 1311 2734 rursus
1360 2667 1687 2756 suspendi
1736 2667 1802 2734 in
1847 2668 2035 2754 ligno
2068 2681 2463 2756 comparato
2498 2668 2581 2736 ad
2623 2668 3060 2753 torquedutn,

523 2769 588 2824 et
626 2778 781 2824 eum
851 2754 1086 2824 ferreis
1153 2755 1449 2844 discerpi
1504 2757 1808 2846 ungulis.
1864 2763 2027 2825 Cum
2082 2770 2309 2825 autem
2362 2759 2635 2846 Martyri
2690 2756 2854 2824 dum
2906 2779 3065 2826 cae-

523 2845 798 2912 deretur
845 2866 1118 2933 corpus‚
1178 2843 1514 2932 plurimae
1546 2867 1789 2913 carnes
1826 2845 1891 2912 in
1933 2860 2176 2914 terram
2215 2845 2536 2914 caderent
2565 2860 2627 2914 et
2663 2845 2853 2913 illius
2902 2867 3061 2914 san·

524 2932 731 3024 guine
766 2934 988 3001 solum
1031 2946 1529 3010 cruentaretur,
1591 2933 1814 3002 bonus
1862 2934 2138 3018 quidem
2196 2939 2434 3006 Varus,
2484 2947 2834 3021 tamquam
2884 2933 3060 3003 nihil

528 3024 816 3112 patiens,
889 3035 1030 3089 erat
1069 3022 1381 3108 quietus:
1437 3023 1704 3091 Sanctis
1752 3037 1978 3091 autem
2030 3025 2327 3112 graviter
2373 3024 2656 3092 affectus
2703 3035 2847 3091 erat
2908 3024 3062 3091 ani-

523 3134 703 3192 muS,
744 3125 807 3180 et
854 3133 1090 3179 eorum
1145 3111 1400 3179 viscera
1451 3111 1895 3180 laniabantur
1930 3127 2205 3201 propter
2243 3113 2460 3180 animi
2507 3111 3059 3181 consensionem.

521 3204 661 3269 Non
715 3200 1006 3268 ferentes
1055 3200 1282 3286 itaque
1327 3200 1596 3268 Judicis
1645 3200 2164 3268 crudelitatem:
2218 3227 2242 3262 α
2300 3200 2474 3284 Quid
2542 3222 2696 3269 vero
2771 3223 2901 3268 non
2958 3201 3061 3268 in-

523 3288 797 3376 telligiS,
855 3289 1099 3375 inquit,
1154 3302 1323 3367 otu,
1368 3289 1464 3357 vel
1502 3289 1663 3357 feris
1715 3290 1881 3377 ipsis
1930 3291 2285 3380 agrestior,
2344 3289 2523 3376 quod
2573 3304 2636 3359 et
2686 3289 2949 3378 lapides
2995 3303 3061 3358 et

520 3376 775 3445 ferrum
831 3400 1032 3464 passa
1063 3391 1310 3458 essent,
1369 3400 1692 3466 percussa
1746 3379 1985 3447 toties?
2022 3403 2057 3444 »
2111 3384 2262 3468 lpse
2310 3392 2535 3447 autern
2594 3401 2714 3446 nec
2766 3379 2863 3448 sic
2896 3379 3051 3465 qui-

521 3465 673 3534 dem
733 3467 950 3549 potuit
1002 3465 1297 3545 molliri;
1351 3480 1414 3534 et
1448 3489 1595 3535 eam
1650 3489 1787 3536 rem
1840 3468 2352 3552 quodammodo
2412 3467 2655 3536 habuit
2707 3466 3047 3537 ludibrio:

522 3553 923 3635 «ChristuS,
1002 3555 1345 3640 inquienS,
1404 3570 1618 3624 vester
1678 3558 1991 3636 accedat,
2076 3557 2444 3644 ipsumque
2493 3579 2529 3624 a
2584 3560 2754 3626 meis
2824 3557 3060 3626 liberet

522 3644 889 3732 manibus;
939 3667 973 3709 »
1036 3644 1344 3712 nesciens
1393 3645 1670 3725 stultuS,
1726 3646 1905 3730 quod
1980 3647 2142 3713 llaec
2194 3645 2367 3713 serre
2435 3667 2634 3734 posse
2687 3667 2938 3734 magno
2993 3658 3061 3713 et

518 3732 672 3802 forti
722 3734 980 3813 animo,
1027 3733 1512 3821 significabant
1550 3733 1742 3801 illum
1790 3735 2068 3802 affuisse
2108 3746 2173 3803 et
2209 3735 2558 3814 liberasse,
2614 3748 2678 3803 et
2709 3755 2911 3802 suum
2956 3755 3061 3803 ro-

519 3844 656 3891 rem
703 3823 973 3891 dedisse
1024 3820 1337 3890 dolorum
1395 3822 1833 3891 medicinam.
1888 3828 2134 3891 Beatus
2183 3836 2410 3891 autem
2451 3823 2585 3899 ille,
2641 3824 2843 3891 etiam
2887 3822 3056 3890 dum

518 3911 1054 4001 discerperetur:
1103 3939 1124 3970 κ
1184 3911 1427 3986 Nolim,
1491 3912 1735 3997 iuquit,
1793 3912 2068 3980 liberari
2122 3912 2206 3980 ab
2260 3912 2389 3992 his,
2437 3934 2613 3997 quae
2647 3912 2730 3979 ad
2785 3925 3062 3999 tempus

520 4000 796 4080 durant,
844 4000 1232 4071 tormentis:
1279 3999 1393 4068 sed
1447 4000 1533 4069 ab
1597 4002 1701 4074 iis,
1756 4023 1932 4087 quae
1986 4013 2284 4080 manent,
2346 4023 2540 4069 meus
2593 4022 2699 4069 me
2747 3999 3062 4071 Christus

517 4088 945 4158 liberaverit:
1002 4104 1062 4159 te
1112 4103 1366 4170 autem,
1420 4104 1484 4158 et
1533 4103 1718 4159 tuam
1763 4089 2237 4159 crudelitatem
2306 4089 2555 4158 talibus
2607 4089 2847 4157 merito
2894 4109 3063 4156 con-

517 4176 894 4248 demnabit.
935 4202 969 4244 »

608 4269 752 4354 §2
819 4272 1008 4335 Hanc
1050 4267 1264 4352 judex
1336 4267 1483 4356 ipso
1547 4267 1723 4337 facto
1772 4268 2117 4337 ulciscens
2186 4268 2603 4346 orationem,
2665 4269 2730 4334 in
2797 4267 3054 4335 viscera

516 4356 841 4444 martyris
893 4357 1125 4425 intulit
1174 4356 1618 4425 novaculam:
1661 4380 1696 4422 «
1750 4357 2032 4434 Videat,
2098 4357 2359 4435 dicem,
2413 4355 2838 4426 execrandus
2897 4367 3056 4422 ante

514 4446 775 4525 oculos,
840 4459 1187 4532 tamquam
1241 4467 1539 4532 aquam,
1588 4468 1711 4515 sua
1761 4446 2021 4515 effundi
2074 4447 2415 4516 intestina.
2468 4473 2489 4508 »
2541 4445 2667 4514 Sed
2722 4466 2802 4513 ne
2842 4444 3052 4533 hujus
