3347 4999
190 348 371 416 OCT.
426 351 463 414 4
1062 367 1138 412 ne
1189 367 1244 412 s.
1298 365 1641 413 Fuatx'ctsco
1691 366 1873 414 coxr.
2533 352 2654 414 117

192 464 648 542 conspectum
683 450 1049 537 liquefacta
1079 465 1180 520 est
1214 450 1447 519 anima
1481 452 1653 540 ejus,
1677 466 1741 520 et
1775 454 2100 520 memoria
2137 454 2478 542 passionis
2497 453 2745 523 Christi

188 542 574 612 visceribus
597 540 827 609 cordis
871 541 1092 628 ipsius
1125 539 1295 608 adeo
1332 539 1662 628 impressa
1696 539 2122 619 medullitus,
2153 556 2230 610 ut
2261 542 2347 611 ab
2398 541 2514 610 illa
2551 541 2740 620 hora,

184 653 353 702 cum
389 630 637 699 Christi
686 628 1048 699 crucifixio
1100 628 1355 697 veniret
1399 628 1463 695 in
1505 641 1838 708 mentem,
1897 631 2002 698 vix
2054 645 2278 719 posset
2327 653 2364 698 a
2417 631 2743 719 lacrymis

185 734 258 789 et
305 718 679 806 gemitibus
728 719 1027 787 exterius
1074 717 1460 786 contineri:
1524 717 1704 786 sicut
1754 718 1900 806 ipse
1964 719 2398 808 postmodum
2452 717 2747 787 familia·

186 809 359 878 riter
413 807 667 885 retulit,
722 828 882 876 cum
939 807 1530 896 appropinquaret
1596 806 1679 874 ad
1733 805 1966 875 finem.
2045 806 2386 900 Intellexit
2446 830 2569 898 per
2615 806 2746 877 hoc

190 918 447 986 nempe
488 897 589 966 vir
630 896 743 965 Dei
780 894 953 964 illud
1003 894 1487 984 Evangelicum
1527 895 1662 966 sibi
1702 895 1878 964 dici:
1915 898 1992 965 Si
2034 899 2137 965 vis
2160 899 2388 966 ven-ire
2431 906 2578 986 post
2615 919 2740 976 me,

184 989 455 1076 abnega
503 988 947 1074 temetipsum,
1001 996 1063 1054 et
1103 988 1262 1055 tolle
1306 1007 1568 1053 crucem
1617 995 1829 1065 tuam,
1890 996 1953 1054 et
1999 1009 2274 1075 sequere
2320 1008 2425 1054 me
2452 986 2736 1073 (Mami.

183 1099 328 1154 xv1‚
384 1074 523 1163 24).
564 1073 798 1144 Induit
826 1097 904 1143 ex
939 1087 1102 1144 tunc
1136 1073 1455 1163 spiritum
1502 1074 1949 1163 paupertatis,
1988 1073 2401 1146 humilitatis
2432 1093 2740 1153 sensum,

182 1179 258 1234 et
305 1164 624 1233 affectum
658 1163 943 1231 intimae
974 1164 1266 1250 pietatis.
1305 1167 1472 1231 Nam
1523 1184 1684 1231 cum
1726 1163 1919 1250 prius
1947 1161 2404 1251 leprosorum,
2449 1184 2583 1233 non
2635 1183 2746 1232 so-

189 1254 343 1322 lum
376 1253 829 1332 consortium,
885 1274 1120 1322 verum
1157 1252 1362 1321 etiam
1402 1251 1859 1340 longinquum
1888 1252 2275 1321 contuitum
2314 1252 2747 1322 vehementer

185 1343 523 1420 horreret,
588 1342 735 1430 jam
790 1355 1067 1430 propter
1115 1341 1459 1409 Christum
1512 1341 1969 1419 Crucifixum,
2021 1340 2141 1427 qui
2193 1341 2390 1430 juxta
2457 1341 2741 1409 verbum

192 1430 705 1521 propheticum,
740 1428 1283 1520 contemptibilis
1306 1440 1384 1498 ut
1432 1428 1748 1521 leprosus
1778 1430 2125 1519 apparuit,
2172 1441 2247 1498 ut
2294 1429 2743 1519 semetipsum

192 1520 404 1610 plane
451 1531 940 1599 contemneret,
994 1518 1408 1588 humilitatis
1454 1530 1519 1588 et
1568 1519 2024 1588 humanitatis
2079 1518 2407 1604 obsequia
2455 1517 2746 1607 leprosis

190 1608 505 1678 benefica
547 1607 796 1696 pietate
822 1607 1233 1697 praestabat.
1282 1607 1812 1676 visitabatenim
1864 1606 2255 1694 frequenter
2291 1606 2534 1677 domos
2566 1607 2748 1696 ipso-

194 1720 379 1777 rum,
438 1696 812 1767 liberaliter
843 1696 943 1767 eis
989 1695 1462 1786 eleemosynas
1500 1696 1850 1785 erogabat,
1887 1709 1953 1766 et
1985 1718 2144 1766 cum
2182 1696 2401 1766 multe
2433 1717 2748 1785 compas-

198 1787 418 1855 sionis
466 1785 716 1855 affectu
766 1807 1019 1855 manus
1047 1807 1286 1857 eorum
1329 1785 1775 1855 osculabatur
1802 1797 1866 1854 et
1894 1807 2037 1854 ora.
2082 1785 2510 1874 Pauperibus
2541 1784 2744 1853 etiam

202 1874 767 1945 mendicantibus
829 1896 962 1944 non
1036 1875 1260 1944 solum
1328 1896 1479 1953 sua,
1537 1874 1981 1943 verumetiam
2052 1875 2357 1963 seipsum
2425 1873 2749 1962 cupiebat

205 1963 644 2052 impendere:
690 1962 1063 2049 aliquando
1118 1963 1513 2032 vestimenta
1586 1985 1869 2043 exuens,
1922 1963 2299 2050 aliquando
2364 1961 2739 2041 dissuenS,

201 2050 579 2138 aliquando
628 2051 953 2121 scindens
1008 2051 1091 2120 ad
1137 2051 1573 2142 largiendum
1624 2051 1748 2130 eis,
1809 2074 1965 2121 curn
2027 2074 2189 2141 prae
2239 2051 2563 2121 manibus
2611 2049 2747 2119 alia

205 2161 339 2208 non
397 2140 697 2209 haberet.
753 2140 1235 2210 Sacerdotibus
1289 2141 1492 2210 etiam
1565 2142 1992 2230 pauperibus
2058 2153 2440 2210 reverenter
2501 2138 2747 2209 subve-

204 2229 434 2298 niebat
480 2241 544 2298 et
595 2230 726 2318 pie,
763 2231 1134 2319 praecipue
1184 2230 1249 2298 in
1302 2231 1731 2300 ornamentis
1777 2230 2037 2308 altaris,
2089 2252 2227 2317 quo
2275 2242 2339 2299 et
2370 2229 2602 2299 cultus
2635 2227 2744 2296 di·

197 2318 336 2385 vini
378 2318 719 2407 particeps
770 2317 981 2399 fleret,
1018 2331 1082 2387 et
1130 2317 1474 2387 cultorum
1510 2319 1783 2408 inopiae
1831 2318 2313 2408 supplementa
2363 2318 2742 2408 praeberet.

285 2410 318 2491 ξ
366 2411 460 2477 6.
501 2409 662 2476 Cum
704 2419 932 2476 autem
971 2406 1285 2497 religiosa
1336 2406 1693 2477 devotione
1735 2419 1899 2477 tunc
1949 2408 2278 2498 temporis
2309 2407 2552 2477 limina
2585 2405 2745 2475 visi-

195 2508 367 2564 taret
407 2495 705 2585 Apostoli
758 2496 956 2577 Petri,
1008 2511 1374 2587 conspecta
1425 2494 1868 2567 multitudine
1928 2519 2312 2588 pauperum
2361 2511 2518 2567 ante
2566 2493 2745 2565 sores

190 2584 545 2665 ecclesiae,
601 2586 849 2674 partim
902 2586 1172 2674 pietatis
1217 2586 1470 2656 ductus
1535 2585 1949 2667 dulcedine,
2017 2587 2265 2673 partim
2320 2586 2746 2687 paupertatis

191 2673 482 2743 allectus
530 2695 801 2754 amore,
846 2675 969 2744 uni
1021 2696 1101 2744 ex
1153 2675 1253 2745 eis
1333 2675 1554 2775 magis
1602 2676 1869 2765 egenti,
1924 2676 2239 2766 proprias
2306 2674 2408 2745 lar
2459 2689 2596 2743 ltus
2643 2686 2746 2743 est

189 2776 432 2833 vestes:
469 2775 534 2832 et
581 2763 1031 2833 semicinctiis
1063 2776 1416 2833 contectus
1465 2763 1678 2844 nitius,
1718 2764 1898 2834 diem
1945 2764 2142 2834 illum
2181 2766 2250 2832 in
2297 2784 2403 2832 me
2459 2765 2745 2859 ioqpau-

190 2872 432 2938 perum
484 2873 645 2921 cum
689 2851 967 2921 insolita
1015 2851 1305 2941 spiritus
1356 2853 1784 2940 jucunditate
1822 2854 2173 2942 transegit,
2227 2864 2304 2920 ut
2350 2864 2416 2922 et
2472 2853 2741 2920 secula-

184 2961 331 3008 rem
382 2940 674 3030 gloriam
725 2953 1114 3030 sperneret,
1165 2955 1232 3011 et
1278 2925 1363 3010 ad
1418 2942 1901 3032 perfectionem
1962 2938 2437 3030 Evangelicam
2491 2940 2743 3031 grada-

186 3029 308 3097 tim
390 3029 922 3100 conscendendo
984 3030 1389 3120 perveniret.
1472 3030 1976 3100 Mortificationi
2037 3029 2269 3097 carnis
2336 3028 2476 3097 invi
2536 3028 2745 3098 ilabat

182 3118 537 3197 attentius,
593 3129 670 3188 ut
708 3118 955 3189 Christi
1007 3123 1316 3199 Crucem,
1356 3141 1562 3206 quam
1616 3120 1908 3189 interius
1939 3116 2195 3188 serebat
2236 3118 2308 3186 in
2349 3139 2467 3187 cor
2517 3139 2591 3197 e,
2629 3139 2743 3187 ex-

184 3206 403 3276 terius
448 3207 651 3277 etiam
703 3206 1178 3278 circumferret
1212 3208 1281 3276 in
1333 3229 1640 3298 corpore.
1697 3209 1952 3297 Agebat
2006 3218 2234 3277 autem
2288 3206 2455 3278 haec
2506 3207 2743 3277 omnia

187 3295 296 3363 vir
344 3296 461 3452 {ei
519 3295 951 3377 FranciscuS‚
990 3297 1300 3366 nondum
1353 3296 1595 3367 habitu
1646 3296 1749 3366 vel
1799 3296 2121 3367 convictu
2170 3310 2636 3384 sequestratus
2702 3318 2744 3366 a

182 3406 359 3453 mun
414 3404 475 3452 o.

667 3582 758 3647 De
831 3582 1133 3669 perfecta
1196 3582 1616 3648 conversione
1677 3582 1823 3670 ejus
1885 3581 1976 3649 ad
2025 3586 2258 3661 Deum,

747 3678 810 3736 et
857 3668 938 3737 de
980 3670 1411 3759 reparatione
1460 3671 1666 3737 trium
1715 3672 2171 3739 ecclesiarum.

268 3830 305 3914 ξ
352 3829 428 3896 ¹2.
484 3826 822 3907 Quoniam
874 3841 1104 3896 autern
1165 3846 1404 3898 servus
1452 3827 1786 3899 Altissimi
1847 3830 2192 3900 doctorem
2246 3851 2381 3899 non
2443 3830 2742 3900 habebat

173 3915 484 4001 aliquem
526 3915 593 3982 in
648 3914 1080 4002 hujusmodi,
1135 3916 1268 3985 nisi
1305 3916 1679 3999 Christum,
1736 3917 2007 3988 addidit
2056 3919 2285 3988 adhuc
2344 3920 2567 4010 ipsius
2600 3918 2741 3988 cle-

178 4003 445 4075 mentia
492 4025 651 4073 eum
706 4004 775 4072 in
853 4005 1064 4073 ratiae
1113 4004 1388 4074 visitare
1414 4003 1807 4076 dulcedine.
1863 4012 2032 4077 Dum
2059 4008 2243 4077 enim
2278 4007 2388 4077 die
2435 4007 2738 4095 quadam

172 4114 501 4193 egressus
535 4092 783 4193 adme
837 4091 1153 4194 itandurn
1211 4094 1281 4164 in
1331 4116 1522 4184 agr0,
1597 4095 2074 4166 deambularet
2110 4097 2309 4185 juxta
2374 4095 2734 4167 ecclesiam

177 4193 405 4280 sancti
454 4186 795 4262 Damiant,
847 4203 1026 4268 quae
1060 4184 1460 4257 minabatur
1503 4206 1664 4274 prae
1700 4185 1917 4254 nimia
1958 4197 2286 4256 vetustate
2323 4186 2594 4256 ruinam
2620 4241 2635 4266 ‚
2674 4197 2740 4255 et

182 4292 253 4338 tn
307 4291 482 4351 eam,
542 4271 911 4362 instigante
961 4292 1031 4340 se
1080 4271 1353 4361 spiritu,
1410 4277 1620 4343 causa
1655 4273 1986 4345 orationis
2039 4273 2382 4356 intrasset,
2439 4289 2737 4364 prostra-

187 4370 301 4426 tus
340 4374 495 4427 ante
544 4359 920 4450 imaginem
972 4362 1317 4442 Crucifixi‚
1352 4384 1483 4432 non
1525 4362 1794 4431 modica
1842 4362 1973 4432 fuit
2019 4362 2087 4430 in
2140 4363 2400 4432 orando
2450 4363 2742 4453 spiritus

187 4445 654 4517 consolatione
719 4447 1043 4539 repletus.
1122 4453 1427 4536 Cumque
1498 4450 1904 4535 lacrymosis
1967 4450 2185 4517 oeulis
2237 4451 2616 4519 intenderet
2666 4450 2736 4517 in
