3347 4999
185 341 360 409 OCT.
420 340 441 402 ‘l
1097 352 1174 397 DE
1223 353 1277 398 s.
1332 348 1581 398 mivone
1628 350 1809 399 conr.
2387 406 2394 411 ,
2555 338 2637 402 63

185 434 577 527 composuit
601 433 682 502 ad
718 433 1073 511 honorem,
1104 442 1169 500 et
1193 431 1520 501 omnibus
1549 445 1824 501 sanctae
1850 433 2189 504 Ecclesiae
2214 431 2495 503 domum
2528 434 2728 503 inha-

183 525 569 598 bitantibus
601 521 685 590 ad
720 521 1109 590 utilitatem.
1164 524 1255 588 De
1305 518 1433 589 hoc
1482 534 1661 590 certe
1703 542 1858 589 vase
1897 522 2023 590 filii
2071 523 2529 593 desolatorum
2583 545 2729 592 cre-

184 615 413 686 dendo
462 622 936 703 gustaverunt,
989 620 1055 677 et
1101 607 1550 698 adipiscendo
1590 610 1843 679 fontem
1887 611 2131 682 salutis
2165 612 2523 681 biberunt:
2564 612 2722 680 alie-

185 707 500 796 nigenae,
556 714 621 770 et
668 706 907 789 Tyrus,
959 710 1024 767 et
1076 697 1378 787 populus
1424 699 1832 787 Aethiopum
1886 699 2087 769 vitale
2136 701 2295 771 hinc
2346 702 2729 770 hauserunt

184 794 617 865 antidotum:
675 809 874 858 nemo
925 807 1058 855 non
1093 788 1358 873 accepit
1390 787 1573 873 quod
1613 800 1888 878 peteret,
1924 788 2058 857 nisi
2089 811 2290 876 quem
2331 790 2526 879 pigra
2555 789 2727 858 fides

184 886 274 953 ab
321 878 728 969 accipiendo
779 876 1175 946 retraheret.
1234 880 1311 945 Et
1358 899 1517 945 cum
1560 877 1705 963 jam
1776 890 2109 946 terrarum
2176 878 2415 948 nullus
2465 879 2551 949 sit
2607 900 2728 946 an-

186 971 420 1063 gulus,
458 968 571 1038 cui
623 989 751 1036 sua
800 966 961 1034 hinc
1011 986 1145 1033 non
1200 964 1473 1034 fluxerit
1522 965 1736 1045 salus,
1776 965 1843 1032 in
1885 966 2059 1035 valle
2093 980 2230 1048 tua,
2272 967 2532 1048 Ganda,
2574 966 2728 1035 fluit

184 1059 594 1149 specialiuS,
651 1069 712 1125 te
783 1055 1025 1143 irrigat
1074 1053 1395 1133 uberius,
1453 1052 1712 1141 tibique
1762 1055 1941 1143 sapit
1990 1055 2505 1126 abundantius:
2550 1077 2727 1142 quae

184 1149 333 1219 sola
376 1169 585 1237 penes
635 1159 696 1215 te
733 1144 1008 1223 retines,
1043 1142 1227 1229 quod
1283 1143 1350 1210 in
1384 1164 1755 1212 commune
1788 1143 1907 1212 toti
1939 1144 2089 1212 orbi
2132 1146 2430 1233 prodest.
2470 1150 2565 1212 Tu
2599 1145 2728 1212 sci-

182 1238 346 1307 licet
394 1237 605 1325 hujus
659 1232 994 1302 salutiferi
1044 1232 1223 1301 vasis
1287 1232 1773 1313 conservatrix,
1826 1244 1890 1301 et
1940 1233 2435 1303 miraculorum
2489 1233 2601 1301 Dei
2652 1233 2724 1300 in

184 1349 266 1396 eo
320 1323 635 1395 meruisti
687 1322 834 1391 fieri
901 1342 1072 1411 pene
1119 1320 1522 1407 quotidiana
1575 1321 2124 1410 contemplatrix.
2178 1323 2324 1392 Tibi
2380 1320 2727 1413 possidius

184 1415 501 1485 medetur
547 1433 913 1503 corporum
970 1408 1275 1489 vulnera,
1329 1423 1394 1479 et
1450 1411 1813 1480 resuscitat
1860 1410 2257 1480 animarum
2311 1411 2576 1481 funera.
2631 1416 2729 1478 Tu

184 1502 738 1575 conservandum
784 1498 1124 1587 recepisti,
1176 1510 1242 1566 et
1292 1499 1812 1589 reconsignabis
1840 1499 1907 1567 in
1944 1500 2055 1568 die
2092 1501 2385 1569 Domini.
2419 1505 2468 1570 Ο
2500 1498 2721 1579 vallis,

186 1594 256 1662 in
311 1592 569 1662 summi
622 1589 876 1659 montis
925 1587 1056 1656 sita
1095 1587 1364 1665 vertice,
1418 1599 1483 1656 et
1533 1588 1789 1677 repleta
1843 1588 2302 1688 pinguissima
2355 1590 2468 1658 Dei
2525 1590 2728 1658 uber-

184 1694 342 1752 tate.
418 1685 562 1750 Non
617 1678 888 1746 deficiet
934 1699 1014 1745 ex
1065 1688 1124 1744 te
1172 1675 1483 1747 coelestis
1532 1676 1859 1746 frumenti
1911 1700 2208 1767 granum
2244 1733 2258 1759 ,
2315 1678 2381 1745 in
2435 1701 2570 1765 qua
2629 1688 2731 1746 est

185 1769 522 1841 habitatio
570 1766 1018 1836 laetantium:
1070 1766 1319 1835 etenim
1364 1764 1699 1834 Dominus
1747 1767 1930 1841 inte
1985 1766 2320 1836 habitabit
2368 1768 2435 1835 in
2490 1767 2725 1846 finem,

183 1873 251 1928 et
299 1858 560 1928 finibus
595 1855 732 1924 tuis
782 1867 986 1944 ponet
1037 1876 1315 1943 pacem:
1356 1875 1542 1922 seras
1587 1866 1937 1944 portarum
1973 1866 2246 1925 tuarum
2291 1855 2724 1935 confortabit,

185 1961 253 2016 et
303 1945 663 2018 benedicet
694 1943 857 2014 filiis
890 1942 1045 2011 tuis.
1088 1948 1286 2035 Facta
1335 1956 1435 2013 est
1484 1957 1712 2012 autem
1752 1944 1962 2030 hujus
2013 1944 2496 2034 pretiosissimi
2546 1944 2730 2012 vasis

184 2037 273 2105 ab
323 2034 789 2123 omnipotente
824 2032 1083 2101 artifice
1118 2042 1270 2121 post
1319 2031 1693 2100 multarum
1749 2032 2267 2102 tribulationum
2297 2034 2726 2104 excoctiones

193 2124 514 2214 piissima
558 2120 895 2213 purgati0‚
940 2132 1005 2189 et
1053 2121 1118 2188 in
1172 2120 1593 2188 aeternitatis
1628 2121 1958 2191 honorem
1992 2121 2288 2211 gloriosa
2315 2122 2721 2211 assumpti0‚

188 2212 647 2282 Calendarum
698 2210 1091 2280 Octobrium
1135 2209 1246 2277 die
1290 2208 1535 2299 prim0‚
1581 2232 1765 2279 anno
1815 2232 1855 2279 a
1901 2210 2346 2280 conversione
2395 2233 2518 2280 sua
2561 2233 2722 2298 qua·

185 2301 628 2392 dragesimO,
698 2298 1095 2368 Dominicae
1165 2298 1664 2367 incarnationis
1738 2301 2227 2369 sexcentesimo
2298 2301 2728 2389 quinquage-

184 2392 365 2460 simo
398 2400 664 2476 quarm,
721 2388 1017 2457 Martino.
1056 2386 1516 2457 universalem
1568 2387 2094 2458 administrante
2129 2389 2633 2479 Pontificatum.

277 2481 313 2567 ξ
365 2484 518 2551 ⁸25.
573 2483 1007 2548 praecessere
1050 2476 1279 2546 statim
1334 2476 1552 2567 ipsam
1605 2477 1838 2547 beatae
1895 2477 2291 2568 sepulturae
2329 2478 2717 2548 clausulam

183 2568 488 2658 gloriosa
540 2566 910 2646 miracula,
963 2578 1028 2634 et
1080 2588 1159 2634 ex
1207 2587 1363 2634 vase
1414 2566 1924 2636 misericordiae
1977 2570 2337 2656 propinata
2397 2580 2560 2636 sunt
2610 2590 2723 2655 po-

182 2658 367 2737 cula,
421 2678 598 2743 quae
648 2678 783 2724 non
834 2653 1155 2723 deficient
1203 2654 1272 2721 in
1324 2654 1578 2734 secula,
1636 2679 1767 2723 non
1819 2657 1905 2725 ab
1953 2657 2174 2726 oculis
2228 2657 2718 2746 praesentium,

183 2765 320 2813 non
374 2768 413 2814 a
461 2744 790 2814 cordibus
830 2743 1247 2823 absentium,
1305 2756 1566 2812 tantum
1602 2766 1761 2812 cum
1798 2745 1933 2814 fide
1972 2746 2465 2814 invocantium.
2502 2750 2727 2813 Pauca

183 2856 365 2925 pono
415 2833 499 2902 de
551 2832 912 2923 pluribuS,
969 2832 1106 2901 duo
1157 2832 1631 2902 tantummodo
1680 2833 1764 2902 de
1812 2834 2490 2913 innumerabilibuS‚
2550 2854 2725 2918 quae

180 2923 268 2993 ad
318 2922 734 2992 declaranda
784 2921 1004 2990 sancti
1054 2920 1163 2990 sui
1216 2921 1483 3002 merita,
1542 2921 1658 2990 Dei
1709 2922 2007 2992 ostendit
2037 2923 2279 3012 gratia.
2313 2921 2723 2991 Hostilisin-

172 3011 365 3093 ¹vidia
398 3067 413 3091 ‚
469 3012 672 3100 cujus
720 3032 897 3100 opus
946 3030 1219 3099 semper
1280 3011 1619 3099 injustum
1659 3065 1673 3090 ‚
1731 3011 2046 3081 voluntas
2099 3032 2449 3097 nunquam
2502 3011 2718 3080 bona:

178 3101 487 3182 invidia,
542 3101 867 3186 inquam,
920 3120 1097 3185 quae
1145 3098 1473 3168 seminam
1532 3112 1596 3169 et
1646 3099 1996 3168 hominem
2048 3099 2133 3168 de
2194 3099 2512 3188 paradiso
2567 3121 2720 3188 pro-

169 3189 340 3279 jecit
385 3189 738 3269 exsulem,
796 3209 981 3256 nunc
1047 3209 1321 3274 quoque
1384 3188 1732 3257 hominem
1807 3210 1963 3256 cum
2033 3187 2292 3258 femina
2349 3188 2726 3257 mulctabat

232 3300 407 3347 oena
442 3278 713 3346 misera.
754 3276 1015 3347 Stridor
1046 3277 1297 3367 gravis,
1343 3276 1536 3346 furor
1571 3275 2041 3358 indomabilis,
2087 3300 2336 3367 spuma
2367 3278 2719 3357 continua,

180 3301 518 3436 liabitudo
568 3365 1041 3455 lacrymabilis
1076 3419 1091 3445 ‚
1148 3365 1280 3435 vita
1329 3364 1708 3446 fastidiosa,
1766 3365 1946 3434 notis
1992 3380 2057 3436 et
2101 3367 2344 3435 amicis
2393 3367 2723 3436 omnibus

180 3456 394 3525 nimis
430 3449 704 3525 odiosa.
759 3454 935 3536 Quid
988 3460 1315 3544 agerent?
1353 3475 1490 3540 quo
1539 3476 1629 3523 se.
1660 3459 2039 3524 verterent?
2072 3455 2271 3525 Nulla
2305 3478 2486 3545 speS,
2529 3455 2718 3524 nulla

179 3544 594 3614 consolatio:
650 3543 768 3630 qui
822 3543 1208 3613 mederetur
1248 3542 1412 3613 huic
1445 3543 1814 3633 supplicio,
1854 3543 2332 3613 inveniebatur
2373 3567 2721 3631 nusquam

184 3633 539 3724 gentium:
606 3632 822 3701 solius
886 3633 1072 3700 enim
1141 3632 1253 3700 Dei
1321 3631 1510 3701 salus
1557 3647 1659 3701 est
1709 3632 2099 3701 hominum.
2152 3632 2281 3702 Sed
2331 3654 2486 3701 cum
2541 3632 2722 3701 sama

179 3722 504 3812 vulgante
553 3743 677 3790 nec
727 3721 1011 3790 miseros
1061 3721 1296 3789 lateret
1342 3720 1426 3788 de
1462 3721 1629 3789 tanti
1682 3722 1892 3810 patris
1941 3721 2201 3803 funere,
2253 3732 2720 3811 opportunum

182 3812 311 3880 rati
360 3809 696 3879 auxilium
750 3831 1025 3898 sperare
1083 3809 1396 3888 Domini,
1454 3809 1648 3880 duris
1711 3809 1957 3911 ligatos
2027 3811 2360 3891 nexibuS,
2418 3811 2721 3880 virorum

181 3911 433 3970 tractos
478 3898 801 3968 manibus
848 3897 931 3966 ad
999 3898 1125 3968 hoc
1172 3897 1487 3966 divinum
1539 3899 2090 3989 propitiatorium
2145 3899 2449 3979 inutileS‚
2504 3912 2580 3969 ut
2629 3899 2725 3967 vi-

181 3988 429 4059 ctimas
471 4000 694 4056 tamen
750 3986 1085 4076 dirigunt.
1140 3988 1389 4056 Orabat
1438 4009 1572 4055 non
1625 3988 1889 4078 lingua,
1946 3988 2063 4058 sed
2116 3988 2529 4057 necessitas:
2585 4010 2721 4057 non

180 4101 306 4147 vox
358 4076 875 4155 invocantium,
932 4075 1051 4145 sed
1103 4097 1322 4164 poena
1387 4078 1871 4165 pereuntium:
1927 4077 2152 4168 ignari
2199 4090 2264 4146 et
2313 4099 2604 4155 sensus,
2659 4089 2726 4145 et

184 4165 529 4247 scientiae,
580 4164 937 4235 tormentis
986 4164 1131 4234 suis
1184 4165 1641 4254 provocabant
1681 4166 1933 4235 fontem
1970 4165 2502 4235 misericordiae.
2543 4164 2720 4234 Sub-

182 4256 363 4324 venit
412 4255 584 4326 fides
648 4252 887 4344 populi
934 4252 1345 4323 clamantis:
1393 4259 1633 4324 Sancte
1697 4261 1895 4336 Bav0,
1950 4253 2279 4323 subveni:
2332 4255 2452 4341 qui
2503 4254 2722 4322 vivifi-

185 4344 349 4412 casti
403 4343 711 4414 membra
762 4353 1073 4424 mortua„
1122 4343 1298 4412 male
1349 4349 1650 4412 viventes
1699 4345 1864 4412 istos
1914 4343 2151 4413 libera.
2207 4344 2427 4412 Tracti
2479 4343 2560 4411 ad
2615 4366 2722 4410 sa-

184 4453 376 4502 crum
428 4431 663 4515 sunm,
718 4444 796 4503 ut
842 4444 1137 4513 orarent,
1195 4433 1438 4522 vixque
1488 4432 1703 4503 coacti
1754 4432 2078 4505 feretrum
2131 4444 2205 4503 ut
2245 4432 2723 4522 contingerent
