3347 4999
222 380 395 446 OCT.
451 380 532 444 ⁴6
1001 399 1078 444 m:
1127 399 1183 445 s.
1236 398 1431 446 extro
1478 400 1619 445 Ana.
1675 399 1750 445 ΕΤ
1798 398 1981 446 conr.
2542 380 2658 444 45⁴

217 483 440 552 servor
470 482 895 563 accenderat,
955 496 1054 561 ut,
1101 496 1328 572 spreto
1380 483 1928 572 propinquorum
1991 495 2054 550 et
2117 482 2552 570 praediorum
2604 482 2758 551 dul-

218 572 483 651 cedine,
542 574 789 640 mentis
838 571 1151 640 ardorem
1201 593 1404 661 opere
1442 594 1589 640 com
1652 571 1990 640 robarent.
2045 570 2503 640 Ascendentes
2545 571 2760 660 igitur

219 661 478 737 navim,
525 672 855 730 venerunt
901 661 1349 741 Britanniam,
1403 674 1467 730 et
1515 661 1581 728 in
1639 682 1676 729 e
1719 660 1804 729 ad
1858 658 2148 729 Galliam
2202 658 2753 729 transfretarunt.

217 753 525 834 Cumque
573 748 675 816 vir
740 750 851 817 Dei
920 748 1005 818 ad
1081 749 1506 839 Sigebertum
1559 755 1813 838 Regem
1861 771 2020 817 cum
2072 747 2217 818 suis
2283 748 2751 837 pervenisset,

214 838 477 927 rogavit
522 859 679 907 eum
733 842 892 917 Rex,
950 850 1024 907 ut
1071 837 1251 907 intra
1285 837 1539 907 Gallias
1588 837 1937 917 resideret,
1992 858 2141 917 nec,
2196 837 2295 907 eis
2336 836 2614 917 relictis,
2669 836 2756 904 ad

187 939 452 1016 ‚gentes
486 926 657 995 alias
689 926 1208 1015 commigraret:
1255 948 1326 995 se
1371 947 1522 995 vero
1557 925 1927 1016 spopondit
1967 926 2223 1006 omnia,
2268 947 2444 1013 quae
2478 937 2760 994 sanctus

216 1027 513 1104 peteret,
572 1015 1067 1103 praebiturum.
1123 1014 1214 1083 Ad
1268 1015 1432 1100 baec
1491 1014 1596 1082 vir
1651 1015 1767 1083 Dei
1808 1013 2199 1103 respondit:
2254 1036 2291 1079 «
2333 1014 2461 1097 Qui
2518 1026 2753 1083 nostra

216 1103 653 1189 reliquimuS,
710 1115 782 1172 ut
839 1102 1223 1172 secundum
1273 1103 1747 1193 Evangelicam
1801 1104 2187 1203 ,jussionem
2229 1103 2596 1172 Dominum
2648 1125 2753 1172 se-

218 1214 612 1278 queremur,
673 1214 806 1261 non
855 1191 1189 1260 debemus
1212 1191 1474 1261 alienas
1504 1192 1826 1281 amplecti
1866 1191 2162 1271 divitias,
2202 1213 2287 1259 ne
2335 1191 2503 1261 forte
2555 1213 2753 1280 prae-

213 1281 624 1351 varicatores
657 1281 877 1350 simus
924 1280 1138 1349 divini
1191 1280 1521 1349 mandati.
1555 1304 1590 1346 »
1642 1280 1851 1368 Cujus
1897 1280 2264 1366 obJectioni
2314 1285 2451 1350 Rex
2496 1280 2588 1349 ita
2636 1302 2753 1349 oc-

214 1391 525 1450 currenS,
581 1370 710 1439 ait:
758 1391 794 1435 <‹
829 1369 895 1438 Si
946 1390 1219 1438 crucem
1265 1369 1537 1450 tollere,
1583 1382 1646 1438 et
1695 1368 2038 1438 Christum
2090 1369 2283 1455 sequi
2341 1368 2690 1439 desideras
2729 1424 2744 1451 ,

214 1471 443 1527 vastae
490 1458 702 1527 eremi
752 1471 1009 1526 sectare
1055 1457 1395 1544 quietem:
1453 1470 1716 1526 tantum
1772 1479 1894 1536 ne,
1952 1456 2094 1526 solo
2136 1469 2404 1527 nostrae
2458 1457 2742 1527 ditionis

212 1547 473 1626 relict0,
513 1546 598 1615 ad
643 1547 901 1616 vicinas
937 1558 1242 1615 transeas
1291 1547 1622 1615 nationes.
1679 1546 1935 1615 Poteris
1973 1546 2157 1615 enim
2191 1546 2320 1615 hoc
2358 1546 2647 1616 consilio
2675 1560 2742 1616 et

215 1648 328 1706 tua
374 1636 676 1724 praemia
701 1634 1080 1715 cumulare,
1119 1648 1183 1705 et
1224 1648 1492 1705 nostrae
1526 1634 1734 1704 saluti
1771 1635 2229 1724 prospicere.»
2276 1640 2510 1721 Itaque
2544 1635 2761 1725 Regis·

213 1724 645 1814 persuasioni
679 1724 1047 1804 consensit,
1086 1737 1151 1793 et
1189 1737 1466 1813 accepta
1492 1724 1791 1812 optione,
1831 1744 2164 1805 eremum,
2200 1745 2375 1810 quae
2401 1724 2753 1813 Vosegus*

212 1813 487 1893 dicitur,
531 1835 690 1882 cum
740 1813 887 1882 suis
921 1812 1221 1882 intravit.
1273 1818 1692 1881 Invenerunt
1739 1823 1967 1881 autem
2011 1811 2263 1893 locum,
2303 1812 2522 1881 muris
2571 1813 2749 1881 anti-

210 1903 445 1989 quitus
493 1914 788 1990 septum,
843 1900 1087 1971 calidis
1119 1902 1320 1988 aquis
1373 1901 1755 1991 irriguum,
1812 1900 1929 1970 sed
1978 1899 2120 1987 jam
2172 1913 2497 1970 vetustate
2545 1900 2752 1970 colla—

212 2013 443 2081 psum,
497 1990 617 2076 qui
668 1989 870 2080 vulgo
911 1991 1284 2059 Luxovium
1314 1989 1382 2024 *²*
1410 1990 1802 2059 vocabatur.
1844 1988 1948 2057 Ibi
1981 1989 2356 2059 oratorium
2404 1989 2475 2058 in
2526 1989 2742 2059 hono-

213 2100 353 2148 rem
394 2078 571 2147 beati
618 2078 793 2147 Petri
835 2078 1131 2167 Apostoli
1179 2090 1678 2158 construenteS,
1737 2076 2281 2158 mansiunculaS,
2355 2077 2422 2145 in
2485 2078 2742 2164 quibus

210 2180 771 2246 commanerent,
827 2166 1156 2236 fecerunt.
1231 2166 1514 2254 Illisque
1575 2166 1673 2235 ibi
1732 2165 2334 2248 conversantibuS,
2369 2179 2452 2236 'et
2513 2167 2744 2256 ipsum

214 2255 440 2324 locum
490 2254 977 2336 excolentibus,
1033 2255 1234 2325 multi
1285 2277 1418 2324 non
1472 2254 1695 2323 solum
1747 2254 1831 2322 de
1864 2276 2110 2354 genere
2143 2255 2740 2345 Burgundionum,

219 2342 336 2412 sed
386 2343 587 2412 etiam
625 2348 1069 2423 Francorum,
1126 2366 1356 2413 amore
1405 2344 1578 2412 vitae
1613 2342 1986 2412 laudabilis
2026 2342 2111 2412 ad
2163 2343 2351 2433 ipsos
2398 2343 2746 2413 confluxe-

217 2442 421 2501 runt:
474 2443 539 2502 et
578 2432 857 2502 monitis
890 2432 1319 2522 spiritalibus
1350 2432 1667 2513 instituti,
1713 2444 1966 2502 tantam
2004 2433 2560 2590 compunctionis
2592 2456 2747 2525 gra-

217 2521 381 2590 tiam
433 2542 511 2589 ex
547 2521 769 2591 verbis
803 2543 1039 2590 eorum
1075 2522 1301 2611 adepti
1328 2535 1512 2606 sunt,
1558 2535 1633 2591 ut
1664 2522 1895 2590 omnia
1939 2543 2065 2590 sua
2114 2543 2151 2590 a
2250 2521 2479 2612 ipsum
2518 2522 2748 2592 locum

219 2609 540 2679 nonnulli
588 2610 1087 2692 contraderent,
1140 2623 1204 2680 et
1237 2614 1435 2680 coma
1466 2609 1714 2699 capitis
1745 2609 2075 2700 deposita,
2125 2612 2542 2681 monasticae
2578 2611 2749 2680 vitae

206 2698 521 2768 habitum
574 2699 957 2768 voluntaria
994 2711 1390 2788 paupertate
1438 2699 1888 2788 susciperent.

298 2789 333 2874 ξ
382 2791 473 2857 3.
529 2792 833 2874 Cumque
864 2788 1031 2857 haec
1072 2801 1205 2857 tam
1236 2787 1394 2857 felix
1431 2787 2020 2857 commanentium
2065 2809 2338 2877 semper
2383 2787 2451 2855 in
2496 2786 2747 2856 melius

209 2875 569 2965 proficeret
617 2876 1010 2967 disciplina,
1064 2876 1440 2967 singularis
1488 2867 1668 2946 beati
1717 2875 2121 2945 Columbani
2186 2875 2552 2954 sanctitaS,
2612 2875 2743 2943 mi-

203 2964 462 3033 raculis
533 2963 1007 3052 frequentibus
1076 2966 1563 3056 comprobata,
1635 2986 1755 3054 per
1816 2976 1989 3034 totas
2053 2964 2274 3053 coepit
2322 2963 2577 3032 Gallias
2641 2963 2742 3032 vel

206 3052 607 3123 Germaniae
654 3054 998 3124 diffamari
1039 3054 1449 3145 provincias.
1508 3054 1944 3123 Laudabatur
1981 3053 2067 3122 ab
2116 3050 2484 3133 omnibuS,
2562 3051 2743 3121 cole-

200 3139 406 3210 batur
452 3163 493 3210 a
539 3144 806 3212 cunctis
837 3198 852 3224 ‚
919 3143 1087 3213 adeo
1140 3156 1214 3214 ut
1266 3142 1727 3212 Theodoricus
1783 3146 1965 3221 Rex,
2028 3139 2216 3209 filius
2263 3139 2690 3227 {childeberti
2721 3195 2737 3221 ‚

203 3251 417 3319 nepos
466 3229 836 3320 sigeberti,
896 3232 1014 3321 qui
1073 3253 1151 3301 eo
1209 3245 1510 3320 tempore
1557 3228 2172 3318 Burgundionibus
2220 3228 2596 3320 regnabat,
2653 3228 2741 3298 ad

202 3339 361 3387 eum
413 3340 614 3407 saepe
670 3320 970 3401 veniret,
1035 3334 1098 3390 et
1138 3342 1417 3411 precum
1460 3320 1609 3408 ejus
1660 3317 1991 3418 suffragia
2030 3320 2306 3386 summa
2343 3340 2500 3387 cum
2536 3317 2739 3387 devo-

206 3407 388 3475 tione
422 3406 838 3495 deposceret.
879 3413 1090 3491 Quem
1142 3431 1301 3478 cum
1343 3421 1531 3497 pater
1570 3419 1850 3475 sanctus
1887 3419 2296 3496 increparet,
2335 3428 2461 3476 cur
2489 3428 2744 3476 concu-

201 3494 526 3564 binarum
566 3494 981 3584 pollueretur
1014 3496 1466 3585 amplexibus,
1512 3509 1576 3565 et
1607 3516 1744 3563 non
1781 3495 2009 3583 potius
2044 3495 2391 3585 legitimae
2420 3495 2741 3585 conjugis

201 3583 550 3653 connubio
589 3583 950 3666 frueretur,
998 3585 1274 3654 monitis
1314 3586 1463 3674 ejus
1494 3585 1999 3672 obtemperans,
2046 3596 2293 3653 cuncta
2334 3584 2741 3672 hujusmodi

201 3672 442 3742 illicita
477 3694 548 3740 se
583 3673 948 3742 vitaturum
987 3673 1320 3764 promisit.
1356 3672 1477 3742 Sed
1517 3671 2020 3754 Brunechildis,
2052 3673 2201 3741 avia
2239 3673 2463 3762 Regis,
2495 3671 2739 3742 videns

203 3782 359 3830 eum
386 3759 523 3830 Viri
561 3762 671 3829 Dei
705 3761 1013 3832 consiliis
1043 3760 1342 3842 obedire,
1378 3761 1662 3831 stimulo
1697 3761 1996 3830 malitiae
2036 3761 2397 3840 concitata,
2440 3774 2737 3829 mentem

203 3849 599 3938 serpentino
639 3849 892 3920 furoris
932 3850 1220 3919 armavit
1252 3872 1533 3919 veneno.
1566 3851 1937 3919 Verebatur
1968 3851 2179 3930 enim,
2218 3872 2300 3917 ne
2339 3848 2422 3928 si,
2455 3849 2740 3938 abjectis

199 3938 632 4020 concubinis,
669 3939 924 4028 Regina
964 3938 1032 4006 in
1060 3938 1481 4008 consortium
1517 3939 1710 4027 regni
1738 3951 2228 4019 assumeretur,
2268 3937 2571 4026 dignitas
2613 3959 2738 4006 sua

199 4025 457 4096 honore
497 4027 843 4097 subtracto
874 4026 1245 4097 vilesceret.
1284 4032 1429 4110 Quo
1474 4027 1714 4096 timore
1749 4026 2091 4107 laboran5‚
2131 4025 2462 4095 invidiam
2500 4037 2740 4094 contra

200 4113 435 4185 Virum
477 4117 591 4185 Dei
631 4117 851 4206 coepit
890 4115 1185 4194 habere;
1238 4130 1302 4185 et
1351 4109 1502 4205 pfit
1554 4114 1805 4184 multas
1853 4114 2168 4204 injurias,
2207 4136 2379 4202 quas
2439 4113 2538 4182 illi
2592 4136 2741 4182 ma-

201 4202 480 4271 chinata
534 4218 656 4284 est,
723 4218 797 4274 ut
858 4205 1207 4293 Scriptura
1269 4216 1543 4274 sanctae
1606 4203 2144 4274 conversationis
2211 4204 2361 4293 ejus
2424 4215 2730 4282 testatur,

201 4291 491 4361 consilio
549 4315 709 4364 cum
759 4299 940 4384 Rege
999 4293 1193 4374 lnito,
1246 4308 1321 4362 ut
1380 4314 1539 4362 eum
1601 4314 1813 4382 regno
1879 4314 2002 4362 suo
2078 4292 2493 4375 deturbaret,
2551 4291 2740 4360 misit.

253 4451 279 4476 ¹·
309 4451 505 4510 Gallice,
524 4453 584 4492 lec
608 4455 775 4504 Vosqes.
797 4455 838 4497 S.
862 4454 1181 4495 columbanus
1203 4453 1405 4497 Galliam
1425 4452 1564 4504 petiit
1584 4463 1706 4495 anno
1727 4453 1804 4495 58)
1824 4453 1904 4495 vel
1920 4455 2016 4497 δοῦ.

253 4505 304 4532 *⁰
336 4504 532 4556 Gallice,
552 4507 751 4548 Luxeuil.
