3347 4999
218 316 382 382 OCT.
443 321 516 384 14
873 337 951 384 na
1002 338 1057 384 s.
1112 336 1412 385 commeo
1461 337 1762 385 romono
1812 338 2084 385 aarum
2527 322 2653 384 417

215 422 570 491 duodecim
605 422 685 490 ex
736 442 919 490 more
972 420 1313 511 psalteriis
1367 434 1623 511 partem
1663 422 2124 499 decimitertii,
2164 444 2383 509 usque
2416 423 2499 491 ad
2565 421 2746 512 psal-

217 530 426 589 mum,
483 513 676 579 Beati
702 534 1006 600 quorum,
1049 509 1375 579 absolvi.»
1420 515 1622 580 Porro
1654 511 1837 597 quod
1880 512 2078 580 nobis
2112 512 2367 582 durum
2405 533 2607 601 saepe
2648 511 2745 580 vi-

216 597 414 668 detur
444 613 509 668 et
554 621 903 689 asperum,
944 620 1147 685 quam
1202 598 1316 667 ille
1369 599 1628 687 puerile
1681 599 1956 689 deputet
2004 623 2081 669 ac
2125 599 2549 700 despectum,
2601 621 2745 668 uno

217 686 583 757 doceamus
616 687 949 776 exemplo.
999 693 1225 756 Frater
1255 688 1532 772 quidam
1569 710 1730 757 cum
1779 710 1819 756 a
1849 710 2215 778 scoparum
2253 689 2502 758 ictibus
2539 688 2745 758 nimis

215 775 630 856 abhorreret,
688 780 890 861 atque
933 776 1229 865 perferre
1269 776 1756 876 gravissimum
1785 776 2154 864 judicaret,
2197 777 2467 846 tandem
2520 788 2744 845 tamen

219 862 480 933 domiui
534 864 865 935 Dominici
923 864 1232 934 crebrius
1283 865 1662 935 insistentis
1728 865 2322 936 adhortationibus
2371 866 2741 952 acquievit,

215 973 292 1020 ac
356 976 474 1041 per
523 953 1058 1022 modulationem
1112 953 1316 1023 totius
1367 954 1708 1042 psalterii,
1771 965 1835 1022 et
1904 955 2189 1055 insuper
2248 954 2750 1044 quinquaginta

220 1041 667 1129 psalmorum,
722 1041 997 1111 sibimet
1055 1041 1493 1198 disciplinam
1549 1041 1797 1110 inferre
1857 1044 2154 1133 propriis
2228 1043 2547 1112 manibus
2610 1064 2744 1111 non

217 1132 526 1199 cessavit.
567 1136 722 1199 Erat
754 1142 983 1200 autem
1022 1153 1148 1199 nox
1181 1130 1222 1198 il
1259 1152 1296 1198 a
1337 1131 1753 1220 praecedens
1781 1132 2199 1200 Dominicam
2237 1131 2445 1211 diem,
2475 1144 2538 1200 et
2573 1130 2751 1201 beati

220 1218 567 1288 Michaelis
601 1220 1052 1288 festivitatem.
1090 1223 1395 1306 Cumque
1444 1219 1618 1288 facto
1653 1240 1874 1300 mane,
1916 1220 1999 1288 ad
2040 1219 2464 1309 praedictum
2517 1241 2750 1288 senem

220 1303 421 1376 frater
471 1307 584 1376 ille
617 1308 932 1388 venisset,
967 1308 1214 1379 timens
1256 1329 1339 1377 ne
1372 1307 1456 1376 de
1495 1308 1979 1376 indiscretione
2013 1309 2560 1396 redargueretur,
2593 1328 2750 1377 cum

217 1396 396 1479 quod
454 1409 721 1486 egerat,
792 1418 909 1487 per
957 1395 1270 1464 ordinem
1337 1396 1703 1476 retulisset,
1758 1397 1885 1464 hac
1957 1397 2070 1465 ille
2149 1418 2307 1465 voce
2358 1395 2748 1485 respondit:

220 1503 255 1547 «
292 1485 463 1566 Noli,
515 1484 741 1564 frater,
800 1484 1266 1573 pusillanimis
1313 1506 1482 1564 esse,
1527 1484 1625 1552 vel
1665 1507 1786 1574 pro
1838 1485 1961 1554 hac
1999 1497 2137 1565 tua,
2191 1506 2366 1570 quae
2402 1506 2583 1553 nunc
2627 1496 2750 1564 est,

220 1570 619 1642 infirmitate
666 1573 1012 1642 diffidere:
1070 1586 1285 1662 potest
1323 1574 1508 1642 enim
1564 1578 1737 1643 Deus
1767 1595 1845 1642 ex
1895 1574 2055 1643 imis
2092 1585 2152 1643 te
2200 1572 2282 1641 ad
2323 1572 2564 1643 altiora
2601 1593 2756 1663 pro-

222 1660 482 1743 vehere,
522 1675 584 1731 et
635 1663 841 1749 hujus
891 1662 1210 1731 lacteolae
1271 1674 1423 1730 tuae
1473 1663 2009 1731 conversationis
2060 1662 2446 1739 infantiam,
2493 1661 2574 1730 ad
2639 1660 2759 1748 ju-

221 1751 464 1821 venilis
517 1752 778 1819 roboris
830 1752 1248 1819 incrementa
1298 1750 1645 1819 firmare.»
1672 1756 1750 1819 Et
1779 1750 2111 1838 adjiciens
2160 1751 2288 1819 ait:
2332 1773 2366 1816 «
2402 1750 2756 1819 Nosetiam

223 1838 449 1923 primo
485 1840 893 1929 pedetentim
931 1840 1308 1928 coepimus,
1364 1840 1760 1925 sensimque
1792 1840 1875 1908 ad
1905 1840 2087 1926 quod
2126 1860 2248 1910 uos
2278 1838 2511 1907 divina
2545 1839 2759 1927 pietas

224 1927 600 2010 perducere
649 1928 883 1998 voluit.
947 1927 1103 1997 licet
1177 1927 1553 1996 imbecilles
1601 1950 1680 1996 ac
1730 1928 2053 2014 fragiles,
2123 1928 2351 1996 educti
2412 1949 2679 1996 sumus.
2721 1949 2756 1991 »

227 2014 473 2103 Sicque
510 2016 763 2086 factum
814 2028 936 2096 est,
981 2029 1056 2085 ut
1106 2038 1238 2085 non
1277 2038 1433 2085 eum
1465 2015 1548 2084 de
1598 2016 2051 2086 immoderato
2099 2016 2379 2098 fervore,
2420 2017 2593 2084 sicut
2645 2013 2757 2082 ille

229 2102 530 2186 timebat,
584 2118 935 2195 argueret,
991 2103 1105 2173 sed
1170 2125 1252 2172 ne
1299 2104 1756 2193 desperationi
1833 2106 2349 2183 succumberet,
2407 2119 2758 2190 tamquam

223 2192 339 2275 qui
373 2195 741 2264 minimum
779 2193 943 2281 quid
972 2194 1241 2283 egisset,
1279 2193 1587 2283 animum
1626 2192 1971 2264 refoveret.
2011 2196 2230 2281 HuJ‘us
2274 2195 2496 2280 itaque
2532 2191 2758 2261 Sancti

227 2281 411 2377 senis
451 2283 762 2373 exemplo
812 2282 1163 2351 faciendae
1211 2281 1382 2350 disci
1441 2281 1621 2349 linae
1672 2304 1819 2351 mos
1846 2282 2015 2352 adeo
2051 2284 2115 2350 in
2156 2283 2406 2353 nostris
2450 2281 2758 2370 partibus

227 2369 529 2451 inolevit,
569 2384 644 2441 ut
697 2393 828 2440 non
873 2370 1075 2440 modo
1111 2370 1258 2450 viri,
1301 2392 1370 2439 se
1452 2371 1806 2439 etnobiles
1845 2371 2169 2440 mulieres
2205 2372 2329 2440 hoc
2376 2376 2513 2439 Pur
2563 2368 2761 2439 atorii

225 2477 448 2544 genus
501 2461 844 2530 inhianter
891 2459 1293 2550 arriperent.
1345 2465 1511 2530 Nam
1562 2472 1626 2528 et
1682 2459 1911 2529 relicta
1959 2460 1992 2494 ⁴⁸
2025 2459 2390 2529 Techbaldi
2441 2481 2520 2529 su
2579 2457 2761 2529 limis

225 2548 465 2636 utique
506 2550 800 2640 generiS,
839 2564 903 2618 et
951 2570 1085 2617 non
1139 2548 1417 2617 infimae
1449 2548 1826 2638 dignitatis,
1866 2550 2034 2618 mihi
2085 2548 2454 2636 aliquando
2505 2547 2755 2627 retulit,

229 2640 602 2739 praefixam
655 2638 866 2726 hujus
934 2636 1342 2726 disciplinae
1390 2650 1664 2707 centum
1727 2660 2068 2708 annorum
2126 2660 2219 2719 se,
2277 2636 2758 2727 poenitentiam

230 2742 597 2817 peregisse.

236 2896 249 2911 ,
317 2816 352 2899 ξ
401 2822 536 2888 11.
611 2820 684 2883 In
741 2815 1037 2915 Epistola
1092 2814 1294 2883 etiam
1355 2813 1438 2882 ad
1489 2821 1822 2883 Joannem
1876 2815 2173 2883 Priorem
2243 2813 2498 2892 eremi,
2583 2833 2762 2898 quae

219 2916 416 2984 Juxta
472 2909 641 2972 Susa
679 2903 980 2972 vicinum
1016 2904 1084 2937 ⁴*
1134 2915 1430 2972 montem
1482 2916 1582 2972 est
1630 2903 2020 2980 constituta,
2058 2923 2425 2982 cumeum,
2478 2901 2763 2989 eJ'usque

233 2991 576 3080 subjectos
625 2991 707 3060 ad
759 2993 1216 3061 extensionem
1256 2992 1324 3058 in
1361 2992 1787 3061 orationibus
1820 2991 2265 3060 exhortatorie
2300 3010 2758 3089 provocarem,

229 3073 370 3148 dixi
416 3081 612 3171 prius
646 3081 728 3149 de
776 3081 1071 3166 quodam
1117 3080 1613 3148 ferventissimo
1663 3081 1731 3148 in
1785 3101 2014 3149 amore
2075 3079 2320 3147 Christi
2379 3077 2581 3146 fratre
2645 3099 2764 3145 no-

229 3176 395 3262 stro,
438 3168 646 3238 Adam
707 3171 1007 3248 nomine,
1054 3169 1298 3238 deinde
1366 3169 1793 3237 Dominicum
1851 3168 1917 3235 in
1967 3166 2275 3256 exemplo
2335 3166 2619 3256 subjeci,
2676 3165 2762 3232 ita

241 3259 608 3342 mquiens:
655 3283 677 3318 «
720 3257 1067 3328 Habemus
1100 3271 1325 3326 autem
1369 3256 1736 3342 quemdam
1784 3254 2234 3343 juvenculum
2279 3255 2592 3333 fratrem,
2645 3253 2766 3340 qui

229 3347 597 3416 confessus
636 3358 758 3426 est,
805 3368 841 3413 a
876 3347 1095 3435 capite
1133 3367 1350 3430 usque
1384 3345 1468 3413 ad
1502 3345 1707 3413 finem
1747 3343 2049 3433 psalterii
2080 3343 2335 3413 elevata
2382 3366 2453 3413 se
2489 3343 2766 3412 brachia

235 3440 462 3504 tenere
524 3434 691 3502 dum
745 3434 995 3523 psallit,
1053 3434 1140 3502 ita
1192 3447 1266 3503 ut
1337 3432 1616 3518 laquear
1665 3432 2043 3502 tabulatum
2112 3432 2398 3502 cellulae
2447 3432 2768 3500 manibus

235 3537 440 3612 saepe
489 3523 862 3611 contingat,
919 3524 1047 3591 hac
1088 3536 1311 3592 tamen
1349 3521 1758 3590 discretione
1810 3522 2093 3602 servata,
2134 3533 2209 3591 ut
2265 3544 2384 3612 per
2429 3521 2770 3607 quiuqua-

241 3626 455 3694 genos
506 3610 809 3701 psalmos
845 3611 929 3680 ad
983 3624 1404 3680 momentum
1464 3609 1743 3679 brachia
1792 3624 2055 3680 extenta
2117 3611 2434 3700 deponat,
2501 3623 2564 3677 et
2616 3630 2772 3698 pro-

241 3696 432 3769 tinus
467 3701 705 3790 erigat.
744 3701 1092 3769 Habemus
1141 3712 1205 3767 et
1254 3698 1541 3767 alterum
1602 3700 2040 3787 provectioris
2088 3699 2347 3779 aetatiS,
2408 3699 2771 3766 incurvum

241 3784 558 3879 videlicet
592 3809 847 3869 senem,
887 3801 950 3857 et
998 3801 1071 3856 ut
1112 3800 1362 3857 secrete
1402 3788 1521 3856 tibi
1553 3788 1902 3869 confitear,
1950 3788 2060 3856 hic
2112 3786 2508 3856 Dominicus
2540 3796 2662 3853 est.
2706 3789 2772 3853 Is

239 3883 468 3962 ltaque
515 3875 887 3964 quamdam
942 3875 1511 3966 scriptiunculam
1569 3878 1851 3966 reperit,
1890 3876 2010 3946 ubi
2061 3876 2435 3950 dicebatur,
2490 3872 2673 3959 quod
2718 3873 2774 3944 si

237 3965 401 4043 quis
450 3965 811 4035 duodecim
856 3964 998 4032 illic
1049 3977 1313 4035 notatos
1362 3963 1667 4053 psalmos
1711 3966 1914 4036 vicies
1948 3976 2209 4050 quater,
2240 3964 2480 4033 erectis
2516 3964 2580 4030 in
2636 3982 2777 4030 mo-

247 4046 410 4123 dum
459 4054 683 4124 crucis
736 4053 1083 4133 manibus,
1129 4065 1424 4132 caneret,
1463 4075 1584 4141 pro
1618 4076 1759 4122 uno
1811 4066 2035 4143 posset
2061 4074 2241 4122 anno
2292 4050 2773 4142 poeniteutiam

250 4142 654 4295 regulariter
700 4163 1168 4230 compensare.
1217 4143 1535 4211 Protinus
1589 4141 1705 4212 ille
1754 4142 1820 4210 in
1867 4141 2260 4210 exercitium
2319 4142 2383 4208 id
2435 4139 2616 4227 quod
2678 4138 2780 4207 di-

249 4241 326 4320 Οβ
378 4245 552 4313 atur,
608 4232 924 4322 arripuit,
979 4243 1042 4299 et
1089 4230 1455 4300 duodecim
1513 4229 1667 4300 illos
1731 4230 2034 4320 psalmos
2072 4231 2365 4299 extensis
2424 4228 2724 4297 brachiis
2759 4281 2773 4304 ‚

239 4327 426 4387 sicut
460 4321 722 4389 dictum
774 4334 895 4400 cst,
949 4320 1153 4391 vicies
1204 4332 1443 4407 quater
1479 4319 1606 4388 sub
1658 4319 1848 4388 nullo
1899 4340 2181 4409 prorsus
2229 4318 2605 4397 intervalIO,
2662 4314 2777 4386 sed

302 4437 327 4462 ¹⁸
356 4442 665 4495 subintellige
687 4445 829 4487 tiana.
1311 4447 1365 4473 ¹⁸³*
1398 4446 1668 4495 Legendum
1691 4443 1879 4496 proprie
1899 4447 1971 4487 est
1994 4446 2278 4486 suavicinum.

406 4529 642 4586 surius
673 4559 696 4571 -
734 4528 899 4588 Vitae
929 4531 1042 4590 SS.
1075 4560 1099 4575 -
1129 4526 1257 4590 Vol.
1289 4526 1364 4591 X.
2546 4520 2617 4581 27
