3347 4999
220 348 393 414 OCT.
449 349 486 412 4
1091 366 1167 411 nr:
1215 366 1269 411 s.
1326 365 1670 413 FRANmsco
1723 364 1908 413 conr.
2565 349 2688 414 ’119

309 452 345 536 ξ
392 453 485 519 9.
530 453 680 518 Post
739 448 1089 518 modicum
1142 470 1297 518 vero
1351 460 1667 539 tempus,
1718 463 1906 539 patre
1955 471 1994 517 a
2046 450 2267 539 patria
2327 449 2772 531 discedente,

220 552 439 609 mater
485 538 633 626 ejus
689 536 946 606 factum
1023 537 1250 606 mariti
1323 558 1458 606 non
1526 539 1971 627 approbanS,
2026 550 2091 606 et
2149 538 2596 609 inflexibilem
2648 539 2779 609 filii

216 626 673 697 constantiam
717 625 1013 696 emolliri
1074 647 1271 714 posse
1344 647 1477 695 non
1531 647 1859 716 sperans,
1915 649 1955 695 a
2017 626 2312 696 vinculis
2372 627 2778 698 absolutum

221 717 413 787 abire
462 715 795 806 permisit.
850 719 925 783 At
975 715 1119 804 ipse
1168 714 1423 805 gratias
1472 715 1928 804 omnipotenti
1985 719 2112 784 Deo
2165 715 2488 797 referenS,
2544 717 2630 786 ad
2675 716 2776 785 lo-

223 828 433 883 cum,
492 804 559 873 in
602 825 746 891 ‘quo
799 803 992 893 prius
1040 802 1282 882 fuerat,
1351 815 1451 872 est
1501 814 1835 873 reversus.
1891 803 2187 873 Rediens
2249 816 2478 873 autem
2532 818 2773 895 pater,

221 909 286 966 et
319 916 474 963 eum
530 915 662 962 non
718 892 1072 961 inveniens
1120 891 1330 973 domi,
1384 892 1714 962 conviciis
1757 891 1965 962 illatis
2016 892 2234 973 uxori,
2302 892 2603 964 fremens
2650 916 2772 963 cu-

224 984 441 1053 currit
488 981 573 1050 ad
626 980 877 1062 locum,
935 993 1009 1050 ut
1059 981 1116 1051 si
1162 1003 1319 1050 eum
1373 1003 1686 1050 revocare
1739 1002 1871 1049 non
1917 992 2167 1071 posset,
2214 980 2454 1050 saltem
2493 981 2576 1051 de
2618 1003 2776 1071 pro-

228 1072 450 1140 vincia
488 1071 841 1160 effugaret.
897 1070 1302 1139 Franciscus
1353 1093 1505 1140 vero
1553 1069 1975 1139 confortatus
2009 1092 2046 1138 a
2083 1075 2238 1146 Deo·,
2276 1070 2556 1148 obyium
2595 1069 2775 1139 ultro

227 1183 297 1229 se
345 1160 592 1229 obtulit
642 1159 815 1246 patri
878 1159 1153 1238 furenti,
1210 1157 1423 1227 libera
1481 1180 1637 1227 voce
1686 1158 2022 1237 clamans,
2081 1180 2152 1228 se
2202 1180 2324 1248 pro
2377 1158 2595 1227 nihilo
2645 1158 2778 1228 du-

225 1271 377 1318 cere
425 1248 700 1317 vincula
734 1260 799 1317 et
829 1248 1108 1317 verbera
1142 1246 1319 1335 ejus,
1359 1249 1645 1335 insuper
1692 1259 1758 1316 et
1804 1260 2218 1327 contestans,
2259 1269 2331 1315 se
2373 1268 2492 1336 pro
2528 1246 2778 1317 Christi

228 1338 505 1407 nomine
552 1337 931 1428 gaudenter
982 1336 1161 1405 mala
1210 1337 1442 1405 omnia
1491 1336 1915 1405 subiturum:
1969 1335 2221 1405 Videns
2271 1336 2504 1422 itaque
2555 1350 2771 1426 pater,

224 1426 406 1514 quod
457 1448 614 1495 eum
668 1446 982 1496 revocare
1034 1447 1166 1493 non
1220 1437 1491 1515 posset,
1546 1424 1632 1493 ad
1684 1424 2219 1511 extorquendam
2287 1425 2652 1514 pecuniam
2706 1447 2776 1493 se

226 1517 575 1584 convertit.
634 1520 780 1597 Qua
829 1513 1103 1583 tandem
1157 1515 1431 1582 inventa
1479 1514 1547 1581 in
1600 1512 1987 1582 fenestrella
2045 1513 2391 1600 quadam,
2461 1512 2779 1600 aliquan-

226 1604 451 1673 tulum
504 1604 727 1694 ipsius
778 1603 1132 1692 mitigatus
1197 1615 1299 1672 est
1345 1601 1586 1682 furor,
1648 1602 1974 1671 avaritiae
2031 1603 2141 1672 siti
2217 1615 2595 1690 utcumque
2660 1623 2781 1692 per

225 1693 555 1763 haustum
595 1692 927 1781 pecuniae
960 1704 1357 1782 temperata.

316 1785 351 1867 ἓ
402 1787 555 1853 10.
595 1780 901 1849 Tentavit
932 1780 1179 1849 deinde
1213 1792 1405 1870 pater
1448 1780 1702 1860 carniS‚
1743 1779 1963 1849 filium
2007 1781 2268 1869 gratiae
2306 1780 2605 1869 pecunia
2633 1780 2776 1865 jam

228 1870 593 1948 nudatum,
650 1869 901 1938 ducere
947 1890 1175 1938 coram
1229 1870 1562 1958 Episcopo
1609 1869 1927 1948 civitatiS,
1971 1884 2048 1938 ut
2083 1869 2147 1936 in
2185 1869 2407 1958 ipsius
2458 1868 2783 1937 manibus

230 1957 672 2026 facultatibus
723 1958 1155 2028 renunciaret
1203 1959 1530 2047 paternis,
1586 1957 1931 2027 et.omnia
1983 1957 2294 2026 redderet
2347 1979 2523 2044 quae
2576 1957 2782 2026 habe-

227 2046 368 2114 bat.
414 2045 502 2114 Ad
553 2046 732 2132 quod
785 2046 1176 2116 faciendum
1222 2069 1294 2115 se
1330 2060 1728 2136 promptum
1766 2046 2076 2116 exhibuit
2124 2067 2321 2115 verae
2359 2047 2781 2135 paupertatis

227 2146 516 2203 amator.
574 2136 1111 2223 Perveniensque
1159 2157 1391 2205 coram
1444 2137 1803 2225 Episcopo,
1861 2156 1982 2204 nec
2034 2156 2262 2204 moras
2313 2135 2594 2224 patitur,
2655 2157 2781 2203 nec

227 2234 594 2292 cunctatur
627 2224 712 2291 de
745 2224 1000 2312 aliquo,
1049 2246 1172 2294 nec
1223 2225 1427 2293 verba
1467 2235 1833 2324 exspectat,
1876 2245 1998 2293 nec
2034 2224 2241 2293 facit:
2286 2223 2400 2293 sed
2455 2224 2782 2294 continuo

120 2372 125 2375 .
227 2311 558 2401 depositis
592 2313 917 2383 omnibus
958 2313 1403 2394 vestimentis,
1453 2312 1859 2382 restituit-ea
1896 2313 2095 2403 patri.
2140 2318 2467 2390 Inventus
2514 2325 2615 2383 est
2655 2335 2781 2381 au-

229 2414 362 2470 tem
417 2415 580 2470 tunc
643 2401 741 2469 vir
792 2402 906 2470 Dei
955 2401 1260 2472 cilicium
1313 2403 1563 2472 habere
1611 2402 1695 2470 ad
1746 2423 2025 2471 carnem
2077 2402 2209 2472 sub
2249 2401 2555 2471 vestibus
2602 2401 2781 2470 deli-

227 2490 423 2561 catis.
461 2494 752 2579 Insuper
781 2513 860 2559 ex
894 2490 1303 2562 admirando
1332 2489 1613 2573 fervore,
1653 2491 1903 2582 spiritu
1952 2491 2209 2571 ebrius,
2269 2491 2537 2582 rejectis
2567 2491 2773 2562 etiam

229 2578 702 2654 femoralibus,
745 2592 923 2650 totus
957 2601 1186 2650 coram
1223 2580 1550 2650 omnibus
1584 2580 1999 2660 denudatur,
2056 2580 2294 2649 dicens
2343 2581 2425 2649 ad
2466 2594 2776 2670 patrem:

229 2691 265 2733 «
294 2671 518 2754 Usque
558 2690 745 2737 nunc
795 2669 1025 2737 vocavi
1076 2682 1136 2738 te
1175 2682 1431 2757 patrem
1481 2670 1550 2738 in
1591 2669 1812 2751 terriS,
1846 2669 2094 2739 amodo
2120 2682 2350 2738 autern
2387 2691 2629 2740 secure
2678 2668 2784 2736 di-

225 2778 378 2824 cere
414 2778 736 2845 possum:
794 2763 994 2827 Pater
1039 2768 1279 2837 noster,
1342 2761 1463 2848 qui
1511 2782 1577 2827 es
1634 2760 1705 2827 in
1752 2762 1973 2838 coelis,
2020 2780 2060 2827 a
2113 2759 2204 2827 ud
2241 2779 2445 2845 quem
2497 2778 2776 2827 omnem

224 2845 628 2915 thesaurum
684 2847 980 2935 reposui,
1007 2859 1072 2915 et
1117 2868 1389 2916 omnem
1437 2847 1582 2937 spei
1625 2846 1952 2917 fiduciam
1989 2869 2068 2916 co
2102 2846 2344 2916 locavi.
2382 2870 2417 2911 »
2446 2849 2585 2914 Hoc
2634 2867 2783 2914 cer-

226 2955 399 3002 nens
449 2934 853 3024 EpiscopuS,
907 2949 970 3004 et
1017 2935 1373 3005 admirans
1425 2949 1558 3004 tam
1610 2936 2045 3005 excedentem
2098 2935 2166 3002 in
2221 2934 2365 3003 viro
2406 2935 2521 3003 Dei
2559 2933 2777 3004 servo-

227 3043 367 3090 rem
407 3077 421 3097 ,
477 3024 793 3113 protinus
840 3025 1243 3104 exsurrexit,
1282 3038 1348 3093 et
1396 3024 1573 3093 inter
1621 3024 1905 3094 brachia
1954 3045 2079 3092 sua
2147 3022 2347 3092 illum
2400 3034 2558 3092 cum
2612 3024 2780 3092 fletu

225 3109 657 3201 recolligenS‚
712 3113 814 3181 uti
861 3125 1005 3182 erat
1054 3113 1156 3181 vir
1204 3113 1363 3202 pius
1411 3125 1476 3181 et
1525 3114 1770 3193 bonus,
1813 3112 2048 3214 pallio,
2091 3133 2227 3199 quo
2276 3124 2419 3181 erat
2453 3112 2772 3192 amictuS,

224 3200 520 3289 operuit,
567 3201 995 3290 praecipiens
1043 3201 1212 3283 suiS,
1266 3214 1343 3271 ut
1391 3201 1653 3288 aliquid
1698 3201 1830 3270 sibi
1880 3200 2124 3270 darent
2161 3200 2244 3269 ad
2285 3202 2596 3270 membra
2628 3222 2781 3270 cor-

230 3288 417 3377 poris
457 3289 904 3379 contegenda.
959 3289 1243 3360 Oblatus
1276 3302 1377 3360 est
1416 3306 1644 3360 autem
1697 3290 1759 3359 ei
1810 3289 2179 3359 mantellus
2229 3310 2493 3379 pauper
2525 3302 2590 3358 et
2623 3289 2780 3360 vilis

226 3375 593 3465 cujusdam
637 3377 979 3467 agricolae
1018 3380 1377 3448 servientis
1425 3379 1786 3469 Episcopo.
1832 3383 2044 3461 Quem
2098 3379 2246 3469 ipse
2279 3391 2630 3467 gratanter
2665 3401 2782 3450 su-

228 3465 576 3555 scipien5‚
621 3488 781 3535 cum
842 3478 1195 3537 caemento
1243 3467 1424 3555 quod
1478 3466 1610 3537 sibi
1667 3468 2020 3549 occurrit,
2075 3467 2156 3536 ad
2212 3467 2496 3537 modum
2547 3467 2779 3536 crucis

233 3575 449 3623 manu
502 3554 776 3644 propria
823 3556 1275 3647 consignavit,
1328 3578 1368 3624 o
1420 3556 1830 3624 erimenturn
1881 3555 2190 3626 formans
2236 3577 2316 3624 ex
2355 3578 2432 3625 eo
2467 3554 2782 3625 crucifixi

228 3642 536 3713 hominis
583 3656 645 3711 et
697 3645 1021 3735 pauperis
1070 3646 1344 3715 seminu
1402 3644 1445 3712 i.
1485 3644 1594 3713 Sic
1644 3645 1857 3735 igitur
1905 3666 2144 3715 servus
2184 3644 2387 3735 Regis
2427 3643 2776 3726 altissimi,

229 3730 465 3801 nudus
517 3731 793 3801 relictus
841 3747 963 3813 est,
1018 3746 1093 3804 ut
1135 3728 1403 3802 nudum
1456 3746 1858 3819 sequeretur
1912 3733 2325 3803 crucifixum
2380 3734 2778 3811 Dominum,

227 3841 433 3906 quem
506 3819 825 3889 amabat:
882 3822 981 3892 sic
1044 3822 1283 3908 utique
1351 3825 1561 3891 Cruce
1636 3823 2001 3903 munitus,
2072 3835 2150 3892 ut
2220 3821 2528 3890 animam
2578 3843 2780 3891 suam

230 3907 420 4009 ligno
469 3908 715 3979 salutis
760 3910 1235 3991 committeret,
1292 3931 1414 4000 per
1458 3909 1640 3997 quod
1692 3910 1776 3980 de
1826 3911 2070 3981 mundi
2126 3909 2489 4000 naufragio
2539 3909 2776 3982 salvus

229 4010 462 4066 ex1ret.
2346 4004 2368 4021 ”

317 4087 353 4172 ἕ
402 4091 533 4157 11.
591 4085 870 4155 Solutus
917 4086 1159 4156 exinde
1211 4087 1450 4156 mundi
1501 4099 1930 4178 contemptor
1978 4110 2018 4157 a
2050 4086 2348 4157 vinculis
2393 4086 2784 4156 mundana-

235 4195 385 4243 rum
438 4174 881 4265 cupidinum,
934 4176 1203 4245 civitate
1244 4175 1502 4256 relicta,
1557 4198 1844 4246 securus
1892 4188 1956 4245 et
2009 4175 2180 4245 liber
2227 4188 2566 4245 secretum
2619 4174 2786 4245 soli-

231 4262 493 4333 tudinis
546 4264 786 4354 petiit,
839 4276 917 4333 ut
965 4263 1155 4334 solus
1202 4278 1267 4334 et
1315 4265 1574 4345 silens,
1632 4286 1973 4355 supernae
2021 4264 2293 4334 audiret
2340 4264 2785 4333 allocutionis

231 4373 587 4420 arcanum.
660 4356 974 4440 Dumque
1039 4373 1160 4443 per
1224 4353 1468 4423 silvam
1510 4353 1885 4440 quamdam
1955 4353 2081 4423 iter
2164 4351 2464 4431 faciens,
2536 4351 2779 4422 lau'des

234 4441 520 4509 Domino
573 4440 813 4532 lingua
877 4447 1293 4513 Francorum
1365 4443 1466 4511 vir
1531 4443 1644 4512 Dei
1709 4441 2114 4513 Franciscus
2177 4442 2570 4512 decantaret
2616 4461 2778 4509 cum
