3347 4999
213 335 388 420 OCT.
445 352 484 416 7
956 371 1032 416 ps
1082 370 1172 415 ss.
1230 368 1450 416 saneto
1500 370 1575 415 Er
1623 368 1862 416 naccuo
1913 371 2026 415 mr.
2547 351 2673 416 233

211 452 578 523 manifeste
611 453 1056 522 ostenderunt
1089 476 1103 520 ε
1159 477 1194 519 «
1232 454 1335 522 Dii
1371 453 1572 521 vestri
1603 453 1949 541 (dicentes)
1985 465 2342 542 argentum
2381 465 2445 521 et
2482 474 2758 534 aurum,
2788 502 2805 522 .

213 565 420 633 opera
465 564 800 611 manuum
852 542 1265 610 hominum:
1314 563 1350 607 »
1400 553 1465 609 et
1513 541 2014 629 subjungentes
2061 563 2136 608 ea
2204 562 2381 627 quae
2439 542 2764 630 deinceps

213 643 646 719 sequuntur:
698 643 784 708 et,
845 635 1071 710 «Nos,
1126 653 1165 699 o
1214 634 1614 720 Imperator,
1663 630 1790 699 hoc
1842 628 2064 700 solum
2120 629 2238 697 tibi
2290 629 2645 707 debemus,
2687 644 2764 699 ut

214 722 284 789 in
339 721 466 788 hac
516 733 782 789 terrena
850 719 1099 788 militia·
1157 719 1278 787 tibi
1340 730 1531 808 grato
1593 719 1825 786 animo
1894 717 2399 796 inserviamUS,
2461 730 2525 786 et
2580 718 2762 805 quod

211 810 490 896 utrique
526 808 928 877 mandatum
964 807 1088 876 fuit
1124 830 1405 888 munuS‚
1460 807 1901 895 impleamus.
1943 812 2170 893 Neque
2202 827 2358 874 vero
2391 806 2500 874 his
2530 807 2762 875 surdis

211 910 277 967 et
326 898 654 967 inanimis
702 897 837 966 diis
887 896 1458 975 sacrificabimus,
1517 917 1738 981 neque
1787 918 1825 963 a
1861 908 2091 964 nostro
2139 908 2205 964 et
2252 916 2409 964 vero
2448 900 2575 962 Deo
2619 894 2763 964 solo

211 986 641 1066 deficiemus,
672 986 938 1055 etiamsi
973 1007 1184 1075 supra
1217 984 1503 1054 modum
1546 984 1869 1064 effereris,
1916 984 2185 1053 etiamsi
2222 984 2289 1050 in
2338 1005 2460 1052 nos
2495 982 2757 1051 nullam

210 1075 532 1146 ostendas
581 1073 1122 1143 humanitatem:
1178 1074 1294 1142 sed
1344 1087 1408 1143 et
1469 1072 1667 1151 ferr0,
1724 1085 1786 1141 et
1846 1073 2037 1164 igni,
2086 1085 2149 1141 et
2189 1072 2347 1144 aliis
2398 1070 2764 1141 tradideris

213 1164 603 1254 suppliciis.
658 1163 833 1245 Quid
898 1176 997 1232 est
1061 1163 1244 1231 enim
1312 1163 1557 1252 pietate
1606 1162 1897 1247 fortiuS,
1952 1175 2119 1243 aut,
2174 1183 2383 1248 quam
2440 1183 2562 1251 pro
2610 1161 2757 1250 ipsa

214 1254 382 1344 pati,
430 1252 753 1321 beatius?
783 1275 819 1317 ›>

303 1345 338 1428 ἓ
390 1345 471 1413 4.
526 1340 647 1409 His
699 1340 1167 1409 vehementius
1237 1352 1461 1408 motus
1519 1338 1974 1407 Maximianus
2010 1393 2024 1414 ,
2070 1339 2268 1427 jubet
2327 1338 2426 1407 eis
2473 1337 2752 1425 quidem

214 1431 467 1499 statim·
508 1429 760 1499 auferri
797 1428 1096 1517 insignia
1139 1428 1627 1518 magistratus:
1682 1427 2140 1496 muliebribus
2187 1441 2414 1496 autem
2454 1427 2755 1495 vestibus

216 1519 519 1599 indut03‚
565 1531 629 1586 et
661 1517 1036 1586 collaribus
1070 1516 1306 1585 ferreis
1346 1517 1552 1586 simul
1594 1517 1658 1584 in
1703 1517 1879 1586 collo
1928 1516 2414 1595 circumdatos
2459 1536 2575 1605 per
2617 1535 2757 1583 me-

215 1607 402 1675 diam
441 1607 600 1674 duci
635 1607 974 1675 civitatem
1012 1627 1230 1691 usque
1262 1605 1347 1673 ad
1388 1606 1604 1693 ipsam
1646 1606 1929 1694 regiam.
1971 1610 2182 1691 Atque
2217 1606 2444 1675 statim
2481 1602 2759 1690 quidem

214 1694 650 1772 ducebantur
691 1695 918 1763 Sancti
954 1693 1039 1762 ad
1075 1694 1340 1763 beatam
1378 1693 1592 1773 illam,
1631 1716 1810 1781 quae
1851 1715 2002 1763 vere
2049 1705 2172 1774 est,
2212 1694 2417 1773 viam,
2473 1705 2538 1761 et
2584 1713 2759 1780 quae

215 1783 406 1852 ducit
433 1783 513 1852 ad
557 1784 781 1872 ipsum
821 1782 1189 1863 Christum,
1228 1805 1361 1851 non
1397 1804 1546 1850 eam
1588 1804 1725 1850 rem
1764 1783 2232 1853 existimantes
2257 1804 2405 1852 esse
2432 1780 2756 1849 dedecus:

217 1872 336 1943 sed
384 1886 733 1958 tamquam
788 1871 1201 1960 impietatem
1237 1871 1569 1940 dedecore
1622 1872 1842 1961 magis
1882 1870 2277 1952 afficerent,
2339 1893 2377 1940 a
2430 1882 2568 1939 erte
2616 1869 2762 1957 glo—

178 1962 498 2043 ‚riantes
538 1972 602 2028 et
633 1959 764 2029 sibi
807 1959 1172 2048 placentes.
1227 1965 1306 2042 Et
1338 1959 1908 2050 ingrediebantur
1954 1959 2230 2047 quidem
2289 1981 2369 2049 pe
2421 1982 2517 2039 eS,
2573 1958 2761 2026 labra

218 2061 449 2118 autem
490 2047 936 2118 versabantur
962 2049 1029 2115 in
1065 2050 1440 2139 gratiarum
1479 2049 1768 2128 actione,
1809 2061 1872 2117 et
1910 2069 2067 2117 cum
2109 2053 2236 2116 Deo
2262 2046 2761 2117 consuetudine

217 2149 282 2206 et
317 2138 727 2225 precatione.
783 2137 1107 2206 Dicebant
1137 2139 1362 2206 enim:
1416 2161 1451 2202 «
1484 2138 1760 2206 Etiamsi
1806 2136 2391 2206 ambulaverimus
2433 2137 2499 2204 in
2539 2134 2761 2204 medio

215 2223 504 2294 umbrae
548 2225 807 2304 mortiS,
854 2248 988 2295 non
1033 2226 1430 2295 timebimus
1482 2225 1704 2294 mala:
1757 2227 2083 2313 quoniam
2137 2238 2209 2293 tu
2261 2226 2621 2294 nobiscum
2658 2245 2753 2303 eS,

219 2314 523 2382 Domine.
562 2320 916 2403 Propterea
958 2315 1288 2384 exultabit
1318 2315 1549 2384 ani-ma
1585 2327 1817 2383 nostra
1852 2315 1919 2383 in
1958 2328 2017 2384 te
2050 2337 2063 2381 z
2101 2315 2430 2402 quoniam
2468 2312 2770 2381 induisti

219 2423 344 2471 nos
380 2403 776 2473 vestimento
812 2403 1153 2484 salutaris,
1191 2416 1256 2473 et
1285 2404 1518 2472 tunica
1553 2403 1847 2472 laetitiae
1881 2402 2396 2472 circumdedisti
2435 2424 2581 2472 nos.
2631 2400 2753 2471 Sed

216 2513 530 2582 exsurge,
572 2491 872 2573 Domine,
929 2493 998 2561 in
1048 2492 1467 2581 adjutorium
1523 2504 1832 2562 nostrum
1868 2517 1881 2560 :
1935 2506 1999 2562 et
2033 2491 2292 2562 redime
2328 2513 2450 2562 nos
2485 2504 2761 2581 propter

158 2601 463 2655 §nomen
518 2594 711 2650 tuum
748 2588 878 2664 (Ps.
913 2582 1048 2671 22).
1080 2605 1116 2645 >s
1158 2582 1473 2651 Nondum
1518 2582 1751 2651 finitae
1785 2595 1981 2650 erant
2029 2603 2287 2671 preces,
2338 2594 2403 2650 et
2439 2580 2758 2681 producti

213 2668 494 2738 fuerunt
540 2691 768 2739 coram
822 2676 1260 2771 Imperatore,
1301 2671 1421 2757 qui
1461 2691 1498 2739 e
1550 2671 1803 2759 templo
1852 2671 2143 2739 redierat
2191 2670 2260 2739 in
2313 2691 2598 2769 regiam..
2638 2667 2760 2736 Ille
2847 2750 2850 2759 ι

212 2779 375 2915 ergo
414 2781 572 2827 cum
609 2772 1133 2828 assentattonem
1176 2779 1333 2827 cum
1369 2772 1697 2827 consueta
1746 2772 2325 2848 contemperasset
2357 2770 2659 2834 saevitia,
2695 2768 2761 2825 et

212 2869 289 2915 ve
324 2847 410 2914 let
445 2847 653 2917 simul
685 2847 896 2916 lenire
930 2847 1259 2936 pudorem
1296 2869 1431 2934 quo
1467 2849 1690 2917 affecti
1730 2861 1946 2927 erant,
1982 2860 2054 2917 ut
2089 2847 2466 2928 videbatur,
2511 2868 2589 2914 ex
2629 2845 2759 2914 hac

209 2936 311 3005 eis
344 2934 531 3004 illata
565 2936 970 3027 ignominia:
1002 2959 1037 3001 «
1072 2940 1284 3005 Grave
1317 2949 1439 3016 est,
1476 2951 1539 3006 et
1576 2937 1771 3005 valde
1802 2959 2027 3026 grave,
2059 2958 2098 3004 o
2141 2958 2278 3016 νος,
2313 2936 2430 3022 qui
2470 2934 2748 3015 adestiS‚

211 3023 503 3104 dicebat,
568 3025 906 3094 maximos
968 3025 1257 3095 honores
1298 3038 1432 3094 tam
1498 3025 1732 3095 leviter
1778 3039 1843 3095 et
1889 3022 2393 3094 inconsiderate
2493 3022 2753 3091 rodere.

212 3112 442 3182 Solent
498 3114 682 3182 enim
741 3135 821 3181 ea
876 3135 1052 3200 quae
1102 3114 1464 3183 immeritis
1513 3114 1802 3183 feliciter
1850 3112 2267 3194 succedunt,
2323 3126 2433 3182 stu
2471 3125 2568 3181 tos
2619 3132 2755 3179 non

211 3215 346 3271 tam
387 3202 671 3271 incitare
705 3202 786 3271 ad
827 3201 1365 3272 benevolentiam
1402 3257 1417 3284 ‚
1472 3225 1680 3290 quam
1720 3202 1978 3292 erigere
2017 3201 2103 3269 ad
2140 3202 2583 3271 temeritatem
2637 3200 2759 3268 ad·-

210 3312 450 3359 versus
500 3290 983 3360 benefactores.
1040 3292 1155 3361 Isti
1204 3292 1414 3371 enim,
1454 3305 1529 3360 ut
1570 3291 1834 3369 videtis,
1877 3311 2196 3381 magnam
2234 3289 2418 3380 apud
2457 3310 2580 3358 nos
2611 3288 2756 3377 glo-

210 3381 382 3447 riam
434 3380 806 3459 consecuti,
862 3393 1301 3467 nostramque
1349 3380 1579 3469 adepti
1627 3379 2027 3459 amicitiam,
2066 3391 2128 3447 et
2171 3380 2538 3447 maximam
2580 3378 2761 3446 fidu-

209 3468 414 3546 ciam,
449 3479 512 3535 et
544 3467 903 3538 nobiscum
936 3468 1253 3555 loquendi
1288 3481 1706 3557 potestatem,
1744 3468 1911 3536 adeo
1940 3481 2013 3536 ut
2043 3489 2174 3537 non
2212 3467 2438 3537 solum
2469 3468 2595 3557 ipsi
2631 3467 2759 3557 pri·

210 3558 363 3624 nias
401 3569 622 3644 partes
657 3555 908 3626 ferrent
941 3558 1007 3625 in
1052 3558 1536 3637 familiaritate,
1576 3557 1690 3626 sed
1729 3556 1899 3625 alios
1932 3578 2205 3644 quoque
2240 3556 2441 3626 nobis
2483 3566 2760 3643 possent

211 3643 431 3714 facere
466 3644 863 3726 familiares,
904 3646 1272 3734 beatosque
1307 3646 1490 3715 brevi
1530 3646 1833 3726 reddere,
1873 3660 1937 3715 et
1970 3645 2474 3736 suspiciendos,
2510 3644 2759 3712 horum

210 3733 523 3803 omnium
577 3732 792 3815 obliti,
835 3749 1177 3823 postremo
1214 3734 1533 3804 maximis
1573 3756 1847 3821 quoque
1895 3734 2053 3816 diis,
2099 3747 2163 3804 et
2213 3735 2364 3823 ipso
2395 3733 2555 3802 Jove
2593 3752 2760 3800 con-

209 3834 490 3911 tempto,
545 3823 663 3908 qui
703 3823 1015 3892 omnium
1082 3824 1362 3911 quidem
1423 3823 1670 3913 opifex,
1723 3825 2037 3893 omnium
2081 3835 2307 3893 autem
2359 3821 2645 3890 deorum
2696 3833 2760 3889 et

209 3909 571 3980 hominum
605 3923 794 4001 pater
816 3933 963 3981 esse
993 3912 1270 3993 dicitur,
1297 3913 1543 3984 Jesum
1574 3912 2070 4001 praetulerunt,
2105 3912 2225 3999 qui
2259 3910 2514 3979 dicitur
2545 3908 2761 3978 fuisse

206 3996 737 4078 filiusmulieri5‚
778 4015 842 4069 et
874 3999 1074 4081 fabri,
1128 4013 1193 4071 et
1240 4000 1321 4069 ad
1377 4006 1657 4070 Crucem
1711 4024 1872 4071 cum
1917 4000 2190 4070 duobus
2245 3998 2575 4068 maleficis
2626 3996 2756 4067 fuit

209 4085 577 4158 damnatus
625 4111 664 4158 a
700 4087 1007 4169 Judaeis,
1046 4103 1109 4157 et
1159 4089 1372 4158 subiit
1411 4104 1697 4159 mortem
1738 4111 1968 4159 revera
2022 4088 2568 4159 acerbissimam.
2626 4085 2756 4155 Sed

209 4195 334 4261 ego
374 4198 525 4245 sum
561 4178 847 4247 omnino
894 4199 1101 4247 causa
1135 4178 1475 4259 omnium,
1514 4179 1658 4266 qui,
1699 4200 1857 4248 cum
1901 4176 2142 4247 vellem
2179 4199 2327 4247 esse
2363 4197 2577 4267 supra
2609 4196 2756 4243 mo-

208 4261 375 4330 dum
420 4265 785 4355 benignuS,
842 4288 957 4337 eos
997 4266 1122 4336 feci
1158 4268 1419 4337 amicos
1456 4280 1520 4336 et
1560 4268 1783 4337 socios
1822 4266 2187 4336 felicitatis,
2230 4288 2267 4332 »

300 4358 337 4430 ἓ
384 4359 472 4424 5.
526 4359 690 4423 Cu'm
748 4356 925 4425 hanc
983 4369 1117 4425 tam
1172 4356 1637 4425 vehementem
1691 4355 2096 4425 intendisset
2151 4355 2527 4425 orationem
2568 4409 2582 4434 ,
2637 4374 2753 4422 eos

204 4460 452 4511 rursus
501 4442 777 4513 blandis
836 4445 1060 4515 verbis
1107 4467 1367 4515 conans
1418 4444 1697 4525 illicere,
1751 4465 2001 4531 eosque
2056 4444 2352 4535 benigne
2401 4466 2480 4513 ac
2530 4442 2753 4511 amice
