3347 4999
213 315 373 381 OCT.
431 318 510 380 48
1097 335 1173 380 nn
1220 335 1277 381 s.
1332 334 1584 383 nroNONss
1633 337 1819 382 mar.
2510 319 2635 384 543

211 441 391 489 serve
436 418 552 489 Dei
602 417 851 500 fidelis,
910 418 1190 488 mandat
1240 418 1360 488 tibi
1409 419 1799 491 Altissimus
1831 419 2172 489 coelorum
2230 443 2597 511 possessor,
2651 434 2730 491 ut

210 508 453 578 Gallias
500 508 796 599 impiger
841 507 1069 589 adeaS,
1116 507 1481 596 locumque
1530 509 1598 578 in
1653 509 1825 579 silva
1871 508 2257 590 Arduenna,
2313 512 2426 580 cui
2475 533 2723 581 nomen

212 597 458 667 Fridier
491 652 506 680 ‚
563 597 920 688 perquiras
954 653 970 677 ‚
1040 619 1241 684 quem
1308 597 1460 667 sons
1511 598 1806 669 Nasania
1865 597 2106 668 leniter
2155 599 2270 668 irri
2325 611 2440 682 at,
2495 600 2726 687 ibique

208 684 424 756 locum
476 699 631 757 tuae
681 686 1123 757 habitationis
1169 685 1587 768 vendicabis,
1627 686 1843 757 donec
1891 687 2228 778 generalis
2277 623 2423 758 {ies
2470 691 2722 758 exami-

207 777 343 858 nis,
378 776 849 867 peccatoribus
881 788 1106 845 reatus
1137 776 1245 845 sui
1270 787 1708 856 tormentum,
1735 777 1944 866 justis
1974 799 2128 847 vero
2155 799 2234 846 ac
2268 778 2389 847 tibi
2413 790 2722 847 aeternae

199 864 372 935 vitae
440 866 749 935 bravium
802 887 924 955 pro
977 864 1205 934 labore
1263 864 1657 935 redditurus
1711 879 1834 935 est.
1879 892 1905 930 ι
1974 872 2120 949 Qua
2167 865 2425 936 visione
2475 867 2574 935 vir
2609 867 2722 936 Dei

203 953 534 1025 sollicitus
586 955 818 1046 petiit,
873 968 948 1024 ut
995 954 1052 1022 si
1100 977 1140 1022 a
1188 959 1318 1024 Deo
1367 956 1532 1024 haec
1579 967 1755 1025 esset
1801 955 1995 1037 visio,
2052 955 2355 1026 secundo
2400 978 2480 1025 ac
2528 956 2722 1025 tertio

198 1043 325 1112 sibi
372 1056 775 1145 appareret:
829 1043 1009 1131 quod
1059 1056 1124 1112 et
1173 1044 1263 1112 ita
1310 1042 1564 1115 factum
1613 1057 1736 1114 est.
1792 1049 1922 1114 Nec
1956 1067 2169 1126 mora,
2205 1045 2348 1131 jam
2383 1044 2467 1114 de
2500 1049 2719 1135 Ange-

199 1129 323 1201 lica
372 1134 757 1204 visitatione
803 1133 1050 1204 certior
1097 1131 1339 1215 factuS,
1394 1132 1690 1223 sumptis
1724 1133 2125 1203 necessariis
2164 1134 2419 1221 quibus
2458 1133 2721 1224 indige-

196 1220 328 1305 bat,
383 1223 509 1293 iter
558 1244 760 1294 suum
816 1222 917 1291 vir
954 1222 1187 1310 justus
1234 1223 1549 1313 arripuit,
1605 1222 1792 1293 hunc
1843 1222 2088 1312 psalmi
2147 1245 2414 1293 versum
2469 1222 2717 1293 decan·

197 1321 388 1381 tans:
451 1314 602 1383 Vias
657 1322 830 1391 tuas,
900 1313 1193 1391 Domine,
1250 1313 1626 1382 demonstra
1671 1313 1864 1392 mihi,
1918 1322 1979 1381 et
2011 1314 2282 1381 semitas
2330 1324 2476 1382 tuas
2525 1314 2717 1381 edoce

193 1422 311 1469 me.
352 1403 589 1491 Diriqe
619 1424 722 1470 me
760 1404 830 1470 in
857 1403 1138 1470 veritate
1170 1411 1291 1470 tua
1337 1412 1399 1470 et
1432 1402 1586 1470 doce
1623 1424 1750 1483 me,
1790 1403 1952 1492 quia
1982 1411 2055 1470 tu
2103 1424 2167 1470 es
2216 1406 2386 1471 Deus
2417 1405 2720 1471 salvator

192 1512 395 1573 meus,
451 1502 514 1560 et
562 1502 624 1560 te
651 1491 945 1560 sustinui
981 1500 1120 1559 tota
1166 1491 1272 1559 die
1301 1490 1513 1580 (Psal.
1550 1490 1689 1579 24).
1745 1491 1917 1559 Huic
1968 1505 2190 1560 tamen
2243 1490 2416 1561 sedit
2465 1492 2530 1560 in
2571 1505 2719 1560 voto

192 1579 383 1666 prius
425 1579 670 1648 limina
705 1578 1174 1670 Apostolorum
1209 1580 1384 1649 Petri
1423 1592 1489 1649 et
1520 1580 1713 1649 Pauli
1748 1580 2059 1659 invisere,
2102 1594 2442 1667 quatenus
2480 1602 2716 1649 eorum

190 1666 399 1770 fretus
458 1669 758 1770 auxiliO,
814 1667 1248 1760 postmodum
1301 1669 1369 1738 in
1421 1668 1645 1738 locum
1699 1668 1829 1741 sibi
1877 1668 2290 1740 destinatum
2344 1668 2524 1739 felici
2568 1691 2721 1759 per-

191 1770 449 1828 vemret
499 1780 749 1827 omine.

273 1849 308 1934 ξ
359 1854 448 1919 2.
506 1848 597 1916 Ea
645 1869 800 1916 vero
852 1858 1269 1937 tempestate,
1326 1848 1575 1937 dignae
1616 1848 1986 1918 memoriae
2017 1853 2339 1927 Joannes‚
2380 1847 2604 1917 dictus
2633 1847 2720 1917 ob

189 1957 461 2007 morum
513 1936 1021 2039 simplicitatem
1071 1940 1303 2025 Agnus
1332 1937 1564 2026 (cujus
1601 1938 1940 2026 possessio
1980 1949 2260 2027 paterna
2295 1937 2513 2009 fuerat
2561 1936 2720 2006 villa

187 2025 513 2096 Tihancia
563 2024 596 2060 ⁴²
638 2038 833 2114 Juxta
882 2030 1146 2114 Hoyum
1194 2038 1496 2096 castrum
1549 2026 1747 2115 sita),
1805 2048 1962 2097 cum
2024 2026 2493 2097 benedictione
2544 2031 2716 2115 Apo·

186 2114 423 2185 stolica
458 2121 710 2185 Romae
745 2128 1041 2203 accepta,
1065 2115 1210 2205 jam
1244 2117 1687 2205 transgressis
1724 2116 1789 2183 in
1826 2114 2173 2185 redeundo
2206 2116 2465 2206 alpium
2491 2116 2709 2206 jugiS,

185 2205 598 2296 Tongrensis
648 2204 990 2362 Episcopii
1043 2218 1267 2293 partes
1317 2205 1682 2306 repetebat,
1722 2205 1864 2274 viro
1912 2216 2147 2275 sancto
2194 2205 2414 2276 factus
2460 2219 2561 2275 est
2598 2205 2718 2273 ob-

187 2292 358 2375 viuS,
400 2298 739 2363 Mononus
787 2294 886 2363 sci
921 2294 1049 2363 icet
1076 2292 1214 2381 jam
1268 2292 1557 2364 Levitico
1603 2293 1844 2364 ordine
1877 2293 2286 2365 sublimato:
2339 2318 2378 2364 a
2426 2317 2562 2382 quo
2595 2317 2718 2364 au-

184 2381 344 2453 ditis
392 2383 505 2454 sui
555 2382 818 2452 itineris
848 2383 1102 2463 causis,
1136 2396 1202 2452 et
1230 2383 1394 2470 quid
1429 2383 1587 2453 inde
1614 2396 1791 2453 esset
1822 2397 2126 2465 acturus,
2170 2384 2713 2454 benedictionem

181 2471 242 2541 ei
288 2471 672 2562 elargitur,
724 2471 1150 2544 demandans
1207 2484 1554 2561 tamquam
1607 2472 1943 2545 fidissimo
1991 2471 2353 2545 ex‚mutua
2414 2473 2715 2544 collocu-

185 2561 361 2632 tione
407 2562 589 2632 facto
636 2565 882 2644 amico,
934 2575 1011 2632 ut
1057 2563 1125 2632 in
1178 2562 1527 2632 redeundo
1579 2562 1864 2664 pallium
1924 2563 2345 2653 Episcopale‚
2399 2564 2579 2651 quod
2632 2585 2713 2632 ex

184 2651 580 2722 maturandi
628 2652 892 2722 itineris
939 2652 1271 2722 anxietate
1320 2652 1801 2733 intermiserat,
1857 2653 1990 2723 sibi
2039 2652 2264 2724 fidelis
2303 2652 2560 2722 deferat
2601 2652 2712 2720 ba·

172 2739 391 2829 jutus.
452 2742 699 2810 Locum
749 2753 975 2812 autem
1017 2763 1056 2810 a
1087 2746 1218 2809 Deo
1266 2741 1396 2812 sibi
1447 2741 1881 2832 designatum
1925 2741 2007 2810 ad
2063 2764 2133 2812 se
2168 2742 2527 2812 revertenti
2562 2761 2714 2828 pro-

181 2830 363 2901 misit
410 2829 672 2901 certius
704 2852 776 2901 se
806 2843 1269 2911 ostensurum,
1315 2852 1661 2918 suumque
1711 2830 1810 2899 illi
1847 2830 2213 2901 consilium
2252 2842 2315 2900 et
2345 2829 2709 2908 auxilium,

178 2931 378 3019 prout
428 2930 706 3010 tempus
752 2932 817 2990 et
862 2919 1032 2989 ratio
1062 2932 1473 3010 exposceret,
1513 2920 1582 2988 in
1617 2918 1945 2990 omnibus
1981 2919 2491 3008 praebiturum:
2529 2917 2713 3004 quod

180 3019 271 3078 tta
306 3009 570 3079 factum
620 3020 920 3081 constat:
977 3030 1131 3078 nam
1183 3030 1518 3088 reversus,
1575 3031 1614 3077 a
1664 3007 2010 3098 praedicto
2067 3014 2331 3078 Joanne
2380 3007 2714 3097 Episcopo

180 3096 661 3168 venerabiliter
707 3110 1065 3188 susceptus
1121 3110 1244 3167 est.
1315 3102 1626 3180 Quantus
1685 3118 1838 3166 vero
1897 3097 2204 3184 qualisve
2276 3096 2707 3185 postmodum

180 3185 384 3258 fuerit
450 3187 522 3255 in
580 3186 920 3257 famulatu
982 3185 1335 3278 praelibati
1404 3185 1745 3276 pontilicis
1781 3240 1797 3266 ,
1869 3186 2159 3256 breviter
2205 3185 2707 3255 enarrabimus,

181 3276 329 3346 Fuit
380 3297 683 3363 namque
729 3275 1014 3368 dapsilis
1061 3289 1125 3345 et
1172 3274 1408 3366 largus
1456 3275 1523 3343 in
1577 3296 1935 3364 pauperes,
1989 3297 2239 3364 pernox
2279 3275 2343 3344 in
2394 3273 2714 3344 orationi·

180 3364 333 3447 bus,
380 3364 811 3456 jejuniorum
858 3377 1173 3435 executor
1222 3363 1636 3444 laudabiliS,
1697 3363 1884 3454 pacis
1931 3377 2194 3434 amator
2247 3365 2707 3455 praecipuus,

177 3455 651 3543 proximorum
699 3455 1013 3526 defensor
1063 3474 1251 3543 prom
1310 3453 1642 3535 tissimuS,
1696 3475 1778 3521 ac
1833 3454 1943 3522 Dei
1992 3468 2256 3523 amator
2294 3452 2712 3522 ferventissi-

178 3562 358 3613 muS.
414 3542 589 3626 Quid
642 3543 893 3634 plura?
940 3541 1229 3629 Quicqui
1331 3542 1398 3610 in
1448 3543 1660 3610 servis
1713 3541 1825 3610 Dei
1877 3542 2251 3612 attenditur
2310 3541 2706 3620 laudabile,

179 3629 324 3702 loco
372 3633 445 3701 in
483 3630 611 3701 isto
656 3634 807 3722 ejus
855 3631 1112 3702 famulo
1161 3631 1454 3701 ubertim
1506 3632 1854 3701 crescebat
1901 3631 2206 3717 quotidie
2241 3687 2256 3712 ,
2312 3632 2703 3710 intantum,

174 3733 251 3790 ut
294 3719 702 3792 consodales
748 3720 899 3811 ejus
949 3719 1250 3790 videntes
1299 3720 1459 3789 talia
1511 3720 1576 3788 in
1634 3720 1744 3789 Dei
1797 3720 2073 3789 homine
2121 3720 2325 3800 dona,
2366 3720 2526 3788 inde
2565 3741 2711 3811 pes-

176 3810 482 3880 sumdati
531 3823 694 3881 sunt
724 3812 807 3879 ad
848 3811 1065 3900 pejus,
1104 3809 1288 3879 unde
1321 3809 1687 3879 sublimari
1727 3808 2106 3878 debuerant
2150 3809 2215 3877 in
2261 3809 2529 3879 melius.

260 3900 300 3986 ἓ
346 3904 443 3971 3.
497 3899 620 3968 Hic
670 3921 824 3968 vero
876 3898 987 3968 Dei
1039 3899 1258 3985 iustus
1293 3954 1307 3980 ,
1377 3898 1551 3967 inter
1619 3898 1744 3968 ista
1806 3919 1938 3967 non
2004 3901 2367 3967 immemor
2433 3896 2713 3966 visionis

174 4002 556 4058 nocturnae
603 3988 933 4058 divinitus
981 3987 1112 4056 sibi
1153 3987 1387 4066 factae,
1442 4009 1598 4057 cum
1645 3986 1921 4056 licentia
1960 3987 2360 4077 praescripti
2393 3985 2710 4076 Episcopi

173 4076 430 4166 expetit
463 4075 691 4146 locum
727 4079 813 4148 ab
851 4076 1101 4166 Angelo
1139 4077 1681 4166 praesignatum,
1721 4097 1926 4162 quem
1971 4077 2233 4146 truncis
2272 4098 2350 4144 ac
2391 4074 2712 4165 vepribus

172 4186 300 4255 pro
350 4187 552 4256 posse
599 4166 1006 4236 mundatum
1053 4165 1121 4233 in
1186 4166 1561 4235 oratorium
1623 4165 2070 4234 commutavit
2117 4177 2181 4234 et
2240 4165 2706 4246 consecravit,

170 4253 294 4323 ubi
328 4275 635 4344 congrue
683 4260 815 4325 Deo
865 4253 1171 4323 redderet
1219 4253 1554 4324 solemnia
1593 4275 1870 4342 precum
1924 4267 2098 4323 vota.
2152 4254 2325 4323 Huic
2374 4254 2560 4344 operi
2613 4254 2711 4322 sic

171 4341 605 4413 incumbenti
644 4344 892 4414 obtulit
940 4342 1185 4413 Christi
1237 4343 1584 4411 miseratio
1635 4341 1954 4432 largiflua
2007 4343 2309 4413 levamen
2362 4343 2658 4414 amabile
2689 4398 2705 4424 ,

222 4469 249 4494 ¹⁸
280 4465 478 4514 Gallice.
499 4471 696 4516 rhium-e,
710 4471 847 4511 vicus
868 4472 923 4511 ad
948 4471 1163 4511 dextram
1186 4469 1356 4511 Mosae.
1381 4490 1431 4498 —
1454 4470 1650 4522 Horum,
1671 4470 1783 4520 gau.
1801 4470 1916 4522 may.
