3347 4999
698 316 825 380 230
1108 332 1186 377 nn
1234 330 1289 378 s.
1342 329 1635 378 Baunonia
1682 329 2186 378 caarnusunon.
2240 328 2632 376 arannem
2873 311 3053 377 OCT.
3109 313 3164 377 6

610 416 1033 487 Coloniensis
1070 415 1402 504 magistri,
1441 415 1662 484 Eremi
1702 419 1986 484 Sanctae
2022 416 2268 483 Mariae
2302 414 2386 482 de
2427 414 2622 483 Turri
2670 412 2946 484 Ordinis
2987 418 3162 484 Car-

609 506 985 575 tbusiensis
1034 504 1444 573 institutoris
1497 504 1728 593 primi,
1771 504 1974 593 cujus
2008 503 2210 572 etiam
2251 504 2478 593 imago
2529 502 2668 572 illic
2707 503 2888 592 picta
2919 505 3158 572 cerni-

611 606 745 664 tur.
798 601 873 663 In
926 594 1053 662 hac
1103 613 1314 681 specu
1364 592 1479 661 ille
1530 593 1641 661 Vir
1693 593 1806 660 Dei
1853 593 1941 661 ab
1988 614 2067 661 eo
2102 607 2427 681 tempore,
2469 614 2604 679 quo
2638 593 2936 682 primurn
2973 591 3157 661 illuc

607 685 812 762 venit,
865 703 1087 768 usque
1133 680 1217 750 ad
1269 673 1533 750 obitum
1607 679 1997 751 incredibili
2067 682 2355 769 spiritus
2413 679 2670 750 fervore
2733 684 3147 769 permansit.

606 778 812 841 Porro
849 772 914 839 in
967 783 1450 859 argumentum
1493 781 1557 839 et
1589 769 2256 838 commendationem
2295 770 2673 840 sanctitatis
2702 770 2876 858 ejuS,
2916 791 3154 855 usque

608 862 675 928 in
729 861 1140 929 hodiernum
1192 859 1373 927 diem
1418 857 1608 928 locus
1659 857 1796 938 ille,
1851 859 1919 926 in
1972 879 2107 944 quo
2161 871 2309 947 post
2354 879 2672 928 excessus
2720 870 2983 927 contem
3046 857 3159 926 la—

606 950 870 1018 tionum
916 947 1181 1017 defessa
1231 946 1539 1016 membra
1606 946 1831 1015 nudae
1899 947 2110 1016 humo
2158 945 2523 1025 allidebat,
2582 969 2935 1033 nunquam
3039 968 3153 1014 er-

609 1038 765 1107 bam
818 1037 1040 1126 gignit
1086 1036 1173 1105 ad
1225 1057 1619 1105 mensuram
1668 1035 1979 1124 corporis
2026 1036 2197 1122 eju5‚
2250 1036 2407 1105 cum
2446 1048 2668 1105 tamen
2706 1036 3157 1122 circumqua-

605 1148 740 1214 que
812 1126 1185 1194 herbescat.
1271 1129 1407 1193 Hoc
1482 1138 1616 1194 tam
1693 1124 1957 1193 illustre
2026 1123 2437 1193 miraculum
2505 1146 2746 1194 omnes
2810 1123 2939 1193 loci
2986 1124 3151 1209 ejus

608 1214 880 1284 accolae
925 1211 1478 1282 constantissime
1525 1215 1939 1282 asseverant.
2003 1218 2114 1282 Est
2168 1225 2512 1302 praeterea
2567 1212 2708 1282 illic
2756 1213 2839 1282 ad
2894 1212 3154 1301 lapidis

600 1305 894 1394 jactum,
930 1302 1214 1372 ecclesia
1274 1302 1710 1370 beatissimae
1747 1303 2016 1380 Mariae,
2069 1325 2105 1371 a
2142 1303 2394 1372 Comite
2428 1302 2717 1392 Rogerio
2749 1314 3157 1371 constructa

614 1414 733 1481 pro
759 1414 951 1461 servo
979 1392 1117 1472 Dei,
1153 1390 1477 1480 magistro
1504 1395 1844 1469 Brunone‚
1884 1405 1949 1459 et
1998 1391 2325 1480 magistro
2354 1394 2662 1460 Launino
2697 1396 3143 1469 Nortmanno‚

607 1481 756 1568 ejus
805 1483 1010 1550 socio.
1088 1479 1181 1547 Ad
1232 1478 1398 1547 haec
1451 1479 1595 1547 loca
1649 1479 2060 1568 populorum
2111 1496 2461 1560 catervae,
2523 1501 2719 1548 senes
2777 1493 2845 1549 et
2893 1480 3087 1568 pueri
3126 1519 3167 1558 ‚-

608 1570 738 1637 viri
784 1591 862 1638 ac
912 1569 1253 1647 feminae,
1311 1567 1574 1636 nobiles
1622 1582 1686 1636 et
1728 1569 1974 1657 plebeji
2014 1623 2028 1648 ,
2085 1569 2430 1657 principes
2491 1580 2556 1638 et
2606 1580 3000 1659 magnates,
3054 1567 3150 1636 ob

610 1657 1030 1728 sanctissimi
1071 1656 1414 1726 Brunonis
1466 1658 1965 1726 venerationem
2013 1669 2078 1726 et
2124 1658 2304 1746 piam
2355 1679 2514 1748 erga
2547 1656 2745 1726 illurn
2779 1657 2995 1725 animi
3024 1656 3152 1724 de-

608 1747 977 1825 votionem,
1032 1759 1236 1832 atque
1283 1745 1486 1813 etiam
1521 1745 1608 1814 ob
1641 1745 2073 1835 impetranda
2105 1746 2255 1833 ejus
2290 1745 2641 1826 beneficia,
2681 1745 2966 1835 perinde
3001 1745 3149 1814 acsi

520 1921 525 1925 ι
610 1835 812 1924 degat
843 1837 909 1904 in
944 1833 1293 1914 humaniS,
1325 1855 1482 1902 eum
1527 1835 1783 1903 animis
1815 1835 2382 1924 contemplanteS,
2421 1836 2728 1904 certatim
2755 1835 3143 1912 confluunt,

612 1938 997 1993 reverenter
1029 1922 1388 2001 accedunt,
1445 1937 1854 1992 venerantur
1887 1937 1953 1992 et
1997 1936 2213 1992 orant.
2263 1926 2632 2014 Praecipue
2668 1944 2823 1991 vero
2858 1945 3184 2016 specum·

611 2011 826 2092 illam,
886 2013 953 2080 in
987 2033 1121 2097 qua
1171 2010 1308 2079 fere
1356 2009 1544 2080 solus
1594 2034 1865 2101 semper
1903 2017 2031 2080 Deo
2080 2012 2435 2094 serviebat,
2501 2025 2684 2082 tanta
2735 2011 3139 2090 reverentia,

608 2101 744 2169 fide
781 2114 847 2170 et
884 2100 1128 2169 affectu
1179 2098 1635 2186 frequentant,
1684 2114 1759 2170 ut
1806 2100 2199 2190 complures
2249 2099 2381 2171 nnn
2437 2102 2567 2170 nisi
2611 2099 2818 2169 nudis
2852 2099 3147 2189 pedibus

607 2212 648 2258 a
687 2190 833 2278 jam
885 2189 1065 2257 dicto
1110 2191 1520 2258 monasterio
1567 2211 1645 2258 eo
1695 2189 2017 2258 accedere
2074 2191 2617 2278 conspiciantur.
2671 2189 2797 2258 Alii
2848 2189 3146 2279 genibus

606 2276 964 2365 reptando,
1020 2298 1282 2347 sacram
1337 2277 1524 2345 illam
1577 2299 1864 2366 specum
1902 2291 2148 2348 terram
2191 2292 2257 2348 et
2305 2301 2463 2347 saxa
2503 2300 2583 2347 ex
2631 2278 2848 2346 animi
2898 2278 3145 2366 pietate

608 2366 907 2455 lingunt,
961 2378 1024 2434 et
1073 2365 1599 2454 lacrymabundi
1632 2367 2067 2436 circumeunt
2098 2390 2113 2446 ;
2152 2380 2356 2453 atque
2390 2367 2473 2435 de
2508 2367 2656 2456 ipsa
2691 2388 2907 2456 specu
2938 2367 3144 2455 quip-

609 2454 793 2544 piam
847 2453 1214 2534 abradunt,
1276 2477 1396 2543 pro
1440 2457 1710 2545 magnis
1753 2456 2062 2542 reliquiis
2115 2456 2439 2536 babituri,
2480 2457 2715 2543 sicque
2763 2454 3028 2525 alacres
3054 2454 3143 2524 ad

608 2565 737 2613 sua
765 2544 1169 2614 abscedunt.
1222 2549 1352 2614 Nec
1399 2546 1767 2631 quisquam
1798 2567 1964 2614 sane
1991 2544 2214 2614 verbis
2245 2546 2584 2634 explicare
2622 2558 2848 2632 queat,
2888 2557 3148 2631 quanta

606 2632 822 2702 animi
873 2632 1225 2701 devotione
1272 2646 1337 2701 et
1384 2633 1612 2702 studio
1654 2633 1874 2702 virum
1928 2634 2439 2703 sanctissimum
2495 2646 3001 2724 prosequantur
3025 2636 3147 2701 Ca-

607 2720 864 2791 labriae
912 2721 1252 2811 Episcopi,
1307 2722 1617 2801 AbbateS,
1676 2722 1985 2801 Praelati,
2033 2722 2359 2824 religiosi,
2413 2724 2713 2809 itemque
2762 2722 3141 2812 PrincipeS,

606 2810 918 2890 Comites,
977 2813 1267 2880 barones
1298 2823 1363 2879 et
1414 2810 1604 2899 plebs
1638 2813 1983 2879 universa.
2030 2816 2331 2897 Denique
2381 2833 2514 2880 non
2568 2811 2770 2901 longe
2809 2833 2847 2879 a
2898 2833 3148 2901 supra-

604 2899 788 2967 dicto
832 2900 1244 2968 monasterio
1292 2921 1539 2969 nemus
1578 2899 2090 2989 amplissimum
2142 2912 2267 2980 est,
2323 2900 2502 2986 quod
2558 2899 2716 2969 Folo
2780 2912 3048 2979 vocant,
3106 2921 3148 2968 a

604 2988 748 3056 viro
778 2989 887 3057 Dei
919 3010 1052 3057 non
1092 2988 1225 3055 nisi
1259 2988 1712 3057 instaurando
1751 2989 2162 3057 monasterio
2192 2988 2626 3077 deputatum.
2662 2988 2857 3071 Quod
2894 2989 2954 3057 si
2987 2988 3147 3074 quis

604 3078 1010 3145 temerarius
1057 3089 1295 3144 contra
1345 3076 1523 3145 hanc
1556 3076 1711 3162 ejus
1752 3075 2167 3146 voluntatem
2220 3079 2451 3146 venire
2500 3099 2714 3148 ausus
2749 3077 2858 3157 sit,
2908 3098 3152 3163 quem-

605 3164 980 3233 admodum
1031 3163 1212 3232 fama
1245 3163 1430 3253 apud
1472 3186 1713 3233 omnes
1745 3163 2065 3237 Calabros
2107 3165 2310 3256 longo
2352 3188 2486 3235 usu
2521 3167 2792 3234 firmata
2834 3179 3144 3245 testatur,

605 3251 908 3319 divinam
960 3252 1291 3321 ultionem
1348 3274 1478 3321 non
1530 3253 1777 3332 evadit,
1844 3252 2132 3323 faciente
2179 3267 2244 3323 et
2307 3256 2433 3324 hoc
2487 3267 2551 3324 et
2596 3254 2936 3344 permulta
2976 3251 3141 3333 alia,

607 3339 691 3407 ad
724 3339 1210 3409 declarandam
1247 3340 1633 3410 fidelissimi
1660 3342 1846 3411 Servi
1875 3344 1986 3411 sui
2017 3344 2471 3423 sanctitatem,
2513 3355 2947 3433 praepotente
2983 3346 3141 3422 De0,

606 3427 722 3497 cui
769 3440 871 3497 est
920 3428 1138 3497 honor
1184 3441 1249 3497 et
1295 3430 1515 3518 gloria
1553 3431 1623 3498 in
1675 3429 1910 3500 secula
1957 3431 2375 3513 seculorum,
2422 3438 2656 3502 Arnen.
