3347 4999
215 355 394 422 OCT.
448 355 534 421 20
1113 373 1192 420 nn
1240 372 1297 420 s.
1349 368 1628 419 Amantio
1695 372 1887 418 naar.
2126 374 2127 377 ¹
2560 356 2688 419 579

215 471 445 528 autem
507 468 573 527 et
631 456 802 528 votis
850 469 1117 527 caetera
1179 455 1373 547 plebs
1432 455 1904 540 concordans,
1977 460 2383 525 Sanctorum
2446 455 2778 544 reliquias

218 547 302 618 de
341 544 630 647 ignobili
671 545 819 615 loco
852 546 1154 636 erigunt,
1193 558 1258 615 et
1297 545 1367 614 in
1405 542 1632 614 locum
1698 566 1974 614 sacrum
2012 543 2421 626 recondunt,
2476 567 2777 633 quorum

218 635 484 706 meritis
515 634 601 705 ad
645 633 936 706 salutem
972 633 1291 704 omnium
1328 633 1698 703 innumera
1727 632 2016 702 coelitus
2063 633 2529 703 ostenduntur
2565 635 2775 704 mira-

222 724 536 794 culorum
604 723 940 825 insignia:
998 735 1384 813 praestante
1462 723 1751 792 Domino
1800 734 1864 791 et
1920 721 2265 791 Salvatore
2327 736 2558 792 nostro
2605 727 2776 793 Jesu

224 813 512 894 Christ0‚
564 813 686 899 qui
741 835 811 880 ln
868 811 1195 882 Trinitate
1234 811 1527 901 perfecta
1580 810 1744 880 vivit
1796 823 1861 881 et
1911 822 2149 901 regnat
2190 832 2376 881 unus
2427 816 2602 882 Deus
2656 833 2778 900 per

221 902 460 972 omnia
493 900 727 973 secula
773 900 1197 982 seculorum,
1241 906 1475 971 Amen.
2326 902 2331 907 ’

860 1228 1487 1330 MARTYRlUM
1565 1230 1644 1328 S.
1719 1229 2143 1330 ΑΒΤΕΜΙΙ

380 1470 744 1519 AUCTORE
810 1471 979 1519 stu.
1051 1471 1704 1530 MBTAPHRASTE3
1771 1471 1863 1517 EX
1929 1470 2180 1518 'touls
2251 1470 2622 1519 ALOYSII.

601 1666 936 1734 martyrio
978 1670 1348 1724 coronatus
1389 1667 1526 1724 fuit
1581 1681 1761 1723 anno
1804 1670 1946 1736 363,
1988 1660 2410 1725 Antiochiae.

321 1884 357 1957 ἓ
406 1878 481 1946 Ι.
535 1880 690 1946 Post
723 1877 988 1947 Domini
1039 1890 1104 1947 et
1138 1875 1503 1947 Salvatoris
1553 1876 1767 1946 nostri
1804 1876 1869 1944 in
1906 1875 2131 1945 coelos
2179 1897 2572 1958 ascensum,
2617 1900 2776 1946 cum

229 1966 380 2055 ejus
440 1963 765 2054 discipuli
839 1978 904 2036 et
972 1965 1270 2055 Apostoli
1345 1965 1748 2035 universum
1828 1965 2061 2034 orbem
2141 1977 2357 2035 terrae
2406 1964 2776 2056 Evangelio

227 2052 934 2141 comprehendissent,
986 2055 1150 2124 etin
1202 2076 1441 2124 omnes
1472 2053 1752 2140 quidem
1793 2067 2015 2143 partes
2050 2054 2196 2141 jam
2247 2053 2615 2124 distributa
2662 2076 2773 2125 es-

230 2154 331 2214 set
364 2141 777 2231 praedicatio
812 2143 1119 2232 pietatis:
1161 2144 1219 2212 is
1265 2156 1519 2223 autem,
1557 2142 1678 2229 qui
1727 2144 1815 2212 ab
1860 2142 2053 2212 initio
2102 2144 2335 2232 generi
2408 2143 2773 2213 hominum

230 2230 652 2311 adversatur,
722 2231 1170 2302 intolerandis
1217 2232 1572 2301 tormentis
1623 2253 1743 2320 per
1789 2253 1927 2312 e05‚
1987 2232 2107 2319 qui
2158 2245 2321 2301 tunc
2371 2253 2599 2301 rerum
2657 2254 2778 2322 po-

233 2320 599 2399 tiebantur,
634 2320 999 2410 subjiceret
1028 2320 1301 2390 fideles:
1342 2320 1695 2409 oportebat
1734 2320 2108 2407 aliquando
2144 2320 2566 2391 Christianos
2601 2321 2775 2391 solvi

233 2430 271 2476 a
324 2407 523 2476 malis
556 2422 619 2476 et
669 2408 1021 2491 molestiis,
1074 2423 1138 2478 et
1185 2431 1343 2479 cum
1387 2409 1630 2478 acerba
1682 2410 1866 2478 nube
1909 2409 2303 2498 impietatiS‚
2345 2409 2510 2479 solvi
2566 2411 2775 2479 etiam

235 2510 701 2586 tempestatem
747 2511 1266 2579 tormentorum,
1311 2498 1569 2586 quibus
1634 2496 2133 2579 afficiebantur,
2189 2513 2254 2568 et
2307 2498 2457 2568 sisti
2508 2501 2775 2590 virgam

236 2599 695 2674 peccatorum,
797 2610 924 2657 uae
974 2588 1470 2657 immittebatur
1501 2587 1831 2659 adversus
1883 2587 2367 2657 haereditatem
2391 2589 2770 2677 justorum.

233 2679 400 2744 Cum
450 2688 679 2745 autem
713 2609 798 2746 a}
835 2676 963 2746 hoc
1001 2689 1178 2747 esset
1223 2698 1400 2766 opus
1443 2676 1606 2757 viro,
1659 2677 1777 2763 qui
1841 2676 2122 2746 liaberet
2171 2676 2514 2766 insignem
2558 2678 2779 2745 animi

233 2762 695 2835 nobilitatem:
750 2764 906 2835 talis
967 2777 1193 2835 autem
1242 2777 1386 2835 erat
1433 2765 1810 2835 Constantii
1856 2779 1922 2834 et
1968 2764 2264 2835 Helenae
2326 2764 2537 2845 filius,
2605 2769 2778 2834 Con-

232 2853 576 2923 stantinus
625 2859 915 2944 Magnus
946 2853 1513 2945 cognominatus:
1561 2854 1619 2923 is
1667 2877 1707 2924 a
1768 2855 1987 2943 patrio
2040 2853 2321 2940 quidem
2373 2852 2627 2922 recedit
2674 2875 2782 2923 er-

231 2962 405 3022 rore,
445 2964 696 3012 arcano
743 2943 1042 3031 quodam
1092 2956 1157 3012 et
1195 2942 1429 3012 divino
1476 2941 1792 3025 consili0,
1845 2954 1908 3011 et
1955 2942 2215 3012 accedit
2262 2941 2347 3010 ad
2401 2942 2774 3011 veritatem.

233 3030 454 3100 Vincit
501 3033 712 3114 enim,
765 3045 841 3102 ut
887 3054 1125 3104 omnes
1165 3032 1416 3114 sciunt,
1474 3031 1794 3101 inimicos
1844 3053 1964 3121 per
2012 3031 2247 3101 Crucis
2302 3030 2371 3098 in
2421 3030 2609 3099 coelo
2658 3053 2781 3121 ap-

233 3119 668 3209 paritionem;
706 3134 772 3190 et
819 3126 1110 3212 Magnus
1147 3122 1375 3191 statim
1427 3119 1838 3210 appellatur,
1880 3133 1945 3188 et
1986 3131 2263 3210 propter
2310 3119 2582 3208 pietatis
2632 3142 2783 3189 ma-

233 3208 696 3298 gnitudinem,
739 3221 805 3279 et
850 3210 920 3278 in
973 3211 1200 3280 hostes
1267 3209 1642 3279 victoriam.
1704 3207 1955 3277 Deinde
2002 3209 2207 3278 etiam
2263 3229 2513 3299 magno
2564 3209 2775 3299 Regi,

232 3308 298 3366 et
343 3298 698 3366 communi
731 3299 1047 3368 omnium
1100 3298 1385 3368 Domino
1420 3296 1741 3367 victoriae
1773 3296 2064 3366 reddens
2099 3296 2379 3386 gratiaS,
2427 3298 2784 3387 mittitper

233 3406 476 3456 omnes
511 3398 737 3476 partes
775 3387 964 3457 orbis
998 3398 1215 3456 terrae
1262 3386 1555 3466 decreta,
1610 3407 1789 3472 quae
1834 3399 2030 3455 erant
2076 3386 2422 3455 contraria
2489 3387 2781 3459 decretis

233 3475 543 3564 priorum
586 3478 1133 3564 Imperatorum:
1179 3496 1450 3564 nempe,
1507 3488 1584 3545 ut
1631 3475 2072 3545 diruerentur
2106 3474 2363 3565 templa
2404 3474 2775 3558 idolorum,

233 3575 298 3633 et
346 3562 661 3634 funditus
693 3577 1191 3633 everterentur:
1259 3563 1327 3631 in
1379 3563 1625 3634 Christi
1678 3578 1905 3633 autem
1973 3565 2251 3634 nomine
2293 3586 2537 3634 rursus
2594 3564 2781 3634 aedi—

235 3651 635 3732 ficarentur,
692 3665 757 3721 et
803 3653 953 3743 ejus
984 3651 1487 3741 discipulorum
1524 3665 1589 3722 et
1631 3666 2015 3742 martyrum
2065 3652 2271 3723 aedes
2328 3652 2674 3743 insignes:
2718 3665 2784 3722 et

231 3763 409 3828 quas
459 3740 655 3842 prius
705 3740 902 3831 impii
950 3753 1330 3811 everterant
1359 3740 1710 3824 ecclesias,
1767 3764 1885 3811 eae
1935 3764 2179 3812 rursus
2227 3741 2524 3832 priorem
2579 3741 2782 3811 deco-

233 3851 377 3900 rem
419 3843 823 3920 reclperent.

324 3927 363 4001 ἓ
411 3924 491 3991 8.
548 3918 724 4001 Quid
753 3941 939 4010 ergo,
974 3917 1094 4005 qui
1126 3917 1327 3988 honis
1361 3919 1640 4002 invidet,
1681 3919 2044 3990 diabolus?
2073 3925 2217 3991 Non
2253 3918 2478 3989 ferens
2522 3931 2782 3988 tantam

234 4008 712 4090 mutationem,
765 4020 830 4078 et
877 4006 1133 4094 alioqui
1184 4007 1410 4078 sciens
1460 4007 1605 4078 fleri
1656 4030 1794 4078 non
1831 4031 2053 4099 posse,
2110 4020 2187 4079 ut
2231 4008 2353 4095 qui
2403 4022 2566 4077 tunc
2602 4021 2783 4077 tene-

232 4095 349 4165 bat
392 4098 788 4187 imperium,
844 4095 1096 4166 rediret
1133 4095 1219 4166 ad
1285 4119 1537 4167 vanum
1574 4098 1839 4168 cultum
1891 4096 2462 4177 simulacrorum,
2501 4095 2784 4166 aliunde

232 4183 304 4253 in
357 4207 481 4256 nos
514 4185 776 4257 bellum
826 4185 1115 4256 excitat:
1167 4199 1233 4256 et
1277 4208 1435 4256 cum
1501 4186 1572 4254 in
1624 4185 1997 4257 Ecclesiam
2075 4185 2601 4256 Alexandrinam
2656 4187 2784 4255 im-

234 4273 427 4431 pium
477 4277 748 4346 Arrium
820 4274 1227 4356 induxisset,
1293 4289 1360 4345 et
1406 4287 1760 4363 tamquam
1829 4275 2291 4346 instrumento
2348 4273 2582 4362 aliquo
2630 4276 2783 4366 ejus

263 4361 477 4451 ingua
523 4377 699 4436 esset
747 4387 941 4446 usuS,
984 4363 1191 4434 audet
1239 4364 1660 4454 praedicare,
1702 4364 1817 4433 Dei
1866 4364 2115 4435 Filium
2161 4385 2308 4434 esse
2349 4377 2680 4446 creatum,
2719 4374 2786 4432 et

235 4450 556 4542 dogmate
594 4466 913 4537 statuere,
971 4476 1130 4525 eum
1166 4475 1316 4524 esse
1354 4453 1658 4525 alienum
1695 4477 1738 4525 a
1767 4454 1885 4524 Dei
1932 4467 1996 4525 et
2026 4453 2244 4524 Patris
2291 4454 2608 4525 essentia.
2641 4458 2783 4522 Hac
