<?xml version="1.0" encoding="UTF-8"?>
<!DOCTYPE html PUBLIC "-//W3C//DTD XHTML 1.0 Transitional//EN"
    "http://www.w3.org/TR/xhtml1/DTD/xhtml1-transitional.dtd">
<html xmlns="http://www.w3.org/1999/xhtml" xml:lang="en" lang="en">
 <head>
  <title>
</title>
<meta http-equiv="Content-Type" content="text/html;charset=utf-8" />
  <meta name='ocr-system' content='tesseract 3.04.00' />
  <meta name='ocr-capabilities' content='ocr_page ocr_carea ocr_par ocr_line ocrx_word'/>
</head>
<body>
  <div class='ocr_page' id='page_1' title='image "./historiaeseuvit03lippgoog_0593.png"; bbox 0 0 3347 4999; ppageno 0'>
   <div class='ocr_carea' id='block_1_1' title="bbox 200 313 2641 381">
    <p class='ocr_par' dir='ltr' id='par_1_1' title="bbox 200 313 2641 381">
     <span class='ocr_line' id='line_1_1' title="bbox 200 313 2641 381; baseline -0.001 0"><span class='ocrx_word' id='word_1_1' title='bbox 200 315 373 381; x_wconf 87' lang='lat' dir='ltr'>OCT.</span> <span class='ocrx_word' id='word_1_2' title='bbox 430 315 507 378; x_wconf 64' lang='lat'>217</span> <span class='ocrx_word' id='word_1_3' title='bbox 1080 332 1159 377; x_wconf 70' lang='lat' dir='ltr'>na</span> <span class='ocrx_word' id='word_1_4' title='bbox 1206 332 1262 378; x_wconf 91' lang='lat' dir='ltr'>s.</span> <span class='ocrx_word' id='word_1_5' title='bbox 1316 328 1611 377; x_wconf 71' lang='lat' dir='ltr'>nssnwtca</span> <span class='ocrx_word' id='word_1_6' title='bbox 1659 331 1849 378; x_wconf 77' lang='lat' dir='ltr'>vmtJA</span> <span class='ocrx_word' id='word_1_7' title='bbox 2515 313 2641 378; x_wconf 72' lang='lat'>503</span> 
     </span>
    </p>
   </div>
   <div class='ocr_carea' id='block_1_2' title="bbox 197 414 2750 4492">
    <p class='ocr_par' dir='ltr' id='par_1_2' title="bbox 197 414 2739 2810">
     <span class='ocr_line' id='line_1_2' title="bbox 201 414 2728 506; baseline -0.002 -19"><span class='ocrx_word' id='word_1_8' title='bbox 201 420 385 487; x_wconf 90' lang='lat' dir='ltr'>enim</span> <span class='ocrx_word' id='word_1_9' title='bbox 435 430 500 486; x_wconf 90' lang='lat' dir='ltr'>et</span> <span class='ocrx_word' id='word_1_10' title='bbox 547 414 688 497; x_wconf 91' lang='lat' dir='ltr'>illa,</span> <span class='ocrx_word' id='word_1_11' title='bbox 726 427 902 484; x_wconf 82' lang='lat' dir='ltr'>etex</span> <span class='ocrx_word' id='word_1_12' title='bbox 934 415 1218 485; x_wconf 90' lang='lat' dir='ltr'>adverso</span> <span class='ocrx_word' id='word_1_13' title='bbox 1246 414 1453 484; x_wconf 84' lang='lat' dir='ltr'>frater</span> <span class='ocrx_word' id='word_1_14' title='bbox 1490 415 1909 495; x_wconf 90' lang='lat' dir='ltr'>Herbordus‚</span> <span class='ocrx_word' id='word_1_15' title='bbox 1952 437 2150 506; x_wconf 81' lang='lat' dir='ltr'>saepe</span> <span class='ocrx_word' id='word_1_16' title='bbox 2200 438 2322 505; x_wconf 90' lang='lat' dir='ltr'>pro</span> <span class='ocrx_word' id='word_1_17' title='bbox 2369 415 2728 493; x_wconf 87' lang='lat' dir='ltr'>devotione</span> 
     </span>
     <span class='ocr_line' id='line_1_3' title="bbox 200 504 2731 594; baseline -0.001 -18"><span class='ocrx_word' id='word_1_18' title='bbox 200 526 422 592; x_wconf 91' lang='lat' dir='ltr'>usque</span> <span class='ocrx_word' id='word_1_19' title='bbox 470 504 637 573; x_wconf 87' lang='lat' dir='ltr'>adeo</span> <span class='ocrx_word' id='word_1_20' title='bbox 673 517 936 593; x_wconf 80' lang='lat' dir='ltr'>raptam</span> <span class='ocrx_word' id='word_1_21' title='bbox 988 504 1259 594; x_wconf 89' lang='lat' dir='ltr'>spiritu,</span> <span class='ocrx_word' id='word_1_22' title='bbox 1295 515 1372 572; x_wconf 90' lang='lat' dir='ltr'>ut</span> <span class='ocrx_word' id='word_1_23' title='bbox 1424 518 1601 574; x_wconf 86' lang='lat' dir='ltr'>esset</span> <span class='ocrx_word' id='word_1_24' title='bbox 1638 504 2087 573; x_wconf 89' lang='lat' dir='ltr'>insensibilis.</span> <span class='ocrx_word' id='word_1_25' title='bbox 2135 509 2410 574; x_wconf 87' lang='lat' dir='ltr'>Cosmas</span> <span class='ocrx_word' id='word_1_26' title='bbox 2455 526 2731 592; x_wconf 89' lang='lat' dir='ltr'>quoque</span> 
     </span>
     <span class='ocr_line' id='line_1_4' title="bbox 201 591 2735 681; baseline -0 -17"><span class='ocrx_word' id='word_1_27' title='bbox 201 607 528 664; x_wconf 90' lang='lat' dir='ltr'>strenuus</span> <span class='ocrx_word' id='word_1_28' title='bbox 564 592 784 673; x_wconf 90' lang='lat' dir='ltr'>miles,</span> <span class='ocrx_word' id='word_1_29' title='bbox 825 593 893 660; x_wconf 88' lang='lat' dir='ltr'>in</span> <span class='ocrx_word' id='word_1_30' title='bbox 929 593 1078 681; x_wconf 74' lang='lat' dir='ltr'>eJus</span> <span class='ocrx_word' id='word_1_31' title='bbox 1127 591 1505 662; x_wconf 88' lang='lat' dir='ltr'>ministerio</span> <span class='ocrx_word' id='word_1_32' title='bbox 1539 592 1847 672; x_wconf 89' lang='lat' dir='ltr'>sedulus,</span> <span class='ocrx_word' id='word_1_33' title='bbox 1901 592 2125 662; x_wconf 82' lang='lat' dir='ltr'>dicere</span> <span class='ocrx_word' id='word_1_34' title='bbox 2175 592 2473 663; x_wconf 81' lang='lat' dir='ltr'>solebat:</span> <span class='ocrx_word' id='word_1_35' title='bbox 2511 616 2547 659; x_wconf 82' lang='lat'>«</span> <span class='ocrx_word' id='word_1_36' title='bbox 2581 597 2735 662; x_wconf 90' lang='lat' dir='ltr'>Sae-</span> 
     </span>
     <span class='ocr_line' id='line_1_5' title="bbox 203 680 2738 775; baseline -0.002 -22"><span class='ocrx_word' id='word_1_37' title='bbox 203 703 581 775; x_wconf 91' lang='lat' dir='ltr'>penumero</span> <span class='ocrx_word' id='word_1_38' title='bbox 620 703 778 751; x_wconf 92' lang='lat' dir='ltr'>cum</span> <span class='ocrx_word' id='word_1_39' title='bbox 821 680 1102 750; x_wconf 89' lang='lat' dir='ltr'>domina</span> <span class='ocrx_word' id='word_1_40' title='bbox 1154 702 1305 749; x_wconf 88' lang='lat' dir='ltr'>mea</span> <span class='ocrx_word' id='word_1_41' title='bbox 1345 681 1689 771; x_wconf 84' lang='lat' dir='ltr'>Hedwigis</span> <span class='ocrx_word' id='word_1_42' title='bbox 1743 693 1919 751; x_wconf 90' lang='lat' dir='ltr'>esset</span> <span class='ocrx_word' id='word_1_43' title='bbox 1960 682 2027 749; x_wconf 93' lang='lat' dir='ltr'>in</span> <span class='ocrx_word' id='word_1_44' title='bbox 2066 682 2407 770; x_wconf 88' lang='lat' dir='ltr'>precibus,</span> <span class='ocrx_word' id='word_1_45' title='bbox 2465 682 2738 771; x_wconf 91' lang='lat' dir='ltr'>negotia</span> 
     </span>
     <span class='ocr_line' id='line_1_6' title="bbox 197 768 2737 860; baseline -0.001 -20"><span class='ocrx_word' id='word_1_46' title='bbox 197 771 537 860; x_wconf 87' lang='lat' dir='ltr'>quaedam</span> <span class='ocrx_word' id='word_1_47' title='bbox 578 791 685 839; x_wconf 91' lang='lat' dir='ltr'>me</span> <span class='ocrx_word' id='word_1_48' title='bbox 716 768 904 838; x_wconf 93' lang='lat' dir='ltr'>illam</span> <span class='ocrx_word' id='word_1_49' title='bbox 938 768 1127 837; x_wconf 90' lang='lat' dir='ltr'>adire</span> <span class='ocrx_word' id='word_1_50' title='bbox 1159 769 1513 859; x_wconf 87' lang='lat' dir='ltr'>cogebant,</span> <span class='ocrx_word' id='word_1_51' title='bbox 1555 770 1914 859; x_wconf 91' lang='lat' dir='ltr'>reperique</span> <span class='ocrx_word' id='word_1_52' title='bbox 1951 791 2099 839; x_wconf 91' lang='lat' dir='ltr'>eam</span> <span class='ocrx_word' id='word_1_53' title='bbox 2136 769 2304 838; x_wconf 90' lang='lat' dir='ltr'>adeo</span> <span class='ocrx_word' id='word_1_54' title='bbox 2339 791 2378 837; x_wconf 91' lang='lat' dir='ltr'>a</span> <span class='ocrx_word' id='word_1_55' title='bbox 2411 770 2737 838; x_wconf 82' lang='lat' dir='ltr'>sensibus</span> 
     </span>
     <span class='ocr_line' id='line_1_7' title="bbox 205 857 2738 946; baseline -0.002 -15"><span class='ocrx_word' id='word_1_56' title='bbox 205 862 644 939; x_wconf 81' lang='lat' dir='ltr'>abstractam,</span> <span class='ocrx_word' id='word_1_57' title='bbox 697 869 775 927; x_wconf 91' lang='lat' dir='ltr'>ut</span> <span class='ocrx_word' id='word_1_58' title='bbox 809 878 916 926; x_wconf 93' lang='lat' dir='ltr'>me</span> <span class='ocrx_word' id='word_1_59' title='bbox 955 879 1187 927; x_wconf 86' lang='lat' dir='ltr'>coram</span> <span class='ocrx_word' id='word_1_60' title='bbox 1219 859 1368 946; x_wconf 91' lang='lat' dir='ltr'>ipsa</span> <span class='ocrx_word' id='word_1_61' title='bbox 1418 870 1707 928; x_wconf 91' lang='lat' dir='ltr'>stantem</span> <span class='ocrx_word' id='word_1_62' title='bbox 1750 879 1882 927; x_wconf 93' lang='lat' dir='ltr'>non</span> <span class='ocrx_word' id='word_1_63' title='bbox 1919 871 2266 939; x_wconf 84' lang='lat' dir='ltr'>cerneret,</span> <span class='ocrx_word' id='word_1_64' title='bbox 2315 857 2531 927; x_wconf 92' lang='lat' dir='ltr'>donec</span> <span class='ocrx_word' id='word_1_65' title='bbox 2583 869 2738 946; x_wconf 88' lang='lat' dir='ltr'>post</span> 
     </span>
     <span class='ocr_line' id='line_1_8' title="bbox 204 945 2736 1038; baseline -0.002 -19"><span class='ocrx_word' id='word_1_66' title='bbox 204 948 486 1038; x_wconf 91' lang='lat' dir='ltr'>longum</span> <span class='ocrx_word' id='word_1_67' title='bbox 530 959 661 1015; x_wconf 87' lang='lat' dir='ltr'>tem</span> <span class='ocrx_word' id='word_1_68' title='bbox 718 945 856 1015; x_wconf 93' lang='lat' dir='ltr'>oris</span> <span class='ocrx_word' id='word_1_69' title='bbox 905 947 1206 1036; x_wconf 90' lang='lat' dir='ltr'>spatium</span> <span class='ocrx_word' id='word_1_70' title='bbox 1255 946 1340 1015; x_wconf 91' lang='lat' dir='ltr'>ad</span> <span class='ocrx_word' id='word_1_71' title='bbox 1390 968 1462 1018; x_wconf 89' lang='lat' dir='ltr'>se</span> <span class='ocrx_word' id='word_1_72' title='bbox 1516 947 1861 1031; x_wconf 72' lang='lat' dir='ltr'>rediret.»</span> <span class='ocrx_word' id='word_1_73' title='bbox 1905 947 2238 1036; x_wconf 81' lang='lat' dir='ltr'>Surgebat</span> <span class='ocrx_word' id='word_1_74' title='bbox 2270 947 2547 1015; x_wconf 92' lang='lat' dir='ltr'>animus</span> <span class='ocrx_word' id='word_1_75' title='bbox 2586 947 2736 1033; x_wconf 86' lang='lat' dir='ltr'>ejus</span> 
     </span>
     <span class='ocr_line' id='line_1_9' title="bbox 203 1034 2729 1125; baseline -0.002 -18"><span class='ocrx_word' id='word_1_76' title='bbox 203 1060 244 1107; x_wconf 89' lang='lat' dir='ltr'>a</span> <span class='ocrx_word' id='word_1_77' title='bbox 274 1036 567 1125; x_wconf 90' lang='lat' dir='ltr'>cognitis</span> <span class='ocrx_word' id='word_1_78' title='bbox 599 1058 637 1104; x_wconf 89' lang='lat' dir='ltr'>a</span> <span class='ocrx_word' id='word_1_79' title='bbox 717 1035 1089 1124; x_wconf 90' lang='lat' dir='ltr'>incognita,</span> <span class='ocrx_word' id='word_1_80' title='bbox 1125 1056 1334 1122; x_wconf 90' lang='lat' dir='ltr'>seque</span> <span class='ocrx_word' id='word_1_81' title='bbox 1365 1035 1451 1105; x_wconf 91' lang='lat' dir='ltr'>de</span> <span class='ocrx_word' id='word_1_82' title='bbox 1483 1036 1768 1105; x_wconf 86' lang='lat' dir='ltr'>terrenis</span> <span class='ocrx_word' id='word_1_83' title='bbox 1794 1036 1875 1104; x_wconf 90' lang='lat' dir='ltr'>ad</span> <span class='ocrx_word' id='word_1_84' title='bbox 1911 1035 2228 1105; x_wconf 91' lang='lat' dir='ltr'>coelestia</span> <span class='ocrx_word' id='word_1_85' title='bbox 2260 1034 2729 1114; x_wconf 80' lang='lat' dir='ltr'>transferebat,</span> 
     </span>
     <span class='ocr_line' id='line_1_10' title="bbox 207 1123 2738 1213; baseline -0.002 -17"><span class='ocrx_word' id='word_1_86' title='bbox 207 1138 411 1212; x_wconf 87' lang='lat' dir='ltr'>atque</span> <span class='ocrx_word' id='word_1_87' title='bbox 451 1146 484 1192; x_wconf 89' lang='lat' dir='ltr'>a</span> <span class='ocrx_word' id='word_1_88' title='bbox 528 1123 915 1194; x_wconf 79' lang='lat' dir='ltr'>visibilibus</span> <span class='ocrx_word' id='word_1_89' title='bbox 961 1124 1045 1192; x_wconf 91' lang='lat' dir='ltr'>ad</span> <span class='ocrx_word' id='word_1_90' title='bbox 1098 1123 1467 1192; x_wconf 89' lang='lat' dir='ltr'>invisibilia</span> <span class='ocrx_word' id='word_1_91' title='bbox 1503 1146 1573 1194; x_wconf 93' lang='lat' dir='ltr'>se</span> <span class='ocrx_word' id='word_1_92' title='bbox 1611 1123 2011 1204; x_wconf 79' lang='lat' dir='ltr'>conserenS,</span> <span class='ocrx_word' id='word_1_93' title='bbox 2067 1125 2132 1191; x_wconf 91' lang='lat' dir='ltr'>in</span> <span class='ocrx_word' id='word_1_94' title='bbox 2187 1124 2446 1213; x_wconf 88' lang='lat' dir='ltr'>pulcris</span> <span class='ocrx_word' id='word_1_95' title='bbox 2480 1143 2738 1213; x_wconf 89' lang='lat' dir='ltr'>cogno-</span> 
     </span>
     <span class='ocr_line' id='line_1_11' title="bbox 205 1212 2732 1302; baseline -0.001 -18"><span class='ocrx_word' id='word_1_96' title='bbox 205 1214 434 1284; x_wconf 90' lang='lat' dir='ltr'>scebat</span> <span class='ocrx_word' id='word_1_97' title='bbox 452 1212 1024 1292; x_wconf 88' lang='lat' dir='ltr'>Pulcherrimum,</span> <span class='ocrx_word' id='word_1_98' title='bbox 1056 1233 1179 1282; x_wconf 91' lang='lat' dir='ltr'>nec</span> <span class='ocrx_word' id='word_1_99' title='bbox 1201 1213 1365 1282; x_wconf 89' lang='lat' dir='ltr'>satis</span> <span class='ocrx_word' id='word_1_100' title='bbox 1397 1225 1656 1301; x_wconf 90' lang='lat' dir='ltr'>poterat</span> <span class='ocrx_word' id='word_1_101' title='bbox 1677 1212 1746 1281; x_wconf 93' lang='lat' dir='ltr'>in</span> <span class='ocrx_word' id='word_1_102' title='bbox 1781 1213 2113 1282; x_wconf 83' lang='lat' dir='ltr'>creaturis</span> <span class='ocrx_word' id='word_1_103' title='bbox 2149 1212 2732 1302; x_wconf 80' lang='lat' dir='ltr'>magnificentiam</span> 
     </span>
     <span class='ocr_line' id='line_1_12' title="bbox 207 1301 2736 1391; baseline -0.002 -18"><span class='ocrx_word' id='word_1_104' title='bbox 207 1301 538 1373; x_wconf 87' lang='lat' dir='ltr'>Creatoris</span> <span class='ocrx_word' id='word_1_105' title='bbox 572 1301 924 1370; x_wconf 87' lang='lat' dir='ltr'>admirari.</span> <span class='ocrx_word' id='word_1_106' title='bbox 981 1305 1192 1391; x_wconf 87' lang='lat' dir='ltr'>Saepe</span> <span class='ocrx_word' id='word_1_107' title='bbox 1223 1301 1444 1370; x_wconf 90' lang='lat' dir='ltr'>oculis</span> <span class='ocrx_word' id='word_1_108' title='bbox 1481 1302 1551 1371; x_wconf 88' lang='lat' dir='ltr'>in</span> <span class='ocrx_word' id='word_1_109' title='bbox 1602 1301 1868 1371; x_wconf 91' lang='lat' dir='ltr'>coelum</span> <span class='ocrx_word' id='word_1_110' title='bbox 1910 1301 2236 1382; x_wconf 80' lang='lat' dir='ltr'>intentiS‚</span> <span class='ocrx_word' id='word_1_111' title='bbox 2293 1301 2610 1370; x_wconf 88' lang='lat' dir='ltr'>studebat</span> <span class='ocrx_word' id='word_1_112' title='bbox 2656 1322 2736 1369; x_wconf 86' lang='lat' dir='ltr'>ex</span> 
     </span>
     <span class='ocr_line' id='line_1_13' title="bbox 204 1388 2738 1480; baseline -0.001 -21"><span class='ocrx_word' id='word_1_113' title='bbox 204 1392 348 1460; x_wconf 84' lang='lat' dir='ltr'>visa</span> <span class='ocrx_word' id='word_1_114' title='bbox 391 1389 744 1460; x_wconf 90' lang='lat' dir='ltr'>stellarum</span> <span class='ocrx_word' id='word_1_115' title='bbox 797 1388 1102 1459; x_wconf 89' lang='lat' dir='ltr'>claritate</span> <span class='ocrx_word' id='word_1_116' title='bbox 1147 1402 1211 1459; x_wconf 90' lang='lat' dir='ltr'>et</span> <span class='ocrx_word' id='word_1_117' title='bbox 1249 1389 1419 1460; x_wconf 88' lang='lat' dir='ltr'>coeli</span> <span class='ocrx_word' id='word_1_118' title='bbox 1469 1391 1717 1480; x_wconf 86' lang='lat' dir='ltr'>specie,</span> <span class='ocrx_word' id='word_1_119' title='bbox 1764 1389 2066 1459; x_wconf 85' lang='lat' dir='ltr'>vivacius</span> <span class='ocrx_word' id='word_1_120' title='bbox 2121 1389 2430 1459; x_wconf 88' lang='lat' dir='ltr'>coelestis</span> <span class='ocrx_word' id='word_1_121' title='bbox 2478 1389 2738 1478; x_wconf 76' lang='lat' dir='ltr'>patriae</span> 
     </span>
     <span class='ocr_line' id='line_1_14' title="bbox 205 1477 2737 1569; baseline -0.001 -20"><span class='ocrx_word' id='word_1_122' title='bbox 205 1500 437 1549; x_wconf 91' lang='lat' dir='ltr'>amore</span> <span class='ocrx_word' id='word_1_123' title='bbox 476 1492 540 1547; x_wconf 85' lang='lat' dir='ltr'>et</span> <span class='ocrx_word' id='word_1_124' title='bbox 572 1477 911 1547; x_wconf 88' lang='lat' dir='ltr'>desiderio</span> <span class='ocrx_word' id='word_1_125' title='bbox 947 1478 1389 1548; x_wconf 88' lang='lat' dir='ltr'>inflammari.</span> <span class='ocrx_word' id='word_1_126' title='bbox 1429 1484 1506 1548; x_wconf 90' lang='lat' dir='ltr'>Et</span> <span class='ocrx_word' id='word_1_127' title='bbox 1549 1480 1959 1569; x_wconf 89' lang='lat' dir='ltr'>plerumque</span> <span class='ocrx_word' id='word_1_128' title='bbox 1993 1500 2156 1548; x_wconf 90' lang='lat' dir='ltr'>sane</span> <span class='ocrx_word' id='word_1_129' title='bbox 2194 1501 2270 1548; x_wconf 83' lang='lat' dir='ltr'>ex</span> <span class='ocrx_word' id='word_1_130' title='bbox 2318 1478 2620 1547; x_wconf 90' lang='lat' dir='ltr'>siderum</span> <span class='ocrx_word' id='word_1_131' title='bbox 2672 1490 2737 1547; x_wconf 90' lang='lat' dir='ltr'>et</span> 
     </span>
     <span class='ocr_line' id='line_1_15' title="bbox 205 1565 2735 1670; baseline -0.002 -33"><span class='ocrx_word' id='word_1_132' title='bbox 205 1589 572 1670; x_wconf 91' lang='lat' dir='ltr'>corporum</span> <span class='ocrx_word' id='word_1_133' title='bbox 605 1565 996 1636; x_wconf 85' lang='lat' dir='ltr'>coelestium</span> <span class='ocrx_word' id='word_1_134' title='bbox 1049 1568 1644 1657; x_wconf 89' lang='lat' dir='ltr'>contemplatione,</span> <span class='ocrx_word' id='word_1_135' title='bbox 1697 1568 1913 1636; x_wconf 91' lang='lat' dir='ltr'>animi</span> <span class='ocrx_word' id='word_1_136' title='bbox 1968 1569 2246 1637; x_wconf 91' lang='lat' dir='ltr'>obtutus</span> <span class='ocrx_word' id='word_1_137' title='bbox 2300 1568 2369 1635; x_wconf 92' lang='lat' dir='ltr'>in</span> <span class='ocrx_word' id='word_1_138' title='bbox 2414 1571 2735 1635; x_wconf 90' lang='lat' dir='ltr'>Summae</span> 
     </span>
     <span class='ocr_line' id='line_1_16' title="bbox 210 1654 2739 1746; baseline -0.001 -20"><span class='ocrx_word' id='word_1_139' title='bbox 210 1656 580 1744; x_wconf 80' lang='lat' dir='ltr'>MaJestatis</span> <span class='ocrx_word' id='word_1_140' title='bbox 621 1656 945 1724; x_wconf 89' lang='lat' dir='ltr'>thronum</span> <span class='ocrx_word' id='word_1_141' title='bbox 995 1654 1356 1746; x_wconf 83' lang='lat' dir='ltr'>defigebat,</span> <span class='ocrx_word' id='word_1_142' title='bbox 1422 1656 1776 1743; x_wconf 87' lang='lat' dir='ltr'>divinique</span> <span class='ocrx_word' id='word_1_143' title='bbox 1831 1655 2217 1746; x_wconf 89' lang='lat' dir='ltr'>splendoris</span> <span class='ocrx_word' id='word_1_144' title='bbox 2274 1654 2502 1725; x_wconf 90' lang='lat' dir='ltr'>radios</span> <span class='ocrx_word' id='word_1_145' title='bbox 2551 1658 2739 1724; x_wconf 74' lang='lat' dir='ltr'>tanta</span> 
     </span>
     <span class='ocr_line' id='line_1_17' title="bbox 206 1744 2731 1834; baseline -0.002 -20"><span class='ocrx_word' id='word_1_146' title='bbox 206 1747 394 1815; x_wconf 90' lang='lat' dir='ltr'>intus</span> <span class='ocrx_word' id='word_1_147' title='bbox 434 1745 634 1834; x_wconf 73' lang='lat' dir='ltr'>copia</span> <span class='ocrx_word' id='word_1_148' title='bbox 667 1744 1107 1833; x_wconf 90' lang='lat' dir='ltr'>percipiebat,</span> <span class='ocrx_word' id='word_1_149' title='bbox 1159 1757 1238 1814; x_wconf 91' lang='lat' dir='ltr'>ut</span> <span class='ocrx_word' id='word_1_150' title='bbox 1274 1746 1476 1814; x_wconf 90' lang='lat' dir='ltr'>etiam</span> <span class='ocrx_word' id='word_1_151' title='bbox 1511 1746 1936 1815; x_wconf 88' lang='lat' dir='ltr'>extrinsecus</span> <span class='ocrx_word' id='word_1_152' title='bbox 1974 1757 2201 1834; x_wconf 91' lang='lat' dir='ltr'>posset</span> <span class='ocrx_word' id='word_1_153' title='bbox 2239 1744 2731 1813; x_wconf 89' lang='lat' dir='ltr'>animadverti:</span> 
     </span>
     <span class='ocr_line' id='line_1_18' title="bbox 209 1832 2736 1922; baseline -0.001 -19"><span class='ocrx_word' id='word_1_154' title='bbox 209 1832 552 1921; x_wconf 90' lang='lat' dir='ltr'>siquidem</span> <span class='ocrx_word' id='word_1_155' title='bbox 595 1853 846 1922; x_wconf 90' lang='lat' dir='ltr'>corpus</span> <span class='ocrx_word' id='word_1_156' title='bbox 888 1832 1041 1920; x_wconf 89' lang='lat' dir='ltr'>ejus</span> <span class='ocrx_word' id='word_1_157' title='bbox 1073 1834 1261 1903; x_wconf 73' lang='lat' dir='ltr'>clara</span> <span class='ocrx_word' id='word_1_158' title='bbox 1308 1834 1459 1903; x_wconf 90' lang='lat' dir='ltr'>luce</span> <span class='ocrx_word' id='word_1_159' title='bbox 1496 1833 1997 1904; x_wconf 86' lang='lat' dir='ltr'>circumfusum</span> <span class='ocrx_word' id='word_1_160' title='bbox 2035 1887 2050 1913; x_wconf 95' lang='lat'>,</span> <span class='ocrx_word' id='word_1_161' title='bbox 2113 1846 2178 1902; x_wconf 90' lang='lat' dir='ltr'>et</span> <span class='ocrx_word' id='word_1_162' title='bbox 2237 1847 2413 1901; x_wconf 92' lang='lat' dir='ltr'>terra</span> <span class='ocrx_word' id='word_1_163' title='bbox 2466 1833 2535 1901; x_wconf 90' lang='lat' dir='ltr'>in</span> <span class='ocrx_word' id='word_1_164' title='bbox 2577 1835 2736 1900; x_wconf 85' lang='lat' dir='ltr'>ae&#39;ra</span> 
     </span>
     <span class='ocr_line' id='line_1_19' title="bbox 210 1920 2738 2009; baseline -0.002 -17"><span class='ocrx_word' id='word_1_165' title='bbox 210 1922 561 1992; x_wconf 88' lang='lat' dir='ltr'>sublatum</span> <span class='ocrx_word' id='word_1_166' title='bbox 629 1920 1057 2002; x_wconf 87' lang='lat' dir='ltr'>cernebatur,</span> <span class='ocrx_word' id='word_1_167' title='bbox 1113 1934 1189 1991; x_wconf 89' lang='lat' dir='ltr'>ut</span> <span class='ocrx_word' id='word_1_168' title='bbox 1230 1920 1358 1990; x_wconf 88' lang='lat' dir='ltr'>fuit</span> <span class='ocrx_word' id='word_1_169' title='bbox 1413 1922 1844 1992; x_wconf 90' lang='lat' dir='ltr'>observatum</span> <span class='ocrx_word' id='word_1_170' title='bbox 1902 1944 1937 1990; x_wconf 93' lang='lat' dir='ltr'>a</span> <span class='ocrx_word' id='word_1_171' title='bbox 1990 1921 2437 2009; x_wconf 90' lang='lat' dir='ltr'>quibusdam.</span> <span class='ocrx_word' id='word_1_172' title='bbox 2493 1926 2592 1990; x_wconf 90' lang='lat' dir='ltr'>Ita</span> <span class='ocrx_word' id='word_1_173' title='bbox 2632 1921 2738 1988; x_wconf 90' lang='lat' dir='ltr'>ni-</span> 
     </span>
     <span class='ocr_line' id='line_1_20' title="bbox 210 2007 2736 2100; baseline -0.001 -21"><span class='ocrx_word' id='word_1_174' title='bbox 210 2011 468 2080; x_wconf 88' lang='lat' dir='ltr'>mirum</span> <span class='ocrx_word' id='word_1_175' title='bbox 506 2007 621 2078; x_wconf 86' lang='lat' dir='ltr'>lux</span> <span class='ocrx_word' id='word_1_176' title='bbox 673 2008 789 2078; x_wconf 90' lang='lat' dir='ltr'>illa</span> <span class='ocrx_word' id='word_1_177' title='bbox 826 2010 1116 2079; x_wconf 84' lang='lat' dir='ltr'>exterior</span> <span class='ocrx_word' id='word_1_178' title='bbox 1141 2022 1207 2080; x_wconf 90' lang='lat' dir='ltr'>et</span> <span class='ocrx_word' id='word_1_179' title='bbox 1238 2010 1531 2080; x_wconf 89' lang='lat' dir='ltr'>visibilis</span> <span class='ocrx_word' id='word_1_180' title='bbox 1564 2009 2018 2100; x_wconf 89' lang='lat' dir='ltr'>praesentiam</span> <span class='ocrx_word' id='word_1_181' title='bbox 2061 2010 2238 2080; x_wconf 91' lang='lat' dir='ltr'>lucis</span> <span class='ocrx_word' id='word_1_182' title='bbox 2275 2022 2610 2091; x_wconf 88' lang='lat' dir='ltr'>aeternae,</span> <span class='ocrx_word' id='word_1_183' title='bbox 2666 2009 2736 2077; x_wconf 90' lang='lat' dir='ltr'>in</span> 
     </span>
     <span class='ocr_line' id='line_1_21' title="bbox 206 2097 2739 2189; baseline 0 -22"><span class='ocrx_word' id='word_1_184' title='bbox 206 2098 443 2168; x_wconf 89' lang='lat' dir='ltr'>anima</span> <span class='ocrx_word' id='word_1_185' title='bbox 481 2097 834 2178; x_wconf 89' lang='lat' dir='ltr'>radiantis,</span> <span class='ocrx_word' id='word_1_186' title='bbox 887 2112 951 2167; x_wconf 85' lang='lat' dir='ltr'>et</span> <span class='ocrx_word' id='word_1_187' title='bbox 997 2098 1303 2189; x_wconf 89' lang='lat' dir='ltr'>corporis</span> <span class='ocrx_word' id='word_1_188' title='bbox 1335 2099 1713 2168; x_wconf 90' lang='lat' dir='ltr'>sublevatio</span> <span class='ocrx_word' id='word_1_189' title='bbox 1747 2098 1993 2167; x_wconf 90' lang='lat' dir='ltr'>mentis</span> <span class='ocrx_word' id='word_1_190' title='bbox 2032 2100 2100 2167; x_wconf 91' lang='lat' dir='ltr'>in</span> <span class='ocrx_word' id='word_1_191' title='bbox 2143 2104 2353 2168; x_wconf 91' lang='lat' dir='ltr'>Deum</span> <span class='ocrx_word' id='word_1_192' title='bbox 2391 2109 2739 2188; x_wconf 86' lang='lat' dir='ltr'>porrectae</span> 
     </span>
     <span class='ocr_line' id='line_1_22' title="bbox 210 2185 2735 2277; baseline -0.001 -21"><span class='ocrx_word' id='word_1_193' title='bbox 210 2187 652 2256; x_wconf 88' lang='lat' dir='ltr'>elevationem</span> <span class='ocrx_word' id='word_1_194' title='bbox 688 2185 1101 2256; x_wconf 88' lang='lat' dir='ltr'>declarabat.</span> <span class='ocrx_word' id='word_1_195' title='bbox 1157 2190 1295 2258; x_wconf 91' lang='lat' dir='ltr'>Sub</span> <span class='ocrx_word' id='word_1_196' title='bbox 1343 2188 1597 2257; x_wconf 89' lang='lat' dir='ltr'>divinis</span> <span class='ocrx_word' id='word_1_197' title='bbox 1628 2186 1874 2256; x_wconf 86' lang='lat' dir='ltr'>officiis</span> <span class='ocrx_word' id='word_1_198' title='bbox 1925 2186 2098 2256; x_wconf 91' lang='lat' dir='ltr'>nulli</span> <span class='ocrx_word' id='word_1_199' title='bbox 2145 2187 2434 2257; x_wconf 80' lang='lat' dir='ltr'>faciebat</span> <span class='ocrx_word' id='word_1_200' title='bbox 2466 2187 2735 2277; x_wconf 90' lang='lat' dir='ltr'>copiam</span> 
     </span>
     <span class='ocr_line' id='line_1_23' title="bbox 208 2272 2739 2365; baseline 0 -21"><span class='ocrx_word' id='word_1_201' title='bbox 208 2296 446 2345; x_wconf 88' lang='lat' dir='ltr'>secum</span> <span class='ocrx_word' id='word_1_202' title='bbox 483 2272 830 2360; x_wconf 90' lang='lat' dir='ltr'>loquendi,</span> <span class='ocrx_word' id='word_1_203' title='bbox 876 2276 1011 2345; x_wconf 89' lang='lat' dir='ltr'>nisi</span> <span class='ocrx_word' id='word_1_204' title='bbox 1050 2275 1218 2345; x_wconf 86' lang='lat' dir='ltr'>forte</span> <span class='ocrx_word' id='word_1_205' title='bbox 1264 2298 1468 2345; x_wconf 90' lang='lat' dir='ltr'>casus</span> <span class='ocrx_word' id='word_1_206' title='bbox 1516 2275 1768 2363; x_wconf 90' lang='lat' dir='ltr'>aliquis</span> <span class='ocrx_word' id='word_1_207' title='bbox 1825 2275 2242 2365; x_wconf 87' lang='lat' dir='ltr'>inopinatus,</span> <span class='ocrx_word' id='word_1_208' title='bbox 2297 2288 2415 2346; x_wconf 88' lang='lat' dir='ltr'>aut</span> <span class='ocrx_word' id='word_1_209' title='bbox 2457 2275 2739 2344; x_wconf 88' lang='lat' dir='ltr'>inevita-</span> 
     </span>
     <span class='ocr_line' id='line_1_24' title="bbox 207 2362 2738 2455; baseline 0 -23"><span class='ocrx_word' id='word_1_210' title='bbox 207 2363 372 2432; x_wconf 89' lang='lat' dir='ltr'>bilis</span> <span class='ocrx_word' id='word_1_211' title='bbox 426 2364 791 2432; x_wconf 88' lang='lat' dir='ltr'>necessitas</span> <span class='ocrx_word' id='word_1_212' title='bbox 852 2364 1251 2435; x_wconf 88' lang='lat' dir='ltr'>incidisset:</span> <span class='ocrx_word' id='word_1_213' title='bbox 1304 2364 1701 2435; x_wconf 89' lang='lat' dir='ltr'>indecorum</span> <span class='ocrx_word' id='word_1_214' title='bbox 1756 2362 1959 2454; x_wconf 89' lang='lat' dir='ltr'>plane</span> <span class='ocrx_word' id='word_1_215' title='bbox 2006 2378 2069 2434; x_wconf 87' lang='lat' dir='ltr'>et</span> <span class='ocrx_word' id='word_1_216' title='bbox 2106 2365 2464 2455; x_wconf 90' lang='lat' dir='ltr'>indignum</span> <span class='ocrx_word' id='word_1_217' title='bbox 2509 2364 2738 2433; x_wconf 87' lang='lat' dir='ltr'>existi-</span> 
     </span>
     <span class='ocr_line' id='line_1_25' title="bbox 209 2451 2737 2540; baseline 0.001 -20"><span class='ocrx_word' id='word_1_218' title='bbox 209 2473 410 2521; x_wconf 87' lang='lat' dir='ltr'>mans</span> <span class='ocrx_word' id='word_1_219' title='bbox 449 2451 700 2522; x_wconf 91' lang='lat' dir='ltr'>divinis</span> <span class='ocrx_word' id='word_1_220' title='bbox 747 2453 1038 2540; x_wconf 88' lang='lat' dir='ltr'>eloquiis</span> <span class='ocrx_word' id='word_1_221' title='bbox 1078 2453 1418 2523; x_wconf 87' lang='lat' dir='ltr'>humanos</span> <span class='ocrx_word' id='word_1_222' title='bbox 1454 2454 1920 2525; x_wconf 85' lang='lat' dir='ltr'>intermiscere</span> <span class='ocrx_word' id='word_1_223' title='bbox 1952 2475 2327 2534; x_wconf 88' lang='lat' dir='ltr'>sermones,</span> <span class='ocrx_word' id='word_1_224' title='bbox 2384 2452 2600 2524; x_wconf 86' lang='lat' dir='ltr'>nulla</span> <span class='ocrx_word' id='word_1_225' title='bbox 2627 2475 2737 2522; x_wconf 91' lang='lat' dir='ltr'>ra-</span> 
     </span>
     <span class='ocr_line' id='line_1_26' title="bbox 211 2539 2735 2633; baseline 0.001 -24"><span class='ocrx_word' id='word_1_226' title='bbox 211 2539 526 2610; x_wconf 85' lang='lat' dir='ltr'>tionabili</span> <span class='ocrx_word' id='word_1_227' title='bbox 575 2540 676 2610; x_wconf 92' lang='lat' dir='ltr'>vel</span> <span class='ocrx_word' id='word_1_228' title='bbox 734 2555 1014 2632; x_wconf 89' lang='lat' dir='ltr'>urgente</span> <span class='ocrx_word' id='word_1_229' title='bbox 1053 2544 1263 2612; x_wconf 76' lang='lat' dir='ltr'>causa</span> <span class='ocrx_word' id='word_1_230' title='bbox 1310 2543 1651 2612; x_wconf 89' lang='lat' dir='ltr'>diversum</span> <span class='ocrx_word' id='word_1_231' title='bbox 1718 2555 2102 2632; x_wconf 88' lang='lat' dir='ltr'>opportune</span> <span class='ocrx_word' id='word_1_232' title='bbox 2156 2544 2511 2633; x_wconf 82' lang='lat' dir='ltr'>exigente:</span> <span class='ocrx_word' id='word_1_233' title='bbox 2574 2563 2735 2612; x_wconf 92' lang='lat' dir='ltr'>cum</span> 
     </span>
     <span class='ocr_line' id='line_1_27' title="bbox 211 2629 2738 2721; baseline 0.001 -24"><span class='ocrx_word' id='word_1_234' title='bbox 211 2650 347 2699; x_wconf 88' lang='lat' dir='ltr'>non</span> <span class='ocrx_word' id='word_1_235' title='bbox 382 2629 623 2699; x_wconf 91' lang='lat' dir='ltr'>debeat</span> <span class='ocrx_word' id='word_1_236' title='bbox 653 2631 1023 2718; x_wconf 87' lang='lat' dir='ltr'>quisquam</span> <span class='ocrx_word' id='word_1_237' title='bbox 1059 2631 1467 2721; x_wconf 89' lang='lat' dir='ltr'>permittere,</span> <span class='ocrx_word' id='word_1_238' title='bbox 1503 2643 1582 2701; x_wconf 91' lang='lat' dir='ltr'>ut</span> <span class='ocrx_word' id='word_1_239' title='bbox 1628 2652 1751 2720; x_wconf 89' lang='lat' dir='ltr'>per</span> <span class='ocrx_word' id='word_1_240' title='bbox 1787 2631 2001 2700; x_wconf 90' lang='lat' dir='ltr'>alium</span> <span class='ocrx_word' id='word_1_241' title='bbox 2054 2631 2417 2702; x_wconf 84' lang='lat' dir='ltr'>frustretur</span> <span class='ocrx_word' id='word_1_242' title='bbox 2448 2652 2526 2700; x_wconf 88' lang='lat' dir='ltr'>ea</span> <span class='ocrx_word' id='word_1_243' title='bbox 2573 2652 2738 2700; x_wconf 94' lang='lat' dir='ltr'>con-</span> 
     </span>
     <span class='ocr_line' id='line_1_28' title="bbox 207 2718 1649 2810; baseline 0.001 -23"><span class='ocrx_word' id='word_1_244' title='bbox 207 2718 562 2798; x_wconf 90' lang='lat' dir='ltr'>solatione,</span> <span class='ocrx_word' id='word_1_245' title='bbox 603 2741 810 2805; x_wconf 91' lang='lat' dir='ltr'>quam</span> <span class='ocrx_word' id='word_1_246' title='bbox 866 2730 1080 2808; x_wconf 87' lang='lat' dir='ltr'>potest</span> <span class='ocrx_word' id='word_1_247' title='bbox 1109 2741 1190 2788; x_wconf 82' lang='lat' dir='ltr'>ex</span> <span class='ocrx_word' id='word_1_248' title='bbox 1225 2724 1355 2789; x_wconf 90' lang='lat' dir='ltr'>Deo</span> <span class='ocrx_word' id='word_1_249' title='bbox 1385 2741 1649 2810; x_wconf 89' lang='lat' dir='ltr'>capere.</span> 
     </span>
    </p>

    <p class='ocr_par' dir='ltr' id='par_1_3' title="bbox 204 2807 2750 4492">
     <span class='ocr_line' id='line_1_29' title="bbox 297 2807 2732 2899; baseline -0 -22"><span class='ocrx_word' id='word_1_250' title='bbox 297 2809 334 2893; x_wconf 65' lang='grc' dir='ltr'>ξ</span> <span class='ocrx_word' id='word_1_251' title='bbox 384 2810 547 2877; x_wconf 61' lang='grc'>26.</span> <span class='ocrx_word' id='word_1_252' title='bbox 599 2808 737 2876; x_wconf 89' lang='lat' dir='ltr'>Etsi</span> <span class='ocrx_word' id='word_1_253' title='bbox 773 2829 926 2878; x_wconf 90' lang='lat' dir='ltr'>vero</span> <span class='ocrx_word' id='word_1_254' title='bbox 960 2809 1154 2877; x_wconf 89' lang='lat' dir='ltr'>beata</span> <span class='ocrx_word' id='word_1_255' title='bbox 1189 2809 1352 2878; x_wconf 89' lang='lat' dir='ltr'>baec</span> <span class='ocrx_word' id='word_1_256' title='bbox 1387 2830 1458 2879; x_wconf 92' lang='lat' dir='ltr'>se</span> <span class='ocrx_word' id='word_1_257' title='bbox 1490 2807 1856 2899; x_wconf 89' lang='lat' dir='ltr'>diligenter</span> <span class='ocrx_word' id='word_1_258' title='bbox 1893 2807 2181 2888; x_wconf 85' lang='lat' dir='ltr'>celaret,</span> <span class='ocrx_word' id='word_1_259' title='bbox 2246 2829 2331 2876; x_wconf 92' lang='lat' dir='ltr'>ne</span> <span class='ocrx_word' id='word_1_260' title='bbox 2370 2819 2732 2886; x_wconf 89' lang='lat' dir='ltr'>secretum,</span> 
     </span>
     <span class='ocr_line' id='line_1_30' title="bbox 204 2893 2738 2987; baseline -0 -22"><span class='ocrx_word' id='word_1_261' title='bbox 204 2893 394 2983; x_wconf 90' lang='lat' dir='ltr'>quod</span> <span class='ocrx_word' id='word_1_262' title='bbox 446 2894 620 2964; x_wconf 91' lang='lat' dir='ltr'>inter</span> <span class='ocrx_word' id='word_1_263' title='bbox 670 2900 877 2965; x_wconf 90' lang='lat' dir='ltr'>Deum</span> <span class='ocrx_word' id='word_1_264' title='bbox 912 2910 977 2965; x_wconf 92' lang='lat' dir='ltr'>et</span> <span class='ocrx_word' id='word_1_265' title='bbox 1010 2897 1233 2987; x_wconf 24' lang='lat' dir='ltr'>ipsam,</span> <span class='ocrx_word' id='word_1_266' title='bbox 1266 2897 1616 2987; x_wconf 86' lang='lat' dir='ltr'>agebatur,</span> <span class='ocrx_word' id='word_1_267' title='bbox 1653 2896 1797 2966; x_wconf 89' lang='lat' dir='ltr'>ullo</span> <span class='ocrx_word' id='word_1_268' title='bbox 1848 2909 2044 2987; x_wconf 91' lang='lat' dir='ltr'>pacto</span> <span class='ocrx_word' id='word_1_269' title='bbox 2090 2896 2414 2982; x_wconf 87' lang='lat' dir='ltr'>cuiquam</span> <span class='ocrx_word' id='word_1_270' title='bbox 2472 2897 2738 2965; x_wconf 92' lang='lat' dir='ltr'>innote-</span> 
     </span>
     <span class='ocr_line' id='line_1_31' title="bbox 211 2984 2734 3084; baseline -0.002 -29"><span class='ocrx_word' id='word_1_271' title='bbox 211 2994 449 3063; x_wconf 87' lang='lat' dir='ltr'>sceret,</span> <span class='ocrx_word' id='word_1_272' title='bbox 503 2997 572 3052; x_wconf 87' lang='lat' dir='ltr'>at</span> <span class='ocrx_word' id='word_1_273' title='bbox 613 3006 733 3074; x_wconf 88' lang='lat' dir='ltr'>per</span> <span class='ocrx_word' id='word_1_274' title='bbox 779 2985 1049 3076; x_wconf 90' lang='lat' dir='ltr'>rugitus</span> <span class='ocrx_word' id='word_1_275' title='bbox 1105 2998 1327 3054; x_wconf 90' lang='lat' dir='ltr'>tamen</span> <span class='ocrx_word' id='word_1_276' title='bbox 1386 2999 1451 3055; x_wconf 89' lang='lat' dir='ltr'>et</span> <span class='ocrx_word' id='word_1_277' title='bbox 1508 2984 1833 3073; x_wconf 89' lang='lat' dir='ltr'>suspiria,</span> <span class='ocrx_word' id='word_1_278' title='bbox 1877 3006 2053 3071; x_wconf 90' lang='lat' dir='ltr'>quae</span> <span class='ocrx_word' id='word_1_279' title='bbox 2099 2986 2551 3084; x_wconf 86' lang='lat' dir='ltr'>comprimere</span> <span class='ocrx_word' id='word_1_280' title='bbox 2602 3005 2734 3051; x_wconf 89' lang='lat' dir='ltr'>non</span> 
     </span>
     <span class='ocr_line' id='line_1_32' title="bbox 210 3071 2741 3163; baseline -0.001 -21"><span class='ocrx_word' id='word_1_281' title='bbox 210 3084 496 3162; x_wconf 88' lang='lat' dir='ltr'>poterat,</span> <span class='ocrx_word' id='word_1_282' title='bbox 550 3094 712 3162; x_wconf 86' lang='lat' dir='ltr'>prae</span> <span class='ocrx_word' id='word_1_283' title='bbox 759 3073 1013 3143; x_wconf 91' lang='lat' dir='ltr'>amoris</span> <span class='ocrx_word' id='word_1_284' title='bbox 1045 3076 1110 3142; x_wconf 89' lang='lat' dir='ltr'>vi</span> <span class='ocrx_word' id='word_1_285' title='bbox 1142 3086 1207 3143; x_wconf 91' lang='lat' dir='ltr'>et</span> <span class='ocrx_word' id='word_1_286' title='bbox 1253 3074 1628 3144; x_wconf 90' lang='lat' dir='ltr'>devotionis</span> <span class='ocrx_word' id='word_1_287' title='bbox 1660 3072 2050 3152; x_wconf 89' lang='lat' dir='ltr'>dulcedine,</span> <span class='ocrx_word' id='word_1_288' title='bbox 2094 3094 2370 3163; x_wconf 79' lang='lat' dir='ltr'>saepius</span> <span class='ocrx_word' id='word_1_289' title='bbox 2403 3071 2741 3162; x_wconf 90' lang='lat' dir='ltr'>prodeba-</span> 
     </span>
     <span class='ocr_line' id='line_1_33' title="bbox 210 3160 2738 3250; baseline 0 -21"><span class='ocrx_word' id='word_1_290' title='bbox 210 3173 347 3230; x_wconf 90' lang='lat' dir='ltr'>tur.</span> <span class='ocrx_word' id='word_1_291' title='bbox 391 3165 467 3228; x_wconf 88' lang='lat' dir='ltr'>Et</span> <span class='ocrx_word' id='word_1_292' title='bbox 496 3163 810 3248; x_wconf 90' lang='lat' dir='ltr'>quamvis</span> <span class='ocrx_word' id='word_1_293' title='bbox 841 3161 924 3230; x_wconf 90' lang='lat' dir='ltr'>ad</span> <span class='ocrx_word' id='word_1_294' title='bbox 961 3163 1325 3243; x_wconf 90' lang='lat' dir='ltr'>orandum,</span> <span class='ocrx_word' id='word_1_295' title='bbox 1372 3163 1517 3231; x_wconf 90' lang='lat' dir='ltr'>loca</span> <span class='ocrx_word' id='word_1_296' title='bbox 1558 3173 1838 3241; x_wconf 91' lang='lat' dir='ltr'>secreta,</span> <span class='ocrx_word' id='word_1_297' title='bbox 1877 3173 2211 3250; x_wconf 90' lang='lat' dir='ltr'>quantum</span> <span class='ocrx_word' id='word_1_298' title='bbox 2253 3160 2355 3231; x_wconf 88' lang='lat' dir='ltr'>fas</span> <span class='ocrx_word' id='word_1_299' title='bbox 2387 3173 2584 3241; x_wconf 90' lang='lat' dir='ltr'>esset,</span> <span class='ocrx_word' id='word_1_300' title='bbox 2623 3160 2738 3229; x_wconf 88' lang='lat' dir='ltr'>de·</span> 
     </span>
     <span class='ocr_line' id='line_1_34' title="bbox 210 3248 2742 3339; baseline -0 -21"><span class='ocrx_word' id='word_1_301' title='bbox 210 3248 452 3335; x_wconf 87' lang='lat' dir='ltr'>ligeret</span> <span class='ocrx_word' id='word_1_302' title='bbox 485 3264 549 3317; x_wconf 91' lang='lat' dir='ltr'>et</span> <span class='ocrx_word' id='word_1_303' title='bbox 577 3261 861 3339; x_wconf 87' lang='lat' dir='ltr'>optaret,</span> <span class='ocrx_word' id='word_1_304' title='bbox 901 3263 977 3319; x_wconf 91' lang='lat' dir='ltr'>ut</span> <span class='ocrx_word' id='word_1_305' title='bbox 1005 3251 1431 3330; x_wconf 90' lang='lat' dir='ltr'>suavitatem,</span> <span class='ocrx_word' id='word_1_306' title='bbox 1468 3270 1672 3337; x_wconf 90' lang='lat' dir='ltr'>quam</span> <span class='ocrx_word' id='word_1_307' title='bbox 1717 3249 2049 3319; x_wconf 89' lang='lat' dir='ltr'>divinitus</span> <span class='ocrx_word' id='word_1_308' title='bbox 2090 3250 2528 3339; x_wconf 90' lang='lat' dir='ltr'>percipiebat,</span> <span class='ocrx_word' id='word_1_309' title='bbox 2567 3249 2742 3318; x_wconf 90' lang='lat' dir='ltr'>citra</span> 
     </span>
     <span class='ocr_line' id='line_1_35' title="bbox 211 3335 2742 3427; baseline 0 -20"><span class='ocrx_word' id='word_1_310' title='bbox 211 3335 785 3425; x_wconf 89' lang='lat' dir='ltr'>impedimentum</span> <span class='ocrx_word' id='word_1_311' title='bbox 843 3338 1112 3410; x_wconf 85' lang='lat' dir='ltr'>avidius</span> <span class='ocrx_word' id='word_1_312' title='bbox 1171 3338 1448 3408; x_wconf 90' lang='lat' dir='ltr'>haurire</span> <span class='ocrx_word' id='word_1_313' title='bbox 1505 3349 1778 3427; x_wconf 86' lang='lat' dir='ltr'>posset:</span> <span class='ocrx_word' id='word_1_314' title='bbox 1831 3350 1900 3406; x_wconf 91' lang='lat' dir='ltr'>at</span> <span class='ocrx_word' id='word_1_315' title='bbox 1947 3337 2165 3407; x_wconf 89' lang='lat' dir='ltr'>nihilo</span> <span class='ocrx_word' id='word_1_316' title='bbox 2221 3340 2456 3408; x_wconf 91' lang='lat' dir='ltr'>minus</span> <span class='ocrx_word' id='word_1_317' title='bbox 2506 3337 2742 3407; x_wconf 82' lang='lat' dir='ltr'>divina</span> 
     </span>
     <span class='ocr_line' id='line_1_36' title="bbox 210 3425 2740 3516; baseline -0.001 -21"><span class='ocrx_word' id='word_1_318' title='bbox 210 3425 461 3505; x_wconf 88' lang='lat' dir='ltr'>officia,</span> <span class='ocrx_word' id='word_1_319' title='bbox 525 3447 701 3511; x_wconf 89' lang='lat' dir='ltr'>quae</span> <span class='ocrx_word' id='word_1_320' title='bbox 753 3425 1026 3516; x_wconf 88' lang='lat' dir='ltr'>publice</span> <span class='ocrx_word' id='word_1_321' title='bbox 1073 3438 1539 3515; x_wconf 85' lang='lat' dir='ltr'>peraguntur,</span> <span class='ocrx_word' id='word_1_322' title='bbox 1587 3425 1862 3495; x_wconf 85' lang='lat' dir='ltr'>nolebat</span> <span class='ocrx_word' id='word_1_323' title='bbox 1918 3426 2236 3516; x_wconf 88' lang='lat' dir='ltr'>privatim</span> <span class='ocrx_word' id='word_1_324' title='bbox 2277 3427 2464 3495; x_wconf 89' lang='lat' dir='ltr'>domi</span> <span class='ocrx_word' id='word_1_325' title='bbox 2503 3438 2622 3496; x_wconf 89' lang='lat' dir='ltr'>aut</span> <span class='ocrx_word' id='word_1_326' title='bbox 2668 3425 2740 3495; x_wconf 93' lang='lat' dir='ltr'>in</span> 
     </span>
     <span class='ocr_line' id='line_1_37' title="bbox 209 3512 2736 3606; baseline -0 -22"><span class='ocrx_word' id='word_1_327' title='bbox 209 3512 520 3584; x_wconf 88' lang='lat' dir='ltr'>conclavi</span> <span class='ocrx_word' id='word_1_328' title='bbox 554 3536 681 3584; x_wconf 92' lang='lat' dir='ltr'>suo</span> <span class='ocrx_word' id='word_1_329' title='bbox 710 3513 975 3595; x_wconf 89' lang='lat' dir='ltr'>audire,</span> <span class='ocrx_word' id='word_1_330' title='bbox 1005 3526 1082 3584; x_wconf 91' lang='lat' dir='ltr'>ut</span> <span class='ocrx_word' id='word_1_331' title='bbox 1107 3514 1323 3583; x_wconf 88' lang='lat' dir='ltr'>solent</span> <span class='ocrx_word' id='word_1_332' title='bbox 1348 3535 1849 3601; x_wconf 88' lang='lat' dir='ltr'>nonnunquam</span> <span class='ocrx_word' id='word_1_333' title='bbox 1886 3515 2233 3605; x_wconf 88' lang='lat' dir='ltr'>principes</span> <span class='ocrx_word' id='word_1_334' title='bbox 2260 3527 2326 3585; x_wconf 90' lang='lat' dir='ltr'>et</span> <span class='ocrx_word' id='word_1_335' title='bbox 2359 3527 2736 3606; x_wconf 88' lang='lat' dir='ltr'>magnates:</span> 
     </span>
     <span class='ocr_line' id='line_1_38' title="bbox 212 3602 2737 3692; baseline -0.001 -19"><span class='ocrx_word' id='word_1_336' title='bbox 212 3602 330 3673; x_wconf 90' lang='lat' dir='ltr'>sed</span> <span class='ocrx_word' id='word_1_337' title='bbox 367 3623 638 3690; x_wconf 90' lang='lat' dir='ltr'>semper</span> <span class='ocrx_word' id='word_1_338' title='bbox 678 3602 749 3671; x_wconf 93' lang='lat' dir='ltr'>in</span> <span class='ocrx_word' id='word_1_339' title='bbox 779 3602 1065 3673; x_wconf 90' lang='lat' dir='ltr'>ecclesia</span> <span class='ocrx_word' id='word_1_340' title='bbox 1118 3623 1350 3692; x_wconf 88' lang='lat' dir='ltr'>preces</span> <span class='ocrx_word' id='word_1_341' title='bbox 1384 3615 1778 3684; x_wconf 80' lang='lat' dir='ltr'>nocturnaS,</span> <span class='ocrx_word' id='word_1_342' title='bbox 1817 3624 1991 3690; x_wconf 89' lang='lat' dir='ltr'>quas</span> <span class='ocrx_word' id='word_1_343' title='bbox 2038 3605 2402 3674; x_wconf 88' lang='lat' dir='ltr'>Matutinas</span> <span class='ocrx_word' id='word_1_344' title='bbox 2449 3615 2737 3684; x_wconf 90' lang='lat' dir='ltr'>vocant,</span> 
     </span>
     <span class='ocr_line' id='line_1_39' title="bbox 206 3691 2744 3780; baseline -0 -20"><span class='ocrx_word' id='word_1_345' title='bbox 206 3691 509 3778; x_wconf 89' lang='lat' dir='ltr'>itemque</span> <span class='ocrx_word' id='word_1_346' title='bbox 541 3692 994 3780; x_wconf 78' lang='lat' dir='ltr'>vespertinas,</span> <span class='ocrx_word' id='word_1_347' title='bbox 1036 3703 1104 3760; x_wconf 92' lang='lat' dir='ltr'>et</span> <span class='ocrx_word' id='word_1_348' title='bbox 1134 3692 1434 3771; x_wconf 87' lang='lat' dir='ltr'>Missam,</span> <span class='ocrx_word' id='word_1_349' title='bbox 1485 3704 1689 3778; x_wconf 89' lang='lat' dir='ltr'>atque</span> <span class='ocrx_word' id='word_1_350' title='bbox 1737 3692 1908 3762; x_wconf 90' lang='lat' dir='ltr'>alias</span> <span class='ocrx_word' id='word_1_351' title='bbox 1950 3694 2063 3761; x_wconf 89' lang='lat' dir='ltr'>Dei</span> <span class='ocrx_word' id='word_1_352' title='bbox 2110 3692 2351 3762; x_wconf 90' lang='lat' dir='ltr'>laudes</span> <span class='ocrx_word' id='word_1_353' title='bbox 2388 3714 2618 3762; x_wconf 92' lang='lat' dir='ltr'>coram</span> <span class='ocrx_word' id='word_1_354' title='bbox 2670 3711 2744 3760; x_wconf 93' lang='lat' dir='ltr'>se</span> 
     </span>
     <span class='ocr_line' id='line_1_40' title="bbox 208 3778 2742 3871; baseline 0 -24"><span class='ocrx_word' id='word_1_355' title='bbox 208 3778 478 3849; x_wconf 84' lang='lat' dir='ltr'>volebat</span> <span class='ocrx_word' id='word_1_356' title='bbox 511 3801 671 3848; x_wconf 91' lang='lat' dir='ltr'>cum</span> <span class='ocrx_word' id='word_1_357' title='bbox 706 3791 914 3849; x_wconf 91' lang='lat' dir='ltr'>cantu</span> <span class='ocrx_word' id='word_1_358' title='bbox 944 3780 1337 3850; x_wconf 91' lang='lat' dir='ltr'>solemniter</span> <span class='ocrx_word' id='word_1_359' title='bbox 1366 3779 1722 3851; x_wconf 91' lang='lat' dir='ltr'>celebrari.</span> <span class='ocrx_word' id='word_1_360' title='bbox 1760 3785 1995 3868; x_wconf 90' lang='lat' dir='ltr'>Itaque</span> <span class='ocrx_word' id='word_1_361' title='bbox 2027 3780 2114 3850; x_wconf 93' lang='lat' dir='ltr'>ad</span> <span class='ocrx_word' id='word_1_362' title='bbox 2149 3781 2427 3871; x_wconf 88' lang='lat' dir='ltr'>signum</span> <span class='ocrx_word' id='word_1_363' title='bbox 2461 3801 2742 3871; x_wconf 90' lang='lat' dir='ltr'>precum</span> 
     </span>
     <span class='ocr_line' id='line_1_41' title="bbox 211 3867 2747 3959; baseline 0 -23"><span class='ocrx_word' id='word_1_364' title='bbox 211 3881 710 3939; x_wconf 90' lang='lat' dir='ltr'>nocturnarum</span> <span class='ocrx_word' id='word_1_365' title='bbox 771 3889 924 3937; x_wconf 82' lang='lat' dir='ltr'>mox</span> <span class='ocrx_word' id='word_1_366' title='bbox 961 3891 1118 3938; x_wconf 92' lang='lat' dir='ltr'>cum</span> <span class='ocrx_word' id='word_1_367' title='bbox 1166 3869 1410 3958; x_wconf 87' lang='lat' dir='ltr'>juncta</span> <span class='ocrx_word' id='word_1_368' title='bbox 1465 3867 1594 3938; x_wconf 91' lang='lat' dir='ltr'>sibi</span> <span class='ocrx_word' id='word_1_369' title='bbox 1638 3869 1904 3939; x_wconf 84' lang='lat' dir='ltr'>familia</span> <span class='ocrx_word' id='word_1_370' title='bbox 1949 3869 2033 3938; x_wconf 91' lang='lat' dir='ltr'>ad</span> <span class='ocrx_word' id='word_1_371' title='bbox 2082 3870 2438 3939; x_wconf 89' lang='lat' dir='ltr'>ecclesiam</span> <span class='ocrx_word' id='word_1_372' title='bbox 2505 3888 2747 3959; x_wconf 90' lang='lat' dir='ltr'>prope-</span> 
     </span>
     <span class='ocr_line' id='line_1_42' title="bbox 211 3955 2749 4049; baseline 0 -24"><span class='ocrx_word' id='word_1_373' title='bbox 211 3959 432 4038; x_wconf 86' lang='lat' dir='ltr'>rabat,</span> <span class='ocrx_word' id='word_1_374' title='bbox 474 3978 610 4027; x_wconf 90' lang='lat' dir='ltr'>non</span> <span class='ocrx_word' id='word_1_375' title='bbox 663 3955 830 4037; x_wconf 91' lang='lat' dir='ltr'>lut0,</span> <span class='ocrx_word' id='word_1_376' title='bbox 891 3978 1028 4026; x_wconf 90' lang='lat' dir='ltr'>non</span> <span class='ocrx_word' id='word_1_377' title='bbox 1063 3956 1363 4039; x_wconf 88' lang='lat' dir='ltr'>nivibus,</span> <span class='ocrx_word' id='word_1_378' title='bbox 1403 3978 1537 4027; x_wconf 92' lang='lat' dir='ltr'>non</span> <span class='ocrx_word' id='word_1_379' title='bbox 1573 3956 1846 4048; x_wconf 85' lang='lat' dir='ltr'>frigore,</span> <span class='ocrx_word' id='word_1_380' title='bbox 1888 3979 2024 4028; x_wconf 89' lang='lat' dir='ltr'>non</span> <span class='ocrx_word' id='word_1_381' title='bbox 2062 3957 2315 4049; x_wconf 88' lang='lat' dir='ltr'>pluvia,</span> <span class='ocrx_word' id='word_1_382' title='bbox 2365 3978 2500 4027; x_wconf 90' lang='lat' dir='ltr'>non</span> <span class='ocrx_word' id='word_1_383' title='bbox 2553 3977 2749 4046; x_wconf 90' lang='lat' dir='ltr'>aspe-</span> 
     </span>
     <span class='ocr_line' id='line_1_43' title="bbox 210 4045 2750 4136; baseline 0 -23"><span class='ocrx_word' id='word_1_384' title='bbox 210 4045 411 4114; x_wconf 88' lang='lat' dir='ltr'>ritate</span> <span class='ocrx_word' id='word_1_385' title='bbox 450 4045 614 4127; x_wconf 90' lang='lat' dir='ltr'>ulla,</span> <span class='ocrx_word' id='word_1_386' title='bbox 660 4046 762 4114; x_wconf 87' lang='lat' dir='ltr'>vel</span> <span class='ocrx_word' id='word_1_387' title='bbox 808 4046 986 4117; x_wconf 74' lang='lat' dir='ltr'>aeris</span> <span class='ocrx_word' id='word_1_388' title='bbox 1038 4045 1462 4136; x_wconf 90' lang='lat' dir='ltr'>intemperie,</span> <span class='ocrx_word' id='word_1_389' title='bbox 1503 4046 1697 4115; x_wconf 89' lang='lat' dir='ltr'>nulla</span> <span class='ocrx_word' id='word_1_390' title='bbox 1736 4046 2033 4132; x_wconf 89' lang='lat' dir='ltr'>denique</span> <span class='ocrx_word' id='word_1_391' title='bbox 2070 4047 2428 4117; x_wconf 89' lang='lat' dir='ltr'>occasione</span> <span class='ocrx_word' id='word_1_392' title='bbox 2460 4066 2611 4114; x_wconf 91' lang='lat' dir='ltr'>eam</span> <span class='ocrx_word' id='word_1_393' title='bbox 2645 4066 2750 4114; x_wconf 90' lang='lat' dir='ltr'>re-</span> 
     </span>
     <span class='ocr_line' id='line_1_44' title="bbox 212 4132 2749 4222; baseline 0 -21"><span class='ocrx_word' id='word_1_394' title='bbox 212 4132 523 4204; x_wconf 89' lang='lat' dir='ltr'>tardante</span> <span class='ocrx_word' id='word_1_395' title='bbox 556 4190 572 4218; x_wconf 93' lang='lat'>,</span> <span class='ocrx_word' id='word_1_396' title='bbox 628 4134 760 4204; x_wconf 90' lang='lat' dir='ltr'>nisi</span> <span class='ocrx_word' id='word_1_397' title='bbox 808 4134 977 4204; x_wconf 83' lang='lat' dir='ltr'>forte</span> <span class='ocrx_word' id='word_1_398' title='bbox 1025 4133 1309 4204; x_wconf 74' lang='lat' dir='ltr'>adversa</span> <span class='ocrx_word' id='word_1_399' title='bbox 1356 4133 1696 4204; x_wconf 89' lang='lat' dir='ltr'>laboraret</span> <span class='ocrx_word' id='word_1_400' title='bbox 1741 4134 2153 4216; x_wconf 88' lang='lat' dir='ltr'>valetudine,</span> <span class='ocrx_word' id='word_1_401' title='bbox 2192 4157 2330 4222; x_wconf 91' lang='lat' dir='ltr'>quo</span> <span class='ocrx_word' id='word_1_402' title='bbox 2378 4135 2614 4203; x_wconf 91' lang='lat' dir='ltr'>min-us</span> <span class='ocrx_word' id='word_1_403' title='bbox 2660 4133 2749 4203; x_wconf 86' lang='lat' dir='ltr'>ad</span> 
     </span>
     <span class='ocr_line' id='line_1_45' title="bbox 211 4221 2750 4312; baseline 0.001 -22"><span class='ocrx_word' id='word_1_404' title='bbox 211 4222 547 4311; x_wconf 87' lang='lat' dir='ltr'>templum</span> <span class='ocrx_word' id='word_1_405' title='bbox 580 4244 651 4292; x_wconf 93' lang='lat' dir='ltr'>se</span> <span class='ocrx_word' id='word_1_406' title='bbox 675 4221 1028 4303; x_wconf 84' lang='lat' dir='ltr'>conferret,</span> <span class='ocrx_word' id='word_1_407' title='bbox 1067 4222 1377 4292; x_wconf 90' lang='lat' dir='ltr'>divinum</span> <span class='ocrx_word' id='word_1_408' title='bbox 1417 4223 1557 4293; x_wconf 90' lang='lat' dir='ltr'>illic</span> <span class='ocrx_word' id='word_1_409' title='bbox 1582 4223 1888 4294; x_wconf 88' lang='lat' dir='ltr'>officium</span> <span class='ocrx_word' id='word_1_410' title='bbox 1918 4223 2263 4304; x_wconf 88' lang='lat' dir='ltr'>auditura,</span> <span class='ocrx_word' id='word_1_411' title='bbox 2306 4222 2750 4312; x_wconf 88' lang='lat' dir='ltr'>quantumvis</span> 
     </span>
     <span class='ocr_line' id='line_1_46' title="bbox 210 4310 2750 4402; baseline 0.001 -25"><span class='ocrx_word' id='word_1_412' title='bbox 210 4310 415 4378; x_wconf 90' lang='lat' dir='ltr'>etiam</span> <span class='ocrx_word' id='word_1_413' title='bbox 470 4311 555 4380; x_wconf 90' lang='lat' dir='ltr'>ab</span> <span class='ocrx_word' id='word_1_414' title='bbox 600 4312 749 4401; x_wconf 87' lang='lat' dir='ltr'>ejus</span> <span class='ocrx_word' id='word_1_415' title='bbox 791 4312 1086 4402; x_wconf 90' lang='lat' dir='ltr'>hospitio</span> <span class='ocrx_word' id='word_1_416' title='bbox 1142 4312 1380 4402; x_wconf 90' lang='lat' dir='ltr'>procul</span> <span class='ocrx_word' id='word_1_417' title='bbox 1430 4312 1718 4382; x_wconf 89' lang='lat' dir='ltr'>abesset.</span> <span class='ocrx_word' id='word_1_418' title='bbox 1785 4318 2126 4399; x_wconf 86' lang='lat' dir='ltr'>Quotquot</span> <span class='ocrx_word' id='word_1_419' title='bbox 2183 4313 2439 4384; x_wconf 83' lang='lat' dir='ltr'>habere</span> <span class='ocrx_word' id='word_1_420' title='bbox 2487 4324 2750 4402; x_wconf 90' lang='lat' dir='ltr'>poterat</span> 
     </span>
     <span class='ocr_line' id='line_1_47' title="bbox 210 4398 2749 4492; baseline 0.002 -25"><span class='ocrx_word' id='word_1_421' title='bbox 210 4398 620 4481; x_wconf 89' lang='lat' dir='ltr'>sacerdotes,</span> <span class='ocrx_word' id='word_1_422' title='bbox 659 4400 777 4488; x_wconf 90' lang='lat' dir='ltr'>qui</span> <span class='ocrx_word' id='word_1_423' title='bbox 809 4402 1047 4473; x_wconf 83' lang='lat' dir='ltr'>Missas</span> <span class='ocrx_word' id='word_1_424' title='bbox 1072 4400 1396 4484; x_wconf 90' lang='lat' dir='ltr'>dicerent,</span> <span class='ocrx_word' id='word_1_425' title='bbox 1419 4423 1655 4472; x_wconf 87' lang='lat' dir='ltr'>eorum</span> <span class='ocrx_word' id='word_1_426' title='bbox 1684 4401 1994 4471; x_wconf 90' lang='lat' dir='ltr'>omnium</span> <span class='ocrx_word' id='word_1_427' title='bbox 2023 4402 2388 4474; x_wconf 84' lang='lat' dir='ltr'>sacrificiis</span> <span class='ocrx_word' id='word_1_428' title='bbox 2410 4400 2749 4492; x_wconf 82' lang='lat' dir='ltr'>singulari</span> 
     </span>
    </p>
   </div>
  </div>
 </body>
</html>
