3347 4999
155 335 359 400 OCT.
425 334 506 397 Μ
1103 352 1182 397 na
1230 352 1285 398 s.
1340 351 1643 399 summano
1693 351 1875 400 conr.
2537 337 2663 401 347

153 437 524 530 jumenta
556 449 620 504 et
644 434 935 505 tentoria
981 446 1245 505 vestra:
1301 435 1392 504 ita
1441 436 1631 505 vobis
1679 435 1907 505 aliena
1971 435 2348 506 vendicatis
2396 448 2751 524 tamquam

160 524 513 616 propria.
568 525 814 594 Omnia
847 523 1240 614 depascitis,
1280 524 1514 592 omnia
1547 523 1978 605 concultatis‚
2018 525 2252 593 omnia
2295 526 2749 614 prosternitis.

159 614 362 698 Quid
421 613 603 681 mihi
650 625 716 681 et
772 612 918 693 tibi,
973 616 1390 682 Gummare?
1438 613 1614 694 Quid
1668 612 1832 681 mali
1879 613 2002 682 tibi
2043 612 2221 682 feci?
2268 618 2497 701 Neque
2548 626 2610 683 te
2656 614 2754 684 of-

159 703 405 783 fendi,
453 723 681 787 neque
711 722 1131 788 quemquam
1184 714 1454 771 tuorum
1508 700 1699 771 laesi.
1738 701 1931 784 Quod
1977 701 2034 771 si
2071 701 2264 770 nulla
2300 702 2366 769 in
2407 724 2514 771 me
2544 703 2755 792 culpa

160 793 457 875 haeret,
518 791 687 878 quid
724 791 818 860 ita
863 791 1296 860 innocentem
1346 792 1699 860 conteris?
1746 796 1823 859 Et
1862 802 1938 861 ut
1977 804 2241 860 caetera
2269 790 2526 859 damna
2560 813 2754 880 prae-

162 894 486 959 teream,
540 879 669 948 hoc
716 901 935 947 unum
993 880 1360 968 praecipue
1408 878 1627 961 dole0‚
1683 878 1866 966 quod
1920 878 2232 948 arborem
2286 879 2487 960 hanc,
2539 901 2748 966 quam

163 971 332 1060 ipse
376 966 717 1057 plantavi,
750 989 958 1055 quam
998 981 1091 1038 tot
1122 968 1327 1037 annis
1361 969 1645 1048 servavi,
1680 967 1946 1038 suchdi
1983 967 2278 1038 voluisti.
2308 990 2344 1034 »
2378 967 2753 1056 Respondit

165 1057 482 1150 placido
532 1055 724 1125 vultu
773 1068 1055 1126 sanctus
1103 1061 1564 1126 Gummarus:
1619 1080 1654 1124 «
1691 1063 1999 1147 Agnosco
2058 1068 2412 1146 peccatum
2466 1078 2747 1126 meum:

168 1147 298 1217 sed
340 1147 409 1216 si
446 1145 776 1231 injuriam
827 1145 1148 1234 irrogavi,
1188 1144 1281 1214 ita
1315 1157 1390 1214 ut
1430 1168 1556 1235 par
1592 1159 1718 1226 est,
1760 1144 2174 1215 satisfaciam
2215 1145 2357 1214 tibi.
2396 1150 2523 1214 Aut
2556 1166 2754 1234 prae-

166 1237 411 1306 cisam
469 1233 784 1303 arborem
848 1236 1229 1315 restituam,
1290 1246 1409 1303 aut
1457 1234 1725 1322 justum
1785 1235 1938 1321 ejus
2038 1234 2748 1325 retimfflersolvam.

171 1325 454 1395 Saltem
496 1323 623 1392 hac
656 1333 874 1402 nocte,
912 1324 1219 1403 obsecr0,
1272 1323 1573 1409 quiesce.
1611 1346 1647 1389 »
1699 1322 1819 1392 Vix
1860 1256 2098 1393 mullis
2134 1321 2456 1412 precibus
2496 1322 2754 1392 adduci

168 1412 419 1515 potuit
477 1410 800 1491 rusticus,
855 1423 930 1480 ut
976 1432 1196 1498 usque
1232 1432 1432 1480 mane
1466 1411 1717 1480 sileret.
1772 1411 1899 1480 Illo
1947 1423 2176 1480 autem
2218 1413 2536 1493 abeunte,
2588 1433 2749 1480 cum

170 1510 616 1589 lntempesta
644 1512 836 1569 nocte
859 1521 1100 1569 omnes
1130 1505 1336 1590 sopor
1357 1513 1423 1569 et
1455 1500 1805 1571 silentium
1835 1500 2194 1581 obtineret,
2235 1505 2298 1569 S.
2334 1505 2756 1571 Gummarus

173 1591 269 1661 ad
307 1601 734 1659 consuetum
772 1588 1192 1678 praesidium
1228 1601 1293 1657 et
1339 1589 1538 1660 solita
1569 1589 1901 1660 orationis
1939 1610 2133 1657 arma
2171 1587 2510 1679 confugit:
2555 1611 2591 1655 «
2632 1593 2754 1657 Do·

176 1681 414 1757 mine,
457 1677 708 1764 inquit,
749 1688 823 1746 tu
859 1676 1199 1767 refugium
1236 1676 1455 1747 factus
1501 1699 1575 1747 es
1616 1677 1841 1750 nobis,
1878 1677 2152 1765 adjutor
2189 1677 2494 1767 optimus
2527 1677 2593 1745 in
2632 1676 2753 1745 tri-

174 1768 583 1838 bulatione.
637 1770 727 1834 Ne
767 1778 1030 1834 avertas
1096 1764 1336 1834 faciem
1399 1779 1586 1837 tuam
1637 1789 1679 1836 a
1723 1765 2025 1836 clamore
2074 1788 2270 1846 meo,
2325 1787 2408 1834 ne
2465 1765 2752 1834 claudas

181 1879 408 1927 aures
464 1869 613 1923 tuas
644 1853 728 1922 ad
767 1875 1002 1944 preces
1042 1867 1333 1925 nostraS.
1372 1855 1564 1937 Quod
1600 1855 1658 1924 si
1707 1876 1854 1945 ego,
1914 1855 2220 1934 Domine,
2267 1854 2578 1923 exaudiri
2613 1875 2750 1923 non

182 1966 496 2023 mereor,
549 1942 787 2012 saltem
822 1964 938 2012 eos
970 1943 1092 2029 qui
1142 1964 1411 2012 mecum
1460 1956 1646 2024 sunt,
1695 1942 1990 2013 attende.
2046 1943 2114 2013 Si
2155 1964 2312 2012 vero
2369 1942 2540 2012 adeo
2591 1964 2751 2033 pec-

184 2034 373 2104 catis
403 2031 660 2101 nostris
696 2052 1228 2121 praegravamur
1259 2053 1523 2113 omnes,
1561 2046 1635 2101 ut
1678 2053 1812 2101 non
1846 2031 2271 2102 adscendant
2296 2031 2380 2100 ad
2418 2045 2480 2100 te
2518 2053 2749 2120 preces

186 2136 506 2199 nostrae,
560 2118 667 2189 fac
714 2132 990 2210 propter
1046 2121 1507 2209 temetipsum,
1570 2121 1876 2202 Domine,
1930 2120 2131 2210 cujus
2190 2141 2312 2189 nec
2363 2119 2754 2210 benignitas

186 2210 416 2280 habet
464 2210 700 2288 finem,
756 2230 880 2277 nec
935 2209 1117 2277 dona
1188 2230 1611 2279 mensuram.
1668 2208 2024 2278 Reveletur
2087 2208 2486 2278 hominibus
2535 2207 2757 2298 gloria

192 2313 346 2380 tua,
408 2297 844 2388 praedicetur
888 2297 976 2366 ab
1009 2297 1675 2367 incredulis-nomen
1725 2310 1969 2377 tuum;
2022 2310 2098 2366 ut
2144 2298 2366 2367 sciant
2411 2319 2754 2383 quaenam

192 2390 289 2457 sit
340 2409 489 2456 una
535 2386 706 2456 fides
756 2399 1011 2464 nostra,
1064 2399 1129 2455 et
1173 2399 1249 2455 ut
1298 2408 1433 2455 non
1482 2386 1752 2456 deserat
1802 2399 2156 2476 sperantes
2190 2385 2259 2453 in
2312 2407 2384 2455 se
2436 2386 2753 2475 majestas

193 2488 345 2547 tua.
413 2480 511 2544 Tu
565 2496 750 2564 ergo,
806 2476 1112 2555 Domine,
1168 2474 1289 2563 qui
1328 2474 1413 2544 de
1464 2474 1682 2545 nihilo
1729 2475 1966 2545 omnia
2027 2473 2399 2545 condidisti
2464 2475 2582 2561 qui
2644 2475 2756 2544 die

195 2565 409 2634 tertio
465 2564 714 2633 herbas
747 2618 762 2643 ,
816 2564 1094 2633 arbores
1141 2576 1206 2632 et
1255 2564 1551 2654 virgulta
1613 2564 1700 2633 de
1759 2575 1934 2633 terra
1988 2564 2421 2664 produxisti3
2476 2564 2755 2634 restitue

197 2652 553 2732 arborem,
610 2663 683 2720 ut
735 2652 926 2741 prius
974 2653 1337 2741 integram,
1391 2665 1456 2721 et
1493 2652 1689 2723 auser
1736 2675 1777 2722 a
1828 2653 2043 2722 servis
2092 2652 2254 2732 tuiS,
2308 2673 2516 2739 quam
2557 2652 2753 2741 igno-

195 2754 441 2810 ranter
480 2741 926 2821 incurrimuS,
971 2740 1488 2810 contumeliam.
1524 2763 1560 2808 »
1596 2747 1697 2812 Ita
1731 2764 1893 2811 cum
1927 2755 2187 2811 orasset
2206 2742 2403 2830 juxta
2438 2740 2752 2809 arborem

197 2843 617 2920 prostratus,
675 2850 969 2918 surgens
999 2828 1274 2918 collegit
1313 2830 1652 2910 arborem,
1689 2851 1980 2918 eamque
2011 2852 2183 2899 zona
2222 2851 2346 2899 sua
2379 2828 2750 2918 colligavit.

200 2924 343 2987 Res
392 2919 590 2998 mira,
633 2932 700 2986 et
748 2931 1071 2987 venturae
1119 2919 1580 3008 generationis
1631 2920 1963 2988 memoria
2010 2918 2246 3008 digna.
2301 2917 2480 2986 Adeo
2512 2938 2756 2986 conso-

203 3006 423 3076 lidata
455 3020 556 3076 est
587 3005 792 3076 arbor
822 3004 963 3086 illa,
1008 3028 1088 3075 ac
1122 3008 1182 3076 si
1224 3006 1397 3076 nihil
1445 3029 1727 3097 prorsus
1757 3021 1957 3076 antea
1993 3027 2190 3076 caesa
2231 3004 2509 3086 fuisset;
2554 3019 2757 3092 atque

200 3096 586 3165 etiamnum
638 3095 707 3163 in
739 3094 977 3164 eodem
1014 3094 1163 3166 loco
1197 3095 1385 3165 illam
1439 3116 1680 3166 sanam
1731 3095 2069 3174 videmuS‚
2106 3093 2253 3164 sola
2303 3095 2585 3182 vestigia
2624 3094 2757 3162 cir-

202 3183 628 3272 cumligatae
659 3205 869 3253 zonae
902 3183 1300 3253 retinentem
1347 3185 1414 3252 in
1449 3184 1738 3274 gloriam
1776 3184 1914 3262 Dei,
1956 3195 2021 3252 et
2051 3182 2325 3252 laudem
2364 3183 2541 3251 servi
2573 3181 2750 3270 ejus.

205 3277 404 3341 Mane
439 3271 641 3340 rediit
692 3272 1013 3353 rusticuS‚
1068 3283 1144 3342 ut
1188 3287 1602 3341 conventum
1651 3283 1821 3352 erat,
1879 3271 2198 3341 hesterna
2230 3271 2458 3341 adhuc
2501 3271 2604 3339 ira
2651 3283 2758 3339 tu-

206 3361 470 3440 midus,
523 3372 587 3428 et
638 3381 760 3449 pro
797 3360 1055 3430 damno
1101 3373 1379 3451 accepto
1418 3360 1651 3450 jurgia
1703 3373 2039 3448 repetens,
2093 3364 2170 3429 At
2218 3365 2283 3430 S.
2339 3364 2757 3429 Gummarus

204 3446 488 3518 blandis
539 3448 763 3517 verbis
808 3462 872 3518 et
910 3449 1226 3539 jucundo
1261 3449 1459 3519 vultu
1486 3470 1645 3518 eum
1682 3469 2151 3537 compescens,
2199 3469 2415 3517 manu
2452 3449 2605 3536 ejus
2637 3470 2758 3539 ap·

208 3545 571 3627 prehensa,
631 3537 951 3626 perduxit
988 3538 1074 3607 ad
1131 3538 1444 3608 arborem
1478 3592 1493 3618 ,
1545 3558 1838 3624 eamque
1886 3537 2282 3607 inviolatam
2333 3536 2750 3607 ostendens:

211 3647 249 3691 «
286 3631 479 3705 Ecce,
533 3626 652 3706 ait,
697 3625 821 3706 fili,
876 3628 1189 3697 arborem
1239 3647 1447 3712 quam
1489 3638 1836 3783 tantopere
1874 3625 2155 3695 dolebas
2189 3625 2591 3716 praecisam.
2629 3623 2759 3693 Ad-

212 3713 444 3784 hibuit
491 3719 668 3783 Deus
726 3713 1046 3784 solatium
1116 3714 1337 3786 dolori
1401 3728 1562 3796 tuo,
1626 3736 1664 3782 a
1722 3714 1913 3784 stulit
1976 3736 2302 3804 angorem
2352 3712 2578 3783 cordis
2627 3713 2751 3782 tui.

213 3804 478 3872 Gratias
525 3824 651 3893 age
698 3803 1011 3872 omnium
1053 3802 1359 3893 largitori
1412 3808 1566 3883 Dec,
1611 3801 1815 3891 cujus
1856 3803 2274 3893 benignitate
2325 3823 2582 3871 munus
2617 3822 2759 3870 me·

211 3891 544 3961 motabile
597 3891 981 3981 percepisti.
1029 3914 1066 3958 »
1116 3897 1411 3961 Cernens
1473 3890 1777 3961 rusticus
1825 3905 2091 3960 tantum
2143 3889 2583 3970 miraculum,
2636 3889 2756 3977 qui

217 3980 408 4065 prius
461 3981 892 4069 impatienter
940 3981 1404 4049 tumultuatus
1451 3992 1617 4059 erat,
1670 3979 1907 4049 divina
1937 3979 2388 4069 inspiratione
2419 3999 2758 4067 compun-

218 4079 389 4137 ctus.
442 4070 578 4138 ait:
620 4092 654 4135 «
684 4069 911 4138 Virtus
945 4068 1060 4136 Dei
1101 4068 1268 4137 haec
1315 4081 1438 4137 est.
1492 4073 1634 4138 Non
1683 4081 1785 4137 est
1818 4068 2107 4138 humani
2141 4067 2391 4156 operis,
2437 4080 2511 4136 ut
2552 4067 2758 4138 arbor

218 4157 485 4226 succisa
518 4212 533 4236 ,
586 4157 871 4246 exiguae
919 4157 1139 4225 noctis
1201 4157 1421 4246 spatio
1483 4157 1553 4224 in
1617 4156 1984 4246 pristinum
2041 4168 2417 4245 consurgat
2463 4168 2746 4225 statum.

217 4243 426 4313 Arbor
460 4247 649 4327 haec,
687 4268 893 4332 quam
941 4244 1066 4314 hoc
1105 4244 1438 4314 miraculo
1475 4244 1596 4314 tibi
1637 4243 1994 4325 dedicasti,
2048 4244 2374 4333 deinceps
2411 4265 2562 4313 mea
2612 4265 2749 4313 non

217 4331 361 4400 erit.
400 4338 591 4403 Hanc
624 4357 751 4425 ego
783 4334 902 4404 tibi
940 4333 1051 4415 do,
1088 4346 1152 4402 et
1188 4333 1519 4420 quicquid
1555 4333 1684 4402 hoc
1721 4333 1791 4400 in
1834 4332 1982 4403 loco
2021 4332 2188 4401 mihi
2219 4332 2750 4401 haereditarium

218 4431 336 4499 est,
377 4423 528 4520 ejus
553 4445 679 4512 ego
712 4437 771 4492 te
808 4423 955 4497 volo
998 4435 1403 4512 perpetuum
1433 4437 1498 4492 et
1528 4421 1841 4491 stabilem
1880 4443 2028 4491 esse
2066 4443 2555 4511 possessorem.
2588 4444 2623 4486 »
2658 4420 2751 4489 Ab
