3347 4999
194 308 368 373 OCT.
421 307 494 371 21
887 327 963 372 nn
1011 326 1102 373 ss.
1164 325 1408 374 nasum
1455 328 1529 373 Er
1577 326 1881 375 somnus
1926 329 2040 374 uu.
2517 311 2643 405 635

196 410 637 500 pervenisset,
685 409 1006 480 satellites
1044 411 1279 480 mortis
1312 409 1707 480 admirabili
1753 410 2218 501 pulcritudine
2256 414 2407 500 ejus
2446 436 2734 505 conspe·

191 502 325 578 cta,
374 519 653 566 manum
714 498 1166 584 animumque
1217 513 1732 589 represserunt;
1787 501 2067 589 ipseque
2120 501 2440 592 princeps
2499 503 2530 538 ⁴⁸
2589 526 2732 573 sce-

197 586 444 668 lerum,
497 586 808 656 libidinis
855 585 1112 657 fervore
1157 589 1353 674 quasi
1406 587 1697 657 fulmine
1754 609 2143 678 percussus,
2197 589 2503 680 deposito
2561 614 2734 682 pau-

196 675 417 745 lulum
472 676 717 765 rigore,
755 676 976 766 coepit
1023 676 1106 745 ad
1158 675 1529 746 blanditias
1563 689 1627 746 et
1666 678 1992 746 amatoria
2035 679 2238 748 verba
2277 679 2726 751 descendere:

197 788 232 831 «
264 769 450 846 Vere,
505 764 851 851 inquiens,
909 764 1125 834 forma
1170 776 1283 834 tua
1335 786 1662 857 magnum
1709 765 1825 834 dat
1863 766 2234 855 specimen,
2273 768 2456 854 quod
2497 768 2580 837 de
2632 771 2734 839 in-

196 852 441 943 genuis
494 854 902 942 magnisque
951 853 1181 942 puella
1229 853 1576 923 natalibus
1624 867 1770 923 orta
1803 875 1918 933 es;
1962 878 1994 919 »
2036 855 2432 943 juravitque
2481 856 2547 926 in
2596 857 2733 928 diis

198 943 388 1022 suiS,
451 941 731 1011 dicens:
786 964 824 1007 «
858 943 1033 1025 Quia
1086 942 1147 1011 si
1189 942 1451 1031 pridem
1504 942 1586 1012 ad
1642 942 2198 1012 intercedendum
2251 945 2723 1028 ascendisses,

196 1030 457 1099 nullam
511 1030 580 1098 in
631 1031 962 1100 comitatu
996 1042 1114 1101 tuo
1151 1031 1494 1120 jacturam
1552 1031 1968 1120 pertulisses.
2025 1032 2150 1100 Sed
2194 1033 2567 1113 consolare.
2623 1035 2731 1104 di-

199 1119 390 1199 lecta,
444 1130 509 1188 et
556 1119 780 1219 gaude
827 1131 1007 1189 sorte
1056 1132 1192 1201 tua,
1246 1131 1310 1189 et
1359 1119 1496 1187 noli
1546 1119 1777 1190 dolere
1823 1120 1903 1188 de
1955 1135 2168 1190 morte
2209 1132 2482 1191 tuarum
2524 1123 2732 1213 virgi-

198 1228 413 1277 num:
466 1229 631 1294 quia
678 1208 888 1297 digna
936 1208 1172 1278 habita
1217 1230 1313 1288 es,
1371 1229 1546 1295 quae
1598 1231 1705 1277 me
1754 1209 1956 1278 totius
2005 1213 2314 1300 Europae
2364 1210 2726 1293 victorem,

191 1317 397 1383 quem
435 1295 637 1365 etiarn
682 1301 1069 1367 Romanum
1122 1296 1350 1366 tremit
1395 1297 1800 1387 Imperium,
1852 1298 2174 1366 merearis
2227 1299 2474 1369 babere
2525 1301 2730 1369 mari-

195 1397 367 1454 tum.
399 1406 435 1451 »
475 1384 678 1485 Virgo
727 1399 952 1454 autem
1003 1385 1311 1476 cogitans
1358 1407 1535 1472 quae
1588 1385 1855 1457 Domini
1902 1399 2084 1461 sunt.
2130 1407 2284 1455 curn
2328 1387 2731 1487 hujusmodi

192 1494 526 1561 sponsum
583 1473 931 1543 liberrima
985 1495 1140 1543 voce
1176 1488 1242 1543 et
1278 1474 1551 1543 babitus
1600 1474 2070 1565 indignatione
2102 1476 2302 1560 quasi
2339 1479 2724 1567 principem

196 1563 629 1631 tenebrarum
664 1561 1108 1643 exsufflasset,
1150 1561 1437 1632 barbara
1489 1583 1683 1631 mens
1716 1576 1781 1631 et
1808 1563 2030 1642 effera,
2074 1563 2208 1633 bile
2258 1577 2553 1645 tumenS,
2593 1567 2732 1636 bel-

198 1650 355 1720 luae
397 1650 612 1719 instar
647 1650 1018 1730 infremuit,
1057 1664 1121 1719 et
1155 1651 1500 1741 repulsam
1539 1672 1734 1720 suam
1790 1673 1919 1721 non
1958 1651 2313 1731 sufferens,
2351 1653 2418 1722 in
2459 1654 2728 1724 beatam

195 1738 556 1827 virginem,
592 1760 768 1826 quae
794 1739 939 1827 jam
998 1738 1279 1810 dissolvi
1328 1739 1648 1828 cupiebat
1696 1752 1759 1807 et
1805 1761 1952 1809 esse
1999 1763 2155 1808 cum
2209 1740 2472 1811 Christo
2502 1796 2518 1820 ,
2577 1765 2729 1812 sen-

197 1827 476 1896 tentiam
544 1828 780 1897 mortis
827 1827 1145 1898 dictavit:
1216 1828 1449 1915 sicque
1514 1827 2003 1901 candidissimi=
2039 1829 2375 1899 exercitus
2435 1833 2668 1921 regina
2708 1886 2724 1912 ,

196 1917 335 1984 ictu
397 1916 682 2005 sagittae
749 1917 1339 2000 transverberata,
1406 1938 1632 2005 super·
1685 1916 1976 1986 nobilem
2042 1917 2371 1987 comitum
2438 1941 2722 1988 suarum

195 2026 512 2074 acervum
543 2004 719 2073 velut
756 2004 1042 2074 coeleste
1076 2027 1222 2073 mar
1272 2006 1519 2074 ariturn
1555 2006 1832 2086 corruit,
1873 2027 2356 2095 purpureoque
2390 2009 2730 2097 sanguine

194 2092 394 2179 quasi
445 2093 750 2162 secundo
784 2093 1189 2184 baptismate
1225 2028 1565 2174 {ealbatffi
1606 2115 1764 2163 curn
1803 2105 1895 2163 tot
1924 2095 2319 2164 victricibus
2363 2098 2610 2165 turmis
2642 2097 2726 2166 ad

196 2180 483 2251 coeleste
534 2181 861 2271 palatium
918 2182 1212 2251 laureata
1268 2183 1357 2251 mi
1416 2182 1605 2261 ravit,
1660 2182 1994 2272 suppletis
2028 2182 2317 2253 fideliter
2353 2205 2528 2271 quae
2567 2185 2729 2254 dee-

198 2282 372 2349 rant,
431 2269 498 2336 in
550 2292 832 2360 corpore
880 2293 1027 2350 suo,
1069 2271 1369 2360 passioni
1427 2294 1504 2340 us
1537 2270 1806 2340 Christi.
1843 2270 2185 2342 Perfectus
2224 2285 2324 2341 est
2367 2273 2576 2363 igitur
2610 2275 2724 2343 ad·

201 2357 538 2428 mirabilis
575 2359 687 2427 ille
716 2359 1029 2428 calathus
1067 2360 1329 2429 Domini
1364 2383 1378 2440 ;
1417 2360 1535 2446 qui
1573 2382 1654 2428 ne
1684 2358 1846 2428 liliis
1881 2372 2144 2428 tantum
2184 2361 2593 2451 virginitatis
2629 2363 2726 2431 al-
2806 2399 2810 2403 ⁴

195 2446 520 2529 besceret,
553 2446 827 2517 totidem
863 2448 1168 2538 martyrii
1204 2448 1378 2519 rosis
1402 2447 1768 2521 distinctus
1797 2460 1920 2530 est,
1953 2450 2209 2537 quibus
2249 2463 2406 2520 ante
2446 2451 2731 2542 superni

197 2536 602 2625 inspectoris
636 2536 870 2606 oculos
903 2537 1256 2607 decentius
1305 2537 1600 2608 ruberet.

283 2627 319 2712 ξ
368 2630 516 2697 16.
572 2625 835 2695 Fallant
875 2648 1058 2696 nunc
1106 2639 1170 2696 et
1225 2625 1552 2696 fallantur
1584 2681 1599 2707 ‚
1657 2627 1776 2714 qui
1826 2625 2121 2718 seculari
2152 2627 2367 2717 gloria
2414 2628 2669 2717 stupidi
2709 2682 2724 2709 ,

197 2713 586 2804 triumphos
619 2719 880 2805 Regum
920 2736 1199 2785 suorum
1240 2715 1528 2784 infinitis
1577 2715 1901 2785 laudibus
1940 2716 2140 2800 quasi
2173 2715 2256 2784 ad
2309 2716 2575 2785 coelum
2613 2738 2729 2784 ex-

196 2801 485 2884 tollunt,
540 2804 915 2872 scribentes
963 2802 1077 2872 illa
1127 2818 1190 2874 et
1240 2804 1354 2872 illa
1418 2803 1752 2874 bellorum
1821 2804 2119 2893 insignia
2155 2858 2170 2884 ,
2234 2818 2468 2892 utpote
2520 2805 2730 2873 victos

194 2896 412 2982 Reges
458 2914 738 2962 currum
804 2892 1250 2982 praecedere,
1306 2893 1612 2963 infinitos
1659 2893 2083 2982 captivorum
2136 2913 2377 2982 greges
2433 2893 2726 2973 minari;

192 2980 478 3050 victores
528 2996 753 3052 autern
811 2981 1060 3051 milites
1106 2981 1563 3052 discoloribus
1612 2981 1824 3050 armis
1854 2979 2217 3070 fulgentes,
2257 3002 2382 3050 sua
2416 2981 2731 3071 singulos

196 3067 519 3138 militaria
567 3071 769 3160 signa
805 3083 1186 3152 ostentare3
1239 3072 1449 3140 duces
1497 3082 1723 3140 autem
1778 3070 1961 3158 ipsos
2000 3069 2069 3137 in
2106 3069 2336 3137 aureis
2368 3070 2615 3156 quadri
2674 3070 2731 3141 is

191 3156 325 3226 alte
361 3158 755 3233 residentes.
794 3161 1054 3231 auratis
1103 3160 1400 3229 vestibus
1451 3159 1739 3228 radiare.
1779 3158 2043 3227 Addant
2079 3170 2446 3246 praeterea,
2491 3159 2547 3227 si
2588 3181 2628 3248 p
2663 3182 2729 3228 a·

187 3259 335 3326 cet,
387 3247 568 3316 diem
631 3248 790 3317 urbi
836 3246 1083 3318 festum
1116 3303 1131 3329 ,
1186 3247 1509 3317 laetitiam
1564 3260 1834 3337 patrum
1869 3301 1884 3326 ,
1940 3246 2125 3335 vulgi
2188 3245 2608 3328 clamorem,
2664 3261 2730 3317 et

188 3357 559 3403 commune
610 3336 1016 3426 tripudium.
1075 3337 1198 3406 Sed
1260 3337 1426 3406 haec
1475 3337 1532 3405 si
1579 3357 1738 3405 curn
1803 3334 1931 3405 hoc
1982 3335 2335 3425 triumpho
2385 3337 2733 3426 sapienter

187 3422 446 3493 fuerint
492 3422 776 3504 collata,
827 3425 1101 3494 miseria
1198 3425 1378 3494 otius
1426 3423 1717 3494 dicenda
1759 3437 1942 3502 sunt,
1987 3446 2196 3511 quam
2247 3424 2511 3514 gloria,
2570 3447 2728 3495 cum

188 3511 294 3580 illi
330 3513 690 3611 purpurati
741 3527 806 3582 et
853 3514 1071 3584 aurati
1171 3512 1601 3583 escenderint
1646 3511 1732 3581 ad
1784 3513 2096 3582 tenebras
2143 3524 2207 3581 et
2255 3527 2527 3583 aeterna
2567 3536 2733 3604 sup-

191 3600 446 3691 plicia:
505 3599 663 3671 illae
711 3615 935 3670 autem
990 3601 1157 3671 stola
1212 3601 1745 3671 immortalitatis
1793 3601 2100 3682 indutae,
2155 3601 2413 3672 visione
2462 3603 2735 3672 Domini

242 3688 639 3759 erfruantur
694 3703 760 3759 et
820 3691 1136 3760 societate
1201 3690 1543 3782 Angelica.
1597 3695 1811 3772 Ecce,
1856 3690 2052 3781 juxta
2114 3711 2344 3760 vocem
2398 3692 2723 3770 Domini,

189 3712 369 3848 fiona
419 3791 593 3850 terra
643 3777 941 3849 fructum
996 3779 1493 3869 sexagesimum
1550 3781 1803 3871 pariter
1847 3791 1912 3849 et
1964 3780 2414 3849 centesimum
2486 3780 2551 3847 in
2609 3801 2731 3869 pa-

191 3868 427 3937 tientia
478 3866 752 3950 attulit,
806 3879 872 3938 et
917 3890 1093 3956 quae
1140 3867 1222 3937 ad
1278 3869 1515 3939 horam
1579 3881 1819 3939 euntes
1881 3868 2073 3938 ibant
2119 3880 2181 3936 et
2241 3868 2518 3948 flebant,
2576 3869 2734 3939 mit-

189 3969 405 4029 tentes
454 3957 721 4027 semina
755 3979 904 4038 sua,
954 3957 1155 4028 modo
1196 3958 1566 4038 venienteS,
1606 3970 1670 4027 et
1707 3955 2101 4047 manipulos
2150 3978 2315 4026 suos
2343 3969 2719 4113 portantes,

186 4045 257 4112 in
309 4044 724 4116 exultatione
758 4058 1139 4117 venerunt:
1188 4047 1424 4126 immo,
1469 4046 1801 4138 depositis
1848 4066 2213 4134 corporum
2251 4067 2336 4134 pa
2368 4045 2490 4125 eis,
2535 4065 2735 4114 mun-

181 4132 351 4202 dum
402 4146 466 4205 et
522 4134 694 4206 bene
743 4135 1122 4206 cribratum
1176 4135 1478 4206 triticum
1535 4135 1603 4204 in
1664 4135 1908 4206 horrea
1966 4133 2232 4204 Domini
2292 4132 2733 4203 abundanter

182 4221 589 4293 intulerunt.

269 4312 306 4397 §
353 4314 481 4383 n.
537 4315 587 4382 Ο
634 4312 836 4400 quale
869 4312 998 4382 hac
1037 4312 1149 4383 die
1196 4313 1264 4381 in
1316 4311 1503 4382 coelo
1551 4310 1806 4382 facturn
1850 4324 1951 4381 est
1988 4311 2371 4402 tripudium
2400 4315 2432 4381 ἲ
2493 4310 2733 4397 Qualis

230 4437 256 4465 ⁸
287 4438 456 4478 Procul
476 4439 633 4485 dublo.
659 4441 791 4480 Arma
809 4438 885 4481 hic
906 4437 1198 4491 designatur.
