3347 4999
709 330 837 393 350
1497 347 1574 393 nn
1623 348 1680 394 s.
1733 347 2035 394 sonnatio
2083 346 2266 393 com.
2851 328 3038 393 OCT.
3107 330 3196 394 Η

623 430 879 531 refecti.
932 430 1285 531 Hodieque
1332 443 1566 500 manat
1613 431 1766 500 fons
1809 430 2063 501 ibidem
2094 484 2113 510 ‚
2176 441 2251 499 ut
2306 429 2394 498 sit
2459 429 2847 519 praeclarae
2893 431 3206 501 virtutis

623 532 1116 589 testimonium.

710 611 746 695 ξ
791 612 928 679 1².
982 612 1189 676 Porro
1238 629 1409 676 uxor
1456 606 1634 676 beati
1688 608 1838 688 viri,
1893 607 2174 676 domum
2206 661 2221 688 ‚
2276 619 2352 676 ut
2398 606 2707 676 diximus
2736 662 2751 688 ,
2806 628 3143 698 regressa
3173 664 3194 689 ,

622 696 838 766 nimio
904 696 1149 765 ardore
1224 695 1597 785 periclitari
1666 698 1911 785 coepit.
1984 695 2196 765 Ultrix
2262 696 2447 763 enim
2518 695 2893 784 impietatis
2959 697 3191 777 e‘uS‚

620 785 793 865 sitis,
846 806 995 853 eam
1048 784 1350 866 vexabat,
1404 806 1583 871 quae
1630 785 1840 875 paulo
1886 796 2043 853 ante
2099 784 2433 853 familiam
2497 786 2836 854 sitientem
2890 785 3196 854 reocil-

620 874 747 943 lari
799 894 934 942 non
987 874 1424 961 permiserat;
1461 885 1525 942 et
1549 874 1738 962 justo
1775 874 1889 942 Dei
1941 873 2221 960 judicio,
2257 894 2435 959 quae
2475 895 2596 962 per
2622 874 3195 944 commiseratio-

618 985 775 1031 nem
828 963 1083 1031 sentire
1135 962 1375 1041 noluit,
1429 976 1766 1048 quantum
1819 963 1968 1031 sitis
2011 961 2190 1031 alios
2233 962 2586 1051 affligeret,
2643 963 3031 1033 cruciatum
3095 962 3195 1031 il-

619 1051 765 1120 lum
818 1049 1288 1120 intolerandae
1335 1051 1485 1120 sitis
1549 1050 1616 1118 in
1668 1072 1741 1120 se
1795 1050 2198 1120 translatum
2248 1051 2424 1120 male
2479 1065 2754 1139 experta
2803 1063 2928 1120 est.
2987 1052 3191 1121 Dicit

618 1139 804 1209 enim
859 1140 1188 1209 Dominus
1236 1140 1304 1207 in
1369 1138 1777 1228 Evangelio:
1830 1140 2078 1209 Eadem
2142 1162 2457 1209 mensura
2504 1163 2642 1231 qua
2691 1142 2909 1208 mensi
2947 1143 3185 1228 sueri-

621 1231 746 1327 tis&
775 1230 1163 1327 remetietur
1199 1229 1380 1296 vobis
1412 1229 1678 1311 (Mami.
1710 1227 1872 1328 nvn).
1926 1233 2056 1299 Nec
2107 1229 2327 1317 potuit
2373 1227 2689 1297 ardorem
2734 1227 2930 1297 illum
2977 1250 3185 1316 aqua

618 1330 1052 1406 extinguere:
1114 1337 1327 1384 immo
1375 1338 1553 1402 aqua
1590 1371 1606 1395 ‚
1660 1339 1726 1384 vi
1773 1329 1838 1386 et
1896 1333 2139 1386 natura
2189 1339 2314 1385 sua
2370 1317 2665 1393 amissa,
2720 1317 2787 1384 in
2838 1316 2988 1404 ejus
3044 1339 3181 1407 pe-

618 1420 803 1475 ctore
864 1405 1050 1474 sitim
1115 1403 1485 1474 nutriebat.
1554 1406 1866 1474 sentiens
1925 1405 2134 1495 igitur
2194 1403 2315 1473 illa
2377 1405 2509 1475 sibi
2573 1419 2856 1474 mortem
2929 1406 3178 1474 immi-

618 1497 832 1572 nere,
891 1515 1009 1583 per
1071 1494 1403 1562 nuncium
1471 1492 1834 1581 deprecata
1895 1507 1998 1563 est
2064 1494 2422 1563 Gummari
2491 1493 2957 1564 clementiam.
3037 1494 3178 1563 Ille

618 1596 846 1651 autem
897 1582 1450 1650 animadvertens
1497 1581 1732 1650 divina
1777 1582 2038 1651 ultione
2068 1603 2219 1651 eam
2261 1583 2584 1663 cruciari,
2622 1596 2682 1651 et
2721 1581 3060 1652 incidisse
3093 1584 3173 1652 in

619 1670 968 1757 laqueum,
1013 1692 1217 1757 quem
1269 1670 1425 1739 aliis
1476 1670 1869 1750 tetenderat,
1913 1671 2133 1741 noluit
2168 1672 2428 1742 malum
2465 1692 2587 1772 pro
2623 1670 2805 1739 malo
2839 1670 3164 1751 reddere;

619 1760 734 1828 sed
787 1758 1071 1828 domum
1124 1759 1427 1838 veniens,
1480 1780 1768 1845 eamque
1816 1759 2314 1850 propemodum
2366 1781 2669 1828 animam
2719 1760 2949 1829 efflare
3011 1781 3173 1829 cer-

621 1870 815 1928 nenS‚
871 1849 1068 1938 signo
1119 1859 1391 1917 sanctae
1426 1848 1660 1918 Crucis
1709 1849 2138 1938 consignavit
2184 1870 2361 1930 eam,
2412 1860 2478 1916 et
2510 1860 2742 1933 potum
2779 1871 2902 1918 sua
2944 1870 3170 1917 manu

624 1936 939 2027 porrexit.
985 1941 1064 2035 Et
1111 1937 1338 2006 statim
1390 1936 1668 2022 quidem
1720 1959 2002 2026 corpore
2053 1937 2369 2016 revaluit,
2411 1936 2526 2007 sed
2573 1937 2888 2005 animum
2925 1949 3163 2007 tamen

621 2048 755 2095 non
811 2037 1116 2093 mutavit.

705 2118 742 2202 ξ
788 2119 934 2185 123.
990 2112 1133 2181 Alio
1184 2126 1511 2201 tempore,
1559 2134 1718 2182 cum
1770 2113 1953 2202 apud
2008 2113 2341 2183 Lenchem
2395 2112 2660 2181 familia
2691 2114 2842 2203 ejus
2874 2126 3167 2184 meteret

619 2204 690 2271 in
742 2224 934 2289 agro,
992 2201 1294 2271 secunda
1340 2202 1533 2281 feria,
1589 2201 1845 2271 femina
1892 2203 2230 2289 quaedam
2271 2201 2688 2270 infantulum
2741 2223 2948 2270 suum
2995 2224 3164 2301 pan-

622 2292 731 2359 nis
780 2289 1203 2369 obvolutum,
1259 2291 1325 2358 in
1379 2289 1737 2379 manipulo
1786 2290 2164 2371 collocavit,
2219 2304 2293 2358 ut
2339 2289 2713 2370 dormiret,
2756 2302 2961 2376 atque
2997 2290 3167 2359 inde

619 2378 704 2447 ad
758 2378 1056 2447 laborem
1112 2380 1409 2467 recessit.
1488 2379 1610 2447 Ubi
1678 2379 2092 2448 obdormivit
2152 2400 2365 2468 puer,
2419 2378 2700 2447 coluber
2759 2400 2880 2468 per
2941 2401 3020 2448 os
3091 2381 3160 2448 in

622 2479 920 2536 ventrem
958 2467 1112 2553 ejus
1146 2468 1441 2556 irrepsit.
1496 2468 1776 2537 Interim
1822 2467 2316 2558 superveniens
2365 2472 2429 2537 S.
2471 2471 2913 2545 Gummarus,
2972 2468 3163 2538 videt

622 2556 949 2625 infantem
992 2556 1472 2636 dormientem,
1521 2569 1584 2625 et
1631 2556 1718 2625 ab
1765 2580 1880 2627 ore
1926 2559 2076 2646 ejus
2118 2556 2413 2626 caudam
2458 2556 2727 2626 cblubri
2781 2569 3156 2626 extantem.

619 2650 767 2714 Mox
807 2645 1017 2735 igitur
1062 2645 1355 2713 caudam
1394 2645 1809 2733 perfodiens,
1856 2647 2138 2715 retrahit
2170 2658 2595 2735 serpentem;
2634 2666 3162 2733 convocansque

619 2733 980 2814 familiam,
1023 2756 1060 2799 «
1091 2738 1276 2816 Quae
1322 2745 1445 2812 est,
1499 2734 1748 2820 inquit,
1797 2747 2011 2804 mater
2046 2736 2256 2823 hujus
2299 2734 2552 2824 pueri?
2601 2756 2637 2799 »
2687 2732 2812 2802 ltla
2865 2755 3027 2824 prae
3082 2735 3157 2804 ti·

619 2845 809 2892 more
857 2836 1139 2903 tacente,
1194 2823 1289 2891 ait
1326 2820 1412 2890 ad
1446 2843 1596 2890 eam
1627 2845 1640 2889 :
1682 2846 1718 2888 «
1755 2828 1888 2892 Cur
1926 2823 2061 2892 huc
2091 2823 2423 2892 infantem
2466 2820 2810 2891 attulisti?
2841 2826 2977 2891 Cur
3017 2844 3158 2892 non

619 2912 850 3069 ssmius
884 2911 1070 2980 domi
1110 2933 1265 2979 eum
1312 2911 1703 2996 reliquisti?
1752 2911 1873 2980 Sed
1927 2912 2184 3012 gratias
2231 2933 2358 3000 age
2409 2915 2575 2978 Deo:
2629 2932 2711 2978 en
2752 2922 3013 2997 quanto
3069 2913 3159 2981 ab

670 3013 812 3069 oste
860 3000 1082 3090 eripui
1129 3021 1315 3068 eum.
1367 2999 1560 3082 Quod
1612 2999 1839 3069 adbuc
1900 3000 2084 3080 vivit,
2122 2999 2382 3068 donum
2447 2999 2564 3066 Dei
2633 3011 2757 3068 est.
2817 3004 3032 3089 Caput
3092 3013 3161 3070 et

622 3101 833 3159 totum
884 3088 1024 3157 fere
1071 3109 1324 3178 corpus
1372 3110 1579 3158 suum
1629 3089 1910 3158 coluber
1956 3088 2282 3158 intulerat
2329 3088 2399 3156 in
2457 3100 2759 3156 ventrem
2809 3088 2988 3175 ejuS‚
3044 3089 3159 3158 vix

620 3176 841 3247 cauda
887 3177 973 3246 ab
1020 3197 1137 3245 ore
1186 3178 1637 3264 prominente.
1672 3200 1709 3243 »
1749 3178 2024 3246 Cunctis
2067 3198 2220 3245 vero
2260 3176 2721 3276 stupentibus,
2765 3176 2853 3244 ad
2886 3178 3155 3264 virgam

620 3264 981 3355 suspendit
1036 3278 1445 3354 serpentem.
1502 3266 1775 3334 Dicente
1823 3278 2050 3335 autem
2106 3279 2320 3333 matre
2368 3263 2682 3344 infanti5‚
2738 3265 2889 3333 sine
2935 3277 3154 3333 matre

624 3374 756 3421 non
805 3374 953 3420 esse
1002 3363 1181 3421 tutos
1234 3352 1547 3433 infantes,
1601 3354 1706 3422 vir
1744 3353 1902 3442 pius
1955 3353 2424 3423 misericordia
2490 3364 2714 3422 motus
2746 3407 2762 3432 ‚
2824 3351 3153 3424 omnibus

621 3441 768 3512 suis
805 3462 955 3508 eam
1058 3442 1319 3509 raesixit
1367 3441 1608 3531 legem,
1648 3454 1726 3511 ut
1764 3463 2243 3528 quaecumque
2298 3440 2548 3510 mulier
2587 3440 2950 3510 lactentem
2987 3462 3153 3529 par-

616 3529 856 3598 vulum
911 3528 995 3597 ha
1049 3542 1209 3610 eret,
1262 3531 1585 3598 secundis
1636 3531 1825 3600 seriis
1874 3531 1960 3599 ab
2008 3530 2199 3599 omni
2249 3529 2523 3598 servitio
2571 3541 2749 3598 esset
2784 3529 3147 3598 immunis.

619 3623 718 3687 Ita
771 3618 883 3686 ille
933 3617 1328 3686 imitabatur
1375 3619 1745 3699 Christum,
1799 3618 2182 3711 dicen‚tem:
2245 3620 2612 3697 Dz'mittite‚
2668 3629 2732 3685 et
2778 3619 3157 3686 dimittetur

617 3708 799 3775 vobis
847 3712 1029 3789 (Luc.
1082 3706 1196 3796 vi).

707 3798 744 3882 ἕ
791 3799 932 3868 u.
966 3796 1213 3865 Eodem
1253 3809 1552 3885 tempore
1578 3796 1710 3864 fuit
1740 3795 2251 3866 Rumoldus·vir
2279 3806 2557 3866 sanctus
2581 3795 2636 3874 ²⁴²,
2672 3794 2908 3863 divina
2932 3796 3156 3884 gratia

622 3882 891 3972 plenus,
924 3886 1043 3971 qui
1077 3886 1235 3953 vitia
1273 3886 1542 3974 penitus
1578 3885 2020 3965 mortificans,
2056 3884 2140 3954 ad
2180 3886 2506 3953 virtutum
2544 3883 2850 3952 culmina
2888 3884 2957 3950 in
3008 3883 3155 3955 dics

620 3973 1092 4042 contendebat.
1130 3979 1270 4043 Non
1303 3973 1437 4053 die,
1481 3994 1614 4041 non
1659 3987 1854 4043 nocte
1887 3997 1925 4042 a
1954 3975 2131 4043 bono
2162 3975 2438 4042 vacabat
2466 3994 2692 4063 opere3
2729 3972 2842 4040 sed
2873 3993 3154 4040 carnem

621 4082 814 4129 suam
856 4062 1144 4149 jejuniis
1193 4074 1256 4131 et
1305 4062 1558 4163 vigiliis
1604 4075 1994 4142 attenuans,
2052 4062 2478 4131 orationibus
2526 4061 2827 4130 assiduis
2876 4061 3156 4128 incum-

621 4149 814 4227 benS‚
842 4150 1299 4238 Apostolicum
1340 4151 1686 4221 nitebatur
1724 4152 2009 4240 implere
2047 4150 2482 4219 mandatum:
2526 4151 2917 4238 Mortificate
2946 4171 3156 4218 mem-

620 4240 742 4306 bra
785 4250 1030 4318 vestra,
1077 4263 1250 4329 quae
1285 4251 1441 4308 sunt
1488 4264 1692 4330 super
1738 4253 1986 4309 terram
2017 4241 2139 4328 (ad
2174 4243 2411 4310 Coloss.
2445 4238 2571 4326 111);
2624 4251 2689 4306 et
2729 4237 2896 4306 illud
2929 4261 2942 4304 :
2999 4240 3156 4307 Sine

621 4329 1105 4396 intermissione
1139 4338 1322 4397 orate
1344 4330 1440 4417 (1.
1473 4331 1563 4397 ad
1597 4330 1812 4397 Thess.
1853 4328 1942 4418 v).
1982 4333 2080 4398 Ita
2110 4328 2475 4398 virtutibus
2509 4326 2777 4396 cunctis
2811 4328 3152 4409 munituS,

672 4453 699 4481 ⁴
728 4455 771 4495 S.
794 4453 1071 4503 Rumoldus,
1086 4451 1363 4496 mechliniae
1384 4451 1496 4504 (ital.
1518 4455 1719 4504 Mal-‘neap
1743 4455 2000 4505 apostolus.
