3347 4999
164 388 352 456 OCT.
406 390 449 455 2
831 410 909 455 ns
957 409 1013 457 s.
1068 408 1456 457 Lsonscanio
1504 406 1704 458 susc.
1756 410 1832 455 nr
1879 408 2069 456 mar.
2541 394 2630 463 65

166 487 377 575 quasi
428 487 643 559 maris
681 489 1201 570 commotioneS‚
1262 488 1575 579 lapidum
1607 488 1988 559 sanctuarii
2023 489 2091 556 in
2132 489 2352 578 capite
2400 493 2717 575 omnium

167 576 561 666 platearum
621 576 1137 665 dispersiones?
1189 577 1488 678 Dispersi
1550 590 1714 648 sunt
1779 577 1911 649 heu
1981 575 2247 665 lapides
2294 580 2713 651 sanctuarii:

156 665 336 751 quia
386 666 505 754 qui
558 663 967 737 dicebantur
1013 667 1379 756 Episcopi,
1430 664 1799 737 confractis
1847 679 1911 735 et
1959 666 2370 737 venundatis
2418 668 2718 743 ovilibus

158 753 448 846 Christi,
503 755 913 826 commissas
981 776 1137 824 oves
1193 767 1669 844 opposuerunt
1717 753 1952 842 lupis,
2005 767 2068 823 et
2120 754 2187 823 in
2239 754 2472 844 fugam
2529 757 2711 829 versi

156 854 363 924 sunt,
420 864 554 912 non
599 857 926 933 pastores,
980 843 1099 912 sed
1151 844 1582 913 mercenarii.
1623 848 1697 913 Iu
1733 841 2126 933 exemplum
2163 856 2326 913 sunt
2355 844 2710 934 ecclesiae,

163 952 393 1001 manu
438 953 673 1005 eorum
737 932 1183 1013 combustae,
1238 932 1479 1003 altaria
1538 932 1880 1021 sanguine
1951 932 2256 1000 humano
2310 947 2708 1021 cruentata,

163 1020 677 1092 monachorum
707 1021 1046 1101 examina,
1091 1043 1248 1110 pars
1277 1021 1642 1111 captivata,
1678 1043 1838 1109 pars
1871 1021 2298 1109 proturbata,
2329 1022 2449 1111 jus
2481 1035 2545 1092 et
2579 1023 2709 1105 lex,

156 1110 413 1179 omnia
459 1108 769 1179 confusa.
816 1115 894 1180 Et
929 1110 1098 1197 quia
1126 1109 1589 1197 quorumdam
1624 1109 1990 1181 hominum
2029 1123 2304 1198 peccata
2355 1111 2716 1185 manifesta

156 1210 361 1278 sunt,
418 1199 890 1287 praecedentia
941 1198 1025 1268 ad
1069 1199 1443 1287 judicium,
1486 1220 1642 1279 cum
1695 1197 2017 1269 inebriati
2061 1197 2318 1269 fuerint
2372 1201 2714 1289 sanguine

159 1286 510 1368 aliorum,
568 1287 848 1374 laqueos
895 1288 1301 1367 alterutrum
1371 1286 1690 1365 tendunt:
1746 1286 2072 1368 invicem,
2126 1286 2307 1373 quod
2359 1286 2549 1358 dictu
2590 1311 2714 1359 ,ne-

158 1374 274 1444 fas
323 1388 448 1455 est,
506 1377 824 1467 Episcopi
858 1376 1305 1465 supplantant
1340 1388 1407 1446 et
1458 1374 2021 1465 supplantantur,
2081 1376 2432 1465 captivant
2489 1391 2555 1448 et
2601 1401 2713 1448 ca-

163 1465 563 1553 ptivantur:
617 1479 693 1535 ut
742 1465 1002 1551 liquido
1064 1477 1307 1554 pateat,
1359 1465 1525 1553 quia
1573 1478 2003 1535 suorummet
2069 1465 2393 1534 manibus
2443 1465 2544 1535 ira
2598 1466 2712 1536 Dei

157 1551 572 1623 desaeviens
625 1554 697 1622 in
777 1575 926 1623 reos
991 1553 1370 1629 ulciscitur.
1452 1558 1611 1643 Ipsa
1684 1558 2028 1636 Romanae
2086 1552 2445 1643 dignitatis
2521 1555 2711 1646 virgo

164 1643 663 1730 praevaricata,
716 1642 887 1712 abiit
934 1655 1135 1721 retro,
1188 1655 1252 1711 et
1299 1643 1368 1712 in
1417 1642 1664 1715 diebus
1715 1643 1965 1714 nostris
2012 1641 2267 1725 fractae
2301 1655 2463 1715 sunt
2497 1666 2708 1725 mam·

166 1752 327 1800 mae
429 1731 755 1800 ubertatis
802 1731 971 1813 ejus.
1035 1736 1177 1801 Non
1218 1745 1319 1800 est
1365 1731 1526 1811 dux,
1583 1752 1804 1818 neque
1851 1729 2193 1811 sacerdos,
2249 1753 2468 1817 neque
2516 1731 2710 1807 locus

164 1820 350 1888 sacri
384 1819 536 1888 icii:
590 1819 970 1889 Jerusalem
1021 1819 1329 1890 calcatur
1358 1843 1396 1888 a
1426 1820 1788 1910 gentibus:
1824 1820 1990 1907 quia
2023 1818 2137 1905 qui
2181 1819 2385 1888 faciat
2420 1821 2705 1905 bonurn,

160 1919 275 1977 est
324 1908 583 1978 nullus.
640 1908 865 1977 Miseri
918 1908 1283 1991 israelitae,
1332 1909 1397 1978 in
1448 1930 1745 1994 quorum
1795 1908 2308 1998 comparatione
2353 1909 2711 1979 Nabucho-

164 1995 474 2066 donosor
520 2019 759 2066 servus
817 1996 922 2065 Dei
975 1998 1325 2068 scribitur.
1380 1997 1647 2080 Quibus
1696 2010 1924 2067 autem
1977 1997 2154 2067 inter
2205 2009 2296 2066 tot
2353 1997 2539 2067 mala
2602 1999 2712 2073 vix

162 2097 290 2153 aut
341 2085 529 2155 nullo
580 2085 781 2155 modo
815 2086 1035 2155 vivere
1081 2085 1262 2167 licet,
1312 2086 1657 2173 quomodo
1698 2086 1927 2165 dicere
1958 2097 2079 2156 aut
2116 2085 2413 2156 scribere
2444 2086 2706 2173 aliquid

165 2171 385 2242 libet?
433 2172 624 2257 Quod
675 2175 897 2244 solum
952 2187 1202 2256 restat,
1254 2187 1529 2247 sanctos
1581 2176 1696 2245 Dei
1747 2187 1971 2263 patres
2017 2187 2083 2244 et
2131 2187 2456 2264 patronos
2508 2176 2709 2246 nobis

167 2282 522 2349 paremus,
574 2285 866 2349 quorum
914 2262 1100 2333 felici
1151 2264 1440 2353 remigio
1492 2286 1678 2335 mare
1727 2264 1936 2354 hujus
1985 2264 2199 2333 seculi
2233 2264 2702 2354 enavigemuS‚

160 2361 236 2418 et
273 2352 390 2437 qui
443 2373 565 2442 pro
614 2366 803 2421 reatu
842 2353 986 2442 jam
1024 2354 1430 2443 mergimur,
1463 2374 1541 2422 ex
1574 2352 1908 2423 beneficio
1941 2351 2430 2441 omnipotentis
2461 2354 2709 2427 manos

162 2438 573 2522 relevemur,
618 2462 793 2527 quae
841 2441 1045 2511 verbo
1095 2454 1329 2512 ventos
1364 2441 1630 2523 sedare,
1685 2454 1750 2511 et
1784 2440 2346 2529 tranquillitatem
2385 2455 2558 2513 nutu
2588 2464 2707 2533 po-

168 2540 300 2598 test
348 2529 706 2620 imperare.
759 2528 850 2599 Ad
903 2530 1084 2616 quod
1135 2531 1588 2604 obtinendum
1641 2531 1882 2601 beatus
1930 2537 2105 2601 Bavo
2143 2530 2413 2601 medius
2452 2532 2705 2602 consti-

168 2628 424 2686 tuatur.
466 2624 642 2688 Bavo
683 2618 751 2687 in
801 2618 1029 2698 corde,
1083 2624 1261 2690 Bavo
1308 2641 1579 2709 semper
1625 2620 1716 2689 sit
1763 2620 1830 2688 in
1882 2642 2019 2690 ore.
2076 2624 2229 2707 Ipse
2268 2619 2585 2691 defensor
2642 2632 2707 2689 et

166 2719 525 2793 patronus,
582 2708 729 2808 ipse
776 2706 961 2797 apud
1013 2708 1549 2798 omnipotentem
1601 2708 1915 2778 Judicem
1967 2709 2377 2779 intercessor
2409 2709 2496 2776 sit
2535 2730 2704 2778 con·

164 2794 455 2865 tinuus:
509 2819 632 2884 qui
683 2817 789 2864 me
839 2796 1003 2866 haec
1062 2818 1229 2865 <cum
1293 2795 1649 2870 devotione
1697 2798 2109 2868 scribentem
2142 2850 2157 2877 ,
2213 2809 2274 2866 te
2323 2797 2709 2867 Christiane

160 2882 518 2954 intueatur
553 2906 714 2954 cum
766 2883 901 2954 fide
938 2884 1303 2974 legentem.

865 3201 1095 3301 VlTA
1166 3202 1248 3302 S.
1323 3200 1970 3304 LEODEGARH-

531 3414 896 3481 EPISCOPI
945 3415 1723 3484 AUGUSTODUNENSIS
1773 3416 1872 3479 ET
1921 3414 2331 3481 MARTYRIS

276 3623 565 3673 AUCTORE
605 3623 835 3674 mismo
885 3625 1160 3686 coAltvo;
1214 3626 1453 3674 STYLUM
1489 3625 1798 3675 NONNffln.
1828 3623 2126 3675 ELmavtT
2158 3627 2216 3674 L.
2262 3627 2514 3674 SURIUS.

765 3834 1019 3892 Passus
1061 3848 1240 3890 anno
1284 3834 1405 3889 676
1445 3860 1525 3871 —
1568 3834 1723 3889 Nat.
1765 3835 2096 3892 Francus.

246 4037 633 4102 PnAsrArio.
712 4033 1045 4114 Domin0,
1100 4044 1472 4119 sanctoque
1519 4033 1948 4104 Pictavorum
2004 4033 2308 4123 pontifici
2362 4032 2700 4104 Ansoaldo

159 4132 478 4210 peccator
530 4121 840 4192 Ursinus.
919 4161 1007 4186 —-
1068 4122 1375 4191 ,iussioni
1425 4122 1906 4212 obtemperans
1956 4134 2253 4203 vestrae,
2308 4122 2701 4192 beatissime

164 4232 364 4299 papa,
420 4231 858 4300 summopere
899 4222 1186 4300 urgente
1234 4211 1615 4300 Audolpho‚
1671 4224 1862 4301 patre
1915 4211 2310 4280 monasterii
2343 4211 2525 4294 beati
2561 4217 2700 4281 Ma-

162 4298 413 4379 xentii,
467 4311 544 4367 ut
590 4298 673 4366 de
735 4298 869 4366 vita
926 4312 991 4366 et
1054 4299 1371 4388 passione
1419 4300 1598 4370 beati
1650 4299 2042 4400 Leodegarii
2097 4322 2316 4390 pauca
2363 4322 2399 4369 e
2466 4300 2702 4370 multis

160 4387 314 4476 ejus
362 4386 561 4457 bonis
608 4388 1211 4456 commemorando
1262 4388 1671 4458 scriberem:
1740 4389 2083 4474 equidem,
2122 4411 2297 4477 opus
2346 4388 2700 4478 suscipere

156 4488 367 4563 ,atque
424 4475 629 4544 etiam
692 4475 891 4544 edere
938 4476 1353 4567 cupiebam,
1408 4477 1525 4547 sed
1581 4476 1924 4566 imperitia
1971 4490 2036 4546 et
2083 4477 2495 4568 simplicitas
2549 4499 2700 4546 mea

318 4594 558 4652 surius
588 4623 609 4636 ·
650 4591 815 4654 Vitae
846 4591 949 4656 SS.
982 4627 1005 4639 -
1032 4594 1161 4657 Vol.
1195 4594 1264 4655 X.
2503 4594 2542 4653 5
