3347 4999
66 4587 276 4680 s

331 342 504 408 OCT.
563 344 645 408 ⁴9
1120 362 1198 407 ns
1248 362 1339 408 ss.
1396 360 1559 408 vAno
1607 362 1682 407 ΕΤ
1730 360 1930 408 sociis
1981 363 2092 407 ini.
2664 346 2790 409 557

329 445 693 514 haeredem
750 446 1067 516 instituit.
1121 447 1188 515 Si
1239 445 1402 533 quid
1457 467 1620 535 ergo
1668 447 1756 514 ab
1804 445 1923 513 illo
1990 445 2394 526 debebatur,
2449 446 2695 515 adsum
2739 447 2888 536 ipse

330 534 756 604 redditurus.
805 559 839 601 »
1259 609 1269 619 .

416 626 571 710 §4
628 623 899 692 Audivit
948 629 1249 699 Praeses,
1305 637 1370 692 et
1419 637 1600 692 totus
1650 623 1734 691 ad
1790 624 1959 691 iram
2013 635 2115 691 est
2154 644 2570 693 conversus:
2635 652 2653 681 ο
2719 625 2885 706 Quis

327 711 441 780 hic
491 714 600 793 sit,
656 714 906 800 inquit,
962 712 1168 793 dicat,
1208 725 1273 781 et
1319 734 1355 780 e
1385 735 1687 799 quanam
1726 713 1814 781 sit
1864 711 2154 801 legione.
2195 735 2230 776 »
2267 712 2389 781 Ille
2426 725 2682 781 autem:
2719 736 2753 778 «
2790 718 2881 782 Ex

327 799 595 891 legione
627 802 908 888 quidem
938 802 1276 889 Tyanensi
1309 801 1364 880 *‚
1409 801 1606 870 miles
1645 823 1799 869 vero
1848 800 2104 879 clarus;
2152 823 2187 865 »
2224 801 2881 889 responditPraeses

326 903 555 959 autem
608 913 688 960 ea
735 892 819 960 de
866 913 1076 959 causa
1110 890 1666 979 obstupefactus:
1709 913 1742 956 «
1778 891 1945 973 Quis
1982 889 2206 959 malus
2256 889 2576 969 daemon,
2623 890 2873 976 inquit,

326 978 571 1059 effecit,
626 993 701 1049 ut
752 994 814 1049 te
864 980 930 1047 in
985 979 1427 1049 manifestum
1479 978 1870 1067 impelleres
1959 979 2326 1057 ericulum‚
2384 992 2459 1048 ut
2505 993 2571 1048 et
2620 980 2879 1067 glorio-

328 1090 477 1136 sam
520 1081 708 1138 tuam
762 1068 1080 1137 militiam
1115 1123 1129 1147 ‚
1184 1082 1249 1138 et
1304 1090 1511 1154 quam
1563 1090 1644 1136 ex
1692 1090 1769 1137 ea
1823 1068 1905 1135 ha
1962 1088 2032 1138 es
2097 1082 2426 1136 tesseram
2498 1068 2880 1138 frumenta-

329 1157 503 1225 riam
539 1212 553 1237 ‚
610 1157 1067 1234 nihilifacias,
1123 1170 1188 1225 et
1253 1172 1436 1225 tuam
1491 1157 1796 1225 animam
1850 1159 1918 1224 in
1972 1168 2159 1225 tanta
2225 1156 2407 1225 mala
2471 1157 2802 1246 injicias?
2844 1180 2881 1224 »

326 1250 573 1316 Beatus
621 1261 847 1316 autem
903 1251 1163 1315 Varus:
1218 1268 1254 1312 «
1307 1252 1582 1326 Panem,
1623 1246 1885 1332 inquit,
1931 1247 2052 1332 qui
2100 1246 2185 1313 de
2233 1246 2423 1315 coelo
2485 1245 2871 1327 descendit,

328 1349 396 1405 et
428 1334 739 1404 divinum
778 1334 1060 1404 calicem
1118 1335 1395 1425 pretiosi
1446 1335 1810 1425 sanguinis
1861 1334 2105 1404 Christi
2162 1334 2431 1403 Domini
2483 1336 2615 1403 mei
2680 1358 2880 1424 prae-

332 1424 459 1493 tuli
511 1425 647 1493 tuis
699 1424 1078 1494 honoribus
1143 1438 1208 1493 et
1256 1424 1656 1512 stipendiis:
1714 1423 2005 1513 gloriam
2056 1446 2231 1510 quae
2294 1445 2566 1513 semper
2617 1438 2871 1507 manet,

328 1513 391 1580 ei
443 1534 618 1599 quae
667 1513 855 1583 fluit:
907 1527 972 1582 et
1006 1514 1238 1593 vitam,
1284 1535 1462 1600 quae
1504 1535 1862 1600 nunquam
1909 1513 2184 1593 desinit,
2221 1513 2283 1580 ei
2328 1513 2395 1580 in
2447 1535 2655 1600 quam
2692 1513 2881 1583 cadit

329 1601 673 1683 interituS,
718 1615 782 1671 et
828 1615 929 1671 est
963 1602 1044 1670 ad
1086 1602 1287 1671 breve
1323 1616 1619 1692 tempus.
1663 1625 1700 1668 »
1736 1606 1924 1670 Tunc
1956 1601 2179 1670 Judex
2228 1616 2457 1689 aperte
2506 1602 2877 1672 ostendens

331 1712 404 1760 se
450 1712 597 1760 esse
645 1692 880 1761 animo
931 1693 1444 1781 perturbatum,
1500 1691 1896 1779 adspiciens
1944 1692 2025 1759 ad
2083 1695 2388 1770 SanctOS,
2444 1692 2779 1759 concitate
2816 1703 2882 1760 et

329 1780 575 1849 acerbe
622 1779 828 1849 dixit:
880 1804 915 1846 «
968 1781 1181 1850 Testis
1222 1782 1310 1849 sit
1362 1779 1532 1848 mihi
1570 1781 1788 1849 virtus
1831 1780 2292 1848 maximorum
2330 1779 2642 1861 deorum,
2687 1780 2877 1848 vobis

332 1869 529 1958 prius
591 1869 892 1938 adimam
946 1868 1013 1937 in
1070 1869 1273 1938 malis
1347 1870 1577 1951 vitam,
1654 1870 1776 1955 qui
1828 1890 1936 1937 me
1988 1868 2104 1937 tali
2158 1867 2375 1937 milite
2420 1869 2871 1957 privaveritis.

333 1961 476 2026 Hoc
540 1959 724 2026 enim
776 1958 981 2027 fuerit
1029 1971 1382 2038 vestrum,
1445 1969 1510 2026 et
1573 1980 1709 2027 non
1789 1956 2096 2026 alterius.
2156 1980 2193 2024 >›
2246 1963 2574 2047 Martyres
2647 1972 2875 2027 autem

329 2046 538 2115 verba
607 2048 759 2136 ejus
827 2046 1403 2116 nihilifacientes:
1476 2069 1511 2111 «
1563 2053 1890 2136 Exspecta
1968 2069 2389 2147 parumper,
2444 2046 2786 2127 dixerunt,
2841 2070 2879 2116 o

331 2135 591 2204 Judex:
647 2148 711 2204 et
759 2136 1024 2205 videbis
1072 2135 1306 2223 qualia
1355 2136 1493 2204 sint
1541 2158 1736 2204 arma
1776 2135 1988 2224 hujus
2041 2134 2349 2204 militiae.
2404 2136 2495 2205 Ad
2562 2135 2875 2204 ordinem

330 2225 515 2293 enim
554 2225 967 2315 Angelorum
1021 2226 1369 2294 hominem
1423 2224 1868 2293 adduximus.
1911 2247 1947 2290 »
1994 2229 2134 2293 Hoc
2169 2224 2375 2299 dicto,
2431 2225 2545 2293 ille
2594 2224 2875 2312 quidem

299 2313 1164 2403 'conabaturpersuadere
1199 2314 1489 2395 Sanctis,
1526 2327 1602 2383 ut
1633 2314 2137 2383 assentirentur
2182 2313 2544 2403 impietati,
2581 2328 2647 2383 et
2674 2317 2879 2383 rebus

336 2403 531 2470 vanis
580 2404 902 2472 offerrent
951 2404 1397 2482 sacrificium,
1452 2403 1601 2492 ipse
1639 2401 1841 2492 plane
1881 2425 2101 2471 vanus
2148 2416 2213 2472 et
2261 2403 2579 2473 stolidus.
2613 2402 2721 2471 Illi
2750 2425 2875 2470 au-

339 2504 473 2561 tem
521 2514 603 2561 ne
651 2514 888 2562 aurem
938 2492 1217 2579 quidem
1256 2492 1407 2580 ejus
1443 2492 1667 2561 verbis
1703 2491 2128 2582 praebentes,
2183 2506 2421 2562 contra
2471 2492 2873 2562 referebant:

339 2601 374 2647 «
431 2580 556 2660 Dii,
617 2582 733 2667 qui
798 2581 1065 2651 coelum
1117 2596 1181 2650 et
1214 2595 1461 2650 terram
1529 2603 1665 2650 non
1717 2581 2050 2661 fecerunt,
2110 2595 2411 2671 pereant.
2453 2605 2488 2649 »
2530 2587 2679 2650 Post
2708 2603 2882 2668 quos

334 2669 578 2738 beatus
627 2675 845 2739 Varus
894 2671 1066 2738 iram
1122 2671 1342 2761 magis
1389 2671 1776 2739 accendens
1822 2670 2091 2739 ludici:
2149 2694 2183 2737 «
2222 2671 2425 2752 Quid,
2480 2671 2671 2750 dixit,
2715 2676 2882 2739 San-

332 2759 460 2828 ctis
509 2759 790 2828 exhibes
841 2759 1248 2833 molestiam.
1306 2760 1512 2832 stulta
1562 2760 1825 2838 dicenS,
1881 2773 1944 2828 et
1992 2759 2075 2827 ad
2117 2760 2287 2828 nihil
2342 2760 2582 2829 utilia?
2617 2758 2881 2828 Stultus

329 2858 556 2917 autem
595 2847 802 2917 stulta
852 2848 1170 2936 loquetur
1201 2850 1524 2938 (Magnus
1573 2849 1791 2918 Isaias
1840 2850 1969 2918 hoc
2012 2849 2134 2917 tibi
2170 2847 2358 2929 dicit,
2411 2861 2477 2916 et
2524 2871 2657 2916 non
2697 2848 2876 2937 ego):

328 2936 537 3023 idque
583 2960 742 3006 cum
796 2959 919 3006 nec
968 2960 1083 3007 eos
1130 2937 1410 3024 quidem
1464 2949 1703 3010 contra
1752 2937 2032 3017 intueri,
2074 2959 2198 3006 nec
2239 2959 2396 3005 cum
2441 2937 2541 3006 eis
2589 2938 2876 3006 omnino

328 3025 638 3095 conferre
678 3048 1063 3095 sermonem
1099 3027 1290 3107 veliS,
1328 3026 1426 3094 vel
1484 3027 1713 3116 potius
1749 3048 1883 3095 non
1938 3029 2185 3115 possis.
2245 3049 2280 3092 »

417 3116 454 3201 ἓ
499 3121 586 3186 5.
642 3120 822 3186 Haec
870 3138 1028 3184 cum
1084 3115 1200 3184 ille
1261 3115 1629 3194 audiisset,
1689 3137 1821 3184 non
1878 3128 2139 3204 poterat
2187 3113 2490 3204 amplius
2539 3115 2870 3195 cohiberi,

328 3202 446 3271 sed
484 3205 740 3293 majore
788 3205 892 3272 ira
942 3204 1212 3293 plenus,
1262 3205 1471 3291 jussit
1517 3204 1796 3292 quidem
1850 3209 2101 3272 Varum
2141 3204 2210 3271 in
2264 3203 2452 3294 ligno
2502 3203 2872 3272 sublimem

326 3291 583 3360 extolli.
640 3293 908 3362 Sanctis
947 3306 1172 3362 autem
1226 3294 1437 3363 dixit:
1494 3317 1529 3360 «
1583 3294 1649 3363 Si
1692 3291 1883 3361 fuero
1940 3316 1981 3362 a
2027 3305 2250 3362 vestra
2298 3307 2663 3382 superatus
2712 3314 2876 3361 con-

327 3382 602 3460 stantia,
656 3381 921 3451 cultum
994 3404 1269 3469 quoque
1317 3383 1602 3452 deorum
1670 3383 1958 3450 omnino
2011 3382 2393 3471 abnegabO.
2457 3408 2481 3445 »
2537 3382 2715 3450 Adeo
2766 3404 2873 3450 res

326 3469 554 3538 valida
574 3482 638 3538 et
667 3473 845 3539 acris
871 3484 973 3540 est
1012 3473 1280 3551 veritas,
1337 3487 1401 3540 et
1433 3493 1610 3559 quae
1659 3493 1862 3560 saepe
1910 3472 2140 3562 arguit
2173 3472 2389 3539 animi
2440 3470 2876 3541 imbecillita-

325 3570 488 3640 tem,
529 3559 651 3645 qui
704 3582 835 3628 non
904 3573 1122 3660 potest
1174 3562 1323 3649 ejus
1390 3560 1563 3629 ferre
1628 3560 2035 3630 libertatem.
2088 3561 2351 3638 ¹Christi
2401 3573 2627 3629 autem
2701 3566 2875 3628 Mar-

327 3659 553 3734 tyres:
609 3670 644 3714 «
681 3653 1023 3737 Experire‚
1078 3650 1420 3729 dixerunt,
1479 3651 1547 3718 in
1603 3650 1731 3720 hoc
1779 3663 2013 3719 nostro
2048 3649 2254 3719 fratre
2299 3649 2467 3735 quid
2516 3650 2769 3738 possis:
2815 3662 2879 3717 et

326 3737 387 3804 si
436 3759 514 3805 eo
563 3736 776 3808 fueris
837 3739 1175 3828 superior,
1241 3738 1573 3819 fortassiS‚
1622 3752 1700 3808 ut
1764 3761 2022 3830 speras,
2077 3739 2145 3806 in
2194 3738 2391 3807 nobis
2444 3760 2550 3807 res
2599 3760 2875 3824 quoque

325 3839 506 3894 recte
546 3826 888 3896 succedet.
948 3850 982 3892 »
1018 3827 1112 3896 Ad
1163 3827 1331 3896 haec
1378 3827 1590 3896 Judex
1639 3850 1799 3897 cum
1853 3828 2119 3897 Sanctis
2167 3827 2445 3913 quidem
2519 3839 2696 3896 esset
2748 3827 2877 3894 mi-

328 3926 531 3983 natus
581 3915 1012 4006 gravissima,
1057 3917 1256 4004 jubet
1305 3918 1374 3984 in
1425 3938 1728 4006 cyppum
1784 3917 1945 3986 duci
2011 3923 2420 4006 Martyrem3
2474 3930 2538 3985 et
2592 3915 2877 4004 perinde

328 4023 408 4071 ac
459 4003 515 4071 si
548 4005 970 4074 existimaret
1003 4027 1140 4074 non
1194 4004 1508 4075 sufficere
1549 4006 1678 4075 hoc
1728 4006 2154 4096 supplicium
2192 4005 2524 4075 adversus
2576 4017 2712 4073 tam
2765 4027 2878 4094 ge-

328 4112 678 4174 nerosum,
732 4104 797 4161 et
859 4106 996 4163 tam
1041 4093 1211 4162 bene
1283 4095 1697 4164 instructum
1762 4097 2103 4177 animum,
2149 4095 2383 4185 jussit,
2423 4107 2498 4163 ut
2555 4107 2877 4164 extensus

328 4177 492 4248 loris
541 4183 609 4249 in
666 4196 843 4251 terra
906 4182 1306 4251 caederetur
1366 4182 1773 4252 crudeliter:
1829 4184 2078 4252 deinde
2145 4206 2264 4273 per
2329 4195 2627 4270 quatuor
2693 4185 2878 4251 viros

327 4279 649 4352 tractum,
689 4271 937 4342 validis
984 4271 1195 4341 clavis
1228 4272 1485 4341 conteri
1520 4285 1586 4364 et
1617 4271 1984 4361 confringi.
2022 4274 2200 4342 Forti
2232 4295 2394 4364 ergo
2442 4284 2506 4341 et
2545 4294 2876 4364 generoso

378 4429 402 4454 ⁸¹¹
435 4430 516 4470 Vol
546 4442 664 4480 quae
696 4444 750 4473 ex
784 4436 956 4483 Tyenis
988 4436 1075 4475 est.
1108 4435 1332 4477 cohortes
1356 4437 1478 4478 enim
1502 4445 1527 4476 a
1547 4435 1752 4482 civitate,
1775 4432 1824 4475 in
1844 4444 1933 4485 qna
1955 4433 2387 4485 conscribebantur,
2406 4438 2679 4488 frequentor
2699 4445 2879 4477 nuncu·

321 4484 457 4531 palm
479 4491 603 4531 sunt,
623 4486 831 4537 legiones
852 4500 946 4530 non
967 4489 1093 4531 item.
