3347 4999
228 362 402 429 OCT.
458 361 541 425 ⁴6
1013 378 1092 425 mi
1140 378 1195 425 s.
1249 374 1444 424 GALLO
1492 377 1634 423 Aac.
1688 377 1763 423 nr
1811 376 1992 424 conr.
2551 360 2670 424 4611

227 470 432 552 Isque
469 463 722 553 recepit
767 482 884 532 eos
948 462 1267 551 hospiti0‚
1320 472 1385 530 et
1431 461 1620 529 omni
1688 460 1850 531 fovit
1914 461 2365 530 humanitatis
2416 462 2768 549 obsequio

228 555 601 624 Finxerunt
646 552 829 621 enim
883 572 953 621 se
999 550 1083 619 de
1132 550 1335 641 longe
1384 563 1548 619 tunc
1595 550 1885 631 venisse,
1949 563 2014 619 ct
2061 550 2241 640 apud
2295 572 2452 620 eum
2506 573 2775 621 manse-

229 655 397 711 runt
435 652 693 731 septem
743 640 1012 709 diebus.

317 733 355 817 ἓ
400 735 543 802 15.
598 735 802 799 Porro
849 751 1008 799 cum
1062 725 1496 817 saepedictus
1553 726 1952 816 presbyter,
2008 727 2261 815 hospes
2324 739 2723 797 sanctorum
2755 782 2771 807 ,

228 819 538 890 audisset
583 819 818 888 Virum
873 818 986 886 Dei
1038 816 1122 885 de
1169 815 1417 885 cellula
1467 814 1895 895 discessisse,
1957 836 2199 884 navem
2263 816 2764 895 conscendenS,

229 907 314 978 ad
366 912 617 977 Ducem
673 904 1152 985 transfretavit,
1191 917 1256 974 et
1288 926 1464 990 quae
1498 904 1681 974 circa
1714 904 2065 973 hominem
2113 903 2227 973 Dei
2261 903 2437 973 facta
2469 903 2771 983 fuerant,

228 996 583 1067 indicavit.
638 1000 779 1065 Dux
825 1016 1006 1075 vero,
1059 1006 1135 1062 ut
1183 993 1316 1063 cito
1358 1005 1827 1075 reverteretur,
1871 992 1969 1061 illi
2020 993 2402 1083 imperavit,
2432 1006 2498 1063 et
2529 994 2778 1063 missis

233 1098 388 1176 post
433 1086 667 1152 Virum
721 1083 835 1152 Dei
888 1082 1166 1172 legatiS,
1219 1103 1376 1152 eum
1428 1080 1751 1169 advenire
1797 1082 2033 1150 devote
2083 1093 2436 1171 rogarent3
2489 1093 2553 1151 et
2602 1082 2778 1171 adji-

231 1176 460 1245 ciens:
499 1174 565 1243 Si
605 1173 818 1253 enim,
857 1171 1106 1259 inquit,
1161 1192 1282 1260 per
1312 1170 1466 1258 ejus
1506 1171 1849 1240 orationes
1897 1169 2111 1239 filiam
2164 1192 2385 1240 meam
2439 1172 2773 1241 Dominus

233 1286 273 1333 a
320 1261 686 1332 daemonio
722 1260 1132 1339 liberaverit,
1172 1259 1350 1328 dabo
1398 1258 1498 1327 illi
1551 1259 2029 1348 pontificatum
2083 1260 2622 1330 Constantiensis
2668 1282 2778 1330 ec-

234 1351 531 1429 clesiae,
584 1363 650 1419 et
698 1351 986 1440 insuper
1029 1369 1185 1417 eum
1237 1348 1535 1438 copiosis
1588 1348 2047 1438 praemiorum
2104 1349 2510 1419 muneribus
2558 1350 2776 1418 hono-

236 1441 428 1511 rabo.
482 1439 606 1508 Ille
637 1439 1045 1528 promittens
1080 1459 1174 1517 se,
1227 1450 1304 1506 ut
1327 1437 1728 1525 jubebatur,
1769 1449 2110 1517 acturum,
2166 1438 2388 1507 sicubi
2438 1459 2623 1517 eum,
2657 1437 2781 1525 qui

234 1528 783 1607 desiderabatur,
842 1526 1150 1596 invenire
1201 1525 1554 1615 potuisset,
1624 1538 1837 1594 ratem
1907 1537 2166 1614 petens,
2220 1525 2302 1593 ad
2358 1526 2636 1616 propria
2678 1548 2782 1596 re-

235 1618 515 1687 meavit.
564 1622 824 1686 Interea
910 1614 1222 1684 ontifices
1259 1636 1298 1683 a
1342 1620 1521 1704 Rege
1570 1614 1984 1695 transmissi,
2037 1627 2372 1684 venerunt
2400 1628 2464 1685 et
2503 1615 2783 1685 invene-

239 1720 405 1776 runt
453 1706 673 1796 ipsam
725 1704 842 1791 qui
898 1726 1003 1774 em
1058 1702 1360 1792 puellam
1415 1703 1628 1772 nimio
1689 1702 2108 1783 laborantem
2161 1702 2411 1784 surore,
2469 1717 2784 1793 parentes

239 1809 467 1864 autem
511 1795 687 1885 eju&
732 1814 1146 1879 omnemque
1175 1790 1506 1862 familiam
1539 1803 1602 1860 et
1635 1792 2060 1882 propinquos
2095 1792 2333 1861 flentes
2360 1815 2568 1950 super
2600 1814 2776 1874 eam,

239 1895 305 1953 et
342 1881 722 1952 miserabili
757 1903 1065 1950 moerore
1095 1881 1480 1970 depressos.
1525 1885 1685 1949 Tota
1716 1881 1899 1950 enim
1943 1880 2193 1950 domus
2232 1883 2372 1950 una
2406 1904 2441 1950 c
2475 1881 2601 1950 ade
2630 1902 2787 1951 con·

242 1972 488 2041 tabuit.
516 1969 750 2041 Puella
771 1971 1143 2040 vexabatur
1164 1969 1460 2050 insania,
1491 1970 1738 2040 caeteri
1764 1969 2261 2056 torquebantur
2284 1969 2579 2040 tristitia.
2606 1975 2783 2039 Post·

241 2082 450 2147 quam
499 2079 662 2149 ergo
713 2059 1031 2159 ingressi,
1064 2057 1445 2148 pontificeS,
1479 2080 1766 2127 munera
1804 2081 1842 2127 a
1885 2063 2064 2148 Rege
2104 2058 2360 2128 directa
2392 2072 2782 2149 praesenta-

238 2161 439 2228 runt,
513 2169 749 2236 preces
796 2168 868 2216 ln
918 2158 1290 2237 conspectu
1342 2145 1610 2236 puellae
1666 2145 1995 2216 fuderunt
2050 2146 2133 2215 ad
2184 2149 2595 2226 {Dominum
2652 2147 2780 2218 Illa

238 2258 398 2305 vero
433 2236 809 2305 tenentium
843 2236 1167 2305 manibus
1202 2256 1273 2303 se
1304 2236 1676 2316 excutiens,
1706 2235 1829 2304 uni
1859 2256 2095 2304 eorum
2125 2234 2433 2326 gladium
2470 2236 2773 2318 abstulit,

238 2323 478 2395 volens
509 2325 754 2414 Episco
807 2346 884 2395 os
931 2323 1362 2405 interficere:
1414 2336 1480 2393 et
1524 2345 1683 2392 cum
1735 2324 1803 2393 id
1856 2345 1989 2393 non
2043 2337 2269 2414 posset
2315 2325 2603 2405 efficere,
2641 2326 2779 2414 spi-

240 2414 416 2483 ritus
467 2347 881 2483 immuml’us
928 2414 1054 2483 uni
1102 2434 1340 2482 eorum
1393 2412 1605 2481 dixit:
1649 2434 1684 2479 «
1715 2413 1781 2482 Si
1832 2413 2148 2483 volueras
2197 2435 2331 2495 me,
2384 2414 2563 2484 sicut
2611 2415 2780 2506 Regi

237 2503 646 2595 promisisti,
699 2503 784 2572 de
834 2502 961 2572 hoc
1011 2502 1290 2572 vasculo
1341 2501 1771 2592 propulsare,
1824 2524 1951 2572 cur
1996 2502 2211 2571 filiam
2255 2513 2442 2572 tuam
2484 2559 2498 2581 ,
2564 2525 2775 2591 quam

240 2614 474 2662 nonna
528 2592 641 2660 illa
694 2591 778 2661 de
827 2606 888 2660 te
936 2591 1253 2678 concepit
1298 2603 1362 2659 et
1409 2592 1671 2680 genuit,
1714 2613 1848 2660 non
1900 2591 2119 2660 fecisti
2155 2603 2379 2662 tecum
2416 2593 2706 2662 venire?
2743 2616 2779 2659 »

242 2680 504 2750 Deinde
543 2680 627 2749 ad
670 2679 962 2750 alterum
999 2703 1013 2747 :
1069 2703 1104 2746 «
1146 2684 1225 2748 Et
1275 2690 1373 2759 tu,
1437 2680 1685 2766 inquit,
1722 2702 1880 2749 cum
1927 2680 2148 2752 tribus
2178 2680 2458 2750 feminis
2490 2681 2783 2749 fornica-

241 2771 499 2839 tionem
551 2769 986 2839 commisisti.
1029 2773 1262 2839 Vestro
1323 2768 1600 2854 quidem
1655 2767 1946 2858 imperio
1983 2825 1999 2850 ‚
2051 2768 2236 2856 quod
2288 2768 2479 2837 nullo
2533 2768 2783 2837 sancti-

242 2858 403 2927 tatis
453 2857 696 2927 merito
735 2859 1121 2938 roboratur,
1177 2878 1534 2944 nunquam
1586 2857 1927 2947 egrediar.
1983 2863 2099 2926 Est
2147 2878 2304 2926 vero
2335 2856 2618 2942 quidam
2670 2857 2788 2925 Vir

244 2968 540 3036 magnae
587 2946 774 3036 apud
824 2947 1363 3035 omnipotentem
1408 2950 1621 3015 Deum
1657 2947 1953 3024 virtutis,
2000 2946 2278 3014 nomine
2326 2944 2563 3014 Gallus
2591 2998 2609 3025 ,
2660 2945 2785 3032 qui

247 3057 357 3104 me
389 3034 474 3104 de
514 3035 878 3114 Tuccouia,
931 3035 1054 3105 ubi
1102 3035 1225 3103 diu
1260 3038 1488 3124 optata
1528 3035 1756 3120 quiete
1790 3035 2047 3124 potitus
2087 3055 2268 3113 sum,
2308 3044 2618 3122 potenter
2648 3034 2785 3123 eje-

242 3124 358 3205 cit,
398 3123 776 3210 domosque
818 3146 1006 3194 meas
1045 3123 1378 3193 audenter
1410 3122 1768 3192 destruxit.
1806 3121 2245 3191 Postmodum
2283 3121 2640 3191 inveniens
2674 3143 2783 3191 me

245 3212 433 3302 apud
459 3212 886 3303 Brigantium
917 3224 1485 3302 commorantem,
1514 3211 1752 3281 eadem
1779 3210 2023 3280 virtute
2048 3209 2542 3280 exhaeredavit.
2577 3216 2783 3281 Porro

244 3301 407 3388 quia
451 3305 597 3370 Dux
647 3302 772 3370 iste
810 3322 970 3371 eum
1020 3301 1104 3369 de
1137 3300 1375 3369 eodem
1409 3299 1672 3390 expulit
1702 3301 1874 3380 loco,
1927 3300 1995 3368 in
2046 3298 2376 3368 ultionem
2413 3300 2562 3390 ejus
2596 3299 2780 3389 inju-

189 3460 201 3473 ,
243 3390 388 3458 riae
422 3388 725 3478 puellam
778 3390 979 3459 istam
1017 3388 1325 3478 arripui:
1390 3388 1474 3456 de
1536 3410 1671 3475 qua
1723 3388 2176 3478 possessione,
2222 3388 2352 3457 nisi
2404 3389 2550 3479 ipse
2583 3388 2782 3457 adve-

244 3478 447 3557 nerit,
493 3476 892 3546 nullatenus
955 3478 1408 3546 amovebor.»
1459 3481 1652 3546 Unus
1713 3476 1961 3546 deinde
1995 3476 2397 3566 pontificum
2448 3476 2635 3546 dedit
2679 3476 2786 3545 fu-

246 3566 422 3636 renti
458 3565 757 3655 alapam,
802 3565 1073 3635 dicens:
1111 3588 1146 3631 «
1184 3566 1612 3644 obmutesce,
1653 3570 1923 3646 Satana,
1963 3563 2265 3635 desertor
2298 3566 2621 3645 veritatis,
2657 3564 2786 3634 fal-

247 3655 470 3726 sitatis
503 3667 768 3722 amator
813 3666 877 3723 et
924 3667 1185 3723 auctor.
1222 3677 1259 3720 »
1294 3655 1561 3723 Putavit
1607 3656 1794 3723 enim
1842 3676 2001 3724 eum
2036 3654 2121 3723 de
2154 3653 2522 3745 gallinacio
2556 3654 2785 3724 dicere

249 3744 457 3835 gallo.
516 3747 594 3811 Et
640 3742 807 3811 dum
861 3743 1145 3832 spiritus
1195 3762 1492 3829 nequam
1559 3742 1880 3832 pluribus
1928 3764 2044 3812 eos
2093 3744 2455 3813 verborum
2510 3743 2786 3832 injuriis

247 3833 590 3903 affecisset
621 3885 643 3911 ,
715 3842 1119 3901 manserunt
1166 3831 1261 3901 ibi
1311 3831 1536 3902 tribus
1584 3844 1846 3902 tantum
1914 3831 2201 3902 diebus:
2252 3853 2332 3900 ac
2400 3830 2559 3899 dein
2613 3852 2649 3900 e
2697 3830 2783 3900 ad

244 3944 371 3991 sua
420 3920 694 4000 reversi,
750 3919 1257 4006 nunciaverunt
1292 3920 1549 4000 omnia,
1587 3942 1764 4007 quae
1805 3932 1995 4010 gesta
2027 3919 2320 3997 fuerant,
2363 3920 2555 4010 Regi.

335 4012 372 4097 ξ
418 4013 569 4081 16.
635 4008 992 4096 Presbyter
1045 4030 1203 4078 vero
1247 4031 1407 4078 cum
1448 4009 1830 4078 secundum
1859 4009 2240 4096 jussionem
2282 4009 2507 4089 Ducis,
2548 4008 2781 4078 Virum

247 4099 366 4166 Dei
395 4097 638 4168 fuisset
667 4119 704 4166 e
729 4097 1015 4187 vestigio
1041 4109 1474 4186 prosecutuS,
1506 4097 1757 4187 reperit
1786 4118 1943 4166 eum
1978 4098 2049 4165 in
2085 4096 2439 4186 spelunca,
2469 4097 2784 4166 animum

248 4207 456 4254 suum
510 4184 821 4256 lectionis
881 4185 1347 4256 consolatione
1415 4197 1980 4275 pascentem;.et
2028 4185 2401 4266 accedenS,
2469 4185 2788 4255 salutavit
2879 4186 2883 4189 ’

249 4272 632 4355 humiliter,
686 4288 750 4344 et
797 4274 967 4344 dixit
1015 4274 1099 4343 ad
1147 4297 1346 4345 eum:
1393 4297 1428 4340 «
1471 4280 1562 4344 Ne
1632 4275 1910 4355 timeas,
1965 4295 2155 4343 serve
2197 4274 2334 4355 Dei,
2390 4273 2473 4342 ad
2528 4279 2782 4343 Ducem

250 4362 508 4430 venire.
549 4363 689 4433 Sub
741 4365 1212 4434 testificatione
1259 4364 1443 4433 enim
1502 4356 1952 4453 'urisJ’urandi
2003 4362 2341 4453 promisit,
2399 4385 2471 4432 se
2521 4362 2787 4432 nullam

258 4448 382 4517 tibi
454 4453 916 4540 irrogaturum
978 4452 1333 4541 injuriam.
1387 4386 1515 4522 Sed
1575 4463 1641 4522 et
1686 4474 1846 4522 cum
1896 4453 2211 4542 posueris
2260 4474 2542 4521 manum
2595 4463 2785 4521 tuam
