3347 4999
206 363 377 431 OCT.
428 363 511 428 24
825 379 905 425 mi
955 377 1012 426 s.
1064 377 1314 424 Annum
1361 376 1551 423 nar.
1605 376 1682 423 131·
1730 373 1929 423 socus
1977 374 2127 424 mus
2530 358 2660 423 693

296 474 335 548 ἓ
385 467 535 537 ²8.
590 467 942 534 Caeterum
986 461 1085 532 illi
1122 460 1402 549 quidem
1445 483 1602 531 cum
1644 459 1902 530 multos
1936 458 2084 530 dies
2124 460 2253 530 iter
2279 460 2602 531 fecissent
2633 481 2753 552 per

207 555 354 625 loca
387 554 581 623 arida
615 566 679 622 et
713 552 1008 622 transitu
1047 550 1383 631 difficilia,
1421 570 1661 619 omnes
1700 549 2134 631 interierunt,
2179 562 2257 620 ut
2288 550 2408 638 qui
2443 571 2568 619 nec
2600 572 2752 639 per·

206 643 434 713 venire
483 643 567 712 ad
618 641 1068 723 Homeritam,
1122 661 1249 709 nec
1310 637 1397 709 ad
1440 639 1789 730 regionem
1841 660 2041 708 suam
2095 638 2441 728 potuerint
2488 638 2736 709 redire.

205 739 340 803 Rex
390 744 618 802 autem
661 752 820 800 cum
863 730 1011 819 jam
1059 740 1237 799 esset
1285 727 1737 819 navigaturus
1778 782 1793 807 ‚
1847 727 2032 797 venit
2078 727 2165 796 ad
2217 727 2599 818 templum,
2657 727 2741 798 ad

205 822 406 911 cujus
457 821 635 890 sores
683 819 872 909 regia
912 831 1131 899 veste,
1186 817 1480 903 aliisque
1528 816 1855 908 insigniis
1914 817 2190 907 imperii
2238 816 2595 907 depositis,
2651 817 2754 886 in-

205 932 486 1000 gressus
535 909 817 997 quidem
869 919 971 977 est
1018 907 1085 976 in
1142 906 1407 996 privato
1454 905 1739 976 habitu:
1819 918 2010 976 stans
2059 918 2287 975 autem
2336 926 2416 975 ex
2465 905 2753 975 adverso

205 1021 396 1080 arae,
452 1020 611 1067 cum
666 1002 877 1066 Deum
933 995 1230 1066 multum
1295 1008 1590 1076 orasset,
1643 1006 1709 1064 et
1771 994 1949 1064 sacta
1996 994 2083 1063 ab
2132 994 2283 1086 ipso
2334 995 2402 1062 in
2454 998 2755 1084 Aegypto

206 1086 548 1157 miracula
596 1098 800 1173 atque
836 1085 905 1154 in
958 1085 1105 1176 ipsa
1142 1084 1515 1154 solitudine
1543 1105 1667 1185 pro
1707 1083 2059 1163 Hebraeis,
2092 1083 2162 1152 in
2208 1083 2610 1153 memoriam
2650 1104 2755 1152 re-

206 1189 556 1247 vocasset:
610 1197 646 1241 «
685 1174 820 1255 llli,
868 1174 1163 1254 dicebat,
1218 1172 1501 1243 fuerunt
1544 1173 1800 1265 ingrati
1836 1173 1903 1242 in
1950 1185 2011 1241 te
2058 1171 2587 1254 benefactorem,
2639 1193 2757 1240 ne-

205 1286 340 1353 que
373 1264 479 1334 illi
513 1264 766 1344 solum,
821 1263 936 1333 sed
989 1263 1038 1332 ii
1085 1263 1319 1345 etiam,
1371 1262 1493 1349 qui
1539 1284 1620 1332 ex
1665 1262 1766 1331 eis
1815 1261 1958 1332 nati
2007 1273 2193 1331 sunt.
2237 1267 2336 1331 Tu
2362 1262 2545 1331 enirn
2590 1261 2750 1341 sciS,

209 1354 519 1432 Domine,
574 1373 783 1440 quam
837 1374 909 1424 se
952 1351 1128 1420 male
1178 1352 1515 1443 gesserint
1561 1352 1632 1420 in
1671 1364 1787 1421 tua
1818 1351 2111 1431 civitate,
2152 1362 2231 1420 ut
2261 1351 2382 1437 qui
2417 1348 2752 1441 populum

205 1443 409 1512 illum
464 1463 586 1534 per
632 1440 871 1513 dolum
923 1439 1528 1522 circumvenerint,
1581 1452 1647 1509 et
1693 1438 2063 1510 consilium
2112 1439 2395 1509 inierint
2426 1439 2757 1510 adversus

206 1537 493 1602 Sanctos
543 1542 721 1610 tuos,
767 1543 833 1601 et
895 1530 966 1598 in
1018 1552 1133 1600 eos
1180 1530 1302 1616 qui
1353 1541 1662 1610 restant,
1729 1528 1960 1598 adhuc
2011 1528 2191 1598 mala
2242 1529 2752 1598 machinentur.

205 1619 398 1704 Quod
450 1619 510 1689 si
561 1630 793 1689 nostra
847 1631 1121 1709 peccata
1174 1618 1239 1687 id
1295 1631 1670 1699 merentur,
1727 1617 1847 1687 sed
1898 1639 1983 1687 ne
2033 1631 2104 1687 tu
2146 1639 2272 1688 nos
2323 1616 2553 1688 tradas
2603 1615 2757 1686 illo-

207 1731 365 1779 rum
419 1708 783 1778 manibus:
836 1708 1017 1795 quod
1073 1722 1299 1777 autem
1354 1708 1503 1797 ipse
1538 1706 1857 1788 volueris,
1899 1706 2029 1775 hoc
2061 1719 2362 1797 except0‚
2397 1706 2597 1777 nobis
2627 1706 2757 1773 im-

207 1820 389 1890 pone
438 1796 890 1887 supplicium,
947 1818 1034 1866 ne
1072 1795 1244 1866 forte
1290 1796 1560 1865 dicant:
1601 1797 1879 1866 Ubinam
1926 1806 2024 1865 est
2069 1797 2369 1887 ipsorum
2420 1796 2747 1872 Ckn'stus,

206 1896 486 1978 propter
530 1909 728 1979 quem
756 1888 1169 1978 moriantur,
1227 1895 1288 1955 et
1340 1890 1531 1957 Crux
1562 1887 1709 1976 ejus
1725 1886 1798 1953 5³»
1830 1888 2010 1954 Haec
2041 1907 2200 1954 cum
2241 1897 2559 1974 precatus
2589 1882 2759 1953 fuis—

207 1987 310 2045 set
358 1998 519 2045 cum
573 1975 925 2065 lacrymis,
979 1973 1332 2065 egreditur
1366 1996 1403 2044 e
1453 1973 1732 2063 templo,
1778 1987 1843 2043 et
1888 1996 1925 2043 e
1971 1973 2263 2054 civitate,
2305 1987 2370 2042 et
2399 1972 2484 2042 ad
2520 1993 2754 2060 quem·

212 2064 373 2133 dam
427 2063 848 2135 monachum
886 2119 901 2146 ,
955 2065 1075 2151 qui
1151 2077 1427 2153 propter
1471 2063 1744 2132 virtutis
1792 2062 2253 2152 operationem
2305 2061 2562 2153 dignus
2607 2072 2752 2130 erat

212 2153 521 2233 habitus,
568 2165 647 2222 ut
697 2152 1119 2242 praevideret
1167 2151 1425 2230 futura,
1479 2163 1544 2220 et
1596 2151 1660 2219 in
1705 2163 1999 2242 angusta
2049 2150 2384 2220 turricula
2425 2151 2572 2238 jam
2599 2170 2753 2238 qua·

212 2242 849 2332 dragintaquinque
898 2263 1119 2311 annos
1166 2239 1386 2309 fuerat
1414 2238 1753 2314 inclusus.
1797 2239 2004 2329 pedes
2044 2240 2327 2309 venitin
2362 2239 2600 2309 eodem
2641 2240 2758 2308 ha-

211 2329 365 2399 bitu
402 2384 417 2409 ,
472 2329 556 2399 de
609 2329 869 2420 proelio
928 2330 1428 2399 sciscitaturus.
1498 2328 1734 2398 Attulit
1781 2342 2006 2398 autem
2058 2329 2438 2430 composita
2485 2349 2760 2415 quoque

215 2418 697 2507 thymiamata,
752 2418 821 2486 in
872 2418 1132 2506 quibus
1179 2418 1381 2486 etiam
1427 2439 1675 2487 aurum
1717 2417 2005 2488 latenter
2035 2417 2531 2488 immiscuerat.
2570 2422 2758 2501 Quae

211 2529 372 2577 cum
429 2507 826 2578 tradidisset
896 2507 1094 2587 seni,
1147 2508 1518 2594 quaerebat
1568 2530 1852 2599 preceS,
1908 2520 1974 2576 et
2020 2508 2075 2577 si
2132 2508 2595 2577 nificationem
2648 2529 2759 2576 eo-

209 2618 365 2666 rum
420 2617 597 2683 quae
643 2608 841 2666 erant
904 2609 1254 2666 eventura.
1320 2597 1441 2666 Ille
1507 2611 1779 2678 autem,
1851 2596 2009 2668 dolo
2113 2598 2539 2687 eprehenso,
2593 2618 2752 2665 cum

207 2685 533 2773 quisnam
585 2697 785 2765 esset,
838 2686 1096 2775 optime
1146 2699 1412 2755 nosset:
1466 2708 1502 2752 «
1540 2686 1627 2754 sit
1678 2699 1950 2766 tecum,
2026 2686 2294 2772 inquit,
2352 2690 2568 2764 Deus,
2635 2686 2757 2771 qui

208 2774 415 2845 etiam
487 2785 711 2844 tecum
784 2788 1045 2865 regnat.
1122 2776 1730 2845 verumenimvero
1791 2776 1941 2855 abi,
2012 2775 2325 2843 munitus
2385 2779 2754 2860 Martyrum

209 2862 578 2945 sacrificio,
649 2863 831 2951 quod
897 2868 1073 2934 Deus
1135 2876 1237 2934 est
1283 2864 1646 2946 odoratuS,
1711 2875 1777 2933 et
1838 2862 2160 2954 precibus
2216 2862 2566 2932 Pontificis
2613 2861 2758 2930 Ale·

205 2951 562 3035 xandriae,
600 2965 666 3022 et
698 2952 1025 3043 lacrymis
1071 2953 1347 3022 lustini.
1386 2976 1422 3019 »

299 3043 337 3129 ξ
380 3046 540 3112 80.
596 3046 777 3111 Haec
826 3065 983 3111 cum
1037 3041 1372 3111 audiisset
1405 3041 1764 3121 Elesbaan‚
1796 3051 1861 3109 et
1889 3062 2047 3110 eum
2086 3061 2220 3108 non
2259 3050 2586 3110 tentasset
2609 3059 2756 3107 am-

207 3128 424 3220 pliuS‚
478 3129 957 3201 benedictione
995 3134 1299 3220 accepta,
1355 3130 1526 3200 abiit
1559 3129 1803 3198 laetus.
1857 3133 1935 3198 Et
1981 3151 2140 3199 cum
2186 3127 2512 3216 jussisset
2569 3148 2758 3196 exer·

207 3218 417 3299 citui,
473 3219 874 3289 ne‘serrent
931 3220 1253 3289 viaticum
1310 3219 1678 3309 plusquam
1759 3217 2000 3309 viginti
2058 3218 2328 3286 dierum
2381 3216 2752 3306 navigavit.

208 3306 339 3377 Sed
393 3327 616 3394 neque
667 3307 848 3398 negli
903 3330 1026 3376 ens
1074 3307 1203 3377 fuit
1245 3312 1381 3377 Rex
1428 3307 1966 3376 Homeritarum.
2009 3312 2174 3375 Nam
2208 3306 2356 3397 ipse
2387 3326 2663 3393 quoque
2691 3319 2756 3375 et

207 3395 383 3474 suis,
436 3407 502 3463 et
548 3396 866 3465 auxiliari
925 3419 1010 3465 us
1056 3395 1360 3465 collectis
1409 3394 1652 3484 copiiS,
1710 3394 2132 3483 praesidium
2171 3394 2439 3465 tenebat
2473 3395 2539 3463 in
2580 3406 2755 3463 terra

206 3495 272 3552 et
320 3482 390 3551 in
445 3484 645 3553 mari.
701 3489 947 3554 Verum
985 3506 1143 3554 cum
1184 3483 1298 3552 ille
1336 3484 1737 3564 exercitum,
1777 3484 1893 3571 qui
1930 3485 2174 3554 eratin
2221 3496 2422 3566 terra,
2459 3483 2547 3552 ab
2586 3483 2757 3553 affli-

207 3572 434 3642 ctione
471 3584 538 3641 et
586 3572 927 3642 malorum
981 3573 1422 3663 perpessione
1469 3572 1693 3642 audiit
1756 3574 2064 3663 periisse,
2133 3595 2267 3643 non
2318 3572 2623 3661 amplius
2671 3573 2756 3641 ti-

209 3682 405 3731 mens
464 3660 725 3731 hostem
778 3683 819 3730 a
865 3661 1290 3739 continenti,
1344 3663 1414 3730 in
1467 3662 1609 3731 sola
1664 3664 1877 3732 maris
1943 3662 2345 3732 versabatur
2411 3660 2749 3730 custodia.

206 3756 445 3836 Itaque
492 3750 942 3820 considerans
1011 3750 1585 3840 angustissimum
1653 3772 1802 3821 esse
1849 3750 2146 3829 fretum,
2198 3749 2380 3837 quod
2431 3762 2532 3819 est
2581 3749 2755 3818 inter

205 3840 568 3929 Aethiopes
617 3850 682 3908 et
728 3838 1139 3918 HomeritaS,
1183 3860 1404 3927 neque
1434 3860 1767 3928 superare
1801 3839 2235 3909 latitudinem
2273 3838 2571 3908 duorum
2616 3850 2755 3908 sta-

206 3928 478 3998 diorum
517 3982 532 4009 ,
585 3940 651 3996 et
697 3927 957 4013 alioqui
1008 3928 1260 3997 habere
1320 3929 1524 3998 etiam
1579 3950 1765 4008 saxa,
1825 3928 2062 3998 multis
2113 3928 2181 3996 in
2223 3927 2394 3997 locis
2443 3925 2747 4006 latentia,

207 4037 367 4085 cum
417 4038 694 4108 gravem
731 4016 1019 4086 ferream
1072 4017 1568 4087 construxisset
1613 4029 1953 4098 catenam,
2005 4029 2071 4085 et
2107 4037 2287 4103 quae
2321 4027 2548 4105 posset
2579 4014 2756 4084 ferre

209 4106 342 4172 vim
394 4119 751 4175 ventorum
790 4119 855 4176 et
902 4105 1295 4186 undarum,
1350 4117 1415 4175 et
1461 4126 1611 4174 eam
1676 4106 2006 4191 utrinque
2055 4106 2122 4174 in
2175 4117 2353 4174 terra
2403 4104 2754 4195 alligasset

210 4193 355 4282 ipse
391 4200 702 4275 Dunaan,
763 4206 836 4264 ut
875 4193 1333 4275 existimabat,
1388 4193 1720 4265 Elesbaan
1780 4194 2189 4284 prohibebat
2256 4193 2520 4263 aditum
2560 4248 2575 4275 ,
2629 4193 2747 4263 ubi

207 4282 486 4368 quidem
538 4296 733 4354 erant
768 4284 1053 4354 latentes
1105 4296 1357 4373 petrae,
1412 4282 1781 4373 plumbum
1823 4283 2106 4352 circulis
2169 4296 2446 4352 catenae
2493 4303 2751 4373 appen-

208 4370 404 4449 dens,
457 4384 522 4441 et
568 4372 827 4443 ferrum
878 4371 1139 4442 faciens
1189 4372 1638 4458 requiescere,
1684 4371 1802 4440 ubi
1837 4385 2064 4441 autem
2118 4384 2263 4439 erat
2296 4370 2746 4461 profundum,

207 4458 549 4549 colligans
595 4484 756 4532 cum
810 4461 1019 4552 lignis
1081 4460 1494 4542 levissimis,
1546 4475 1611 4529 et
1681 4460 2049 4531 sublevans
2102 4473 2440 4530 catenam.
2501 4461 2753 4528 Deinde
