3347 4999
707 317 836 384 430
1523 333 1601 379 na
1648 328 1704 378 S.
1758 332 2019 380 russis
2069 332 2237 379 vias.
2845 314 3018 381 OCT.
3078 318 3167 383 -15

618 436 784 501 erat,
819 418 1255 499 admovisset,
1318 417 1386 486 in
1437 438 1517 486 eo
1574 416 1778 486 etiam
1829 417 2134 486 divinam
2178 417 2494 486 virtutem
2530 430 2854 507 expertus
2888 432 3012 501 est,
3054 441 3165 489 re-

620 510 854 581 stituta
893 508 1023 577 sibi
1061 506 1358 597 perfecta
1405 506 1815 575 valetudine.
1853 508 2152 575 loannes
2185 505 2269 574 de
2306 510 2533 595 Leyna
2564 529 2820 597 magno
2850 509 3167 597 gutturis

620 599 857 668 morbo
923 596 1091 666 adeo
1130 594 1582 686 affligebatur,
1645 608 1719 664 ut
1776 595 2005 664 omnis
2066 594 2542 683 respirationis
2590 596 2697 664 via
2731 594 2870 664 fere
2938 596 3163 666 inter-

617 687 809 758 clusa
855 698 1068 766 esset,
1113 686 1398 774 jamque
1448 683 1647 753 morti
1696 684 2054 774 proximus
2112 683 2419 752 animam
2489 684 2769 774 agebat,
2820 706 2986 754 cum
3040 708 3165 756 su-

617 776 914 854 darium,
941 773 1119 862 quod
1152 786 1427 842 sanctae
1457 773 1767 842 Teresiae
1798 771 2040 852 fuerat,
2067 772 2151 841 ad
2188 771 2410 842 morbi
2445 770 2669 840 locum
2700 777 2959 864 magna
2982 796 3160 844 cum

615 866 873 935 fiducia
906 864 1253 953 apposuit,
1291 883 1669 949 somnoque
1706 873 1976 951 captus,
2015 883 2094 930 ac
2130 860 2339 951 paulo
2376 875 2524 950 post
2562 877 3025 950 experrectus,
3078 886 3162 933 se

617 954 876 1024 meritis
907 952 1143 1021 beatae
1172 950 1479 1020 Teresiae
1513 964 1834 1020 curatum
1871 971 2021 1019 esse
2060 962 2337 1040 repente
2368 971 2585 1019 sanus
2612 949 3045 1020 exclamavit.

704 1046 739 1130 ξ
787 1047 938 1115 10.
970 1046 1140 1111 Cum
1206 1040 1418 1129 igitur
1467 1061 1587 1129 per
1648 1038 2009 1109 universas
2059 1038 2203 1128 jam
2255 1051 2490 1128 gentes
2529 1051 2592 1107 et
2644 1039 2958 1109 nationes
2992 1062 3163 1109 san-

612 1132 812 1202 ctitas
844 1130 1149 1199 Teresiae
1177 1127 1663 1208 celebraretur,
1705 1139 1770 1197 et
1798 1148 2040 1197 nomen
2090 1127 2310 1217 ipsius
2341 1126 2433 1196 ad
2482 1127 2969 1198 christifideles
3004 1151 3163 1199 ma—

616 1242 752 1311 gno
801 1219 871 1288 in
908 1219 1163 1288 honore
1209 1230 1408 1297 esset,
1453 1228 1777 1306 operante
1838 1216 2151 1296 Domino,
2210 1237 2330 1306 per
2389 1216 2949 1287 intercessionem
3003 1218 3161 1307 ejus

616 1323 709 1379 tot
744 1305 1110 1388 mirabilia,
1149 1328 1322 1394 quae
1356 1305 1557 1375 etiarn
1595 1305 1662 1373 in
1699 1304 1844 1378 dies
1902 1307 2042 1374 una
2094 1326 2252 1374 cum
2309 1304 2530 1393 ipsius
2562 1305 2999 1375 vfflieratione
3029 1329 3159 1376 au-

615 1397 975 1487 gebantur,
1021 1395 1300 1465 fuerunt
1327 1394 1729 1464 auctoritate
1759 1393 2154 1482 apostolica,
2202 1394 2271 1461 in
2310 1392 2549 1462 multis
2581 1394 2957 1484 Hispan-iae
2994 1417 3155 1484 par-

618 1488 801 1557 tibus
850 1484 1117 1555 formati
1185 1506 1566 1573 processuS,
1638 1505 1719 1551 ac
1770 1482 1860 1550 ad
1926 1497 2230 1552 sanctam
2292 1481 2530 1550 Sedem
2597 1483 3013 1553 transmissi.
3078 1489 3159 1553 Et

615 1575 949 1644 instanter
988 1585 1228 1663 agente
1261 1571 1485 1642 clarae
1526 1572 1897 1640 memoriae
1936 1570 2253 1662 Philippo
2287 1575 2382 1640 111
2412 1571 2788 1658 Hispaniae
2844 1594 3001 1662 rege
3040 1595 3156 1642 ca-

618 1664 890 1743 tholicO,
952 1663 1222 1752 negotio
1269 1674 1406 1729 tam
1470 1661 1539 1729 in
1605 1664 1811 1729 Sacra
1865 1659 2144 1730 Rituum
2213 1659 2771 1749 Congregatione,
2825 1682 3035 1748 quam
3076 1663 3153 1730 in

615 1757 784 1822 Rota
823 1751 1190 1841 diligenter
1242 1750 1581 1829 discusso,
1634 1748 1856 1817 felicis
1914 1747 2409 1817 recordationis
2454 1747 2711 1818 Paulus
2768 1753 2816 1818 V
2872 1751 3158 1839 praede—

615 1863 843 1911 cessor
895 1852 1121 1909 noster
1181 1837 1490 1916 indulsit,
1548 1849 1625 1907 ut
1678 1837 1747 1905 in
1810 1837 1966 1926 eJus
2028 1837 2354 1907 honorem
2409 1850 2755 1923 tamquam
2811 1837 2896 1907 de
2946 1840 3149 1908 Beati

613 1930 889 2019 Virgine
921 1928 1232 1996 divinum
1269 1924 1573 1995 officium
1605 1926 1681 1994 in
1714 1939 1853 1996 toto
1910 1924 2197 1995 fratrum
2236 1924 2848 1996 Carinelitanorum
2894 1927 3150 1996 omine

615 2031 841 2108 posset
874 2015 1226 2086 celebrari.
1263 2020 1573 2101 Cumque
1601 2013 1787 2083 idem
1829 2014 2191 2105 Philippus
2226 2036 2339 2083 rex
2374 2014 2617 2083 iterum
2652 2013 2835 2103 apud
2879 2016 3152 2105 praedi-

615 2123 798 2176 ctum
829 2104 1118 2175 Paulum
1154 2102 1472 2173 similiter
1509 2102 2098 2193 praedecessorem
2132 2116 2440 2172 nostrum
2478 2124 2602 2192 pro
2634 2104 3153 2175 canonizatione

613 2201 684 2264 B.
732 2193 1021 2294 virginis
1074 2192 1378 2261 Teresiae
1430 2192 1912 2282 supplicasset,
1977 2192 2155 2261 idem
2198 2191 2451 2261 Paulus
2508 2191 2753 2260 iterum
2794 2195 3150 2283 negotium

614 2283 961 2352 commisit
995 2280 1480 2351 Cardinalibus
1523 2286 1772 2351 Sacrae
1816 2281 2101 2351 Rituum
2150 2284 2376 2369 Coagr
2463 2279 2737 2360 ationiS,
2776 2282 2899 2367 qui
2942 2304 3149 2352 novos

615 2392 976 2461 processus
1025 2370 1424 2439 auctoritate
1472 2370 1847 2460 apostolica
1895 2368 2362 2439 conficiendos
2466 2382 2889 2449 ecreverunt,
2940 2385 3152 2458 atque

613 2460 696 2530 ad
733 2458 798 2528 id
833 2480 1090 2529 munus
1204 2457 1584 2561 regendum
1620 2459 1839 2529 bonae
1870 2458 2238 2529 memoriae
2262 2456 2686 2528 Bernardum
2718 2458 3147 2530 cardinalem

613 2549 696 2618 de
734 2554 953 2637 Royas
1001 2571 1115 2618 arc
1175 2548 1596 2637 iepisoopum
1647 2547 2073 2629 wolstanum,
2106 2563 2183 2617 et
2224 2546 2649 2616 venerabiles
2710 2546 2955 2617 fratres
2992 2550 3148 2639 epi-

612 2660 855 2727 scopos
903 2636 1310 2708 Abulcnsem
1362 2649 1427 2706 et
1477 2636 2037 2706 Salmaticensem
2102 2636 2346 2705 eandem
2409 2635 2812 2706 auctoritate
2858 2636 3155 2728 depun—

609 2742 793 2808 runt‚
838 2728 983 2814 qui,
1033 2748 1197 2797 cum
1270 2725 1634 2815 diligenter
1696 2725 1781 2794 de
1833 2723 2151 2795 mandato
2178 2725 2454 2815 negotio
2505 2723 2843 2814 poefuncti
2876 2741 3137 2805 essent,

609 2817 843 2886 omnia
881 2828 1032 2885 acta
1079 2813 1302 2884 eidem
1351 2813 1561 2884 Paulo
1615 2819 1660 2881 V
1712 2814 2218 2904 praedecessori
2284 2825 2515 2883 nostro
2580 2815 3140 2885 transmiserunt.

612 2906 739 2988 Qui
792 2904 1010 2974 tribus
1058 2902 1411 2993 apostolici
1463 2901 1696 2991 palatii
1731 2924 2096 2972 causarum
2146 2901 2582 2972 auditoribus
2618 2903 2985 2972 Francisoo
3033 2925 3149 2972 ar-

606 2993 1044 3083 chiepiscopo
1094 2997 1511 3063 Damasceno
1562 2991 2076 3071 locumtenenti,
2150 3013 2336 3059 nunc
2387 2995 2452 3060 S.
2509 2996 2586 3060 R.
2642 2997 2711 3059 E.
2760 2991 3140 3070 cardinali,

607 3082 859 3152 Joanni
907 3082 1248 3170 Baptistae
1296 3081 1582 3150 Coccino
1629 3079 1914 3160 decan0,
1979 3093 2045 3149 et
2092 3079 2435 3169 Alphonso
2485 3079 2899 3150 Manzanedo
2956 3079 3151 3151 dedit

608 3171 681 3239 in
731 3171 1114 3250 mandatis,
1165 3183 1243 3240 ut
1289 3173 1565 3240 summa
1604 3191 1763 3238 cum
1800 3169 1922 3238 dili
1976 3168 2160 3238 entia
2208 3167 2390 3237 dicta
2437 3181 2588 3237 acta
2634 3169 3138 3250 examinarent,

608 3273 695 3340 et,
751 3281 928 3346 quae
974 3280 1212 3327 eorum
1253 3258 1589 3327 sententia
1622 3268 1820 3338 esset,
1872 3280 1911 3326 a
1997 3257 2225 3346 ipsum
2271 3255 2618 3326 referrent.
2658 3257 2785 3339 Qui
2814 3258 3150 3330 omnibus

611 3360 956 3427 accurate,
1038 3359 1236 3436 prout
1308 3347 1401 3415 rei
1474 3346 1877 3435 magnitudo
1949 3345 2370 3435 postulabat,
2495 3346 2838 3434 erpensia
2914 3346 3145 3416 eidem

608 3434 820 3504 Paulo
867 3439 916 3502 V
970 3434 1469 3523 praedecessori
1520 3434 1924 3514 retulerunt,
1986 3434 2182 3524 plene
2244 3434 2414 3521 justi
2444 3434 2614 3503 icari
2664 3435 2836 3503 vitae
2884 3436 3146 3504 sancti-

610 3538 839 3600 tatem,
894 3545 973 3591 ac
1015 3522 1356 3592 ‘miracula
1405 3524 1638 3592 beatae
1696 3523 1983 3623 virginis
2048 3523 2390 3603 Teresiae,
2444 3523 2813 3609 omniaque
2868 3523 3150 3593 abunde
3234 3563 3243 3574 ·

610 3626 967 3691 constare,
1033 3632 1208 3698 quae
1275 3634 1393 3700 pro
1454 3613 1968 3680 canonizatione
2026 3611 2336 3699 ejusdem
2387 3634 2426 3680 a
2474 3612 2690 3681 sacris
2752 3612 3150 3683 canonibus

607 3702 1077 3788 requiruntur,
1124 3721 1455 3789 posseque
1489 3700 1572 3768 ad
1610 3699 1931 3770 ulteriora
1972 3700 2271 3790 procedi.

511 3808 516 3814 ’
698 3798 735 3872 ἓ
787 3794 915 3862 n.
975 3794 1189 3876 thue
1236 3793 1315 3858 ea
1365 3789 1777 3869 maturitate,
1830 3811 2004 3876 quae
2052 3811 2193 3857 rem
2248 3803 2502 3858 tantam
2577 3788 2883 3870 decebat,
2938 3812 3151 3881 nego·

608 3878 777 3948 tium
846 3879 1355 3969 transigeretur,
1410 3877 1589 3946 idem
1659 3878 1914 3946 Paulus
1971 3877 2238 3946 dilectis
2309 3877 2472 3946 filiis
2524 3878 2772 3949 nostris
2823 3883 2887 3947 S.
2928 3884 3007 3948 R.
3062 3885 3139 3949 E.

603 3968 1079 4038 Cardinalibus
1108 3967 1330 4037 Sacris
1363 3966 1634 4037 Ritibus
1677 3965 2030 4056 praefectis
2056 3965 2417 4048 ordinavit,
2458 3979 2532 4035 ut
2561 3966 2946 4056 praedictos
2980 3989 3146 4057 pro-

606 4078 841 4126 cessus
888 4055 1631 4146 quamdiligentissime
1700 4078 1943 4125 rursus
2004 4055 2443 4144 inspicerent,
2496 4078 2575 4124 ac
2616 4056 2701 4124 de
2743 4057 2876 4125 tota
2923 4061 3146 4128 causa

605 4158 922 4214 accurate
969 4158 1479 4235 cognoscerent.
1512 4148 1678 4214 Cum
1713 4166 1867 4212 vero
1914 4142 2093 4213 idem
2139 4144 2393 4215 Paulus
2440 4143 2787 4213 humanae
2838 4147 3153 4234 peregri-

605 4233 906 4304 nationis
956 4234 1129 4302 viam
1182 4233 1683 4322 complevisset,
1740 4253 1999 4318 nosque
2047 4232 2293 4322 (nullis
2345 4232 2499 4302 licet
2549 4233 2797 4302 nostris
2846 4234 3153 4337 meritis)

605 4322 750 4392 sola
798 4321 1069 4391 divinae
1119 4322 1373 4412 gratiae
1421 4321 1817 4411 dignatione
1866 4321 1947 4390 ad
2002 4321 2339 4391 Ecclesiae
2395 4320 2868 4411 gubernacula
2914 4337 3148 4394 vocati

604 4432 947 4492 essemuS‚
1017 4410 1100 4480 ad
1169 4423 1669 4502 augumentum
1721 4409 1936 4479 divini
2008 4410 2289 4482 honoris
2335 4422 2399 4481 et
2460 4422 2732 4483 sanctae
2794 4409 3149 4483 Ecclesiae
