3347 4999
183 368 355 433 OCT.
411 368 495 432 24
903 385 983 431 na
1028 383 1081 431 s.
1135 383 1450 431 newiuo
1498 383 1760 432 nonensi
1809 382 2005 432 ausc.
2504 371 2633 436 675

181 470 533 560 sexaginta
596 469 820 550 duos,
890 490 1143 556 eosque
1203 468 1340 537 vita
1400 481 1465 538 et
1525 467 1836 537 doctrina
1908 489 2033 537 sua
2079 470 2417 553 eruditos,
2478 478 2608 543 Deo
2653 486 2720 545 et

177 559 436 629 sanctis
500 558 651 649 ejus
698 557 970 628 debitae
1031 557 1377 627 servitutis
1431 555 1658 627 officia
1710 571 2055 648 praestare
2113 558 2369 630 docuit.
2423 561 2716 643 Qualem

175 660 405 717 autem
451 647 599 737 ipse
645 668 725 716 eo
787 647 856 714 in
909 646 1059 716 loco
1118 667 1190 715 se
1249 646 1666 735 praebuerit,
1710 645 2103 733 quibusque
2149 647 2522 720 virtutibus
2568 652 2717 720 eni-

177 736 406 817 tuerit,
464 734 703 805 nullus
750 734 950 804 facile
1003 733 1296 804 dicendo
1349 735 1562 824 possit
1609 734 1981 821 consequi:
2036 756 2161 804 nos
2218 735 2303 806 de
2339 737 2490 824 ejus
2559 761 2718 809 san-

172 825 479 895 ctissima
529 823 1046 894 conversatione
1097 845 1312 915 pauca
1366 836 1634 892 tantum
1676 824 2404 897 commemorabimus,

259 917 298 1001 ξ
346 917 426 985 S.
480 914 576 983 Ab
610 915 762 1004 ipso
815 913 1051 982 matris
1100 925 1293 982 utero
1342 912 1506 981 vixit
1560 912 2019 988 castissimus,
2077 913 2489 1004 virginitatis
2547 937 2713 986 con-

171 1002 550 1073 servandae
598 1000 1175 1072 studiosissimus,
1230 1006 1410 1070 Pane
1457 1001 1863 1070 vescebatur
1924 1001 2301 1072 hordeaceo
2365 1016 2431 1073 et
2493 1005 2716 1075 viliori

173 1091 551 1183 legumine,
602 1111 822 1178 eoque
876 1112 1098 1180 parce.
1152 1093 1407 1173 Quarta
1475 1092 1764 1160 etsexta
1831 1089 1998 1159 seria
2051 1111 2331 1181 prorsus
2374 1092 2545 1162 nihil
2598 1117 2716 1165 su-

175 1182 406 1251 mebat
452 1180 636 1249 cibi:
687 1183 933 1267 quarta
979 1179 1258 1266 quidem
1310 1178 1478 1248 feria
1509 1179 1565 1257 *‚
1620 1177 1806 1265 quod
1878 1192 2019 1247 tum
2091 1180 2289 1269 impii
2335 1182 2579 1252 ,ludaei
2643 1183 2713 1252 in

174 1291 414 1339 necem
472 1268 736 1338 Domini
785 1268 947 1337 lesu
986 1268 1518 1357 conspirarunt:
1574 1270 1759 1336 sexta
1797 1280 2049 1347 autem,
2096 1270 2279 1355 quod
2316 1292 2473 1340 eum
2512 1272 2713 1342 Cruci

172 1358 564 1427 affixerunt.
603 1361 885 1426 Carnem
940 1379 1134 1426 suam
1189 1369 1516 1446 perpetuo
1562 1355 1770 1425 cilicii
1824 1378 1956 1425 usu
2019 1359 2429 1429 macerabat.
2487 1365 2714 1431 Vestes

172 1446 542 1518 exteriores
596 1446 840 1516 habuit
887 1466 1011 1514 nec
1059 1444 1433 1514 admodum
1501 1444 1689 1525 vileS,
1756 1466 1876 1513 nec
1946 1466 2110 1514 sane
2161 1448 2527 1535 pretiosaS‚
2591 1450 2707 1518 sed

175 1535 581 1613 mediocres,
627 1548 704 1604 ut
752 1534 1095 1603 humanos
1142 1532 1525 1623 applausus
1569 1547 1634 1602 et
1682 1533 2038 1623 gloriolam
2090 1534 2490 1617 declinaret,
2530 1558 2709 1625 quae

168 1640 270 1694 est
320 1637 633 1693 aeternae
683 1622 920 1692 mortis
964 1622 1378 1713 muscipula.
1432 1627 1593 1692 Toto
1640 1642 1721 1690 eo
1756 1637 2082 1711 tempore,
2125 1645 2266 1710 quo
2303 1624 2535 1696 relicta
2589 1632 2712 1697 Do·

171 1713 347 1783 lensi
383 1711 708 1789 Ecclesia,
744 1711 1186 1781 solitudinem
1223 1711 1522 1799 expetiit,
1568 1733 1690 1779 nec
1719 1711 1981 1789 vinum,
2021 1734 2145 1781 nec
2179 1713 2464 1782 siceram
2505 1714 2700 1785 bibit.

172 1801 539 1890 Perpaucis
588 1814 813 1869 autem
866 1798 1221 1900 pisciculis
1268 1799 1515 1869 diebus
1545 1799 1972 1869 solemnibus
2020 1799 2372 1870 dumtaxat
2422 1801 2627 1890 idque
2669 1826 2710 1874 a

172 1889 532 1960 monacbis
579 1889 699 1958 reli
757 1889 921 1957 iosis
979 1902 1044 1958 et
1091 1888 1362 1958 divinae
1421 1889 1984 1977 contemplationi
2055 1889 2306 1961 deditis
2371 1906 2697 1974 coactuS,

170 2001 295 2065 pro
365 1979 635 2069 magnis
743 1976 964 2047 eliciis
1030 1978 1448 2047 vescebatur.
1502 1982 1666 2046 Cum
1731 1978 1975 2046 caeteri
2042 1976 2284 2047 fratres
2349 1982 2709 2052 nocturnis

171 2068 360 2136 horis
414 2067 721 2136 membra
752 2066 960 2153 quieti
997 2065 1261 2146 darent,
1306 2065 1420 2134 ille
1465 2065 1641 2134 clam
1683 2065 2051 2153 recipiebat
2097 2065 2182 2134 ad
2238 2069 2451 2137 maris
2479 2090 2698 2152 oram,

171 2155 452 2239 illicque
499 2175 719 2242 usque
751 2155 833 2223 ad
875 2155 1088 2224 noctis
1143 2176 1397 2242 preceS.
1458 2175 1633 2239 quas
1682 2154 2054 2245 Matutinas
2087 2170 2353 2233 vocant,
2418 2159 2704 2249 pervigil

173 2244 537 2313 Dominum
571 2243 828 2313 orabat.
886 2243 1160 2312 Multam
1195 2243 1278 2312 ad
1316 2244 1542 2331 ipsum
1587 2242 2116 2312 adventantibus
2168 2245 2701 2333 hospitalitatem

169 2344 489 2423 prompto
536 2334 769 2401 animo
815 2332 1198 2412 exhibebat;
1253 2332 1477 2399 sciens
1530 2331 1862 2418 scriptum
1913 2354 2100 2401 esse:
2159 2336 2462 2404 Hilarem
2511 2337 2706 2406 dato-

167 2445 307 2491 rem
340 2421 572 2512 diliyit
610 2426 782 2490 Deus
824 2422 920 2512 (2.
982 2426 1126 2492 Cor.
1180 2419 1296 2509 ix).
1360 2420 1655 2506 Denique
1697 2436 1770 2488 ut
1819 2419 2033 2489 multa
2088 2423 2325 2511 paucis
2386 2424 2703 2515 expedia-

168 2533 348 2589 mus,
408 2510 599 2580 nulla
651 2532 783 2580 non
837 2512 1084 2580 virtute
1131 2523 1415 2579 ornatus
1464 2507 1616 2578 suit.

252 2603 289 2688 §
327 2604 422 2669 9.
477 2600 734 2670 Accidit
763 2599 1201 2687 quandoque,
1255 2612 1333 2668 ut
1363 2598 1646 2685 quidam
1682 2620 1762 2667 ex
1813 2598 2094 2668 famulis
2140 2602 2316 2691 eJus,
2368 2603 2585 2689 pisces
2627 2604 2695 2672 in

164 2711 339 2759 usus
380 2687 670 2758 fratrum
723 2689 791 2757 in
845 2689 1019 2756 mari
1065 2688 1521 2778 capientibus,
1564 2688 1632 2755 in
1677 2708 1893 2774 aquas
1943 2687 2180 2777 lapsus
2223 2690 2702 2761 suffocaretur.

160 2783 302 2847 Non
348 2778 544 2847 latuit
591 2800 669 2847 ea
710 2798 817 2847 res
867 2777 1143 2846 beatum
1179 2776 1428 2846 virum.
1470 2780 1707 2862 Itaque
1758 2775 2052 2845 multum
2097 2777 2274 2847 flens
2302 2792 2366 2848 et
2398 2779 2699 2867 ejulans,

160 2867 330 2937 dicit
378 2890 451 2935 se
499 2888 687 2936 reum
761 2866 999 2935 mortis
1069 2865 1302 2934 illius:
1377 2886 1669 2951 moxque
1740 2864 2086 2953 adiunctis
2146 2866 2276 2936 sibi
2342 2867 2693 2950 fratribuS,

161 2959 297 3025 tota
344 2956 457 3024 die
504 2976 735 3024 coram
785 2954 983 3024 altari
1036 2966 1435 3044 prostratus,
1504 2954 1817 3022 obsecrat
1866 2956 2258 3035 Dominum,
2303 2978 2385 3025 ne
2424 2958 2707 3047 propter

164 3044 468 3114 bominis
519 3043 707 3113 illius
755 3044 1102 3116 interitum
1170 3043 1237 3110 in
1301 3066 1373 3112 se
1432 3041 1739 3110 effundat
1801 3040 2100 3110 furorem
2155 3066 2386 3113 suum.
2444 3046 2702 3132 Deinde

158 3146 526 3222 postquam
576 3133 678 3202 sol
726 3133 1073 3211 occubuit.
1112 3152 1268 3200 cum
1316 3129 1675 3199 monachis
1726 3130 1999 3201 litanias
2031 3143 2096 3199 et
2133 3132 2435 3221 psalmos
2468 3136 2701 3205 conci-

163 3223 489 3293 nentibus
536 3221 620 3289 ad
673 3220 836 3291 litus
874 3221 1083 3290 maris
1129 3218 1414 3298 accedit,
1455 3229 1981 3308 prosternesque
2030 3241 2124 3301 se,
2164 3242 2325 3291 cum
2372 3223 2705 3313 lacrymis

162 3325 353 3401 rogat
405 3311 796 3389 Dominum,
836 3322 914 3379 ut
964 3310 1059 3379 vel
1129 3320 1471 3377 mortuum
1524 3306 1656 3377 sibi
1708 3306 1998 3377 reddant
2035 3309 2286 3390 undae,
2342 3333 2548 3398 quem
2601 3313 2703 3382 vi-

162 3422 320 3468 vum
371 3399 893 3468 absorbuerant.
951 3397 1187 3466 Finitis
1229 3396 1572 3486 precibuS,
1630 3418 1817 3465 mare
1861 3413 2250 3467 tumescens
2282 3401 2533 3470 evomit
2573 3401 2699 3471 ho·-

160 3489 445 3565 minem‚
488 3486 681 3575 prius
728 3486 1006 3573 quidem
1038 3486 1437 3563 extinctum,
1491 3497 1559 3552 at
1603 3506 1788 3554 nunc
1841 3484 2043 3574 plane
2076 3486 2487 3558 redivivum.
2534 3494 2704 3561 Sen-

158 3576 333 3645 tiens
366 3577 482 3644 Vir
516 3575 628 3643 Dei
677 3597 749 3643 se
799 3588 931 3644 tam
986 3573 1358 3644 liberaliter
1403 3572 1803 3642 exauditum
1851 3596 1890 3643 a
1939 3574 2220 3644 Domino
2264 3578 2692 3651 sacrificium

154 3664 218 3733 ei
250 3665 466 3746 offert,
526 3661 1020 3752 polliceturque
1068 3686 1139 3732 se
1191 3674 1464 3752 propter
1511 3662 1701 3731 illam
1756 3661 2060 3732 hominis
2109 3676 2420 3745 mortem,
2461 3668 2696 3755 cujus,

155 3765 228 3821 ut
287 3753 615 3831 diximuS‚
673 3773 863 3820 reum
928 3774 997 3821 se
1045 3751 1532 3831 arbitrabatur,
1590 3749 1861 3820 nullum
1933 3773 2237 3838 unquam
2311 3754 2570 3843 piscem
2624 3756 2693 3824 in

155 3842 388 3912 cibum
442 3852 915 3930 sumpturum.
986 3856 993 3861 '

240 3932 277 4017 ξ
328 3934 480 4003 lo.
536 3935 702 3999 Cum
744 3930 844 3998 sic
890 3941 1116 3999 autem
1178 3928 1564 3999 innumeris
1612 3926 1899 3996 clareret
1953 3928 2320 3998 virtutibus
2368 3941 2432 3999 et
2482 3931 2691 4000 mira-

153 4019 469 4088 culorum
522 4018 764 4109 signiS‚
818 4017 1081 4088 obitum
1118 4040 1323 4088 suum
1376 4018 1576 4118 longe
1609 4030 1767 4085 ante
1819 4018 2202 4104 praescivit.
2256 4023 2421 4088 Nam
2472 4019 2693 4107 pridie

153 4103 297 4192 ejus.
345 4109 504 4189 diei,
558 4130 696 4195 quo
742 4120 1177 4177 sacrosancta
1207 4106 1559 4176 Pascbatis
1615 4104 2014 4175 solemnitas
2060 4105 2541 4176 celebrabatur
2589 4107 2693 4179 illi

156 4192 221 4258 in
260 4197 512 4285 templo
549 4218 734 4266 more
783 4218 908 4265 suo
958 4210 1151 4265 nocte
1199 4196 1257 4263 vi
1318 4194 1535 4273 ilanti‚
1590 4192 1887 4282 Angelus
1939 4194 2208 4263 Domini
2268 4194 2692 4267 candidissi-

156 4300 314 4351 mus
376 4286 717 4377 apparuit,
786 4286 1017 4372 aitque
1084 4283 1187 4352 illi
1274 4282 1718 4353 amiliariter:
1775 4306 1809 4348 «
1880 4287 2121 4352 Sancte
2195 4284 2511 4375 Maglori,
2565 4308 2699 4377 age

210 4497 234 4514 ³
266 4496 477 4539 Sole-mne
496 4504 595 4541 erat
615 4503 855 4543 monachis
878 4499 1086 4552 antiquis
1100 4502 1334 4552 jejunium
1353 4504 1547 4550 quartae
1568 4501 1729 4550 seriae,
1746 4507 1799 4543 ut
1817 4502 1980 4545 videre
1998 4503 2110 4547 licet
2130 4506 2183 4546 tn
2202 4502 2415 4554 ipsorum
2434 4498 2642 4552 Regalis.
