3347 4999
779 291 909 356 672
1402 307 1481 354 nn
1527 309 1582 354 s.
1637 305 1951 354 insomnio
1998 306 2259 355 unumst
2307 305 2506 355 truse.
2923 289 3127 355 oeT.
3169 294 3260 357 -24

695 391 840 462 illic
886 392 1198 472 aderant,
1252 390 1441 460 brevi
1489 390 1750 460 scilicet
1782 388 1976 459 illum
2029 391 2468 467 moriturum.
2506 412 2666 460 cum
2703 390 2928 461 multo
2978 391 3260 474 eiulatu

688 481 1015 551 dixerunt
1060 480 1144 549 ad
1193 502 1398 550 eum:
1453 502 1488 546 «
1525 485 1658 549 Cur
1706 499 1852 555 nos,
1911 492 2099 568 pater
2144 495 2399 560 sancte,
2443 480 2727 560 deseris,
2768 495 2892 549 aut
2934 483 3126 568 quid
3175 482 3254 551 ita

693 592 822 639 nos
868 568 1341 655 derelinquis?
1380 595 1406 632 ι
1460 567 1728 651 Quibus
1771 567 1891 636 ille
1922 568 2056 637 ait:
2111 589 2150 635 «
2183 567 2438 648 Nolite,
2481 567 2721 637 fratres
2773 570 2936 648 mei.
2986 572 3255 640 coiitri-

692 659 898 728 stari:
941 658 1282 727 facessant
1316 657 1480 727 istae
1531 657 1899 746 lacrymae.
1953 656 2134 725 Elias
2176 656 2431 727 bonum
2488 671 2636 745 post
2674 678 2747 726 se
2796 656 3101 744 reliquit
3155 660 3256 729 di·

691 746 1041 837 scipulum
1094 746 1434 816 Eliseum:
1475 766 1604 836 ego
1654 745 1844 815 vobis
1890 744 2296 836 maglorium
2368 744 2704 831 relinquo,
2757 768 2796 815 a
2860 751 3004 816 Deo
3059 750 3252 818 vobis

686 835 956 917 datum,
1009 835 1127 923 qui
1176 857 1213 903 a
1254 835 1496 924 primis
1541 834 1783 903 aetatis
1833 833 2047 903 initiis
2086 856 2400 903 summae
2451 835 2804 924 religionis
2837 851 2905 903 et
2961 853 3249 906 sanctae

684 927 1111 1025 operationis
1143 923 1475 1013 exemplis
1524 923 1815 993 illustris
1862 921 2012 992 fuit.
2050 945 2087 989 »
2135 923 2258 991 His
2287 923 2516 998 dictis,
2557 925 2622 991 in
2664 925 3068 1013 praesentia
3100 949 3241 996 om-

691 1035 887 1083 nium
937 1027 1173 1084 sancta
1232 1025 1623 1083 sanctorum
1652 1065 1669 1091 ‚
1716 1011 1782 1081 id
1831 1024 1956 1091 est,
2009 1025 2512 1081 sacrosanctam
2564 1012 3089 1082 Eucharistiam
3135 1037 3244 1085 su·

691 1124 929 1184 mena,
1000 1123 1324 1172 coronam
1386 1101 1739 1189 justitiae,
1810 1122 1989 1187 quae
2031 1100 2092 1167 ei
2146 1102 2439 1188 reposita
2504 1114 2682 1182 erat,
2736 1120 3236 1192 percepturus,

688 1190 861 1261 abiit
892 1190 975 1260 ad
1020 1190 1323 1260 sidereas
1357 1192 1591 1260 beatae
1639 1187 1900 1280 patriae
1950 1189 2365 1258 mansiones.

778 1282 814 1366 ξ
859 1285 950 1350 8.
998 1283 1089 1348 Eo
1128 1278 1225 1349 sic
1272 1278 1618 1357 defuncto,
1675 1278 2113 1348 beatissimus
2162 1277 2557 1368 maglorius,
2591 1277 2787 1367 juxta
2829 1299 3238 1349 sermonem

687 1366 861 1457 ejus,
917 1368 1290 1437 nolensis*
1338 1367 1678 1437 Ecclesiae
1725 1367 2029 1453 regimen
2079 1365 2372 1455 adeptus
2418 1380 2543 1444 est,
2583 1367 3000 1453 Christoque
3054 1369 3241 1458 adju·

691 1470 913 1537 vante,
965 1479 1372 1547 magnarum
1412 1457 1737 1526 virtutum
1790 1455 1875 1525 de
1923 1478 1995 1525 se
2040 1454 2348 1544 exempla
2383 1455 2596 1534 dedit,
2646 1477 2779 1524 non
2823 1457 3086 1545 segnis
3131 1481 3245 1527 au·

685 1543 869 1613 ditor
916 1544 1139 1615 factus
1195 1545 1385 1615 illius
1448 1545 1842 1615 Dominicae
1901 1543 2312 1612 sententiae:
2375 1546 2487 1615 Sic
2535 1547 2754 1614 luceat
2823 1547 2963 1614 lux
3015 1557 3244 1616 vestra

687 1656 910 1703 coram
950 1634 1348 1716 hominibus,
1391 1646 1467 1703 ut
1508 1634 1783 1703 videant
1829 1656 2033 1723 opera
2078 1643 2300 1703 vestra
2336 1633 2530 1712 bona,
2574 1644 2634 1702 et
2679 1635 3087 1724 qlorificent
3129 1641 3221 1704 Pa

684 1732 856 1792 trem
918 1734 1251 1803 vestrum,
1304 1725 1429 1814 qui
1478 1725 1545 1792 in
1594 1724 1793 1792 coelis
1840 1732 1933 1790 est
1996 1721 2262 1811 (Manli.
2327 1721 2417 1809 v).
2472 1726 2778 1807 Cumque
2849 1724 3240 1806 praeclaris

684 1810 1043 1899 exemplis,
1096 1834 1305 1882 sanae
1352 1811 1703 1880 doctrinae
1746 1810 1877 1901 piis
1911 1809 2481 1887 institutionibus,
2520 1824 2585 1879 et
2633 1810 3019 1880 virtutibus
3068 1814 3139 1880 in
3173 1835 3240 1882 ea

685 1899 984 1969 Ecclesia
1042 1900 1333 1981 luceret,
1392 1913 1585 1970 nocte
1630 1899 1930 1985 quadam
1997 1898 2295 1988 Angelus
2339 1898 2607 1968 Domini
2654 1898 2918 1968 adstitit
2958 1902 3026 1968 ei
3086 1901 3241 1971 dor·

686 1988 949 2069 mienti,
977 2002 1042 2058 et
1078 1988 1197 2058 ait:
1236 2013 1273 2055 «
1301 1993 1648 2058 Hactenus
1676 1988 1986 2075 quidem,
2030 1987 2335 2077 Maglori,
2370 1986 2454 2055 ad
2496 1984 2918 2076 pascendum
2961 1991 3237 2059 Domini

682 2097 959 2167 gregem
1015 2078 1081 2145 in
1136 2078 1345 2167 hujus
1383 2078 1832 2167 Episcopatus
1884 2074 2159 2162 publica
2202 2076 2352 2145 luce
2402 2089 2707 2146 versatus
2751 2097 2858 2146 es:
2899 2092 2976 2146 at
3018 2102 3232 2158 nunc,
3321 2149 3322 2168 χ

684 2178 760 2233 ut
797 2166 1018 2253 possis
1069 2165 1353 2235 liberius
1401 2166 1523 2235 uni
1576 2187 1812 2235 vacare
1864 2168 2016 2243 Deo,
2070 2176 2136 2233 et
2161 2165 2314 2252 ejus
2361 2163 2689 2235 laudibus
2735 2177 2958 2233 totuin
3010 2181 3083 2235 te
3118 2167 3234 2235 im·

686 2253 1007 2343 pendere,
1063 2255 1445 2325 remotioris
1509 2253 1638 2322 loci
1691 2267 1838 2343 pete
1884 2273 2268 2333 secessum,
2327 2253 2677 2339 ¹vitamque
2738 2254 2927 2322 vivas
2988 2255 3229 2324 solita·

684 2342 880 2410 riam.
921 2346 1123 2412 Hunc
1179 2346 1361 2411 enim
1424 2341 1650 2411 locum
1702 2343 1881 2412 scias
1928 2341 2259 2410 divinitus
2308 2344 2522 2412 sancti
2572 2342 2929 2412 Samsonis
2991 2343 3229 2414 deces-

680 2430 857 2501 soris
907 2433 1003 2501 tui
1051 2431 1309 2522 gloriae
1355 2431 1801 2522 deputatum:
1860 2431 1980 2501 tibi
2013 2451 2167 2499 vero
2204 2430 2529 2501 Dominus
2581 2436 2753 2501 Deus
2802 2444 2969 2501 tuus
3004 2433 3224 2505 alium

685 2522 1141 2609 praeparabit,
1198 2522 1265 2590 in
1300 2542 1437 2608 quo
1480 2534 1708 2609 pastor
1755 2520 1980 2590 bonus
2013 2519 2264 2589 multas
2306 2519 2590 2590 babebis
2627 2541 2808 2599 oves,
2859 2521 3044 2590 vitae
3092 2544 3220 2591 mo-

680 2610 983 2679 nasticae
1029 2609 1332 2689 deditas,
1384 2623 1449 2679 et
1499 2610 1887 2678 innumeris
1932 2608 2227 2677 clarebis
2276 2609 2668 2678 virtutibus,
2708 2631 2744 2674 »
2792 2613 2957 2677 Eam
2988 2611 3227 2680 ‘visio-

679 2719 834 2765 nem
889 2699 990 2768 vir
1037 2712 1320 2768 sanctus
1371 2697 1564 2768 valde
1623 2697 2023 2778 admirans,
2075 2697 2594 2788 expergiscitur,
2652 2698 2882 2784 aitque
2951 2698 3040 2767 ad
3105 2705 3225 2769 Do-

679 2785 986 2856 minum:
1025 2812 1058 2854 «
1097 2788 1363 2859 Gratias
1411 2787 1535 2857 tibi
1581 2809 1737 2876 ago,
1779 2786 1955 2857 bone
1999 2792 2188 2864 lesu,
2242 2786 2422 2872 quod
2480 2808 2598 2877 per
2641 2786 2976 2875 Angelum
3021 2804 3218 2857 tuum
3321 2856 3322 2869 ,

670 2875 1047 2945 admonere
1084 2899 1189 2945 me
1228 2877 1555 2967 dignatus
1600 2898 1697 2954 eS‚
1745 2889 1821 2944 ut
1866 2875 2044 2962 quod
2078 2874 2498 2963 jampridem
2551 2873 2815 2944 ardenti
2867 2873 3221 2945 desiderio

670 2964 1189 3055 concupieram,
1229 2988 1299 3034 re
1353 2965 1497 3053 ipsa
1539 2963 1915 3054 perficiam.
1950 2986 1985 3030 >›
2018 2963 2295 3033 Interim
2327 2964 2632 3052 cogitare
2668 2964 2914 3050 coepit,
2969 2986 3219 3050 quem-

675 3073 833 3120 nam
892 3054 1324 3143 potissimum
1373 3053 1595 3123 locum
1648 3053 1780 3123 sibi
1821 3051 1953 3120 deli
2010 3065 2170 3130 eret,
2227 3050 2362 3120 illis
2411 3052 2659 3121 studiis
2705 3066 3212 3141 opportunum,

668 3162 967 3227 quorum
1004 3157 1179 3212 esset
1217 3142 1615 3211 admonitus
1662 3140 1747 3211 ab
1785 3146 1969 3232 Ange
2000 3162 2063 3209 o.
2118 3139 2563 3209 Commodum
2603 3139 2700 3208 illi
2739 3155 2881 3209 tum
2918 3141 2989 3208 in
3027 3164 3217 3211 meo-

672 3242 807 3297 tem
864 3231 1044 3299 venit
1094 3230 1306 3309 locus,
1356 3253 1559 3317 quem
1605 3235 1740 3299 Rex
1775 3231 1926 3319 ejus
1957 3229 2098 3298 sedi
2135 3227 2665 3317 amplificandae
2709 3226 3003 3319 largitus
3040 3244 3208 3299 ernt.

675 3321 815 3385 Non
860 3318 980 3387 diu
1033 3333 1183 3410 post
1221 3319 1601 3398 Budocum,
1636 3318 1755 3406 qui
1787 3341 1826 3387 a
1865 3340 2072 3408 puero
2105 3334 2337 3387 sancte
2368 3332 2434 3386 et
2482 3315 2796 3407 religiose
2840 3339 3004 3388 cum
3062 3319 3212 3407 ipso

678 3406 955 3487 vixerat,
1012 3430 1132 3497 pro
1180 3430 1253 3478 se
1316 3406 1623 3476 Dolensis
1679 3407 2018 3477 Ecclesiae
2081 3407 2490 3496 Episcopum
2556 3407 3021 3487 consecravit,
3069 3407 3210 3476 cte-

676 3515 892 3581 roque
937 3508 1002 3565 et
1040 3496 1293 3585 populo
1345 3496 1728 3565 valedicens
1753 3496 1844 3575 *¹*-
1898 3495 2066 3564 abiit
2112 3496 2195 3565 ad
2238 3495 2459 3565 locum
2507 3509 2992 3575 memoratum,
3039 3516 3205 3563 cun·

671 3583 804 3651 ctis
847 3584 1231 3654 incredibili
1268 3584 1563 3671 quodam
1616 3584 1830 3653 animi
1867 3584 2095 3653 dolere
2131 3584 2634 3653 tabescentibus
2679 3585 2767 3654 ob
2816 3583 3200 3652 discessum

677 3674 971 3762 pastoris
1004 3688 1139 3743 tam
1195 3674 1379 3742 boni.
1426 3673 1547 3742 Ubi
1600 3686 1827 3742 autem
1875 3673 2177 3762 pervenit
2224 3673 2304 3741 ad
2358 3673 2620 3741 amicae
2667 3672 3072 3743 solitudinis
3107 3670 3207 3743 lo-

668 3783 831 3830 cum
865 3762 992 3842 ⁸⁴⁴,
1037 3763 1348 3853 jejuniis,
1412 3762 1703 3848 vigiliis,
1778 3762 2096 3853 precibus
2157 3761 2656 3831 ferventissime
2687 3762 3035 3840 incubuit.
3083 3760 3203 3833 sed

673 3861 898 3919 tamen
954 3851 1157 3921 latere
1210 3873 1339 3921 non
1395 3852 1632 3941 potuit.

760 3943 920 4028 §ak
974 3941 1365 4010 sanctitatis
1424 3941 1575 4027 ejus
1623 3938 1803 4008 fama
1871 3939 2046 4008 intra
2114 3937 2509 4009 solitudinis
2560 3938 2855 4008 latebras
2903 3941 3203 4011 coerceri

672 4050 811 4098 non
860 4031 1234 4112 sustinens,
1290 4030 1543 4121 passim
1598 4028 1961 4112 increbuit,
2005 4044 2208 4116 atque
2242 4028 2329 4096 ita
2362 4049 2442 4098 ex
2481 4027 2770 4098 diversis
2806 4030 3204 4119 regionibus

724 4207 752 4234 ¹·
780 4205 977 4253 camec.
1007 4211 1089 4249 Dol
1114 4210 1165 4249 in
1193 4209 1440 4250 Britannia
1469 4210 1654 4250 minori.
1688 4211 1815 4251 Haec
1834 4207 2053 4250 uenenato
2071 4209 2214 4250 Sedet
2233 4219 2317 4260 per
2337 4209 2678 4251 concordatum
2697 4218 2829 4251 anno
2845 4210 2950 4252 loel
2970 4211 3206 4253 saneim

672 4269 929 4308 suppressa.
949 4265 1087 4310 atque
1106 4263 1341 4303 Ecclesiae
1364 4261 1659 4302 Rhedoneusi
1681 4263 1740 4313 (R
1740 4276 1844 4302 nnnnn
1844 4274 1868 4303 a
1870 4264 1884 4313 l
1902 4263 2113 4312 subjecta
2131 4261 2236 4304 tuit.

726 4315 777 4340 ⁸·
807 4316 903 4354 Hoc
924 4317 1148 4356 scctdtnse
1172 4318 1361 4356 videtur
1380 4314 1504 4355 ciret
1522 4327 1694 4356 :nuum
1712 4318 1802 4356 ⁶94.

668 4420 701 4461 J
725 4366 809 4395 *¹⁹*
843 4371 890 4407 tu
925 4369 1142 4475 injutum).
1169 4369 1366 4417 scilicet,
1397 4379 1517 4419 quae
1552 4370 1691 4411 hodie
1726 4370 1858 4410 §eo-kt
1886 4373 2095 4420 vocatur.
2121 4371 2279 4413 media.
2303 4371 2429 4412 inter
2463 4371 2815 4420 auen-netarum
2848 4368 3144 4426 (aueo-usq>
3158 4373 3209 4414 et

702 4431 918 4470 eranum
945 4435 957 4473 ι
990 4434 1113 4474 crecy
1135 4453 1146 4465 .
