3347 4999
685 292 812 356 476
1367 307 1444 354 na
1492 307 1548 354 s.
1601 306 1797 355 cauo
1845 307 1985 354 Aac.
2040 307 2115 353 ar
2163 306 2345 355 coma.
2817 284 2989 351 OCT.
3047 286 3136 350 ⁴6

598 393 956 484 quippiam
1009 391 1137 461 sub
1187 391 1314 460 hac
1354 412 1511 460 arca
1551 391 1799 461 occulti
1837 403 2203 461 remaneat.
2238 414 2275 455 »
2308 390 2484 460 Huic
2517 388 2873 479 sacrilegio
2913 388 3137 458 inser-

596 483 855 551 vientes
891 535 906 563 ,
964 480 1209 549 invasit
1265 501 1381 549 eos
1428 480 1672 550 horror
1720 480 2124 550 immensus
2179 480 2305 562 Qui
2355 480 2422 548 in
2490 478 2722 569 lugam
2770 478 3130 557 conversi,

599 570 767 640 dum
817 569 1068 639 ostium
1140 568 1418 639 oratorii
1482 568 1741 659 singuli
1808 589 2321 668 praeoccupare
2378 567 2802 638 niterentur.
2856 566 3139 636 insania

598 659 872 749 agitati,
925 657 1303 748 evaginatis
1368 657 1620 748 gladiis
1668 657 1958 727 invicem
2012 678 2082 727 se
2129 655 2598 727 conciderunt.
2658 654 3138 725 Erchonaldus

596 769 754 817 vero
783 800 798 827 ,
854 746 1064 833 hujus
1111 759 1350 816 auctor
1405 745 1683 815 sceleris
1713 800 1728 826 ,
1782 746 2024 815 timore
2069 759 2352 834 cogente
2381 798 2396 823 ‚
2452 744 2682 813 volens
2728 744 2963 813 exilire
3057 766 3141 813 er

598 836 880 916 ostium,
918 848 1126 925 caput
1160 833 1675 924 superliminari
1727 833 1943 914 illisit,
1995 847 2059 904 et
2105 833 2188 903 ad
2243 846 2487 902 terram
2524 832 2918 911 concidens,
2963 854 3000 901 a
3038 834 3141 902 ie-

597 937 803 994 natus
852 936 1079 993 mente
1119 923 1412 1010 jacebat.
1485 927 1788 1010 Cumque
1836 945 1876 992 a
1924 923 2068 993 suis
2119 922 2606 1012 perduceretur
2660 921 2744 990 ad
2803 921 3080 1011 propria
3114 976 3133 1003 ,

601 1012 819 1081 nimia
867 1012 1263 1081 infirmitate
1308 1024 1374 1081 et
1439 1012 1634 1081 novis
1683 1010 2037 1081 doloribus
2084 1011 2304 1100 coepit
2362 1010 2617 1098 urgeri.
2682 1015 2841 1079 Toto
2904 1010 3139 1096 itaque

602 1101 824 1192 ipsius
874 1100 1038 1169 anni
1086 1099 1432 1170 curriculo
1472 1099 1865 1169 fortissimis
1913 1113 2296 1169 maceratus
2332 1098 2681 1179 molestiis,
2718 1096 3137 1189 capillorum

596 1189 855 1259 honore
914 1200 980 1257 et
1036 1189 1216 1258 cutis
1281 1188 1645 1278 superficie
1695 1188 2080 1277 spoliatus,
2152 1189 2354 1256 etiarn
2427 1186 2798 1276 digitorum
2860 1208 3139 1275 ungues

601 1277 855 1347 amisit.
907 1282 983 1346 Et
1030 1290 1107 1346 ut
1152 1278 1478 1347 omnibus
1527 1276 1729 1365 longo
1782 1290 2080 1377 tempore
2127 1275 2407 1345 ultiouis
2470 1276 2536 1343 in
2586 1296 2743 1344 eum
2793 1275 3131 1345 divinitus

597 1365 881 1435 collatae
928 1366 982 1433 si
1041 1387 1128 1434 na
1175 1367 1514 1455 paterent,
1568 1365 1839 1435 cunctis
1888 1377 2059 1434 vitae
2116 1386 2279 1433 suae
2326 1363 2571 1433 diebus
2633 1363 2759 1433 hac
2806 1364 3136 1433 deformi-

599 1468 731 1524 tate
777 1454 1004 1523 notabi
1041 1454 1097 1523 is
1144 1452 1292 1522 suit.

689 1544 724 1630 ξ
763 1547 919 1615 85.
975 1543 1275 1612 Audiens
1309 1541 1845 1611 constantiensis
1877 1542 2216 1611 Ecclesiae
2249 1541 2546 1630 praesul,
2579 1540 2857 1609 nomine
2882 1546 3131 1627 Buoso,

598 1630 992 1720 sepulcrum
1032 1631 1410 1701 beatissimi
1451 1629 1623 1700 Galli
1675 1629 1998 1700 violatum
2050 1651 2197 1699 esse
2226 1630 2312 1698 ab
2346 1629 2680 1707 hostibus,
2722 1628 3139 1716 nullumque

599 1720 1011 1790 remansisse
1061 1720 1126 1788 in
1172 1718 1449 1796 cellula,
1505 1730 1771 1807 praeter
1815 1718 1992 1788 duos
2038 1718 2278 1787 fratres
2306 1717 2785 1807 Magnoaldum
2824 1729 2890 1786 et
2923 1718 3139 1786 Theo·

600 1807 873 1882 dorum.
921 1808 1042 1894 qui
1090 1807 1266 1876 sacri
1316 1807 1624 1908 corporis
1657 1806 1984 1894 reliquias
2025 1806 2287 1876 tumulo
2337 1807 2687 1875 restituere
2769 1806 3130 1889 omisserit,

601 1896 783 1965 venit
831 1895 998 1965 illuc
1063 1918 1222 1965 cum
1293 1896 1560 1965 clericis
1617 1895 1814 1977 suis,
1882 1909 1948 1964 et
1995 1896 2250 1964 invenit
2310 1893 2633 1964 Cellulam
2750 1894 3070 1965 esolatam
3112 1949 3129 1974 ,

602 1984 822 2054 sancti
852 1984 1068 2054 Patris
1101 2004 1353 2073 corpus
1384 1983 1468 2052 de
1502 1983 1816 2074 sepulcro
1848 1985 2165 2073 ejectum,
2218 1982 2459 2052 altaria
2496 1983 2774 2063 nudata,
2814 1983 3132 2070 duosque

599 2071 843 2142 fratres
889 2072 1010 2160 qui
1052 2085 1543 2153 remanserant,
1597 2073 1924 2162 spoliatos
1963 2072 2267 2159 jacentes
2302 2072 2367 2140 iu
2405 2072 2720 2151 oratorio,
2759 2085 2823 2140 et
2867 2071 3139 2161 magui-

600 2161 911 2230 tudinem
947 2159 1354 2230 calamitatis
1403 2162 1774 2251 gemitibus
1820 2175 1884 2230 et
1933 2161 2257 2250 lacrymis
2306 2173 2776 2249 protestantes.
2818 2165 2893 2228 Et
2929 2163 3140 2230 mise·

599 2248 896 2318 ricordia
947 2261 1198 2329 motuS,
1254 2253 1475 2339 coepit
1521 2271 1636 2319 eos
1684 2249 2024 2320 consolari
2073 2248 2575 2338 multiplicibus
2625 2248 2883 2329 verbis,
2938 2247 3137 2317 illam

599 2336 943 2426 replicans
990 2336 1389 2406 Psalmistae
1428 2338 1858 2419 senteutiam,
1910 2360 2044 2425 qua
2092 2337 2302 2406 dicit:
2356 2342 2435 2406 In
2474 2339 2903 2407 tribulatione
2950 2339 3139 2406 invo-

598 2426 752 2494 cavi
785 2428 1158 2507 Dominum,
1212 2437 1276 2495 et
1322 2427 1678 2496 emaudivit
1722 2449 1827 2496 me
1874 2429 1945 2495 in
1994 2426 2374 2496 latitudine.
2426 2426 2753 2496 Dominus
2790 2426 2965 2494 mihi
3008 2427 3138 2494 ad·

586 2516 804 2605 jutor,
859 2539 988 2584 non
1036 2517 1270 2585 timebo
1318 2517 1482 2607 quid
1526 2518 1741 2605 saciat
1786 2517 1962 2585 mihi
2004 2517 2192 2585 homo
2229 2516 2441 2605 (Psal.
2481 2515 2658 2603 ⁴17).
2714 2516 2834 2584 His
2878 2514 3084 2584 dictis
3113 2569 3130 2596 ,

596 2624 877 2673 sumens
930 2603 1231 2673 loculum
1284 2604 1353 2672 in
1404 2626 1540 2691 quo
1588 2618 1902 2673 sanctum
1953 2627 2204 2693 corpus
2251 2616 2417 2684 erat,
2459 2604 2690 2694 posuit
2728 2625 2937 2693 super
2992 2617 3128 2672 ter-

598 2713 743 2760 ram
799 2692 972 2761 inter
1022 2693 1343 2782 parietem
1396 2705 1459 2762 et
1506 2693 1718 2762 altare
1754 2747 1769 2774 ‚
1822 2704 1887 2761 et
1932 2692 2273 2782 desuper,
2327 2705 2402 2761 ut
2449 2693 2663 2761 moris
2709 2705 2845 2773 est,
2898 2714 3134 2761 arcam

597 2780 904 2850 altiorem
957 2781 1387 2862 construxit;
1441 2780 1691 2851 fossam
1743 2802 1899 2850 vero
1949 2786 2123 2850 terra
2185 2780 2486 2869 replevit.
2543 2786 2632 2850 De
2687 2802 2812 2850 suo
2857 2801 3135 2867 quoque

596 2868 922 2939 fratribus
970 2870 1370 2939 vestimenta
1420 2869 1710 2960 largitus
1738 2882 1861 2951 est,
1906 2881 1970 2939 et
1999 2869 2182 2939 unde
2228 2870 2576 2939 alerentur
2606 2868 3003 2960 disponens,
3042 2868 3133 2939 ad

597 2957 1035 3048 Episcopium
1081 2959 1425 3028 remeavit.

690 3053 727 3127 ἓ
775 3051 940 3118 86.
996 3052 1151 3117 Post
1186 3047 1478 3117 multum
1521 3067 1676 3116 vero
1709 3046 2034 3136 temporis
2065 3046 2251 3116 misit
2284 3045 2570 3135 Pipinus
2607 3045 2815 3134 Maj0r
2846 3045 3122 3128 domuS,

600 3137 970 3206 exercitum
1008 3136 1361 3225 copiosum
1416 3135 1497 3204 ad
1555 3134 2043 3205 devastandam
2085 3133 2619 3203 Alemannorum
2675 3134 3127 3224 provinciam,

600 3235 666 3292 et
714 3225 953 3293 iterato
1003 3230 1415 3294 Francorum
1469 3223 1714 3293 ditioni
1792 3223 2326 3313 subjugandam.
2388 3228 2691 3310 Cumque
2754 3235 2889 3292 tota
2950 3234 3133 3293 terra

595 3311 831 3380 hostili
874 3325 1334 3382 contereretur
1381 3313 1694 3392 incursu,
1749 3312 1927 3381 avidi
1965 3311 2343 3402 praedones
2376 3311 2833 3381 Arbonensem
2868 3333 3128 3402 pagum

601 3413 1104 3500 percurrentcS,
1143 3401 1230 3469 ad
1280 3400 1520 3470 cellam
1565 3401 1702 3471 Viri
1736 3401 1850 3469 Dei
1890 3412 2243 3480 venerunt,
2275 3413 2340 3469 et
2377 3421 2850 3487 quoscumque
2875 3400 3135 3470 ibidem

598 3499 1009 3556 invenerunt
1051 3487 1241 3576 (nam
1286 3489 1486 3558 multi
1533 3489 1702 3559 illuc
1747 3487 2246 3579 confugerant,
2300 3502 2653 3579 sperantes
2701 3489 2770 3557 in
2835 3489 2942 3557 Dei
2997 3488 3133 3557 mi-

598 3575 996 3655 sericordia,
1035 3590 1100 3646 et
1135 3578 1534 3667 patrociniis
1589 3578 1819 3647 Sancti
1866 3576 2109 3666 illius),
2146 3576 2401 3647 duxere
2447 3578 2773 3678 captivos.
2813 3577 3137 3663 Quinque

596 3677 822 3734 autem
861 3686 1072 3754 supra
1113 3667 1469 3734 memorati
1520 3665 1858 3755 principis
1890 3666 2215 3736 satellites
2257 3666 2545 3755 ingressi
2578 3666 2982 3745 oratorium,
3023 3686 3127 3734 re·

596 3766 921 3843 pererunt
970 3754 1063 3823 ibi
1112 3753 1447 3841 quasdam
1498 3753 1792 3824 ancillas
1838 3755 2148 3842 ejusdem
2190 3754 2317 3823 loci
2349 3777 2505 3824 cum
2550 3754 2851 3844 parvulis
2883 3775 3126 3822 earum

597 3855 663 3911 et
700 3835 878 3929 qua'b
924 3856 1172 3922 essent,
1274 3843 1606 3912 ercontati
1657 3858 1843 3929 sunt.
1888 3849 2074 3927 Quae
2120 3843 2288 3912 dum
2349 3864 2420 3912 se
2466 3842 2549 3911 de
2597 3842 2854 3912 familia
2908 3842 3133 3930 ipsius

597 3933 824 4002 Sancti
873 3952 1021 4001 esse
1062 3865 1606 4023 proclamarent,
1660 3932 1791 4002 hoc
1839 3954 1876 4001 a
1928 3931 2390 4022 praedonibus
2439 3931 2850 4002 audierunt:
2912 3932 3123 4011 Exite,

594 4019 1043 4110 egredimini:
1099 4024 1451 4099 Sanctum,
1511 4041 1716 4107 quem
1768 4020 2020 4100 dicitis,
2077 4021 2502 4110 ignoramus.
2568 4026 2645 4090 Et
2697 4020 3135 4090 abduxerunt

596 4129 712 4177 eas
747 4110 1051 4209 captivas
1102 4109 1169 4177 iii
1214 4110 1595 4178 Franciam.
1636 4109 1884 4178 Eodem
1925 4130 2078 4179 vero
2111 4130 2293 4178 anno
2333 4130 2372 4176 a
2406 4108 2731 4199 malignis
2764 4129 2797 4177 s
2852 4107 3127 4177 iritibus

595 4209 874 4285 arrepti,
929 4209 993 4265 et
1040 4211 1347 4268 amentes
1401 4198 1643 4278 effecti,
1684 4197 1854 4267 nudi
1895 4198 2438 4284 circumquaque
2489 4196 2797 4267 discurre
2848 4209 3003 4278 ant;
3070 4208 3136 4267 et

593 4285 1018 4372 ubicumque
1056 4285 1262 4355 urbes
1320 4286 1415 4356 vel
1469 4286 1653 4356 vicos
1703 4286 1997 4375 ingressi
2066 4298 2249 4367 sunt,
2322 4287 2673 4356 cruciatus
2721 4285 2831 4355 sui
2879 4306 3134 4355 causas

595 4374 1006 4456 retexebant,
1047 4374 1388 4445 dicentes:
1431 4374 1668 4445 Gallus
1716 4374 1903 4444 Abba
1953 4396 2077 4447 nos
2126 4374 2331 4444 habet
2380 4373 2624 4465 ligatos
2656 4398 2671 4455 ;
2708 4386 2961 4444 etcum
3002 4372 3138 4444 bac
