3347 4999
721 344 849 409 5t2
1512 360 1590 408 ns
1637 360 1694 406 s.
1747 357 2039 406 nnnwics
2087 358 2276 406 vince.
2851 340 3034 406 OCT.
3099 342 3188 404 Π

633 467 713 517 ea
765 446 1293 516 revertebamur.
1332 444 1609 528 Quoties
1640 455 1867 514 autem
1918 442 2002 513 ad
2062 444 2215 532 ejus
2252 442 2486 513 aulam
2519 442 2941 525 accederem,
2992 443 3192 514 mu]-

632 549 774 606 tam
828 534 971 604 illic
1031 556 1171 624 pau
1222 555 1415 603 erum
1480 533 1750 603 turbam
1798 535 2141 622 conspexi.
2201 560 2224 591 ι

726 625 969 710 ξῧὸ.
1022 623 1117 691 Ad
1206 645 1326 693 oca
1389 622 1492 691 vel
1565 622 1810 691 limina
1872 625 2273 691 Sanctorum
2352 620 2801 710 profecturis,
2870 621 3190 709 itemque

636 718 851 784 Cruce
901 712 1215 801 signatis,
1268 723 1335 782 et
1392 711 1548 781 aliis
1595 709 1978 801 peregrinis
2031 710 2224 801 larga
2282 710 2652 799 praebebat
2693 710 3063 789 subsidia,
3107 724 3189 780 ut

634 799 1100 893 promovendo
1150 800 1307 870 illos
1346 801 1415 869 in
1450 800 1556 868 via
1605 799 1852 869 salutis
1898 809 2233 879 aeternae,
2282 820 2518 868 eorum
2572 800 2974 868 meritorum
3020 821 3188 889 par-

636 892 852 980 ticeps
888 889 1100 959 fieret.
1139 889 1259 958 Vix
1303 889 1672 979 quisquam
1716 909 2027 974 unquam
2064 888 2310 977 stipem
2347 901 2604 977 petens,
2649 888 2739 957 ab
2782 908 2862 956 ea
2911 909 3186 958 vacuus

637 978 942 1049 recessit.
998 982 1079 1048 Ut
1124 979 1308 1047 enim
1361 978 1688 1066 magister
1732 981 2196 1056 Hermannus‚
2266 978 2650 1046 Canonicus
2697 975 3188 1067 Glogoviensis

635 1082 701 1138 et
748 1080 980 1158 pastor
1028 1065 1510 1136 Swidnicensis
1549 1064 1869 1144 asseruit,
1914 1086 1994 1134 ex
2043 1065 2342 1154 copiosis
2377 1064 2822 1154 proventibus
2870 1066 3028 1133 suis
3067 1066 3180 1135 vix

635 1156 1078 1227 centesimam
1144 1168 1403 1245 partem
1472 1154 1606 1225 sibi
1671 1175 1975 1241 suaeque
2044 1153 2346 1223 familiae
2396 1155 2465 1222 in
2516 1175 2687 1223 usus
2747 1155 3187 1224 necessarios

640 1246 976 1317 servavit:
1019 1242 1347 1332 quicquid
1405 1242 1748 1331 reliquum
1812 1254 1980 1323 erat,
2051 1241 2371 1312 Ecclesiis
2419 1253 2486 1311 et
2532 1241 2965 1332 pauperibus
3003 1242 3192 1313 elar-

640 1334 982 1426 giebatur.
1036 1330 1518 1406 Deficientibus
1565 1345 1792 1401 autem
1840 1331 1971 1421 ipsi
2033 1332 2332 1421 propriis
2387 1331 2723 1420 pecuniis.
2785 1330 2868 1399 ad
2927 1332 3192 1419 princi·

640 1444 796 1515 pem
846 1421 1216 1491 Henricum
1271 1421 1592 1491 maritum
1626 1441 1831 1491 suurn
1867 1421 2282 1498 recurrebat,
2319 1440 2548 1499 oranS,
2592 1431 2670 1489 ut
2712 1419 3187 1489 ministrando

638 1510 876 1602 egenis
915 1532 1021 1580 res
1056 1511 1498 1590 necessarias,
1534 1510 1757 1599 ipsius
1805 1508 2103 1599 expleret
2136 1509 2340 1577 vices.
2390 1508 2700 1578 chortem
2732 1508 2766 1541 '⁵
2794 1508 3187 1594 quamdam

643 1603 819 1673 bene
872 1620 1194 1688 magnam
1241 1612 1538 1686 quatuor
1595 1610 1980 1668 aratrorum
2034 1598 2298 1667 habuit.
2350 1601 2439 1665 Ea
2487 1601 2731 1666 Zeuma
2780 1596 3181 1673 dicebatur.

641 1689 826 1759 unde
886 1710 1209 1778 magnam
1254 1708 1567 1758 annonae
1627 1700 1694 1757 et
1731 1685 2236 1758 esculentorum
2286 1685 2556 1786 copiam
2605 1684 2999 1775 colligebat.
3065 1692 3190 1755 Ac·

640 1778 810 1847 cidit
857 1790 1084 1846 autem
1132 1775 1547 1864 quandoque
1596 1776 1844 1865 ingens
1883 1796 2199 1844 annonae
2247 1786 2522 1845 caritas.
2582 1773 2800 1843 Jussit
2849 1786 2999 1843 tum
3061 1774 3184 1843 illa

645 1866 814 1937 locis
861 1864 1162 1955 publicis
1211 1864 1664 1954 proclamari,
1728 1877 1806 1933 ut
1863 1876 2140 1953 egentes
2198 1884 2439 1933 omnes
2503 1862 2588 1930 ad
2652 1883 2800 1931 eam
2866 1862 3187 1932 chortem

642 1954 998 2036 venirent,
1045 1954 1547 2043 eleemosynam
1617 1965 1897 2043 propter
1947 1957 2155 2021 Deum
2227 1954 2658 2040 reportaturi.
2720 1955 3186 2021 accurrerunt

642 2045 884 2134 inopes
967 2042 1165 2111 randi
1200 2063 1510 2122 flumem,
1548 2041 1756 2129 jussit
1786 2040 2081 2132 singulis
2113 2040 2461 2120 distribui,
2504 2039 2687 2126 quod
2736 2040 3014 2128 corpori
3080 2062 3184 2110 su·

644 2066 1005 2203 stentango
1036 2130 1397 2200 sufficeret.
1434 2135 1800 2200 Frumento
1827 2134 2219 2220 absumpt0‚
2255 2150 2497 2197 carnes
2526 2148 2790 2206 omnes,
2827 2149 3012 2215 quae
3044 2128 3185 2197 illic

644 2233 909 2291 essent:
946 2218 1194 2289 deinde
1241 2232 1306 2288 et
1351 2240 1609 2298 caseos,
1646 2218 1730 2287 ad
1772 2232 2152 2288 extremum
2186 2217 2461 2286 arvinas
2505 2229 2573 2286 et
2617 2215 2829 2285 salem
2881 2216 2971 2285 ad
3024 2238 3182 2286 con·

645 2308 899 2378 dienda
932 2307 1140 2384 olera.
1174 2320 1237 2376 et
1268 2306 1599 2394 quicquid
1634 2306 1915 2376 demum
1964 2305 2391 2376 esculentum
2444 2327 2522 2375 eo
2573 2309 2640 2373 in
2691 2304 2842 2374 loco
2892 2306 3182 2395 reperiri

649 2397 892 2489 potuit,
939 2396 1239 2486 erogavit
1282 2395 1507 2465 fidelis
1553 2394 2013 2485 dispensatrix
2058 2408 2124 2464 et
2172 2394 2500 2482 prudens»,
2553 2393 2857 2463 familiae
2910 2395 3186 2465 Domini

645 2507 870 2556 escam
922 2485 1256 2575 praebens
1311 2497 1613 2575 tempore
1659 2497 2070 2574 opportuno,
2132 2487 2329 2554 Hunc
2379 2505 2535 2553 vero
2577 2481 2858 2553 modum
2910 2497 2984 2552 et
3035 2485 3188 2576 ipsa

650 2574 961 2651 servavit.
1002 2587 1066 2644 et
1096 2575 1417 2644 maritum
1454 2596 1657 2643 suum
1694 2595 1959 2645 servare
1991 2572 2247 2654 docuit,
2282 2585 2360 2641 ut
2389 2573 2444 2642 si
2489 2572 2728 2642 multis
2768 2573 3034 2663 pariter
3083 2596 3188 2643 es·

649 2677 801 2735 sent
857 2663 1261 2752 praestanda
1321 2662 1672 2743 beneficia,
1728 2662 2046 2748 aequales
2094 2661 2389 2751 singulis
2437 2661 2779 2751 portiones
2830 2661 3184 2736 cederent.

648 2775 737 2822 ne
786 2756 1091 2843 impares
1136 2751 1609 2840 eleemosynae
1656 2751 1842 2842 apud
1891 2751 2304 2841 accipientes
2353 2749 2766 2819 invidentiae
2814 2752 3184 2820 materiam

646 2842 1040 2911 excitarent.

737 2933 773 3087 p
820 2934 984 3001 36.
1055 2928 1362 2998 Habebat
1420 2949 1576 2997 vero
1640 2928 1708 2996 in
1760 2927 1920 2997 aula
1969 2950 2095 2997 sua
2143 2927 2476 3017 speciales
2521 2926 2858 3014 quosdam
2932 2927 3188 2997 afflicta

648 3042 727 3089 va
762 3018 1041 3088 etudine
1090 3039 1427 3109 pauperes
1475 3016 1826 3097 tredecim,
1879 3038 2053 3102 quos
2100 3016 2169 3084 in
2222 3015 2548 3085 honorem
2598 3014 2846 3085 Christi
2894 3029 2965 3085 et
3014 3017 3191 3087 duo·

647 3108 869 3177 decim
921 3107 1390 3196 Apostolorum
1442 3107 1615 3195 ejuS,
1659 3127 1819 3175 cum
1891 3105 2123 3192 aliquo
2222 3105 2765 3184 roficisceretur‚
2820 3106 3192 3175 currribus

651 3196 1009 3285 impositos
1082 3217 1314 3265 secum
1374 3195 1708 3275 vehebat,
1761 3206 1826 3263 et
1871 3194 1992 3265 ubi
2042 3193 2124 3262 ad
2226 3193 2550 3283 ospitium
2602 3204 2882 3261 ventum
2954 3206 3187 3268 esset.

652 3286 875 3374 primo
925 3284 1200 3353 illorum
1253 3283 1671 3373 suscipiebat
1718 3305 1952 3352 curam
1993 3306 2007 3350 :
2043 3281 2435 3369 jubensque
2485 3280 2640 3351 illos
2671 3303 2905 3351 coram
2961 3304 3034 3351 se
3087 3282 3194 3351 di·

653 3372 1011 3442 scumbere
1042 3425 1060 3450 ‚
1121 3373 1523 3460 priusquam
1576 3372 1726 3461 ipsa
1776 3393 2050 3440 mensae
2096 3370 2426 3439 assideret
2462 3424 2478 3447 ,
2542 3368 2682 3439 illis
2728 3369 2815 3438 ad
2869 3391 3192 3440 mensam

655 3459 1113 3539 ministrabat,
1150 3458 1445 3549 singulis
1474 3481 1831 3550 apponens
1863 3481 2077 3538 escas,
2114 3460 2407 3548 genibus
2439 3459 2656 3528 flexis.
2697 3458 2957 3527 Deinde
2983 3460 3192 3528 etiam

653 3549 805 3637 ipsa
853 3550 1313 3628 accumbenS,
1369 3548 1609 3618 edebat
1652 3569 1837 3618 more
1885 3570 2010 3618 suo
2058 3548 2249 3618 cibos
2295 3547 2548 3626 aridOS,
2616 3548 2877 3636 optima
2926 3547 3196 3618 fercula

654 3636 969 3706 carnium
1008 3635 1438 3723 aliorumque
1469 3637 1811 3706 lautorum
1847 3636 2237 3707 eduliorum
2271 3636 2402 3726 ipsi
2438 3658 2557 3724 pro
2608 3635 2802 3716 osita‚
2837 3648 2990 3705 tum
3027 3636 3193 3714 illis,

656 3738 799 3795 tum
851 3724 1006 3794 aliis
1058 3727 1478 3815 pauperibus
1503 3726 1716 3815 jussit
1761 3726 2010 3795 offerri.
2065 3728 2156 3795 Ea
2195 3747 2267 3793 re
2299 3657 2800 3804 animadirersa,
2843 3725 3197 3797 nobilium

657 3827 724 3883 et
823 3813 1165 3903 rincipum
1220 3814 1399 3894 filii,
1452 3814 1572 3902 qui
1633 3815 1703 3883 in
1760 3815 1909 3904 ejus
1970 3815 2129 3883 aula
2192 3814 2687 3893 versabantur,
2743 3813 3081 3883 dicebant
3132 3836 3199 3884 se

656 3925 763 3974 ma
803 3903 862 3972 le
912 3902 1264 3972 mendicos
1309 3924 1459 3972 esse
1492 3958 1507 3982 ‚
1560 3902 1841 3974 ferculis
1887 3902 2207 3972 dominae
2255 3924 2422 3972 suae
2469 3901 2810 3992 Hedwigis
2858 3901 3194 3978 alendos.

651 4014 860 4079 quam
904 4014 1061 4060 cum
1116 3991 1233 4060 illa
1272 3992 1503 4060 cibum
1540 4013 1837 4061 sumere.
1883 3997 2119 4061 Potum
2155 4013 2428 4079 quoque
2458 3991 2795 4081 optimum
2833 3992 2973 4061 sibi
3008 3993 3202 4063 obla·

656 4095 827 4162 tum,
876 4079 1014 4150 illis
1063 4081 1484 4170 pauperibus
1517 4080 1782 4150 volebat
1812 4080 2091 4171 apponi.
2135 4085 2292 4149 Eam
2325 4101 2464 4149 rem
2501 4079 2780 4149 moleste
2813 4078 3204 4152 ferentibus

656 4168 1036 4257 Capellanis
1085 4169 1375 4256 aliisque
1420 4169 1907 4248 familiaribus,
1960 4183 2025 4239 et
2074 4170 2417 4239 interdum
2469 4168 2902 4249 dicentibuS,
2952 4182 3034 4239 ut
3088 4194 3206 4263 po·

656 4269 802 4325 tum
857 4259 1244 4348 appositum
1286 4259 1702 4348 permitteret
1730 4281 1960 4328 coram
1995 4279 2064 4329 se
2094 4271 2308 4328 stare:
2347 4260 2534 4348 ipsos
2567 4258 2847 4328 daturos
2880 4280 3204 4348 operam,

712 4419 736 4444 *²
766 4421 938 4458 Chorus·
955 4421 1030 4459 vel
1049 4422 1196 4460 Cur-tis
1218 4423 1289 4460 ost
1314 4421 1439 4466 villa,
1460 4431 1544 4461 seu
1562 4421 1788 4461 habitatio
1805 4423 1997 4468 rustica,
2017 4420 2256 4467 aedificiis,
2272 4419 2464 4467 colonis,
2483 4422 2648 4468 servis,
2673 4418 2812 4471 agris,
2840 4423 3090 4471 personia.
3127 4429 3215 4466 etc.
3301 4393 3302 4436 Ῐ

657 4471 715 4512 ad
738 4482 835 4513 rem
857 4479 1088 4522 agrestem
1109 4473 1384 4514 necessariis
1406 4475 1656 4520 instructa.
1679 4474 1794 4516 alias
1817 4474 1994 4515 Colonia
2017 4474 2153 4520 dictu,
2183 4477 2278 4515 ride
2296 4477 2367 4516 Du
2389 4478 2554 4526 Gange.
