3347 4999
149 354 331 422 OCT.
391 353 465 417 tt
921 372 998 418 nn
1046 372 1139 419 ss.
1191 370 1477 419 ranerio
1525 373 1599 418 ΕΤ
1648 371 1782 419 soc.
1828 374 1940 420 mr.
2479 357 2605 421 343

150 470 386 527 autem
453 468 518 525 et
565 456 673 524 his
715 456 970 525 similia
1023 476 1220 529 nemo
1257 456 1512 546 putarit
1561 477 1695 526 non
1748 457 2112 537 credenda,
2169 457 2400 548 legens
2447 459 2696 548 episto-

155 547 320 625 lam,
376 565 589 632 quam
635 545 909 633 scripsit
955 544 1040 613 ad
1083 550 1428 615 Romanos
1476 544 1754 616 divinus
1802 547 2135 635 Ignatius.
2184 547 2292 616 Sic
2340 548 2521 617 enim
2574 548 2697 617 ha-

150 636 269 705 bet
315 634 390 698 *z
450 656 486 700 «
553 639 651 702 Me
690 633 996 724 juverint
1043 633 1298 703 bestiae
1341 633 1510 702 mihi
1564 647 1839 724 paratae
1870 688 1886 714 ,
1942 656 2116 720 quas
2164 636 2368 704 etiam
2416 648 2576 725 opto
2623 638 2693 705 in

154 746 268 793 me
318 721 614 792 inveniri
669 735 1042 812 promptas
1080 722 1346 806 Quibus
1399 723 1738 801 blandiar,
1769 735 1845 792 ut
1877 744 1986 791 me
2026 723 2316 793 breviter
2345 724 2690 793 devorent.

153 813 349 896 Quod
408 813 468 880 si
517 812 720 880 etiam
772 811 1014 893 nolint,
1061 832 1185 902 ego
1219 811 1318 881 eis
1361 811 1495 879 vim
1546 813 1853 880 afferam.
1893 834 1929 877 »

243 905 283 988 ξ
332 907 487 973 12.
539 901 714 969 Hinc
764 900 1098 970 Maximus
1145 900 1358 969 animi
1422 899 1719 977 dubius,
1776 899 2113 990 planeque
2163 899 2475 969 nesciens
2527 899 2694 987 quid

154 1004 417 1080 ageret,
482 1011 642 1058 cum
701 988 955 1058 videret
1004 1002 1275 1058 sanctos
1324 994 1649 1079 Martyres
1701 1011 1820 1079 per
1856 990 2089 1058 omnia
2131 988 2590 1078 resplendere,
2630 1002 2696 1057 et

155 1079 401 1149 haberi
440 1078 510 1147 in
554 1077 1031 1157 admiratione,
1084 1098 1202 1146 eos
1251 1089 1464 1147 morte
1497 1076 1931 1147 condemnat.
1984 1077 2112 1160 Qui
2146 1099 2302 1146 cum
2342 1089 2689 1164 tamquam

156 1188 301 1236 rem
353 1166 844 1246 desideratam,
899 1165 1078 1234 hanc
1125 1178 1495 1236 extremam
1532 1167 1959 1256 accepissent
2006 1167 2438 1244 sententiam,
2498 1181 2695 1235 trun-

154 1256 328 1326 catis
379 1256 750 1345 capitibus,
787 1255 1092 1324 coronati
1156 1255 1454 1344 migrant
1491 1255 1577 1325 ad
1635 1277 1861 1325 veram
1900 1256 2131 1335 vitam,
2168 1254 2449 1324 fruituri
2498 1277 2693 1344 prae—

156 1345 320 1415 miis
372 1342 936 1424 immortalitatis,
979 1355 1042 1413 et
1080 1365 1181 1423 ea,
1218 1366 1395 1431 quae
1425 1343 1723 1421 estillic,
1772 1344 2213 1413 beatitudine.
2253 1342 2377 1414 Sed
2418 1343 2691 1412 invidus
2800 1428 2803 1431 .

150 1434 472 1520 quidem,
514 1446 577 1501 et
623 1432 994 1502 sceleratus
1018 1433 1255 1521 judex,
1296 1432 1495 1502 nobis
1535 1432 1852 1501 invidens
1899 1437 2301 1502 Sanctorum
2341 1431 2687 1519 reliquias,

143 1522 350 1611 jubet
398 1543 691 1609 corpora
740 1527 908 1590 Mart
960 1542 1110 1590 rum
1150 1520 1451 1610 profanis
1482 1520 1850 1591 admisceri
1879 1521 2305 1611 corporibus,
2343 1541 2519 1607 quae
2551 1519 2696 1588 fue-

155 1623 313 1680 rant
364 1610 721 1679 interiecta
769 1632 809 1678 a
856 1634 900 1699 g
930 1609 1376 1690 adiatoribus,
1425 1608 1657 1679 decem
1713 1609 2048 1678 militibus
2099 1608 2458 1689 mandanS,
2502 1621 2580 1678 ut
2617 1629 2698 1677 ea

154 1711 539 1769 servarent.
612 1705 784 1768 Deus
833 1711 1057 1768 autem
1110 1720 1339 1767 rerum
1387 1697 1929 1779 admirabilium,
1998 1697 2520 1767 convivantibus
2569 1719 2691 1766 cu-

154 1788 506 1869 stodibuS,
560 1810 719 1856 cum
760 1788 905 1876 jam
968 1808 1207 1876 rogum
1259 1786 1773 1867 accendissent,
1831 1808 2082 1877 magna
2130 1787 2192 1856 vi
2246 1797 2519 1876 repente
2584 1807 2695 1853 ca-

154 1877 480 1947 dentium
533 1877 890 1956 imbrium,
924 1888 989 1943 et
1023 1876 1279 1965 ingenti
1313 1887 1746 1957 terraemotu,
1788 1896 2029 1965 rogum
2061 1875 2340 1961 quidem
2383 1874 2688 1951 extinxit,

155 1966 488 2035 custodes
535 1978 760 2034 autem
796 1965 993 2034 vertit
1039 1964 1106 2032 in
1160 1962 1419 2054 fugam.
1474 1968 1779 2051 Cumque
1825 1985 1983 2032 cum
2020 1963 2176 2033 aliis
2224 1963 2559 2055 permixta
2590 1983 2697 2031 es-

159 2068 316 2124 sent
368 2060 771 2123 Sanctorum
821 2075 1131 2143 corpora,
1183 2067 1248 2122 et
1297 2054 1779 2142 ignorarentur
1830 2064 2105 2141 propter
2132 2050 2697 2133 tenebraS,stella

160 2142 600 2212 lucidissima
649 2164 686 2210 e
732 2142 918 2211 coelo
969 2153 1215 2210 terram
1269 2141 1645 2223 illustranS,
1684 2154 1748 2210 et
1782 2155 1973 2210 stans
2013 2163 2221 2231 super
2251 2138 2697 2226 unumquod-

158 2253 296 2318 que
347 2253 623 2321 corpns,
682 2230 992 2320 praebuit
1023 2230 1244 2298 lucem
1279 2230 1362 2300 ad
1398 2252 1476 2299 ea
1506 2230 1965 2319 agnoscenda,
2001 2229 2190 2299 illam
2219 2228 2390 2298 forte
2424 2227 2694 2299 stellam

162 2320 473 2399 imitans,
525 2342 701 2406 quae
750 2320 816 2388 in
865 2318 1113 2387 Christi
1153 2329 1305 2388 ortu
1355 2319 1735 2388 secundum
1777 2340 2080 2399 carnem,
2137 2324 2366 2409 Magos
2414 2338 2493 2386 ex
2543 2322 2697 2387 Per-

162 2408 318 2477 side
369 2409 670 2477 evocavit
715 2421 777 2477 et
825 2407 1128 2476 deduxit.
1180 2413 1359 2476 Haec
1405 2420 1632 2476 autem
1684 2407 1861 2477 facta
1927 2421 2121 2487 sunt,
2186 2428 2347 2476 cum
2411 2405 2696 2493 quidam

163 2496 407 2566 fideles
455 2496 521 2565 in
575 2510 802 2565 monte
848 2496 1143 2586 genibus
1189 2496 1382 2566 flexis
1435 2497 1800 2566 Dominum
1850 2495 2200 2586 supplices
2234 2508 2573 2585 rogarent,
2612 2516 2699 2564 ne

165 2586 604 2674 privarentur
647 2585 830 2653 dono
879 2590 1279 2655 Sanctorum
1327 2587 1818 2665 membrorum,
1857 2606 2032 2672 quae
2073 2598 2346 2675 propter
2377 2584 2528 2672 ejus
2564 2583 2700 2673 glo·

164 2673 344 2743 riam
401 2696 610 2763 supra
669 2673 946 2742 modum
996 2673 1454 2743 decertarunt.
1508 2679 1596 2742 Ea
1647 2695 1804 2744 vero
1852 2672 2340 2743 descendentes
2400 2671 2702 2742 sustule-

168 2774 375 2841 runt;
428 2776 492 2831 ct
554 2783 827 2830 summo
875 2760 1103 2831 studio
1153 2776 1426 2853 propter
1477 2774 1732 2833 metum
1786 2763 2168 2852 Praesidis,
2223 2762 2293 2830 in
2346 2773 2573 2829 monte
2627 2760 2697 2827 in

166 2865 362 2939 petra
421 2872 720 2919 concava
784 2849 1286 2932 condiderunt,
1353 2850 1817 2941 glorificantes
1884 2851 2395 2920 sanctissimum
2448 2869 2698 2917 nomen

164 2938 416 3008 Christi
469 2939 582 3008 Dei
631 2939 893 3008 nostri:
935 2939 1259 3025 quoniam
1310 2960 1467 3008 eum
1520 2940 1713 3009 decet
1758 2940 1985 3008 omnis
2031 2938 2251 3027 gloria
2297 2958 2455 3006 cum
2507 2942 2701 3005 Patre

168 3029 497 3117 principii
545 3041 839 3116 experte,
890 3039 956 3097 et
1004 3032 1250 3097 Sancto
1299 3028 1580 3118 Spiritu,
1619 3049 1805 3098 nunc
1843 3039 1908 3097 et
1938 3048 2230 3117 semper,
2268 3039 2332 3097 et
2368 3027 2434 3094 in
2471 3023 2702 3096 secula

167 3116 590 3198 seculorum,
629 3122 862 3186 Amen.

221 3279 248 3306 ³⁸
275 3279 333 3319 In
352 3276 563 3328 Epistola
582 3278 626 3319 S.
648 3276 821 3327 Ignatii
840 3279 899 3320 ad
921 3279 1169 3321 Romanos.
