3347 4999
169 361 348 429 OCT.
401 361 443 425 2
826 379 907 425 nn
954 377 1012 425 s.
1066 376 1455 426 Lnonsssxmo
1503 377 1702 425 muse.
1756 379 1832 427 nr
1879 375 2075 427 HART.
2557 363 2641 428 69

172 463 385 535 amici
432 475 942 553 compererunt.
985 462 1211 533 videre
1263 462 1418 532 illos
1459 463 1841 552 cupienteS‚
1895 486 2055 533 cum
2100 462 2362 552 ingenti
2414 463 2646 534 studio
2672 477 2739 536 et

171 553 405 623 favore
438 550 594 621 illos
644 551 727 620 ad
782 552 1062 642 propria
1095 573 1410 623 revocare
1453 551 1793 622 nituntur.
1833 557 2069 638 Itaque
2104 552 2190 621 ad
2231 554 2730 623 monasteri-um

174 643 555 721 venientes
610 654 870 730 cogunt
907 662 1023 712 eos
1063 640 1315 710 deinde
1342 640 1601 730 egredi,
1641 653 1710 709 et
1753 640 1839 710 ad
1894 663 2055 711 suas
2085 639 2327 710 domos
2357 644 2622 712 reverti.
2655 648 2736 714 At

177 730 288 801 illi
343 728 639 799 multum
693 729 904 810 anxii,
945 730 1219 799 tandem
1257 729 1533 798 illorum
1585 729 1944 799 dilectioni
1988 741 2054 798 et
2101 730 2448 799 amicitiae
2495 752 2735 800 assen-
2843 732 2850 737 “

183 819 393 900 tium,
443 819 705 909 quippe
758 840 931 905 quos
962 840 1088 887 sua
1138 822 1347 888 causa
1400 832 1729 887 noverant
1770 819 2014 909 prolixi
2065 818 2329 887 itineris
2375 818 2738 892 laboribus

184 908 530 998 fatigatos,
560 913 726 977 Cum
768 907 1244 977 benedictione
1274 929 1438 997 ergo
1469 907 1772 986 Abbatis‚
1817 907 1996 976 inter
2034 928 2108 976 se
2147 910 2338 996 pacis
2367 909 2737 979 concordia

173 998 409 1089 juncti
457 995 917 1085 Leodegarius
966 1009 1031 1066 et
1090 997 1474 1077 Ebrolnus,
1531 995 2112 1084 Augustodunum
2166 996 2729 1086 proficiscuntur.

188 1092 443 1156 Eorum
477 1084 776 1154 adventu
808 1096 942 1153 tota
972 1085 1395 1155 exhilaratur
1424 1084 1690 1166 civitaS‚
1722 1085 2132 1172 obviamque
2160 1086 2260 1153 eis
2293 1084 2742 1174 procedentes

188 1174 412 1254 cives,
464 1195 623 1243 cum
674 1195 928 1264 magno
977 1175 1331 1264 triumpho
1376 1195 1492 1243 eos
1551 1174 1696 1244 cxci
1754 1174 1952 1255 iunt,
2006 1172 2302 1243 multum
2355 1174 2729 1256 laetantes,

189 1263 373 1351 quod
415 1263 796 1352 reciperent
837 1276 1092 1352 patrem
1130 1286 1362 1344 suum,
1407 1284 1610 1349 quem
1654 1285 1695 1332 o
1731 1263 1818 1331 im
1854 1284 1926 1332 se
1975 1264 2506 1351 gubernatorem
2559 1264 2736 1332 ami-

193 1353 367 1421 sisse
424 1351 845 1439 planxerant.
893 1352 1286 1421 Restituunt
1321 1352 1530 1441 igitur
1566 1374 1724 1420 eum
1789 1351 1862 1419 in
1911 1352 2141 1421 sedem
2187 1373 2429 1421 suam:
2474 1365 2539 1421 et
2571 1374 2738 1422 cum

191 1441 264 1510 in
320 1440 460 1510 enti
538 1439 747 1509 audio
781 1441 1036 1529 pariter
1073 1441 1511 1510 afficerentur
1543 1462 1623 1509 ac
1660 1439 2141 1529 tripudiarent,
2177 1440 2324 1529 ipse
2355 1440 2738 1530 Episcopus

190 1553 278 1600 vo
311 1531 410 1599 uit
465 1463 678 1599 altera
721 1528 875 1599 luce
922 1530 1296 1599 Ebroinum
1342 1529 1615 1619 magnis
1655 1531 1975 1599 affectum
2028 1528 2460 1609 muneribus,
2516 1529 2738 1599 hono·

191 1619 389 1688 rifice
421 1641 461 1687 a
494 1640 569 1687 se
613 1618 982 1687 dimittere.
1034 1623 1111 1688 At
1149 1620 1491 1688 Ebrolnus
1530 1639 1664 1687 non
1714 1617 1940 1687 ferens
1994 1639 2156 1688 suos
2197 1618 2298 1685 vel
2349 1617 2737 1706 pauxillum

190 1708 572 1795 quiescere,
610 1721 812 1776 nocte
854 1707 1091 1796 fugam
1121 1729 1197 1776 ca
1295 1728 1512 1786 ssens,
1559 1707 1646 1776 ab
1679 1707 1858 1776 urbe
1886 1706 2187 1787 recessit,
2219 1718 2283 1775 et
2315 1706 2725 1785 austrasios,

191 1817 368 1883 quos
415 1795 579 1866 olim
633 1796 1061 1865 adversarios
1109 1795 1193 1865 ba
1250 1809 1465 1875 uerat,
1519 1796 1653 1865 sibi
1718 1796 1978 1865 amicos
2026 1794 2341 1864 adscivit.
2411 1800 2552 1864 Non
2608 1795 2736 1865 diu

196 1897 375 1975 post,
445 1884 687 1963 multis
734 1885 1137 1974 perpetratis
1184 1883 1586 1965 sceleribus⁹
1642 1906 1803 1954 cum
1860 1884 1992 1954 sibi
2040 1883 2466 1974 flagitiorum
2515 1884 2737 1953 socios

196 1973 650 2060 adjunxisset,
704 1972 773 2042 in
826 1977 1237 2042 Francorum
1273 1973 1447 2042 fines
1481 1995 1602 2062 per
1643 1974 1782 2045 vim
1813 1972 2085 2053 invasit,
2126 1972 2739 2042 immanissimam-

196 2084 339 2149 que
385 2082 708 2131 exercens
754 2061 1217 2151 tyrannidem,
1256 2062 1324 2130 in
1376 2061 1776 2131 'theodorici
1821 2062 2005 2152 regis
2051 2075 2498 2152 conspectum
2526 2061 2733 2143 venit,

197 2162 403 2237 atque
458 2151 546 2219 ab
594 2149 717 2219 illo
765 2151 833 2218 in
883 2151 1253 2240 pristinum
1322 2152 1617 2240 gradum
1677 2151 2034 2221 restitutus
2072 2163 2196 2220 est.

288 2241 329 2326 ἓ
372 2242 452 2310 S.
508 2244 607 2308 Ita
657 2260 731 2308 er
780 2261 822 2309 o
930 2239 1265 2309 raefectus
1323 2239 1558 2329 palatii
1615 2252 1682 2309 et
1747 2241 1958 2329 Maj0r
2011 2238 2263 2310 domus
2305 2239 2587 2309 effectus
2623 2259 2738 2308 co—

201 2327 423 2417 gitare
468 2327 693 2417 coepit
722 2262 806 2396 ge
840 2351 882 2397 u
916 2326 1260 2398 ciscendis
1311 2328 1639 2408 inimicis,
1673 2329 1798 2415 qui
1843 2350 2001 2398 eum
2056 2328 2439 2398 noluissent
2485 2327 2739 2396 habere

198 2415 685 2506 subregulum,
728 2416 795 2485 id
845 2434 983 2499 est,
1024 2418 1349 2508 Majorem,
1396 2418 1649 2488 domus
1694 2415 1796 2484 vel
1841 2417 2077 2507 palatii
2137 2417 2552 2508 principem.
2607 2420 2740 2487 Ita-

198 2526 338 2593 que
384 2506 606 2575 instar
658 2505 879 2575 leonis
940 2508 1318 2596 rugientiS‚
1374 2530 1497 2598 per
1546 2512 1961 2576 Francorum
2009 2519 2221 2576 terras
2268 2509 2546 2597 rugitus
2588 2506 2740 2595 ejus

198 2594 536 2674 insonuit,
592 2596 986 2681 cunctique,
1047 2597 1167 2682 qui
1215 2595 1377 2666 olim
1414 2596 1747 2666 adversus
1794 2618 1952 2665 eum
1996 2607 2301 2686 egerant,
2340 2596 2458 2682 qui
2510 2608 2737 2664 tamen

196 2682 478 2752 caedem
511 2683 809 2773 effugere
844 2698 1148 2773 potuere,
1192 2684 1267 2754 su
1318 2707 1395 2754 ae
1430 2686 1773 2776 praesidia
1812 2696 2204 2774 captarunt.
2242 2689 2449 2754 Porro
2478 2684 2583 2752 vir
2617 2683 2740 2753 Dei

196 2772 658 2862 Leodegarius
698 2772 1190 2843 instaurandae
1240 2797 1283 2864 p
1313 2773 1421 2843 ebi
1470 2796 1637 2843 suae
1672 2773 1851 2843 intra
1899 2773 2141 2843 urbem
2178 2793 2372 2842 suam
2435 2771 2737 2841 Aeduam

195 2861 340 2931 sive
387 2860 963 2952 Augustodunum
1016 2863 1323 2933 intentus
1361 2876 1525 2932 erat.
1582 2863 2062 2932 Reminiscens
2110 2873 2338 2929 autem
2397 2861 2741 2930 Ebrolnus

196 2948 541 3019 malorum
589 2949 932 3031 omnium,
969 2971 1146 3037 quae
1179 2974 1339 3021 cum
1389 2951 1773 3021 Childerico
1830 2972 1902 3020 re
1951 2972 1989 3020 e
2023 2948 2222 3019 illum
2255 2948 2742 3037 suspicabatur

196 3038 334 3108 sibi
375 3037 721 3118 intulisse,
761 3038 1092 3110 adhibitis
1125 3041 1195 3109 in
1225 3040 1597 3109 consilium
1637 3039 1905 3110 homini
1956 3060 2043 3107 us
2076 3036 2548 3123 nequissimis,
2575 3057 2739 3105 cum

193 3127 298 3196 eis
348 3138 640 3196 tractare
687 3128 937 3219 coepit,
991 3150 1126 3214 qua
1172 3131 1434 3199 ratione
1471 3129 1672 3198 illum
1709 3128 2120 3218 Episcopum
2161 3125 2446 3216 perdere
2483 3137 2735 3215 posset.

194 3220 292 3285 Ex
342 3216 429 3285 iis
475 3238 632 3285 vero
679 3216 847 3296 duc,
897 3216 1112 3287 Diddo
1136 3231 1201 3287 et
1231 3219 1642 3288 Guaimerus
1666 3228 1878 3307 caput
1918 3215 2224 3285 malitiae
2252 3215 2497 3295 effecti,
2539 3216 2737 3304 ajunt

195 3326 274 3373 se
320 3303 517 3374 illum
571 3326 809 3394 rapere
851 3327 1052 3394 posse
1096 3328 1176 3376 ex
1224 3308 1397 3376 urbe
1442 3308 1637 3396 ejus,
1693 3306 1761 3375 in
1811 3325 2111 3391 eumque
2156 3325 2469 3375 exercere
2515 3303 2741 3373 vindi-

196 3407 407 3472 ctam,
459 3414 637 3478 quae
665 3394 944 3463 Ebroini
995 3394 1330 3471 malitiam
1378 3397 1686 3465 exsatiet.
1731 3393 2020 3464 Illorum
2072 3393 2431 3481 promissis
2479 3393 2741 3462 exhila-

195 3493 395 3550 ratus
426 3481 787 3563 Ebroinus,
827 3483 1184 3571 copiosum
1233 3484 1432 3554 valde
1477 3483 1849 3553 exercitum
1900 3483 2006 3552 eis
2048 3482 2354 3552 tradidit.
2407 3503 2564 3550 cum
2601 3503 2741 3568 quo

196 3569 302 3638 illi
334 3569 563 3639 festini
593 3570 823 3640 abiere
868 3571 1199 3653 Aeduam,
1240 3586 1309 3641 et
1343 3572 1585 3642 urbem
1636 3573 1818 3643 circa
1874 3571 2146 3642 moenia
2190 3583 2455 3640 vastare
2502 3591 2745 3658 coepe.b

197 3671 389 3728 runt.
426 3657 502 3728 Id
538 3679 829 3730 cernens
865 3659 971 3729 vir
1016 3662 1129 3730 Dei
1186 3660 1666 3752 Leodegarius‚
1709 3660 1854 3732 nelo
1890 3681 2140 3750 magno
2196 3681 2532 3730 accensus
2576 3680 2739 3749 erga
2804 3715 2830 3738 ,

195 3747 472 3838 plebem
540 3746 676 3817 sibi
738 3749 1230 3827 commissam,
1288 3763 1354 3819 et
1413 3749 1684 3819 Domini
1747 3748 2059 3840 exemplo
2116 3749 2384 3820 malens
2428 3747 2737 3818 animam

196 3857 396 3907 suam
434 3857 692 3926 ponere
722 3859 847 3927 pro
868 3838 1116 3908 ovibus
1142 3838 1312 3917 suis,
1357 3859 1610 3926 easque
1642 3838 2047 3909 lucrifacere
2082 3838 2333 3927 potine,
2374 3858 2581 3924 quam
2613 3835 2741 3906 uni

194 3947 367 3996 suae
428 3925 882 4014 temporariae
928 3926 1138 3997 saluti
1185 3927 1572 4009 consulere,
1609 3928 1896 3998 collecto
1942 3926 2148 3998 totius
2186 3926 2481 3996 civitatis
2528 3924 2735 4007 clero,

194 4035 358 4084 cum
411 4013 746 4101 reliquiiS,
804 4016 1141 4085 Crucibus
1178 4027 1244 4083 et
1285 4016 1724 4106 psallentium
1768 4016 2042 4094 choris,
2093 4016 2346 4101 Deique
2403 4013 2738 4085 laudibus

195 4102 469 4173 obviam
509 4102 845 4193 processit
873 4103 1192 4174 hostibus
1224 4105 1395 4185 suiS,
1434 4118 1815 4195 sponteque
1848 4127 1919 4175 se
1952 4103 2202 4174 obtulit
2226 4104 2311 4174 ad
2339 4102 2737 4176 obeundum

197 4190 637 4278 martyrium,
677 4190 735 4262 si
769 4191 1086 4262 voluntas
1123 4195 1508 4282 percussori
1554 4216 1689 4265 non
1733 4193 2094 4263 defuisset.

286 4281 324 4366 ξ
361 4284 457 4350 θ.
508 4284 585 4349 At
616 4279 718 4349 illi
751 4280 873 4368 qui
907 4279 1061 4369 ejus
1092 4281 1414 4370 capiendi
1449 4287 1660 4353 causa
1695 4292 2042 4361 venerant,
2083 4280 2277 4350 nulla
2309 4301 2476 4370 erga
2507 4301 2744 4350 sacras

201 4366 530 4454 reliquias
570 4369 734 4438 moti
775 4368 1179 4449 reverentia,
1225 4391 1382 4440 eum
1419 4370 2118 4461 comprehenderunt.
2158 4373 2398 4439 Fertur
2426 4380 2591 4440 tunc
2625 4390 2740 4437 ex·

198 4455 510 4526 clamans
555 4456 848 4528 dixisse:
894 4484 921 4518 ‹
962 4457 1231 4528 Gratias
1263 4481 1392 4551 ago
1424 4459 1881 4549 omnipotenti
1917 4463 2070 4542 Deo,
2097 4457 2514 4547 redemptori
2558 4478 2732 4538 meo,
