3347 4999
716 326 844 390 292
2899 323 3073 390 OCT.
3133 326 3181 391 9

1093 475 1320 644 vni
1392 545 1473 643 S.
1547 543 2020 645 Limone!
2096 543 2689 646 BERTRANnt

1289 750 1516 815 conr.
1570 729 1760 815 oni).
1815 749 2504 817 PRAEnchTonUM

941 949 1059 996 rna
1107 948 1350 995 numu
1398 946 1922 994 cmomzssmms
1970 947 2012 993 A
2060 945 2378 993 emensis
2427 943 2592 995 PAPA
2640 947 2867 997 onemo

1245 1053 1414 1101 Anno
1455 1052 1725 1102 unchxt
1773 1049 2170 1100 campanas
2217 1032 2555 1101 nnsciuru

1181 1182 1187 1187 ’
1288 1198 1476 1254 Flor.
1502 1211 1633 1252 sec.
1662 1196 1825 1251 XVI
1854 1227 1932 1236 —
1959 1196 2116 1253 Nat.
2142 1195 2512 1265 Hispanus.

1115 1368 1413 1436 Clemens
1461 1366 1806 1455 episeopus
1852 1387 2084 1433 servus
2131 1387 2473 1433 servorum
2523 1366 2678 1444 Dei,

1319 1456 1410 1523 ad
1452 1464 1851 1544 perpetuam
1908 1455 2016 1521 rei
2058 1454 2474 1521 memoriam.

715 1584 1114 1648 Pnoonmun.
1171 1578 1350 1648 Coeli
1402 1589 1759 1664 terraeque
1792 1577 2114 1646 Conditor
2148 1575 2234 1645 ab
2276 1576 2711 1667 ipso‘mundi
2743 1576 3020 1646 exordio
3054 1600 3185 1647 us-

624 1689 758 1755 que
797 1668 883 1738 ad
919 1668 1083 1737 haec
1125 1681 1358 1737 nostra
1394 1679 1726 1755 tempora,
1771 1666 1837 1733 in
1873 1666 2131 1752 quibus
2181 1665 2573 1736 seculorum
2612 1666 2786 1737 fines
2819 1666 3184 1737 devenisse

624 1756 1048 1837 creduntur,
1105 1778 1446 1842 nusquam
1515 1777 1634 1844 per
1698 1754 2015 1844 singulas
2077 1767 2331 1824 aetates
2381 1768 2734 1841 tamquam
2789 1776 2910 1845 per
2971 1755 3184 1827 horas

624 1845 1032 1915 distributas
1064 1843 1415 1933 operarios
1452 1844 1520 1912 in
1554 1844 1819 1912 vineam
1859 1865 2058 1911 suam
2103 1843 2369 1913 mittere
2399 1842 2681 1923 destitit,
2714 1844 2861 1930 qui,
2902 1845 3185 1933 pondus

631 1934 770 2002 diei
804 1945 868 2002 et
901 1945 1133 2002 aestus
1171 1944 1539 2022 portanteS,
1580 1931 1835 2011 labore,
1892 1931 2141 2001 sudore
2190 1955 2269 2001 ac
2318 1933 2659 2021 sanguine
2694 1932 2887 2002 illam
2933 1934 3186 2023 irriga-

630 2034 802 2103 rent,
843 2033 907 2091 et
950 2021 1267 2091 omnium
1302 2020 1701 2090 coelestium
1753 2021 2081 2089 virtutum
2133 2043 2211 2091 ac
2254 2035 2567 2090 aeternae
2615 2022 2789 2091 vitae
2839 2022 3185 2093 fructibus

626 2110 1019 2201 germinare
1042 2131 1195 2179 eam
1224 2109 1543 2190 facerent,
1575 2108 1817 2192 donec,
1840 2110 2033 2200 juxta
2063 2109 2298 2178 divina
2325 2111 2838 2199 scripturarum
2866 2111 3176 2191 oracula,

627 2222 708 2268 ex
750 2199 1103 2280 omnibus,
1149 2199 1494 2289 gentibu5‚
1536 2198 1877 2278 tribubus,
1925 2198 2202 2287 populis
2250 2212 2314 2268 et
2356 2199 2639 2289 linguis,
2683 2222 2725 2268 a
2772 2199 2938 2269 solis
2987 2214 3181 2272 ortus

626 2286 910 2356 cardine
957 2309 1177 2374 usque
1225 2288 1306 2357 ad
1347 2300 1682 2357 terrarum
1729 2286 2004 2366 limiteS‚
2059 2308 2301 2356 omnes
2343 2287 2426 2356 ad
2471 2310 2754 2357 coenam
2798 2290 2971 2379 Agni
3022 2311 3178 2379 pro-

628 2375 766 2443 vidi
801 2378 1195 2466 congregati
1224 2377 1290 2445 in
1323 2398 1530 2467 regno
1558 2375 1832 2445 coelesti
1861 2377 2098 2444 vinum
2129 2376 2582 2446 novissimum
2619 2378 2958 2458 biberent,
2990 2376 3177 2465 quod

627 2464 744 2534 Dei
777 2465 1112 2555 sapientia
1145 2465 1389 2535 Electis
1425 2465 1571 2536 suis
1610 2464 1899 2535 miscere
1939 2466 2317 2535 consuevit.
2353 2469 2428 2535 In
2481 2466 2856 2538 excolenda
2897 2479 3179 2537 sanctae

625 2555 862 2624 Crucis
895 2555 1048 2635 vite,
1087 2555 1277 2625 omni
1307 2556 1476 2625 cura
1514 2555 1950 2642 potissimum
1984 2554 2403 2624 insudarunt
2430 2555 2499 2623 in
2530 2556 2859 2645 operibus
2889 2555 3171 2637 diversi,

622 2644 693 2712 in
729 2644 976 2713 virtute
1016 2643 1419 2723 uniformeS,
1457 2657 1535 2712 ut
1564 2644 1769 2712 etiam
1809 2665 1926 2732 per
1964 2665 2175 2732 regna
2208 2655 2273 2711 et
2308 2643 2698 2733 provincias
2737 2645 2990 2714 nostris
3033 2667 3178 2713 ma-

617 2733 890 2821 joribus
936 2745 1136 2801 antea
1168 2734 1434 2822 ignotas
1487 2734 1576 2801 ita
1628 2732 2002 2801 innotuerit
2032 2733 2181 2820 ejus
2235 2731 2450 2801 virtus
2492 2756 2569 2802 ac
2616 2734 2674 2801 vi
2732 2754 2809 2801 or
2859 2733 2930 2801 in
2969 2734 3178 2803 totius

620 2822 809 2891 orbis
860 2822 1163 2901 victoria,
1216 2823 1575 2910 ipsiusque
1628 2826 1712 2888 de
1762 2819 2003 2891 mundi
2060 2819 2371 2910 principe
2422 2821 2683 2911 triump
2739 2845 2849 2904 uS‚
2893 2835 2965 2891 ut
3018 2823 3180 2908 jam

621 2910 1054 2981 tremendum
1124 2910 1296 2980 illud
1356 2910 1624 2980 cunctis
1678 2909 2127 2998 potestatibus
2199 2930 2497 2990 nomen,
2551 2911 2737 2997 quod
2802 2922 2898 2979 est
2960 2931 3181 3010 super

619 3021 826 3069 omne
863 3021 1133 3079 nomen,
1190 2999 1322 3068 sibi
1368 3000 1509 3088 jam
1563 2998 1892 3067 barbaras
1942 3000 2253 3067 nationes
2284 3000 2654 3089 subegerit,
2686 3011 2752 3068 et
2783 3000 2850 3067 in
2885 3019 3177 3067 nomme

619 3094 789 3157 Jesu
825 3110 1028 3156 omne
1075 3109 1260 3177 genu
1300 3088 1634 3165 flectatur,
1675 3109 1754 3155 ac
1803 3087 2031 3157 omnis
2066 3087 2307 3175 lingua
2360 3088 2772 3157 confiteatur
2826 3087 2990 3175 quia
3052 3091 3177 3156 Do·

623 3176 859 3247 minus
895 3177 1093 3245 lesus
1151 3177 1219 3244 in
1268 3176 1488 3265 gloria
1535 3189 1634 3245 est
1691 3175 1801 3260 Dei
1850 3176 2091 3246 Patris.
2149 3176 2383 3246 Plures
2418 3175 2830 3264 hujusmodi
2879 3189 2944 3245 et
3006 3187 3177 3246 stre-

623 3285 798 3332 nuos
841 3265 1190 3352 operarios
1238 3265 1636 3334 continuata
1685 3265 1859 3334 serie
1908 3264 2286 3344 catholicae
2336 3264 2677 3334 Ecclesiae
2736 3264 3179 3335 Praedicato-

621 3373 781 3422 rum
830 3352 1009 3421 Ordo
1062 3353 1450 3423 ministrare
1502 3376 1636 3422 non
1679 3354 1959 3435 destitit,
2015 3355 2192 3422 inter
2230 3375 2406 3440 quos
2442 3353 2816 3423 novissime
2849 3354 3177 3443 egregius

625 3440 739 3509 Dei
773 3461 1034 3522 servm,
1074 3441 1456 3511 Ludovicus
1504 3442 1945 3514 BertranduS.
2008 3442 2297 3511 mirifice
2343 3441 2618 3521 claruit,
2676 3443 2799 3529 qui
2834 3442 3180 3511 ardentis-

622 3530 802 3597 sima
842 3529 910 3596 in
966 3531 1198 3618 ipsum
1249 3535 1455 3600 Deum
1510 3543 1575 3600 et
1626 3532 2017 3620 proximum
2051 3531 2383 3600 charitate
2420 3531 2746 3620 flagrans,
2789 3543 3183 3601 ceterarum

622 3616 951 3686 virtutum
981 3617 1402 3698 excellentia,
1447 3620 1841 3709 prophetiae
1890 3618 2072 3688 dono
2104 3632 2169 3688 et
2208 3620 2586 3708 apostolico
2639 3619 3022 3689 ministerio
3069 3640 3187 3688 co-

622 3729 895 3787 ruscuS‚
962 3707 1280 3777 omnium
1331 3708 1732 3798 linguarum
1789 3707 2117 3776 laudibus
2176 3709 2416 3777 merito
2481 3708 2873 3779 celebratur
2910 3762 2925 3787 ‚
2972 3707 3187 3795 cujus

623 3796 839 3885 pietas
896 3808 961 3865 et
1011 3796 1276 3866 devotio
1333 3797 1561 3865 adhuc
1599 3796 1667 3863 in
1714 3798 1864 3885 ipsa
1900 3799 2133 3865 tenera
2164 3808 2379 3865 aetate
2428 3797 2735 3878 effulsit,
2790 3796 3052 3884 quibus
3121 3809 3189 3865 et

623 3884 867 3953 mundi
917 3898 1389 3974 contemptum
1431 3898 1495 3954 et
1544 3884 1847 3974 religiosi
1899 3888 2118 3955 status
2173 3884 2657 3975 perfectionem
2693 3885 3029 3977 jungenS,
3074 3906 3190 3954 ve-

622 3973 878 4043 teranis
921 3974 1423 4064 professoribus
1465 3973 1908 4044 admirationi
1951 3986 2017 4043 et
2051 3974 2363 4063 exemplo
2405 3974 2558 4044 fuit.
2607 3974 3058 4044 Postmodum
3094 3973 3192 4043 ad

617 4061 1078 4133 occidentales
1135 4062 1344 4132 Indos
1399 4061 1840 4152 evangelicus
1908 4062 2337 4152 praedicator
2383 4062 2667 4143 miSSUS,
2714 4063 3057 4152 plurimos
3096 4062 3194 4132 ad

622 4149 868 4219 Christi
923 4152 1125 4222 fidem
1179 4151 1487 4222 adduxit.
1529 4151 1933 4240 Apostolicis
1964 4152 2166 4221 etiam
2221 4152 2465 4241 signis,
2521 4152 3066 4222 charismatibus
3121 4164 3193 4221 et

619 4241 1028 4314 auctoritate.
1085 4240 1470 4331 decoratus,
1525 4254 1589 4310 et
1628 4241 1898 4310 cunctis
1933 4241 2305 4310 virtutibus
2356 4240 2656 4332 fulgens,
2716 4241 3039 4309 inventus
3081 4252 3195 4311 est

619 4327 903 4419 dignus,
948 4331 1070 4417 qui
1119 4352 1330 4419 super
1377 4330 1723 4399 excelsum
1761 4329 2259 4400 candelabrum
2310 4330 2380 4397 in
2423 4333 2661 4419 sancta
2696 4328 3000 4398 Ecclesia
3048 4330 3199 4400 col·

623 4417 991 4501 locaretur,
1030 4429 1104 4489 ut
1134 4417 1400 4500 ceteriS,
1455 4419 1572 4506 qui
1612 4418 1681 4487 in
1713 4418 1919 4488 domo
1954 4419 2067 4488 Dei
2120 4431 2303 4500 sunt,
2343 4418 2489 4508 ejus
2544 4418 2722 4488 radii
2755 4417 3188 4491 elucescant.
