3347 4999
687 283 814 347 270
1482 300 1559 345 na
1608 298 1663 345 S.
1720 297 2006 344 macti-TA
2056 298 2249 345 vthA
2871 281 3045 348 OCT.
3101 285 3143 348 8

597 398 720 465 est,
773 384 1028 454 multos
1076 384 1144 451 in
1207 382 1394 453 hisce
1443 381 1611 451 locis
1662 382 2085 463 victitantes,
2140 382 2502 452 adversum
2555 383 2855 452 exitialia
2905 406 3145 474 pecca-

598 488 822 544 torum
865 473 1146 541 vulnera
1183 470 1543 541 habituros
1594 471 2037 556 medicinam,
2089 493 2168 540 ex
2217 470 2420 540 dictis
2454 476 2518 541 S.
2557 473 2670 541 Bir
2719 473 2901 542 ittae.
2942 478 3145 543 Prae·

601 578 778 633 terea
845 562 1014 630 vidit
1063 560 1243 629 idem
1299 559 1503 629 fram
1550 560 1817 629 beatam
1884 559 2236 648 Birgittam
2298 582 2337 629 a
2395 572 2570 630 terra
2639 573 2967 630 eevatam
3004 617 3019 641 ,
3079 575 3149 633 et

599 651 683 720 de
730 672 845 720 ore
894 652 1046 738 ejus
1078 662 1426 736 tamquam
1461 649 1719 717 flumen
1755 648 2138 739 egrediens,
2175 649 2577 735 dictumque
2609 664 2708 718 est
2739 650 2842 719 illi
2873 676 2887 717 :
2920 655 3145 720 «Haec

600 739 853 810 mulier
886 762 920 808 a
961 739 1220 808 finibus
1248 752 1464 808 terrae
1500 738 1802 818 venienS‚
1842 737 2227 806 innumeris
2258 737 2581 828 gentibus
2617 739 3012 839 propinabit
3037 762 3146 809 sa-

599 829 958 919 pientiam.
1006 833 1082 896 Et
1136 828 1261 896 hoc
1311 828 1439 896 erit
1488 827 1608 895 tibi
1661 826 1843 916 signi
1897 825 2079 905 loco,
2155 826 2338 913 quod
2406 828 2553 916 ipsa
2623 828 2955 897 indicabit
3018 828 3143 899 tibi

599 918 806 986 finem
855 917 1028 987 vitae
1087 928 1282 996 tuae,
1335 914 1813 1002 exultabisque
1863 916 1931 983 in
1974 915 2341 985 adventum
2393 927 2458 985 et
2507 917 2945 987 sermonibus
2992 918 3143 987 e'us

597 1008 941 1092 citiusque
991 1004 1453 1095 complebitur
1511 1004 1931 1072 desiderium
1985 1017 2178 1073 tuum
2215 1058 2229 1085 ‚
2302 1017 2379 1075 ut
2429 1026 2560 1074 non
2615 1004 2846 1075 videas
2912 939 3134 1088 mala,

596 1118 776 1183 quae
827 1094 1152 1163 illaturus
1199 1105 1301 1163 est
1351 1098 1527 1162 Deus
1576 1092 1816 1161 domui
1867 1092 2001 1161 isti.
2044 1116 2079 1157 »

688 1187 723 1271 ξ
773 1190 915 1255 1².
1002 1184 1192 1252 Prior
1249 1182 1531 1269 quidam
1587 1181 2080 1250 Dominicanus
2142 1203 2342 1271 aegre
2400 1194 2659 1272 poterat
2706 1181 3006 1263 adduci,
3065 1195 3143 1252 ut

601 1274 836 1342 beatae
909 1273 1233 1361 Birgittae
1296 1269 1828 1340 revelationibus
1878 1270 2081 1339 fidem
2134 1271 2623 1341 commodaret.
2697 1276 2762 1339 Is
2814 1293 2970 1341 cum
3022 1271 3140 1340 ali·

597 1361 879 1449 quando
937 1360 1292 1441 dormiret,
1353 1360 1520 1427 vidit
1581 1358 1806 1447 ignem
1846 1381 1884 1427 a
1933 1358 2119 1429 coelo
2169 1360 2236 1427 in
2287 1381 2435 1429 eam
2488 1360 2924 1430 descendere.
2981 1364 3140 1429 Stu-

600 1450 911 1542 pefactus
973 1472 1052 1518 ea
1118 1450 1418 1525 visione,
1488 1448 1771 1537 putabat
1839 1448 1968 1517 sibi
2029 1447 2253 1518 illudi.
2320 1454 2556 1535 Itaque
2611 1449 3134 1539 expergiscenS,

602 1561 848 1610 rursus
883 1538 1322 1617 obdormivit,
1378 1537 1683 1621 viditque
1725 1537 1951 1626 ignem
2004 1536 2199 1606 illurn
2244 1559 2319 1606 ex
2355 1559 2470 1606 ore
2520 1542 2584 1607 S.
2629 1538 2950 1627 Birgittae
2987 1559 3142 1626 pro-

600 1629 953 1708 deuntem,
1011 1626 1269 1695 multos
1316 1626 1495 1695 circa
1550 1623 1738 1694 illam
1794 1638 2047 1695 stantes
2108 1626 2562 1707 inflammare3
2618 1625 2964 1713 simulque
3018 1648 3141 1696 au-

593 1717 765 1787 divit
827 1738 1056 1785 vocem
1109 1716 1491 1784 dicentem:
1560 1715 1787 1797 «Quis
1847 1713 2207 1803 prohibere.
2258 1729 2476 1804 potest
2524 1717 2752 1805 ignem
2797 1715 3018 1796 bunc,
3061 1727 3139 1784 ut

600 1828 732 1875 non
789 1805 1228 1893 egrediatur?
1259 1809 1397 1893 Ego
1451 1803 1633 1872 enim
1691 1808 1863 1874 Deus
1910 1804 2346 1892 omnipotens
2378 1806 2640 1874 mittam
2686 1803 2871 1873 hunc
2904 1804 3134 1894 ignem

593 1895 676 1964 ad
734 1896 1076 1965 Orientem
1130 1906 1194 1961 et
1251 1892 1711 1969 Occidentem,
1765 1891 1849 1960 ad
1921 1892 2320 1979 Aquilonem
2372 1907 2436 1963 et
2481 1900 2847 1973 Austrum,
2914 1905 2979 1962 et
3036 1893 3135 1961 in-

592 1983 838 2052 cendet
893 1979 1169 2051 multos.
1218 1982 1638 2071 »Deinceps
1675 1981 1865 2050 Prior
1907 1980 2017 2050 ille
2049 1980 2342 2050 credidit
2391 1981 2919 2052 revelationibus
2976 2003 3135 2051 san-

592 2085 740 2142 ctae
789 2070 1113 2159 Birgittae
1163 2069 1215 2148 ³⁵,
1259 2090 1511 2156 easque
1561 2069 1853 2138 tuendas
1911 2071 2237 2161 suscepit.
2295 2075 2381 2139 De
2429 2071 2556 2140 hoc
2604 2070 2811 2140 fratre
2845 2069 3135 2139 habetur

596 2174 785 2231 sexto
836 2160 1011 2228 libro
1067 2160 1590 2237 Revelationum‚
1629 2181 1782 2246 cap.
1837 2164 1942 2228 30.
1999 2159 2275 2229 Duobus
2306 2158 2447 2228 fere
2478 2159 2764 2249 expletis
2808 2158 3014 2227 annis
3061 2160 3131 2227 in

596 2262 975 2319 memorato
1036 2248 1471 2325 monasterio,
1517 2247 1825 2317 Christus
1867 2249 2076 2337 jussit
2125 2252 2189 2317 S.
2256 2249 2608 2338 Birgittam
2662 2248 2963 2318 laborem
3017 2269 3135 2338 pe-

595 2337 1085 2428 regrinationis
1135 2337 1509 2426 suscipere,
1567 2336 1807 2405 dicens
1845 2338 1905 2405 ei
1956 2336 2419 2407 familiariter:
2454 2360 2490 2404 «
2526 2337 2964 2408 Proficiscere
3004 2342 3132 2405 Ro-

592 2448 802 2494 mam.
865 2426 1016 2495 Illic
1068 2425 1250 2493 enim
1307 2424 1568 2516 plateae
1601 2437 1766 2494 sunt
1799 2447 1967 2495 auro
2011 2426 2358 2508 instratae‚
2413 2439 2479 2496 et
2526 2430 2925 2496 Sanctorum
2971 2446 3130 2493 san-

590 2517 799 2605 guine
850 2515 1276 2599 rubricatae3
1358 2515 1450 2584 ibi
1504 2528 1782 2604 propter
1842 2515 2377 2585 condonationes
2427 2516 2567 2585 sive
2614 2515 3123 2604 indulgentiaS,

588 2627 763 2691 quas
799 2625 1237 2695 promeruere
1278 2605 1533 2684 Sancti,
1577 2604 1989 2693 compendio
2040 2606 2309 2674 venitur
2356 2605 2440 2674 ad
2492 2605 2787 2675 coelum.
2826 2603 3129 2673 Manebis

589 2706 816 2763 autem
895 2692 1084 2772 illic,
1142 2693 1359 2762 donec
1435 2692 1665 2762 videas
1737 2716 2086 2762 summum
2161 2694 2556 2763 Pontificem
2622 2707 2685 2762 et
2751 2699 3129 2783 Imperato-

588 2805 729 2852 rem
782 2783 872 2849 μ.
912 2805 947 2849 »
999 2781 1190 2865 Quod
1233 2781 1511 2868 quidem
1564 2782 1659 2851 ita
1711 2783 1957 2863 evenit,
2016 2782 2336 2870 misitque
2392 2782 2509 2851 illa
2556 2782 2832 2869 utrique
2877 2779 3131 2851 revela-

590 2873 850 2950 tiones,
919 2872 1050 2961 ipsi
1121 2871 1482 2960 praestitas
1548 2870 1632 2939 de
1702 2870 2181 2940 reformatione
2238 2870 2602 2941 Ecclesiae.
2664 2872 2813 2939 Hoc
2880 2868 3127 2940 Christi

590 2960 913 3029 mandato
976 2972 1297 3049 accepto,
1353 2959 1469 3029 illa
1535 2971 1771 3048 utpote
1817 2959 2422 3040 obedientissima,
2486 2982 2619 3028 non
2673 2957 2854 3028 ullas
2915 2959 3125 3028 nectit

587 3070 838 3129 moraS,
893 3048 1010 3118 sed
1051 3047 1409 3118 confestim
1462 3070 1665 3118 aures
1710 3061 1904 3137 parat
1951 3049 2244 3129 auditui,
2303 3048 2615 3139 linguam
2679 3048 2865 3129 voci,
2920 3048 3128 3136 pedes

586 3137 841 3217 itineri,
920 3158 1166 3206 manus
1212 3138 1424 3226 operi,
1482 3150 1832 3223 totamque
1891 3160 1961 3208 se
2012 3138 2198 3207 intus
2236 3137 2523 3228 colligit,
2587 3148 2661 3206 ut
2717 3136 3127 3206 mandatum

585 3225 907 3294 conficiat
967 3226 1397 3314 imperantis.
1450 3232 1736 3317 Egressa
1790 3227 1806 3292 i
1865 3226 1999 3295 itur
2051 3248 2088 3295 e
2138 3241 2421 3315 paterno
2470 3225 2664 3306 solo,
2718 3225 2976 3294 crebris
3023 3236 3130 3293 est

586 3313 920 3383 divinitus
984 3326 1279 3383 recreata
1352 3315 1801 3385 consolationi
1861 3336 1982 3393 us;
2053 3336 2351 3402 cumque
2420 3321 2704 3384 Romam
2773 3314 3121 3394 venisset,
3226 3347 3233 3354 ·

584 3422 744 3471 cum
799 3425 1072 3473 summa
1119 3401 1477 3473 devotione
1524 3416 1589 3473 et
1639 3404 1851 3472 multa
1904 3403 2330 3484 assiduitate,
2372 3426 2494 3473 nec
2532 3403 2863 3473 mediocri
2894 3402 3127 3471 labore

584 3490 902 3560 visitabat
938 3489 1085 3559 loca
1136 3496 1564 3572 Sanctorum,
1621 3514 1744 3561 nec
1793 3491 1992 3561 facile
2038 3492 2383 3581 colloquia
2416 3494 2712 3562 miscens
2747 3492 2923 3561 inter
2951 3511 3128 3560 eun-

584 3578 777 3660 dum,
832 3579 967 3648 nisi
1017 3578 1186 3649 forte
1237 3580 1647 3672 interrogata
1698 3593 1917 3666 esset;
1952 3594 2017 3651 et
2056 3594 2218 3651 tunc
2261 3581 2486 3650 verbis
2520 3580 2959 3672 paucissimis
2989 3578 3129 3648 sci-

585 3667 857 3737 scitanti
907 3667 1356 3739 satisfaciens.

671 3759 707 3844 ἓ
753 3761 898 3830 18.
955 3762 1323 3848 Paupertas
1375 3757 1755 3829 voluntaria
1806 3759 1972 3829 adeo
2023 3757 2122 3828 illi
2170 3758 2362 3828 cordi
2410 3758 2561 3836 fuit,
2606 3770 2683 3828 ut
2727 3778 2969 3827 omnes
3020 3778 3129 3828 res

582 3858 647 3914 et
697 3846 1049 3916 facultates
1098 3868 1260 3915 suas
1307 3847 1581 3916 cuidam
1653 3848 2076 3918 commiserit
2133 3847 2681 3938 dispensandas;
2748 3859 2814 3917 et
2861 3844 3132 3933 quoties

583 3933 843 4021 aliquid
890 3934 1048 4004 inde
1091 3935 1188 4004 vel
1241 3935 1308 4003 in
1366 3958 1552 4016 suos,
1599 3936 1700 4006 vel
1751 3936 2044 4007 aliorum
2090 3959 2262 4006 usus
2301 3936 2600 4007 converti
2634 3947 2939 4026 cuperet,
2965 3955 3131 4004 cum

586 4044 861 4093 summa
908 4023 1298 4095 humilitate
1346 4025 1417 4093 in
1460 4026 1737 4096 nomine
1779 4026 1940 4096 Jesu
1987 4024 2259 4108 Christi,
2316 4025 2383 4096 id
2434 4026 2568 4095 sibi
2624 4025 2777 4095 dari
2828 4023 3125 4114 petierit,

634 4202 660 4228 ²⁸
689 4204 1006 4243 Revelatu'onum
1037 4202 1166 4243 Libri
1194 4209 1282 4244 oceo
1311 4204 1355 4244 8.
1383 4203 1609 4254 Btrgittae
1641 4216 1667 4245 e
1702 4215 1917 4246 sermone
1952 4204 2136 4246 suecico
2173 4206 2221 4245 in
2257 4205 2473 4251 launum.
2502 4216 2527 4245 ι
2546 4207 2685 4245 Petro
2705 4202 2909 4245 Alvutri
2951 4204 3132 4251 Priore,

579 4256 729 4305 ipsius
760 4257 959 4297 Sanctae
989 4258 1298 4303 Confessario,
1316 4259 1550 4305 translati,
1567 4260 1741 4300 Bomte
1760 4259 1989 4308 prodiere.
2009 4269 2127 4299 ωηο
2150 4261 2274 4300 1455ε
2295 4260 2462 4298 deinde
2482 4260 2533 4299 tn
2553 4259 2773 4309 gallicum
2793 4259 2968 4298 idioma
2984 4259 3136 4306 versi,

579 4311 814 4359 Lugduni,
834 4318 958 4350 anno
981 4313 1097 4354 1536.
1117 4309 1231 4351 editt
1250 4312 1394 4353 mere.

632 4364 688 4391 *¹³
716 4361 905 4404 Scilicet
924 4364 1160 4403 Urbanum
1183 4366 1219 4402 V
1241 4368 1287 4404 et
1308 4365 1527 4404 carolum
1546 4365 1609 4404 lv
1631 4366 1958 4415 imperatorem
1982 4375 2103 4405 anno
2121 4367 2298 4404 1368.—
2314 4368 2434 4406 Dum
2455 4366 2630 4406 Romae
2652 4365 2934 4406 morabatur.
2955 4364 3001 4403 S.
3025 4360 3133 4404 Bir-

579 4418 700 4467 gitta
730 4418 895 4460 sedulo
933 4418 1225 4459 adlnboravit
1243 4422 1297 4459 ut
1320 4420 1496 4460 Summt
1516 4420 1766 4461 Pontifices
1788 4431 1811 4461 e
1831 4420 1985 4461 Gallis
2006 4417 2054 4460 in
2071 4419 2261 4461 Italiam
2279 4421 2505 4467 redirent,
2524 4417 2695 4469 hicque
2715 4419 3035 4461 remanerent.
