3347 4999
708 325 864 399 120Δ
1475 338 1553 385 nn
1602 338 1656 385 s.
1714 335 2056 385 FRANcisco
2104 336 2286 385 conr.
2603 335 2608 338 ·
2886 319 3077 386 OCT.
3139 323 3182 385 4

601 424 867 513 jubilo,
926 424 1221 493 latrones
1284 444 1492 511 super
1560 445 1718 491 eum
1770 444 1848 491 ex
1897 421 2151 492 abditis
2200 422 2574 492 irruerunt.
2632 422 2898 505 Quibus
2964 421 3182 491 ferali

607 513 863 593 animo,
920 512 1077 599 quis
1124 525 1323 592 esset,
1382 511 1970 601 interrogantibus
2006 566 2021 592 ,
2076 511 2179 579 vir
2224 511 2340 580 Dei
2389 510 2806 580 confidentia
2861 510 3177 612 plenus,

609 601 1009 702 prophetica
1057 623 1217 670 voce
1268 601 1666 690 respondit:
1723 605 1970 669 Praeco
2019 622 2173 669 sum
2213 601 2449 691 magni
2488 600 2716 690 Regis.
2759 605 2834 669 At
2864 599 2970 668 illi
3013 621 3179 689 per-

605 702 940 761 cutientes
970 712 1156 770 eum,
1199 691 1265 758 in
1318 688 1666 760 defossum
1722 688 1950 759 locum
2004 690 2287 777 plenum
2340 688 2643 769 nivibus,
2692 690 3173 778 projecerunt,

605 779 953 848 dicentes:
1006 784 1168 848 Jace
1220 779 1469 849 rustice
1520 799 1766 868 praeco
1820 775 1954 847 Dei.
2010 781 2166 867 Ipse
2213 799 2394 858 vero,
2453 778 2934 849 recedentibus
2988 777 3167 857 illis,

604 868 861 938 exilivit
907 867 992 937 de
1053 867 1296 950 fovea,
1364 889 1752 957 magnoque
1809 865 2232 937 exhilaratus
2277 866 2583 957 gaudio,
2641 866 2867 936 altiori
2929 868 3176 956 coepit

607 979 766 1027 voce
816 978 935 1047 per
985 959 1265 1026 nemora
1315 955 1556 1027 laudes
1606 955 1899 1025 Creatori
1952 955 2266 1025 omnium
2320 977 2709 1045 personare.
2758 961 2831 1024 Et
2873 955 3177 1024 veniens

605 1047 690 1116 ad
742 1045 1091 1133 quoddam
1146 1045 1447 1114 vicinum
1499 1044 1937 1124 coenobium,
1989 1043 2496 1135 eleemosynam
2597 1043 2776 1124 etiit‚
2829 1056 2905 1113 ut
2961 1066 3172 1114 men·

606 1135 852 1214 dicus,
906 1146 970 1203 et
1018 1134 1271 1223 recepit
1320 1146 1396 1203 ut
1446 1133 1839 1224 incognitus
1886 1146 1951 1202 et
1998 1133 2383 1224 despectus.
2439 1138 2514 1203 In
2571 1156 2608 1202 e
2664 1155 2818 1203 vero
2874 1154 3172 1232 progre-

604 1224 825 1305 diens,
880 1223 1150 1292 devenit
1182 1222 1599 1312 Eugubium‚
1655 1222 1778 1291 ubi
1826 1244 1865 1291 a
1911 1221 2208 1309 quodam
2260 1222 2484 1293 amico
2532 1221 2823 1311 pristino
2872 1235 3173 1310 agnitus

606 1326 669 1381 et
718 1323 1104 1400 susceptus,
1163 1334 1462 1401 paupere
1514 1311 1848 1390 tunicula,
1901 1324 1977 1381 ut
2025 1309 2271 1381 Christi
2323 1310 2810 1401 pauperculuS,
2850 1328 2955 1379 est
2997 1332 3173 1379 con·

608 1414 844 1472 tectus.
886 1400 1139 1469 Exinde
1174 1400 1380 1470 totius
1420 1399 1836 1470 humilitatis
1866 1411 2153 1481 amator,
2195 1422 2266 1470 se
2302 1399 2650 1471 transtulit
2680 1399 2762 1469 ad
2808 1398 3160 1488 leprosos,

603 1503 883 1576 eratque
930 1512 1087 1559 cum
1125 1489 1248 1568 εἰς,
1286 1489 1405 1558 dili
1462 1489 1817 1560 entissime
1865 1489 2169 1558 serviens
2216 1489 2546 1560 omnibus
2595 1501 2870 1580 propter
2907 1493 3164 1557 Deum.

606 1579 898 1648 Lavabat
947 1578 1254 1668 ipsorum
1313 1601 1390 1668 pe
1445 1600 1566 1659 es,
1614 1577 1887 1668 -ligabat
1927 1576 2196 1659 ulcera,
2241 1578 2577 1648 educebat
2618 1577 2983 1668 plagarum
3031 1599 3174 1667 pu·

604 1667 964 1747 tredinem,
1018 1681 1083 1735 et
1130 1667 1391 1736 saniem
1444 1668 1900 1757 abstergebat.
1955 1666 2413 1737 Oseulabatur
2458 1667 2659 1737 etiam
2702 1688 2780 1736 ex
2834 1665 3174 1735 miranda

604 1756 963 1826 devotione
1010 1755 1360 1825 ulcerosas
1428 1754 1668 1845 plagas
1718 1757 2026 1845 ipsorum
2065 1810 2081 1837 ‚
2135 1755 2588 1846 Evangelicus
2636 1755 2947 1825 medicus
3005 1777 3174 1824 mox

603 1844 900 1916 futurus.
938 1849 1216 1934 Propter
1248 1845 1429 1931 quod
1471 1857 1723 1913 tantam
1762 1858 1862 1914 est
1919 1866 1957 1913 a
2014 1845 2304 1915 Domino
2342 1857 2754 1914 consecutus
2798 1843 3168 1924 virtutem,

600 1947 677 2004 ut
704 1935 772 2004 in
807 1933 1290 2021 spiritualibus
1319 1946 1383 2003 et
1409 1931 1887 2022 corporalibus
1914 1932 2174 2003 morbis
2209 1933 2616 2004 mirabiliter
2648 1931 3166 2023 expurgandiS,

607 2022 990 2092 mirabilem
1026 2021 1400 2092 efficaciam
1442 2023 1798 2092 obtineret.

693 2115 728 2198 ξ
776 2116 927 2185 12.
983 2112 1292 2180 Referam
1346 2133 1565 2181 unum
1618 2111 1703 2181 de
1754 2111 2015 2192 multis,
2071 2111 2255 2198 quod
2305 2112 2577 2190 accidit,
2625 2110 2747 2179 viri
2803 2110 2912 2178 Dei
2972 2109 3178 2178 sama

606 2200 1046 2289 postmodum
1100 2199 1307 2270 latius
1353 2200 1791 2270 clarescente.
1848 2205 2014 2270 Cum
2063 2201 2248 2270 enim
2298 2200 2663 2289 cujusdam
2704 2199 2788 2269 de
2819 2200 3178 2268 comitatu

604 2288 992 2379 spoletano,
1044 2309 1120 2357 os
1174 2290 1426 2378 pariter
1463 2302 1528 2358 et
1577 2288 1928 2360 maxillam
1980 2289 2263 2359 morbus
2310 2288 2594 2377 quidam
2648 2287 3009 2358 horribilis
3045 2287 3176 2356 de·

603 2377 946 2467 pascendo
1011 2377 1445 2458 corroderet,
1504 2400 1625 2447 nec
1677 2377 2029 2448 subveniri
2079 2390 2307 2468 posset
2367 2377 2588 2447 eidem
2650 2376 2881 2463 aliquo
2933 2377 3174 2447 medi·

601 2468 797 2537 cinae
835 2465 1136 2536 remedio
1165 2490 1177 2534 ε
1216 2467 1502 2555 contigit
1537 2480 1609 2537 ut
1642 2479 1917 2569 propter
1951 2466 2258 2557 ipsorum
2288 2480 2682 2538 sanctorum
2717 2467 3176 2557 exposcenda

603 2556 867 2636 merita,
907 2555 1379 2645 Apostolorum
1410 2557 1698 2627 visitatis
1734 2556 2119 2637 liminibus,
2152 2557 2234 2625 de
2263 2556 2808 2648 peregrinatione
2843 2555 3165 2638 redienS,

602 2667 793 2716 servo
832 2645 942 2713 Dei
993 2659 1401 2714 occurreret.
1460 2650 1765 2733 Cumque
1818 2668 1979 2735 prae
2025 2645 2382 2715 devotione
2430 2644 2628 2715 vellet
2675 2645 2896 2734 ipsius
2945 2666 3171 2715 oscu-

603 2733 725 2802 lari
779 2733 1086 2823 vestigia,
1137 2734 1235 2802 vir
1284 2734 1569 2807 humilis
1617 2736 1746 2804 hoc
1797 2756 1932 2804 non
1968 2733 2216 2815 serens,
2256 2734 2555 2804 osculari
2606 2732 2855 2804 volenti
2911 2733 3161 2823 pedes»,

601 2823 916 2893 osculum
969 2823 1109 2891 oris
1159 2823 1369 2892 dedit.
1427 2828 1597 2893 Dum
1650 2837 1879 2893 autem
1932 2822 2358 2913 leprosorum
2421 2845 2658 2895 servus
2708 2823 3162 2905 Franciscus‚

602 2910 904 2980 mirabili
959 2912 1202 3001 pietate
1249 2911 1439 2981 illam
1479 2911 1753 3001 plagam
1794 2911 2189 2983 horribilem
2240 2934 2355 2982 ore
2414 2933 2609 2982 sacro
2666 2911 3108 3000 contingeret
3140 2969 3159 2991 ,

600 3000 790 3069 omni
839 3000 1073 3090 fugato
1129 3001 1412 3083 morbo,
1467 3022 1669 3101 aeger
1735 3000 1850 3070 ille
1911 3001 2272 3071 sanitatem
2326 3000 2751 3091 recuperavit
2813 3012 3158 3089 optatam.

600 3090 838 3158 Nescio
886 3090 1067 3175 quod
1122 3089 1367 3160 horum
1408 3113 1628 3179 magis
1664 3089 1752 3181 sit
1784 3091 2024 3161 merito
2058 3089 2574 3170 admirandum,
2614 3111 2698 3158 an
2735 3088 3164 3161 humilitatis

605 3177 1035 3265 profunditas
1084 3179 1152 3245 in
1204 3179 1441 3248 osculo
1506 3190 1642 3248 tam
1714 3179 2012 3269 benigno
2049 3234 2064 3261 ‚
2117 3200 2203 3249 an
2255 3178 2526 3248 virtutis
2582 3176 3031 3267 praeclaritas
3083 3179 3158 3247 in

605 3264 939 3335 miraculo
981 3280 1116 3334 tam
1167 3267 1530 3357 stupendo.

692 3356 727 3440 ξ
774 3358 921 3427 18.
979 3354 1330 3425 Fundatus
1372 3356 1511 3443 jam
1567 3356 1814 3425 Christi
1856 3355 2244 3426 humilitate
2294 3356 2723 3437 FranciscuS,
2763 3356 2846 3424 ad
2887 3376 3159 3426 memo-

604 3441 776 3511 riam
832 3441 1099 3512 reducit
1144 3443 1602 3514 obedientiam
1652 3445 1787 3515 sibi
1837 3466 1874 3514 e
1923 3448 2133 3514 Cruce
2181 3444 2565 3533 injunctam
2616 3444 2701 3513 de
2749 3445 2967 3514 sancti
3022 3450 3159 3514 Da-

603 3530 815 3600 miani
867 3531 1156 3601 ecclesia
1208 3533 1611 3622 reparanda,
1666 3547 1733 3603 et
1782 3546 2132 3620 tamquam
2184 3556 2385 3604 verus
2432 3533 2760 3605 obediens
2811 3532 3154 3604 Assisium

603 3618 827 3701 rediit,
866 3632 943 3689 ut
990 3619 1229 3690 saltem
1269 3621 1726 3691 mendicando
1758 3676 1777 3702 ,
1837 3622 1980 3691 voci
2030 3621 2304 3693 divinae
2355 3624 2640 3714 pareret.
2699 3622 3160 3713 Depositaque

602 3710 790 3777 omni
834 3708 1270 3790 verecundia,
1314 3722 1587 3801 propter
1615 3732 1922 3792 amorem
1959 3711 2283 3801 pauperis
2323 3711 2664 3791 Crucifixi,
2713 3710 3160 3781 mendicabat

602 3797 787 3886 apud
824 3819 961 3879 eos,
1020 3798 1195 3868 inter
1241 3820 1415 3887 quos
1463 3799 1820 3870 abundare
1867 3799 2149 3881 solebat,
2206 3799 2432 3873 debile
2481 3821 2735 3890 corpus
2769 3853 2784 3881 ,
2838 3802 3156 3869 attritum

595 3885 908 3974 jejuniis,
961 3888 1291 3958 oneribus
1340 3887 1651 3978 lapidum
1690 3889 2169 3979 supponendo.
2205 3889 2553 3959 Praedicta
2588 3889 2800 3979 igitur
2831 3888 3154 3969 ecclesi&

595 3973 880 4068 juyante
929 3997 1019 4044 se‘
1051 3976 1378 4058 Domino,
1449 3990 1512 4047 et
1560 3977 1917 4047 devotione
1963 3977 2218 4047 civium
2270 3978 2654 4057 assistente,
2710 3976 2957 4048 resecta
2988 4030 3006 4057 ,
3070 4000 3163 4048 ne

606 4079 756 4152 post
797 4064 1099 4134 laborem
1149 4087 1405 4157 corpus
1454 4068 1750 4156 torperet
1800 4067 2095 4157 ignavia,
2151 4066 2501 4138 transtulit
2565 4088 2636 4137 se
2685 4066 2769 4136 ad
2824 4089 3160 4156 reparan—

603 4151 760 4221 dam
798 4152 1157 4224 ecclesiam
1191 4155 1569 4242 quamdam
1596 4155 1780 4225 beati
1815 4156 2014 4236 Petri,
2057 4154 2335 4247 longius
2374 4179 2415 4226 a
2446 4155 2717 4226 civitate
2749 4155 3155 4237 distantem,

603 4241 690 4311 ob
725 4240 1152 4312 devotionem
1205 4243 1599 4332 specialem„
1653 4265 1864 4332 quam
1915 4244 2002 4315 ad
2051 4244 2526 4335 Apostolorum
2566 4244 2950 4334 principem
3002 4244 3162 4314 sin-

603 4351 797 4400 cerae
863 4330 1024 4400 fidei
1101 4332 1393 4422 puritate
1452 4333 1751 4424 gerebat.
1805 4338 1946 4403 Hac
1995 4334 2268 4404 tandem
2319 4334 2609 4405 ecclesia
2667 4348 3158 4404 consummata

602 4420 911 4509 pervenit
980 4419 1063 4491 ad
1136 4420 1407 4502 locum,
1463 4423 1581 4509 qui
1651 4422 2095 4493 Portiuncula
2165 4422 2464 4505 dicitur,
2519 4422 2587 4491 in
2652 4443 2790 4510 quo
2857 4422 3162 4493 ecclesia
