3347 4999
694 329 821 393 578
1338 345 1419 391 ns
1465 343 1557 392 ss.
1609 344 1755 391 mur:
1800 345 1877 391 rr
1922 343 2226 393 eustasio
2272 345 2386 393 un.
2828 328 3000 396 OCT.
3056 332 3145 397 t9

603 428 773 499 vidit
820 450 1064 498 saevus
1105 427 1219 498 ille
1253 427 1579 510 carnifex,
1630 427 2124 499 blandimentis
2185 451 2301 499 eos
2354 428 2747 500 demulcere
2796 431 3142 519 minisque

604 529 853 589 terrere
891 517 1154 608 coepit3
1207 516 1325 587 sed
1369 538 1491 587 nec
1541 518 1642 588 sio
1696 516 1842 587 ullo
1890 516 2093 588 modo
2131 517 2399 589 flectere
2455 519 2697 608 potuit.
2753 519 2996 607 Sicque
3035 522 3143 593 ira

601 607 791 698 gravi
819 620 1225 686 commotus,
1262 606 1387 676 ubi
1426 628 1498 675 se
1535 605 1867 677 adversus
1912 628 2028 676 eos
2079 606 2475 677 nullatenus
2511 629 2708 697 posse
2744 609 3134 695 praevalere

600 696 836 774 sensit,
888 694 972 765 ad
1025 695 1347 765 ultimum
1381 694 1541 765 data
1573 694 1935 775 sementi&
1987 717 2228 765 omnes
2283 695 2491 767 simul
2528 720 2690 767 cum
2732 697 2929 768 beata
2988 699 3135 768 Vir-

603 785 763 876 gine
809 798 875 854 et
921 784 1219 884 gloriosa
1265 790 1556 875 Martyre
1606 783 1767 854 Fide
1832 783 1995 853 duci
2054 784 2140 854 ad
2191 784 2561 855 delubrum
2613 786 2977 877 praecepit,
3015 788 3140 859 ubi

602 886 722 944 aut
759 872 895 943 diis
935 873 1314 956 1mmolare,
1354 885 1472 943 aut
1503 873 1851 963 capitibus
1884 873 2100 955 flexiS‚
2138 873 2467 944 omnibus
2503 887 2769 945 certum
2801 889 2978 947 esset
3016 876 3141 945 de·-

597 962 758 1032 bere
800 961 1002 1032 vitam
1047 962 1268 1032 finire.
1327 963 1519 1033 Ducti
1553 974 1718 1033 sunt
1763 983 1925 1052 ergo
1964 961 2210 1032 Christi
2255 963 2506 1033 milites
2537 985 2679 1033 una
2723 985 2880 1033 cum
2933 965 3136 1036 beata

604 1050 764 1120 Fide
810 1050 893 1120 ad
939 1051 1366 1141 praedictum
1410 1051 1665 1122 locum.
1709 1051 1811 1121 Ibi
1854 1072 2008 1120 vero
2063 1073 2222 1120 cum
2275 1050 2468 1121 nulla
2516 1052 2577 1120 vi
2622 1067 2899 1140 possent
2944 1075 3137 1123 com-

609 1140 767 1229 pelli
815 1139 901 1209 ad
963 1140 1524 1221 sacrificandum,
1592 1139 1940 1229 capitibus
1994 1140 2213 1209 caesis
2260 1140 2472 1211 unius
2539 1140 2677 1210 diei
2741 1141 2909 1211 hora
2971 1165 3138 1213 cum

609 1228 962 1319 triumpho
1010 1230 1322 1319 martyrii
1352 1229 1440 1299 ad
1497 1250 1821 1300 coronam
1871 1227 2128 1319 gloriae
2190 1227 2476 1299 feliciter
2522 1228 2733 1299 simul
2783 1231 3143 1320 pervenire

605 1330 1049 1399 meruerunt;
1129 1333 1206 1388 ut
1272 1318 1528 1406 quibus
1598 1318 1838 1408 pulcra
1907 1329 1971 1387 et
2047 1317 2455 1388 venerabilis
2531 1319 2747 1388 extitit
2814 1320 2885 1389 in
2972 1319 3141 1390 fidei

606 1407 992 1478 constantia
1024 1407 1333 1488 societaS‚
1376 1418 1554 1478 esset
1600 1405 1907 1497 pulcrior
1960 1419 2029 1476 at
2077 1428 2165 1475 ue
2220 1406 2661 1478 excellentior
2699 1408 2766 1477 in
2821 1409 3139 1497 martyrii

603 1497 920 1566 societate
952 1495 1262 1567 felicitas.
1298 1496 1589 1597 Dignum
1623 1517 1921 1582 namque
1943 1508 2010 1565 et
2065 1494 2304 1565 elicem
2336 1498 2758 1586 Agennensis
2789 1497 2981 1567 urbis
3010 1497 3140 1567 de-

605 1598 934 1675 putamus
982 1584 1234 1667 locum,
1287 1607 1406 1672 qui
1440 1584 1706 1675 origine
1763 1590 2133 1673 Martyrum
2183 1585 2439 1665 floruit,
2478 1597 2682 1674 atque
2732 1608 2851 1674 per
2896 1608 3133 1657 eorum

652 1672 900 1743 loriosa
935 1674 1307 1743 certamina
1343 1673 1548 1743 fidem
1586 1672 1834 1743 Christi
1885 1674 2283 1763 promeruit,
2318 1685 2384 1743 et
2418 1689 2567 1764 post
2597 1695 2852 1764 agones
2903 1687 3130 1745 tumu-

603 1696 814 1833 ffanda
846 1784 1085 1833 eorum
1134 1785 1421 1851 corpora
1469 1763 1747 1853 recepit.
1814 1766 1998 1845 Quos
2046 1761 2355 1833 Christus
2400 1785 2561 1833 cum
2612 1785 2890 1833 summa
2937 1785 3137 1832 vene-

603 1852 867 1921 ratione
913 1851 1312 1922 coelestium
1360 1852 1713 1933 virtutum,
1753 1851 1929 1921 inter
1962 1851 2313 1921 beatorum
2366 1852 2733 1940 spirituum
2783 1852 3137 1922 consortia

605 1953 883 2012 ovantes
931 1941 1253 2010 adscivit:
1307 1964 1465 2010 cum
1532 1940 1794 2028 quibus
1851 1940 2024 2012 stola
2095 1940 2627 2010 immortalitatis
2683 1940 3008 2021 decorati,
3060 1956 3141 2013 et

601 2050 851 2099 corona
904 2029 1500 2100 immarcescibilis
1572 2028 1832 2119 gloriae
1906 2028 2231 2108 laureati,
2307 2028 2755 2099 inenarrabili
2820 2028 3135 2101 claritate

606 2118 1081 2219 perfruuntur,
1135 2132 1337 2206 atque
1377 2139 1533 2187 cum
1571 2123 1703 2188 Deo
1752 2130 1816 2187 et
1848 2122 2035 2208 Agno
2076 2117 2224 2188 sine
2260 2118 2398 2187 fine
2445 2119 2818 2209 regnaturi,
2860 2117 3141 2190 divinae

603 2207 888 2276 visionis
928 2206 1367 2293 jucunditate
1414 2206 1796 2297 potiuntur.

690 2297 726 2381 ξ
773 2298 848 2366 ¹2.
904 2301 1161 2365 Horum
1211 2308 1438 2366 autem
1488 2317 1774 2385 corpora
1826 2294 2180 2365 tormentis
2239 2294 2752 2365 miserabilibus
2799 2295 3124 2377 lacerata,

603 2383 958 2471 caesisque
989 2384 1335 2474 capitibus
1365 2385 1794 2465 obtruncata,
1829 2383 2129 2453 infidelis
2159 2383 2506 2474 gentilitas
2560 2384 2631 2454 in
2683 2384 2906 2475 platea
2952 2398 3135 2454 tam-

603 2494 810 2560 quam
841 2472 1144 2564 neglecta
1173 2472 1470 2561 reliquit:
1499 2494 1675 2561 quae
1705 2473 1942 2544 devota
1976 2472 2220 2544 Christi
2260 2471 2614 2563 plebecula
2661 2495 2820 2544 cum
2853 2495 3138 2546 summa

599 2563 1030 2632 veneratione
1102 2563 1388 2633 latenter
1456 2563 1829 2652 colligens,
1905 2576 1970 2632 et
2038 2562 2214 2632 sacri
2279 2562 2685 2634 effusionem
2757 2564 3134 2653 sanguinis

600 2651 1078 2721 mundissimis
1127 2652 1376 2742 pannis
1404 2664 1781 2742 extergens,
1826 2653 1896 2720 in
1932 2651 2079 2722 loco
2120 2663 2344 2724 tantae
2391 2653 2737 2722 sanctitati
2775 2651 2989 2743 digno
3020 2675 3135 2725 se-

553 2739 916 2829 ,pulturae
976 2740 1651 2820 commendaverunt,
1706 2741 1827 2810 ubi
1906 2762 2038 2809 non
2098 2752 2234 2809 tam
2296 2740 2625 2829 sepelisse
2687 2762 2845 2822 eos,
2912 2763 3131 2828 quam

598 2842 784 2899 metu
846 2842 1294 2919 tyrannorum
1355 2829 1800 2900 abscondisse
1868 2828 2282 2898 viderentur.
2334 2829 2533 2899 Gravi
2579 2830 2764 2899 enim
2809 2832 3129 2919 percussi

600 2940 864 3007 pavore,
936 2920 1344 2988 verebantur
1382 2941 1467 2988 ne
1531 2923 1936 2989 Sanctorum
1985 2939 2274 3006 corpora
2336 2918 2797 3009 malignorum
2860 2919 3129 2988 invidia

594 3005 727 3075 alio
776 3008 1324 3088 transferrentur,
1381 3007 1506 3088 vel,
1560 3007 1743 3095 quod
1797 3006 2135 3077 nefarium
2170 3020 2293 3086 est,
2332 3008 2519 3076 tetris
2568 3007 2768 3076 vicini
2806 3008 3128 3079 fluminis

594 3095 986 3186 gurgitibus
1023 3097 1652 3187 submergerentur.
1689 3095 1816 3166 Sed
1854 3096 1966 3166 Dei
2004 3094 2432 3186 providentia
2461 3117 2500 3165 a
2534 3095 2859 3166 fidelibus
2891 3108 3126 3166 actum

590 3198 712 3262 est,
767 3197 843 3254 ut
889 3186 1079 3263 urbs,
1131 3207 1307 3273 quae
1353 3208 1468 3255 eos
1504 3186 1836 3256 habuerat
1892 3184 2269 3272 inquilinos
2311 3186 2645 3273 tripertito
2697 3185 2977 3266 honore,
3022 3185 3123 3254 vi-

592 3273 836 3342 delicet
881 3287 1094 3354 ortus,
1142 3275 1479 3364 passionis
1526 3296 1604 3343 ac
1665 3273 2061 3365 sepulturae
2098 3273 2333 3356 ditata,
2386 3274 2663 3344 eosdem
2711 3273 2798 3343 ad
2850 3295 3122 3364 prome-

593 3360 874 3430 rendam
923 3363 1034 3430 Dei
1059 3363 1546 3452 omnipotentis
1580 3364 1872 3453 gratiam
1933 3362 2184 3432 habere
2234 3377 2605 3433 mereretur
2648 3376 2714 3432 et
2765 3375 3106 3453 patronos.

592 3453 737 3531 Quo
772 3450 842 3519 in
879 3449 1025 3520 loco
1066 3452 1301 3522 multis
1334 3473 1677 3521 annorum
1716 3451 2107 3521 recursibus
2132 3452 2503 3541 jacuerunt
2530 3464 2768 3522 sancta
2798 3471 3099 3541 corpora,

594 3538 836 3618 donec,
909 3538 1136 3608 ablata
1211 3541 1399 3609 omni
1471 3541 1869 3630 gentilitatis
1933 3539 2376 3630 profanitate,
2431 3552 2713 3610 sanctus
2782 3538 3116 3611 Dulcitius

593 3627 1077 3727 Episcopatum
1139 3629 1540 3718 susciperet,
1602 3643 1669 3698 et
1735 3629 2143 3721 pastoralem
2195 3651 2433 3699 curam
2484 3651 2753 3719 gerens,
2799 3651 2920 3719 pro
2972 3649 3123 3697 om-

595 3739 788 3786 nium
864 3717 1087 3788 salute
1160 3717 1493 3818 vigilaret.
1557 3720 1679 3788 Cui
1739 3731 1897 3788 ante
1957 3718 2191 3788 omnia
2252 3717 2532 3808 placuit,
2588 3731 2662 3788 ut
2723 3731 3123 3790 sanctorum

590 3811 966 3896 Martyrum
1009 3805 1337 3893 reliquias
1384 3808 1472 3877 ab
1532 3806 1876 3877 indecenti
1919 3808 2064 3878 loco
2118 3807 2415 3888 elevans,
2461 3807 2531 3876 in
2572 3829 2810 3877 eorum
2849 3827 3131 3876 venera-

590 3897 774 3966 tione
820 3907 1215 3967 constructa
1253 3899 1422 3966 nova
1451 3895 1762 3978 basilica,
1818 3898 1886 3966 in
1920 3895 2148 3966 lucem
2183 3895 2471 3978 efferret,
2501 3895 2864 3968 ecclesiam
2897 3896 3124 3985 ipsam

589 3998 866 4056 sanctae
911 3985 1202 4076 virginis
1248 3984 1444 4055 titulo
1474 3984 1826 4055 dedicans.
1864 3986 1995 4068 Qui
2034 4007 2193 4056 cum
2228 3997 2495 4055 tantum
2531 3985 2927 4056 thesaurum
2966 4005 3128 4073 ape-

591 4074 726 4144 rire
774 4098 909 4146 non
959 4074 1386 4154 incredulus,
1444 4074 1561 4146 sed
1614 4087 1800 4144 metu
1844 4086 1911 4145 et
1958 4074 2333 4145 reverentia
2401 4073 2713 4155 territus,
2778 4073 3134 4143 dubitaret

589 4161 899 4234 diutius:
953 4165 1039 4234 ad
1090 4163 1414 4234 ultimum
1470 4185 1591 4252 per
1633 4163 1932 4249 quietem
1988 4162 2205 4234 noctis
2267 4162 2700 4245 admonium,
2769 4185 2855 4233 ne
2905 4161 3131 4253 negli-

563 4265 828 4342 genter
858 4253 1229 4324 dimitteret
1259 4253 1441 4341 quod
1494 4252 1791 4324 fideliter
1826 4252 2153 4335 crederet,
2197 4252 2589 4323 convocatis
2623 4251 3133 4322 monachorum

590 4340 834 4424 turbiS,
880 4363 960 4413 ac
991 4342 1243 4430 reliqui
1289 4342 1557 4413 ordinis
1591 4341 1915 4432 praelatis
1970 4354 2308 4412 secretum
2361 4363 2567 4411 suum
2629 4341 2955 4412 omnibus
3012 4339 3141 4408 de—

590 4430 776 4521 tegit,
812 4453 1107 4520 quorum
1143 4430 1433 4502 consilio
1469 4430 1770 4520 adjutuS,
1803 4431 1889 4501 ad
1914 4431 2230 4503 effectum
2255 4452 2479 4519 usque
2507 4429 2846 4520 perduxit.
2873 4434 3139 4500 Eorum
