3347 4999
205 291 396 357 OCT.
450 292 534 356 22
979 310 1057 355 na
1105 308 1158 355 s.
1211 308 1475 357 Arsacio
1522 310 1621 356 nr.
1663 307 2002 357 ammiror..
2538 294 2654 359 65⁴

206 393 605 474 doloribuS‚
657 394 774 480 qui
826 393 1132 463 liberasti
1183 392 1435 463 multos
1481 415 1520 461 a
1570 393 1925 464 molestiis.
1966 418 2002 462 »
2047 394 2154 464 Sic
2202 395 2625 465 execrandus
2673 418 2758 466 ex

204 505 326 562 ec,
378 482 559 570 quod
610 482 857 562 laedat,
915 504 1269 568 nunquam
1321 494 1545 551 autem
1598 505 1679 551 ex
1726 505 1827 563 eo,
1883 483 2068 570 quod
2121 485 2365 573 prosit,
2424 485 2555 554 sibi
2606 484 2758 556 lau-

205 571 380 642 dem
433 571 694 641 tribuit.
738 576 916 641 Haec
964 593 1125 661 ergo
1154 570 1549 640 admirabili
1598 571 1769 641 dixit
1801 572 2105 653 Abercio‚
2144 587 2208 641 et
2237 573 2568 662 impetum
2599 573 2759 644 facit

208 661 297 729 in
348 659 717 747 quemdam
767 682 847 729 ex
881 660 990 740 iis,
1034 659 1154 746 qui
1188 660 1418 750 ipsum
1474 661 2097 742 circumsistebant,
2151 660 2748 731 adolescentibus:

204 770 429 849 quem
471 772 630 818 cum
658 750 954 839 graviter
981 748 1481 839 discerpsisset,
1530 748 2013 819 miserabiliter
2044 750 2317 840 projicit
2342 750 2410 818 in
2447 750 2752 821 medium

207 859 570 908 omnium.

309 929 346 1013 ξ
406 931 548 998 15.
624 931 912 1016 Magnus
984 936 1216 995 autem
1285 925 1609 1001 Abercius
1679 925 1908 995 statim
1989 926 2463 997 misericordia
2531 939 2759 997 motus

202 1015 696 1096 adolescentis,
735 1027 800 1084 et
844 1020 1052 1084 Deum
1090 1028 1425 1103 precatus,
1469 1036 1628 1083 eum
1681 1013 1862 1083 malo
1911 1014 2133 1096 solvit,
2179 1028 2243 1085 et
2290 1015 2751 1086 execrandum

202 1104 424 1174 illum
475 1104 877 1174 daemonem
931 1103 1168 1192 procul
1216 1103 1512 1192 expellit,
1555 1125 1625 1172 re
1672 1104 1826 1192 ipsa
1874 1103 2263 1186 ostendens,
2317 1107 2639 1192 quisnam
2668 1105 2759 1174 sit

200 1193 390 1264 boni
436 1191 848 1281 discipulus,
904 1205 969 1261 et
1004 1192 1125 1278 qui
1174 1191 1345 1266 bene
1390 1191 1611 1261 facere
1658 1191 2016 1261 didicerit:
2063 1205 2128 1261 et
2156 1194 2477 1279 quisnam
2530 1193 2590 1262 is
2638 1193 2751 1276 sit,

204 1282 344 1370 qui
392 1293 493 1350 est
541 1279 766 1351 malus
799 1280 886 1350 ab
923 1281 1139 1362 initio,
1192 1294 1256 1350 et
1305 1281 1631 1370 magister
1672 1280 1849 1350 male
1897 1281 2189 1351 faciendi
2242 1282 2423 1354 aliis.
2478 1281 2600 1351 Ille
2633 1304 2757 1351 au-

206 1385 361 1441 tem
414 1391 546 1439 non
588 1391 667 1439 eo
716 1391 933 1456 usque
978 1369 1302 1447 constitit,
1383 1391 1606 1456 neque
1661 1369 1869 1439 semel
1936 1384 2335 1460 superatum
2397 1392 2545 1442 esse
2596 1370 2760 1442 satis

206 1459 508 1529 habuit:
562 1458 681 1527 sed
741 1458 802 1527 ei
861 1479 1104 1528 rursus
1153 1457 1408 1527 bellum
1461 1459 1856 1540 denunciat,
1910 1461 2116 1545 cujus
2168 1460 2471 1548 primum
2519 1459 2755 1528 confli-

205 1561 412 1618 ctum
465 1569 598 1615 non
653 1547 872 1638 potuit
910 1547 1272 1616 sustinere.
1313 1546 1602 1628 Quando
1630 1549 1818 1616 enim
1869 1547 2122 1617 invitus
2173 1549 2472 1628 recessit,
2520 1547 2756 1617 relicto

216 1634 683 1717 adolescente,
724 1639 967 1725 aspera
1000 1650 1064 1705 et
1111 1635 1498 1726 impudenti
1555 1658 1715 1705 voce
1771 1658 1978 1705 usus:
2031 1659 2067 1702 «
2102 1635 2241 1706 Cito
2291 1650 2376 1718 te,
2427 1636 2673 1723 inquit,
2718 1657 2757 1705 o

205 1725 488 1806 Aberci‚
544 1725 641 1794 vel
692 1724 983 1794 invitum
1032 1724 1277 1793 faciam
1331 1723 1556 1793 videre
1604 1730 2072 1795 Romanorum
2124 1726 2489 1795 civitatem.
2532 1747 2568 1791 »
2617 1729 2758 1794 Hoc

207 1828 455 1885 autem
505 1835 638 1882 non
685 1813 898 1883 multo
941 1825 1090 1903 post
1145 1813 1390 1891 evenit,
1445 1827 1521 1882 ut
1566 1813 1891 1903 deinceps
1938 1813 2404 1885 ostendemus.
2468 1819 2758 1883 Sanctus

203 1903 410 1973 enim
451 1902 772 1971 Abercius
805 1902 1088 1972 domum
1130 1923 1326 1970 suam
1373 1922 1706 1983 reversuS,
1746 1914 1918 1972 totos
1951 1915 2204 1991 septem
2240 1903 2387 1972 dies
2422 1902 2755 1992 transegit

205 1993 287 2060 in
330 1990 626 2078 jejuniis
672 2005 736 2060 et
776 1991 1129 2061 nocturnis
1179 1990 1432 2080 vigiliis
1472 1990 1681 2059 simul
1732 2013 1892 2059 cum
1942 1990 2306 2072 iratribus,
2375 2012 2623 2080 rogans
2673 2011 2758 2060 ne

202 2092 405 2149 esset
445 2091 627 2148 tanta
670 2079 932 2148 inimici
968 2080 1036 2147 in
1087 2101 1244 2148 eum
1282 2079 1601 2167 potentia,
1643 2090 1721 2147 ut
1753 2101 1890 2165 quo
1923 2079 2039 2148 ille
2071 2102 2228 2148 eum
2266 2080 2568 2160 duceret,
2611 2079 2759 2168 ipse

202 2182 648 2253 sequeretur.
705 2169 1004 2257 Septima
1053 2190 1208 2237 vero
1243 2181 1437 2237 nocte
1475 2168 1535 2235 ei
1587 2167 1656 2235 in
1689 2167 1950 2236 somnis
1997 2171 2342 2258 apparens
2390 2169 2749 2248 Dominus,

206 2256 435 2326 dixit:
490 2279 526 2322 «
564 2261 876 2337 Romam,
914 2279 954 2326 o
999 2257 1261 2337 Aberci‚
1303 2258 1453 2325 mea
1501 2256 1731 2325 venies
1777 2256 2224 2344 providenti&
2264 2273 2340 2328 ut
2385 2257 2506 2345 qui
2558 2257 2624 2325 in
2676 2278 2757 2325 ea

214 2359 415 2425 sunt,
472 2366 700 2414 meum
754 2366 999 2414 nomen
1059 2358 1458 2434 agnoscant.
1513 2349 1666 2413 Esto
1729 2366 1890 2435 ergo
1963 2345 2140 2415 bono
2210 2346 2483 2429 animo,
2538 2344 2753 2435 gratia

214 2432 411 2504 enim
466 2456 614 2503 mea
664 2447 886 2505 tecum
936 2434 1085 2504 erit.
1127 2457 1163 2501 »
1203 2439 1391 2503 Tunc
1440 2438 1729 2503 Sanctus
1762 2456 1797 2502 e
1827 2455 2069 2505 somno
2101 2436 2470 2505 excitatus:
2517 2457 2552 2502 «
2588 2436 2754 2517 Fiat,

215 2522 477 2610 inquit,
545 2523 859 2592 voluntas
927 2537 1067 2605 tua,
1121 2523 1417 2593 Christe:
1477 2537 1541 2592 et
1597 2524 1900 2593 divinam
1950 2525 2445 2614 apparitionem
2509 2546 2761 2593 renun-

214 2612 431 2683 ciavit
478 2609 830 2682 fratribus,
872 2634 907 2677 »
959 2612 1084 2682 Sed
1117 2612 1179 2681 ei
1208 2612 1488 2699 quidem
1538 2612 1637 2682 sic
1688 2612 2115 2702 praedictum
2152 2628 2253 2683 est
2300 2613 2467 2694 sore,
2517 2627 2593 2682 ut
2643 2635 2756 2680 ve-

214 2702 406 2772 niret
450 2700 535 2769 ad
578 2707 1047 2772 Romanorum
1096 2701 1461 2771 civitatem.

308 2792 346 2877 §
385 2794 531 2860 16.
577 2789 920 2880 Malignus
957 2803 1184 2860 autem
1219 2789 1537 2871 daemon,
1591 2789 1709 2876 qui
1766 2788 1972 2879 paulo
2007 2803 2161 2859 ante
2208 2812 2365 2859 eum
2402 2811 2481 2858 eo
2517 2801 2757 2856 ventu-

215 2900 378 2950 rum
410 2890 511 2946 est
561 2879 941 2957 minitatus,
984 2879 1153 2948 nihil
1204 2879 1549 2960 differenS,
1605 2878 1787 2948 venit
1827 2882 2139 2958 Romam,
2195 2892 2259 2948 et
2306 2877 2756 2967 Imperatoris

214 2966 543 3039 Antonini
594 2968 805 3037 filiam
855 2969 1001 3057 jam
1055 2968 1385 3047 nubilem,
1448 2980 1512 3035 et
1568 2966 1908 3037 sexdecim
1961 2987 2179 3035 annos
2242 2978 2511 3046 natam,
2578 2987 2759 3052 quae

211 3056 428 3127 Lucio
460 3056 740 3142 quidem
772 3061 938 3126 Vero
985 3056 1205 3126 fuerat
1235 3056 1579 3145 desponsa
1596 3056 1652 3137 ¹⁶,
1693 3056 2063 3125 vocabatur
2092 3065 2317 3124 autem
2358 3053 2641 3133 Lucilla,
2690 3065 2756 3123 et

213 3158 523 3217 caeteras
580 3168 743 3215 suas
790 3144 1107 3233 aequales
1172 3143 1638 3235 pulcritudine
1695 3160 1760 3212 et
1809 3143 2288 3233 magnitudine
2337 3144 2751 3231 superabat,

216 3232 641 3324 ingreditur:
686 3246 750 3303 et
797 3235 1025 3302 statim
1075 3234 1207 3303 ciet
1252 3232 1503 3313 furore,
1551 3244 1625 3300 ut
1675 3254 1746 3301 se
1792 3231 2231 3321 discerperet,
2282 3245 2347 3301 et
2401 3232 2751 3322 dejiceret,

211 3336 280 3394 et
340 3322 667 3391 dentibus
735 3322 1072 3392 morderet
1140 3343 1419 3400 manus,
1473 3332 1537 3389 et
1584 3343 1748 3390 suas
1801 3343 2045 3391 carnes
2112 3320 2491 3391 manderet.
2548 3326 2760 3389 Mater

219 3424 453 3484 autem
506 3410 828 3480 Faustina
891 3409 1047 3495 (hoc
1111 3410 1296 3478 enim
1355 3421 1501 3478 erat
1548 3430 1798 3478 nomen
1854 3410 2252 3511 Augustae),
2317 3410 2528 3480 simul
2595 3431 2761 3479 cum

217 3498 560 3572 Antonino
606 3500 1038 3588 angebantur
1083 3498 1351 3577 animo,
1404 3511 1470 3567 et
1509 3496 1704 3566 valde
1768 3512 1961 3568 erant
2021 3498 2219 3568 dubii
2282 3520 2362 3567 ac
2429 3498 2757 3589 perplexi,

222 3605 289 3660 et
347 3609 499 3656 eam
546 3608 686 3655 rem
753 3587 1119 3656 maximam
1169 3586 1515 3656 ducebant
1577 3586 2064 3656 calamitatem.
2121 3587 2313 3670 Quod
2381 3600 2607 3657 autem
2659 3586 2760 3655 eis

226 3676 526 3747 maxime
576 3674 871 3765 augebat
935 3675 1151 3744 animi
1213 3674 1756 3766 aegritudinem,
1809 3690 1975 3756 erat,
2028 3676 2209 3762 quod
2265 3675 2496 3765 puella
2543 3674 2767 3743 fuerat

224 3767 569 3855 desponsa
615 3764 843 3833 Lucio.
898 3769 1062 3834 Nam
1124 3785 1283 3833 eum
1340 3763 1622 3850 quidem
1682 3764 1831 3854 jam
1893 3765 2170 3834 miserat
2230 3765 2617 3833 Antoninus
2677 3762 2763 3831 ad

225 3856 590 3933 Orientem,
618 3851 878 3922 bellum
919 3867 1272 3943 gesturum
1305 3865 1542 3922 contra
1572 3858 1822 3943 Regem
1859 3852 2265 3943 Bulgessum
2302 3853 2393 3919 *²st
2426 3858 2613 3922 Inter
2646 3872 2763 3920 eos

232 3957 455 4014 autem
507 3955 937 4022 convenerat,
979 3955 1052 4011 ut
1084 3954 1256 4010 stato
1289 3941 1400 4010 die
1435 3942 1686 4011 Lucius
1720 3941 2002 4028 quidem
2033 3942 2121 4012 ab
2154 3941 2448 4022 Oriente,
2488 3939 2767 4010 Antoni-

236 4054 362 4100 nus
410 4043 638 4100 autem
677 4031 892 4101 Roma
937 4032 1243 4100 venirent
1286 4030 1659 4120 Ephesum:
1717 4043 1783 4100 et
1820 4030 1886 4098 in
1926 4029 2203 4120 templo,
2241 4029 2423 4116 quod
2461 4030 2557 4098 ibi
2589 4040 2761 4111 erat,

240 4121 481 4190 Dianae
519 4120 925 4200 Antoninus,
966 4119 1095 4191 dea
1143 4114 1330 4204 teste,
1389 4118 1683 4189 traderet
1718 4118 2045 4208 puellam,
2091 4118 2343 4188 Lucius
2393 4140 2547 4188 vero
2594 4117 2765 4187 acci-

243 4221 442 4295 peret.
469 4213 634 4279 Cum
654 4231 817 4299 ergo
844 4208 1117 4289 Lucius,
1149 4221 1224 4277 ut
1248 4220 1678 4289 convenerat,
1707 4229 1995 4298 propere
2022 4207 2759 4297 navigaretEphesum,

287 4364 312 4390 ¹·
338 4364 748 4414 Desponsntionem
768 4367 891 4407 hanc
911 4367 1175 4415 scriptores
1194 4367 1336 4405 etiam
1356 4363 1540 4414 prorant
1560 4365 1655 4405 tam
1675 4364 1830 4415 graeci
1849 4373 1990 4414 quam
2010 4360 2146 4405 launi
2169 4364 2499 4405 meminerunt.

288 4418 337 4444 *³
364 4421 399 4458 Δ
418 4419 579 4459 minio
598 4418 840 4462 historicis
863 4421 1091 4472 Voloyeeuae
1106 4421 1396 4461 nominatur.
