3347 4999
222 354 396 421 OCT.
455 355 533 418 ⁴9
891 372 969 417 ΒΕ
1017 372 1070 417 s.
1126 370 1426 426 sammua
1477 371 1676 418 muse.
1733 371 2098 419 aaaoicens1
2544 357 2672 422 569

225 456 591 547 promissio
624 455 1159 544 promissioni.»
1202 460 1377 523 Haec
1426 478 1582 523 cum
1637 455 1752 523 ille
1799 456 2014 536 dixit,
2068 456 2321 543 conjux
2370 459 2760 547 gratissimo

222 547 457 616 animo
503 546 818 613 assensit.
872 550 924 613 Ο
973 546 1235 612 beatam
1288 545 1633 632 copulam,
1677 545 1743 612 in
1795 568 1931 631 qua
1963 546 2261 613 carnalis
2296 547 2560 615 affectio
2594 549 2763 619 abiit

222 636 291 703 in
360 634 736 724 spiritalem
790 634 1317 702 aemulationem
1354 688 1368 715 ,
1444 646 1507 701 et
1571 648 1835 702 terrena
1886 636 2279 721 conjunctio
2320 636 2409 703 in
2475 636 2761 706 coeleste

220 724 752 794 commercium:
807 735 880 790 ut
926 723 1043 809 qui
1096 722 1426 790 hactenus
1491 722 1782 791 fuissent
1823 724 1888 790 in
1941 745 2144 792 carne
2191 745 2383 801 una,
2437 724 2762 814 deinceps

220 835 359 883 una
409 827 634 881 essent
684 812 942 891 anima,
997 824 1062 879 et
1109 811 1272 880 socii
1323 812 1808 900 corruptionis,
1864 813 2102 881 fierent
2136 813 2550 881 aeternitatis
2598 836 2763 882 con-

222 917 463 972 sortes.
521 901 933 969 Dividuntur
983 922 1145 989 ergo
1191 922 1503 989 corpora,
1558 901 1763 969 corda
1814 902 2482 991 sociantur:jngum
2534 920 2764 971 conta-

222 992 451 1081 gionis
497 991 861 1067 excutitur,
916 990 1583 1078 suscipitur'jugum
1639 991 2041 1059 sanctitatis.
2091 996 2224 1059 Nox
2278 991 2392 1058 illa
2445 991 2509 1059 in
2578 990 2761 1060 diem

222 1102 575 1158 conversa,
616 1078 1043 1168 spiritalibus
1091 1077 1715 1147 consultationibus
1766 1092 2103 1148 transacta
2137 1093 2259 1157 est,
2297 1080 2624 1165 carnique
2662 1102 2763 1148 re-

225 1170 659 1247 nunciatum,
716 1181 780 1235 et
828 1168 1099 1255 spiritui
1151 1167 1324 1235 sacta
1379 1167 1708 1256 professio
1739 1182 1942 1254 atque
1979 1170 2427 1259 mancipatio:
2470 1169 2764 1256 felixque

221 1258 472 1347 copula
520 1256 878 1334 dissoluta,
935 1270 1000 1324 et
1047 1256 1308 1325 felicior
1359 1257 1518 1324 inita
1572 1270 1695 1324 est.

310 1351 346 1434 ξ
396 1354 487 1417 6.
545 1346 934 1432 Insequenti
990 1344 1100 1413 die
1149 1358 1466 1435 suscepto
1515 1345 1755 1413 itinere
1803 1344 2085 1414 domum
2139 1356 2599 1423 revertuntur,
2656 1346 2761 1413 in-

223 1458 395 1525 gens
441 1434 753 1503 omnium
810 1434 1058 1501 laetitia
1100 1435 1345 1513 existit,
1385 1448 1448 1501 et
1503 1448 1689 1503 tanto
1744 1434 1930 1513 viro,
1982 1433 2401 1524 postliminio
2454 1435 2765 1503 redeunti

225 1526 456 1592 dehita
509 1536 892 1611 praestatur
925 1523 1312 1612 gratulatio.
1355 1528 1624 1590 Manent
1657 1523 2020 1608 Aquilinus
2068 1538 2131 1591 et
2180 1524 2427 1611 conjux
2463 1528 2591 1593 sub
2625 1546 2763 1594 uno

226 1628 420 1692 tect0,
461 1613 715 1681 animis
748 1613 1132 1697 conjuncti,
1171 1613 1426 1680 carnali
1463 1614 1807 1681 consortio
1836 1613 2152 1698 separati.
2193 1613 2614 1701 Impendunt
2641 1636 2765 1682 sua

227 1716 378 1792 post
429 1723 522 1781 se,
567 1715 631 1771 et
682 1715 755 1769 ut
798 1700 1168 1789 perfectum
1222 1702 1308 1769 sit
1348 1702 1679 1769 castitatis
1728 1702 2143 1770 sacrificium
2197 1701 2628 1791 elargiuntur
2662 1723 2764 1773 res

226 1815 391 1860 suas
443 1791 891 1880 pauperibuS,
947 1804 1022 1858 ut
1070 1803 1368 1858 transeat
1419 1790 1482 1857 in
1539 1790 2044 1859 holocaustum.
2111 1796 2345 1879 Magna
2399 1790 2527 1859 suit
2579 1792 2764 1879 prior

227 1881 554 1960 charitas,
605 1880 716 1947 sed
775 1880 996 1965 major
1035 1880 1385 1967 posterior,
1421 1901 1597 1965 quae
1633 1880 1925 1979 priorem
1964 1880 2331 1966 superavit,
2375 1892 2439 1948 et
2472 1893 2546 1948 ut
2582 1902 2765 1950 mors

226 1991 480 2055 corpus
528 1967 801 2048 occidit,
859 1969 950 2036 ita
1001 1966 1304 2035 carnalia
1354 1967 1692 2036 desideria
1744 1969 1809 2036 in
1862 1968 2116 2036 animis
2178 1989 2412 2035 eorum
2484 1969 2765 2037 extinxit

225 2072 291 2125 et
341 2057 740 2148 interemit3
775 2057 1115 2143 siquidem
1169 2072 1703 2125 consentaneum
1760 2057 1821 2123 id
1876 2069 2041 2135 erat,
2097 2070 2169 2124 ut
2222 2056 2379 2146 plus
2414 2078 2484 2125 se
2515 2058 2763 2146 spiritu

226 2146 617 2235 diligerent,
658 2167 862 2231 quam
901 2167 1106 2214 carne
1140 2146 1557 2225 dilexissent,
1613 2146 1729 2231 qui
1769 2146 1884 2214 illo
1916 2147 2299 2235 flagrabant
2330 2147 2506 2234 igne,
2557 2169 2760 2233 quem

229 2236 565 2303 Dominus
617 2234 804 2302 misit
856 2235 919 2303 in
976 2249 1262 2315 terram,
1342 2248 1406 2303 et
1470 2235 1683 2303 voluit
1726 2234 2163 2303 vehementer
2230 2236 2536 2303 accendi.
2599 2236 2764 2305 Inde

225 2323 398 2391 adeo
447 2324 698 2391 sactum
752 2337 900 2403 est,
948 2336 1023 2391 ut
1074 2345 1271 2392 nemo
1345 2324 1520 2391 hanc
1572 2324 1637 2391 in
1692 2324 1790 2392 eis
1841 2324 2220 2412 perciperet
2265 2323 2575 2392 dexterae
2642 2330 2763 2393 Ex-

227 2411 389 2479 celsi
443 2414 913 2493 mutationem,
949 2413 1218 2480 cunct-is
1252 2412 1641 2481 videntibus
1690 2411 1976 2481 formam
2035 2414 2360 2502 pristinae
2408 2436 2765 2482 conversa-

231 2502 434 2570 tionis
480 2515 545 2570 et
593 2515 998 2590 argumenta
1067 2515 1432 2570 consuetae
1499 2502 1841 2572 societatis
1888 2525 1967 2571 ex
2014 2504 2226 2572 unius
2288 2504 2441 2571 tecti
2494 2503 2761 2572 habita-

226 2591 407 2659 tione
455 2590 958 2680 colligentibus.
1002 2590 1244 2677 Sicque
1288 2591 1651 2660 thesaurus
1703 2591 1814 2659 ilie
1851 2593 1976 2661 soli
2036 2598 2164 2661 Deo
2215 2604 2437 2671 notuS,
2494 2586 2764 2663 furibu's

226 2681 549 2748 manebat
580 2679 917 2748 occultus,
959 2680 1231 2748 Videres
1268 2693 1490 2748 tamen
1536 2681 1664 2750 sub
1708 2681 1944 2748 habitu
1978 2695 2239 2749 vetusto
2273 2703 2447 2768 opus
2480 2702 2757 2760 novum,

225 2781 292 2837 et
340 2770 469 2838 sub
519 2769 808 2837 seculari
862 2782 1252 2857 tegumento
1301 2771 1498 2859 signa
1545 2769 2054 2838 evidentissima
2106 2770 2364 2859 gratiae
2414 2769 2757 2857 specialis.

225 2858 583 2925 Enimvero
636 2880 756 2946 par
803 2857 975 2926 illud
1044 2857 1355 2926 innoxiae
1394 2859 1919 2927 consuetudinis
1958 2872 2022 2926 et
2054 2858 2408 2926 convictus
2448 2858 2758 2925 certatim

224 2946 526 3015 fervebat
572 2947 800 3015 studio
862 2948 1173 3035 pietatis,
1243 2947 1331 3015 ita
1382 2961 1456 3015 ut
1506 2969 1638 3016 non
1710 2948 2051 3016 immerito
2098 2945 2426 3015 admirari
2478 2968 2755 3033 posses,

226 3035 571 3122 quomodo
620 3037 719 3105 sic
768 3035 865 3103 illi
913 3049 1183 3126 repente
1225 3037 1465 3104 mutati
1501 3048 1750 3115 essent,
1792 3048 1865 3103 ut
1897 3036 2013 3121 qui
2056 3033 2283 3103 vultus
2322 3056 2557 3103 eorum
2596 3056 2762 3102 con-

230 3123 716 3212 templaretur,
784 3125 968 3213 ipsos
1016 3139 1455 3215 agnosceret:
1510 3125 1634 3210 qui
1698 3125 1869 3192 iacta
1933 3124 2342 3223 inspiceret,
2398 3122 2569 3189 alios
2621 3123 2762 3191 exi-

230 3212 560 3281 stimaret.
629 3212 928 3298 Denique
971 3214 1139 3281 adeo
1193 3213 1289 3280 illi
1324 3234 1612 3301 corpora
1661 3235 1788 3282 sua
1813 3213 2101 3311 jejuniis
2138 3225 2203 3279 et
2243 3211 2496 3300 vigiliis
2530 3234 2761 3280 exara-

229 3302 416 3377 bant,
462 3300 730 3368 animas
758 3302 1212 3390 eleemosynis
1249 3304 1666 3381 recreabant,
1708 3316 1780 3369 ut
1814 3303 1981 3389 ipsis
2009 3322 2282 3388 quoque
2315 3301 2672 3370 monachis
2698 3315 2764 3372 et

227 3390 458 3458 crucis
509 3389 814 3458 habitum
868 3391 1264 3479 gerentibus
1329 3390 1499 3458 nihil
1569 3412 1684 3458 eos
1749 3390 1988 3459 cedere
2056 3402 2355 3478 putares,
2423 3395 2521 3458 lta
2574 3390 2761 3459 enim

226 3477 620 3565 hospitibus
672 3478 1059 3547 ministrare
1097 3534 1111 3557 ‚
1170 3492 1234 3546 et
1285 3479 1351 3545 in
1425 3479 1524 3546 eis
1592 3478 1860 3547 Christo
1923 3502 2081 3548 cum
2134 3479 2319 3546 omni
2375 3478 2763 3548 humilitate

227 3570 482 3637 servire
529 3567 984 3654 conspiceres,
1022 3580 1095 3636 ut
1123 3566 1403 3635 domum
1444 3566 1630 3635 illam
1673 3569 1898 3657 potius
1930 3568 2432 3637 xenodochium
2469 3566 2756 3650 dicereS,

149 3732 155 3738 ,
225 3679 436 3742 quam
488 3654 676 3724 aliud
727 3655 1127 3744 quippiam:
1186 3667 1388 3742 atque
1449 3656 1717 3724 interim
1779 3669 1999 3725 tamen
2045 3658 2108 3724 in
2151 3657 2322 3724 laico
2373 3656 2607 3724 habitu
2643 3656 2761 3724 de-

229 3768 386 3837 gere
433 3766 550 3813 eos
600 3744 870 3833 pariter,
924 3766 1004 3812 ac
1053 3745 1110 3812 si
1159 3745 1536 3813 etiamnum
1590 3745 1850 3814 carnali
1906 3747 2079 3815 inter
2140 3768 2211 3813 se
2261 3744 2763 3814 consuetudine

229 3848 607 3903 uterentur.
672 3832 917 3919 Ecquis
959 3854 1112 3901 vero
1162 3833 1260 3901 vel
1318 3833 1629 3902 meliores
1677 3835 2071 3903 coenobitas
2120 3847 2496 3920 quaereret,
2553 3834 2609 3900 si
2653 3855 2763 3902 ca-

231 3924 477 3991 stitatis
516 3944 674 3991 eum
733 3934 1065 3990 secretum
1108 3943 1237 3990 non
1293 3922 1572 3990 lateret?
1606 3922 1731 3992 Sed
1772 3923 1880 3992 hic
1930 3937 2071 3991 erat
2122 3922 2421 4000 modiuS,
2464 3921 2592 3989 sub
2625 3944 2763 4006 quo

231 4012 547 4082 ardentes
594 4011 915 4079 lucernae
960 4009 1496 4089 delitescebant,
1553 4026 1715 4100 puta
1779 4024 1995 4082 vestes
2052 4011 2393 4081 seculares
2425 4063 2445 4088 ,
2508 4011 2762 4095 quibus

233 4103 624 4178 utebantur,
664 4114 728 4168 et
767 4100 1111 4168 humanas
1166 4122 1201 4166 a
1254 4122 1325 4167 se
1376 4100 1614 4168 laudes
1664 4100 2107 4188 repellebant.
2162 4099 2761 4168 verumenimvero

233 4189 354 4274 qui
400 4209 515 4258 eos
564 4188 828 4257 diutius
877 4187 1082 4257 latere
1134 4188 1353 4256 noluit
1400 4189 1827 4257 occasionem
1880 4188 2150 4267 obtulit,
2198 4210 2332 4274 qua
2367 4201 2631 4255 amator
2667 4188 2760 4256 la·

238 4277 437 4345 tibuli
484 4278 846 4364 Aquilinus
903 4298 1109 4366 super
1155 4276 1647 4366 candelabrum
1715 4293 2100 4365 poneretur,
2139 4277 2372 4363 sicque
2423 4276 2764 4346 videretur

232 4365 321 4435 ab
356 4368 702 4444 omnibus,
741 4367 1144 4453 cunctisque
1185 4365 1599 4455 spectandus
1628 4381 1694 4434 et
1736 4365 2114 4434 imitandus
2150 4380 2666 4453 proponeretur.

323 4455 360 4540 ξ
406 4457 481 4524 2.
549 4459 746 4524 Beato
797 4477 1094 4542 namque
1139 4459 1444 4536 Aeterno‚
1518 4454 1948 4525 Ebroicensis
2000 4456 2197 4524 urbis
2257 4455 2620 4545 Episcopo,
2681 4476 2762 4524 ex
