<?xml version="1.0" encoding="UTF-8"?>
<!DOCTYPE html PUBLIC "-//W3C//DTD XHTML 1.0 Transitional//EN"
    "http://www.w3.org/TR/xhtml1/DTD/xhtml1-transitional.dtd">
<html xmlns="http://www.w3.org/1999/xhtml" xml:lang="en" lang="en">
 <head>
  <title>
</title>
<meta http-equiv="Content-Type" content="text/html;charset=utf-8" />
  <meta name='ocr-system' content='tesseract 3.04.00' />
  <meta name='ocr-capabilities' content='ocr_page ocr_carea ocr_par ocr_line ocrx_word'/>
</head>
<body>
  <div class='ocr_page' id='page_1' title='image "./historiaeseuvit03lippgoog_0902.png"; bbox 0 0 3347 4999; ppageno 0'>
   <div class='ocr_carea' id='block_1_1' title="bbox 599 2786 3259 2886">
    <p class='ocr_par' dir='ltr' id='par_1_1' title="bbox 599 2786 3259 2886">
     <span class='ocr_line' id='line_1_1' title="bbox 599 2786 3259 2886; baseline -0.002 -21"><span class='ocrx_word' id='word_1_1' title='bbox 599 2860 600 2865; x_wconf 75' lang='grc'>,</span> <span class='ocrx_word' id='word_1_2' title='bbox 708 2818 867 2865; x_wconf 87' lang='lat' dir='ltr'><strong>curn</strong></span> <span class='ocrx_word' id='word_1_3' title='bbox 904 2795 1258 2886; x_wconf 82' lang='lat' dir='ltr'><strong>diligentia</strong></span> <span class='ocrx_word' id='word_1_4' title='bbox 1292 2795 1678 2877; x_wconf 88' lang='lat' dir='ltr'><strong>collectum,</strong></span> <span class='ocrx_word' id='word_1_5' title='bbox 1731 2796 2009 2866; x_wconf 89' lang='lat' dir='ltr'><strong>castello</strong></span> <span class='ocrx_word' id='word_1_6' title='bbox 2056 2796 2442 2878; x_wconf 74' lang='lat' dir='ltr'><strong>tumulavit,</strong></span> <span class='ocrx_word' id='word_1_7' title='bbox 2486 2797 2904 2886; x_wconf 82' lang='lat' dir='ltr'><strong>titulumque</strong></span> <span class='ocrx_word' id='word_1_8' title='bbox 2947 2812 3167 2867; x_wconf 88' lang='lat' dir='ltr'><strong>causam</strong></span> <span class='ocrx_word' id='word_1_9' title='bbox 3258 2786 3259 2831; x_wconf 67' lang='lat'><em>³</em></span> 
     </span>
    </p>
   </div>
   <div class='ocr_carea' id='block_1_2' title="bbox 790 301 3148 368">
    <p class='ocr_par' dir='ltr' id='par_1_2' title="bbox 790 301 3148 368">
     <span class='ocr_line' id='line_1_2' title="bbox 790 301 3148 368; baseline 0 -2"><span class='ocrx_word' id='word_1_10' title='bbox 790 301 918 366; x_wconf 71' lang='lat'><strong>740</strong></span> <span class='ocrx_word' id='word_1_11' title='bbox 1564 320 1642 365; x_wconf 72' lang='lat' dir='ltr'><strong>nn</strong></span> <span class='ocrx_word' id='word_1_12' title='bbox 1690 319 1745 366; x_wconf 91' lang='lat' dir='ltr'><strong>s.</strong></span> <span class='ocrx_word' id='word_1_13' title='bbox 1801 318 2108 365; x_wconf 68' lang='lat' dir='ltr'><strong>rannurto</strong></span> <span class='ocrx_word' id='word_1_14' title='bbox 2156 319 2345 366; x_wconf 69' lang='lat' dir='ltr'><strong>nar.</strong></span> <span class='ocrx_word' id='word_1_15' title='bbox 2901 301 3048 368; x_wconf 83' lang='lat' dir='ltr'><strong>OCT.</strong></span> <span class='ocrx_word' id='word_1_16' title='bbox 3086 303 3148 366; x_wconf 69' lang='lat'><strong>28</strong></span> 
     </span>
    </p>
   </div>
   <div class='ocr_carea' id='block_1_3' title="bbox 701 400 3263 2807">
    <p class='ocr_par' dir='ltr' id='par_1_3' title="bbox 701 400 3263 1203">
     <span class='ocr_line' id='line_1_3' title="bbox 701 400 3150 491; baseline -0.001 -18"><span class='ocrx_word' id='word_1_17' title='bbox 701 402 1020 482; x_wconf 86' lang='lat' dir='ltr'><strong>afficitur,</strong></span> <span class='ocrx_word' id='word_1_18' title='bbox 1075 414 1148 474; x_wconf 88' lang='lat' dir='ltr'><strong>ut</strong></span> <span class='ocrx_word' id='word_1_19' title='bbox 1212 402 1392 472; x_wconf 88' lang='lat' dir='ltr'><strong>verbi</strong></span> <span class='ocrx_word' id='word_1_20' title='bbox 1456 402 1669 471; x_wconf 90' lang='lat' dir='ltr'><strong>divini</strong></span> <span class='ocrx_word' id='word_1_21' title='bbox 1746 400 2000 491; x_wconf 85' lang='lat' dir='ltr'><strong>pabulo</strong></span> <span class='ocrx_word' id='word_1_22' title='bbox 2052 402 2357 471; x_wconf 83' lang='lat' dir='ltr'><strong>satietur.</strong></span> <span class='ocrx_word' id='word_1_23' title='bbox 2412 407 2489 471; x_wconf 87' lang='lat' dir='ltr'><strong>Et</strong></span> <span class='ocrx_word' id='word_1_24' title='bbox 2542 402 2654 471; x_wconf 91' lang='lat' dir='ltr'><strong>hic</strong></span> <span class='ocrx_word' id='word_1_25' title='bbox 2711 403 2967 490; x_wconf 88' lang='lat' dir='ltr'><strong>quidem</strong></span> <span class='ocrx_word' id='word_1_26' title='bbox 3010 406 3150 473; x_wconf 84' lang='lat' dir='ltr'><strong>senis</strong></span> 
     </span>
     <span class='ocr_line' id='line_1_4' title="bbox 707 489 3148 581; baseline -0.001 -19"><span class='ocrx_word' id='word_1_27' title='bbox 707 492 1082 573; x_wconf 77' lang='lat' dir='ltr'><strong>mensibuS‚</strong></span> <span class='ocrx_word' id='word_1_28' title='bbox 1120 491 1317 576; x_wconf 88' lang='lat' dir='ltr'><strong>quasi</strong></span> <span class='ocrx_word' id='word_1_29' title='bbox 1353 513 1465 560; x_wconf 85' lang='lat' dir='ltr'><strong>sex</strong></span> <span class='ocrx_word' id='word_1_30' title='bbox 1515 489 1725 561; x_wconf 72' lang='lat' dir='ltr'><strong>seculi</strong></span> <span class='ocrx_word' id='word_1_31' title='bbox 1764 491 1972 581; x_wconf 86' lang='lat' dir='ltr'><strong>hujus</strong></span> <span class='ocrx_word' id='word_1_32' title='bbox 2019 491 2392 571; x_wconf 78' lang='lat' dir='ltr'><strong>aetatibuS,</strong></span> <span class='ocrx_word' id='word_1_33' title='bbox 2446 492 2654 560; x_wconf 83' lang='lat' dir='ltr'><strong>variis</strong></span> <span class='ocrx_word' id='word_1_34' title='bbox 2703 491 3148 562; x_wconf 71' lang='lat' dir='ltr'><strong>tribulationum</strong></span> 
     </span>
     <span class='ocr_line' id='line_1_5' title="bbox 705 579 3147 670; baseline -0.001 -21"><span class='ocrx_word' id='word_1_35' title='bbox 705 579 1043 670; x_wconf 82' lang='lat' dir='ltr'><strong>pressuris</strong></span> <span class='ocrx_word' id='word_1_36' title='bbox 1081 579 1533 661; x_wconf 79' lang='lat' dir='ltr'><strong>examinatuS,</strong></span> <span class='ocrx_word' id='word_1_37' title='bbox 1591 602 1824 649; x_wconf 87' lang='lat' dir='ltr'><strong>mense</strong></span> <span class='ocrx_word' id='word_1_38' title='bbox 1871 581 2184 668; x_wconf 90' lang='lat' dir='ltr'><strong>septim0‚</strong></span> <span class='ocrx_word' id='word_1_39' title='bbox 2242 579 2421 649; x_wconf 89' lang='lat' dir='ltr'><strong>velut</strong></span> <span class='ocrx_word' id='word_1_40' title='bbox 2468 595 2681 650; x_wconf 89' lang='lat' dir='ltr'><strong>aetate</strong></span> <span class='ocrx_word' id='word_1_41' title='bbox 2729 582 2996 670; x_wconf 85' lang='lat' dir='ltr'><strong>septima</strong></span> <span class='ocrx_word' id='word_1_42' title='bbox 3030 603 3147 650; x_wconf 83' lang='lat' dir='ltr'><strong>cum</strong></span> 
     </span>
     <span class='ocr_line' id='line_1_6' title="bbox 703 667 3263 759; baseline -0 -20"><span class='ocrx_word' id='word_1_43' title='bbox 703 669 946 739; x_wconf 86' lang='lat' dir='ltr'><strong>Electis</strong></span> <span class='ocrx_word' id='word_1_44' title='bbox 992 669 1318 737; x_wconf 89' lang='lat' dir='ltr'><strong>omnibus</strong></span> <span class='ocrx_word' id='word_1_45' title='bbox 1391 668 1831 755; x_wconf 80' lang='lat' dir='ltr'><strong>requietionis</strong></span> <span class='ocrx_word' id='word_1_46' title='bbox 1891 667 2253 738; x_wconf 89' lang='lat' dir='ltr'><strong>sabbatum</strong></span> <span class='ocrx_word' id='word_1_47' title='bbox 2291 668 2588 738; x_wconf 83' lang='lat' dir='ltr'><strong>celebrat</strong></span> <span class='ocrx_word' id='word_1_48' title='bbox 2634 668 2928 750; x_wconf 80' lang='lat' dir='ltr'><strong>festivus,</strong></span> <span class='ocrx_word' id='word_1_49' title='bbox 2973 691 3153 759; x_wconf 78' lang='lat' dir='ltr'><strong>exspe·</strong></span> <span class='ocrx_word' id='word_1_50' title='bbox 3262 689 3263 692; x_wconf 72' lang='grc'>’</span> 
     </span>
     <span class='ocr_line' id='line_1_7' title="bbox 702 755 3153 837; baseline 0 -12"><span class='ocrx_word' id='word_1_51' title='bbox 702 771 895 827; x_wconf 84' lang='lat' dir='ltr'><strong>ctans</strong></span> <span class='ocrx_word' id='word_1_52' title='bbox 929 755 1213 826; x_wconf 84' lang='lat' dir='ltr'><strong>feliciter</strong></span> <span class='ocrx_word' id='word_1_53' title='bbox 1255 770 1590 837; x_wconf 87' lang='lat' dir='ltr'><strong>octavam,</strong></span> <span class='ocrx_word' id='word_1_54' title='bbox 1647 756 2144 826; x_wconf 83' lang='lat' dir='ltr'><strong>solemnitatem</strong></span> <span class='ocrx_word' id='word_1_55' title='bbox 2198 758 2456 826; x_wconf 90' lang='lat' dir='ltr'><strong>scilicet</strong></span> <span class='ocrx_word' id='word_1_56' title='bbox 2491 759 2988 828; x_wconf 86' lang='lat' dir='ltr'><strong>resurrectionis</strong></span> <span class='ocrx_word' id='word_1_57' title='bbox 3027 758 3153 826; x_wconf 87' lang='lat' dir='ltr'><strong>cele-</strong></span> 
     </span>
     <span class='ocr_line' id='line_1_8' title="bbox 705 845 3154 936; baseline -0.001 -21"><span class='ocrx_word' id='word_1_58' title='bbox 705 846 1097 925; x_wconf 88' lang='lat' dir='ltr'><strong>berrimam‚</strong></span> <span class='ocrx_word' id='word_1_59' title='bbox 1151 866 1310 913; x_wconf 87' lang='lat' dir='ltr'><strong>cum</strong></span> <span class='ocrx_word' id='word_1_60' title='bbox 1360 845 1709 935; x_wconf 80' lang='lat' dir='ltr'><strong>corruptio</strong></span> <span class='ocrx_word' id='word_1_61' title='bbox 1770 846 2145 915; x_wconf 86' lang='lat' dir='ltr'><strong>mutabitur</strong></span> <span class='ocrx_word' id='word_1_62' title='bbox 2206 846 2740 936; x_wconf 87' lang='lat' dir='ltr'><strong>incorruptione,</strong></span> <span class='ocrx_word' id='word_1_63' title='bbox 2810 846 3154 933; x_wconf 84' lang='lat' dir='ltr'><strong>mortaleque</strong></span> 
     </span>
     <span class='ocr_line' id='line_1_9' title="bbox 704 933 3156 1035; baseline 0 -36"><span class='ocrx_word' id='word_1_64' title='bbox 704 935 1024 1005; x_wconf 83' lang='lat' dir='ltr'><strong>vestietur</strong></span> <span class='ocrx_word' id='word_1_65' title='bbox 1059 934 1563 1003; x_wconf 82' lang='lat' dir='ltr'><strong>immortalitate</strong></span> <span class='ocrx_word' id='word_1_66' title='bbox 1592 941 1684 1017; x_wconf 82' lang='lat' dir='ltr'><strong>(t.</strong></span> <span class='ocrx_word' id='word_1_67' title='bbox 1726 939 1870 1005; x_wconf 85' lang='lat' dir='ltr'><strong>Cor.</strong></span> <span class='ocrx_word' id='word_1_68' title='bbox 1902 933 2033 1035; x_wconf 81' lang='lat' dir='ltr'><strong>xv);</strong></span> <span class='ocrx_word' id='word_1_69' title='bbox 2078 957 2238 1003; x_wconf 91' lang='lat' dir='ltr'><strong>cum</strong></span> <span class='ocrx_word' id='word_1_70' title='bbox 2269 934 2657 1005; x_wconf 85' lang='lat' dir='ltr'><strong>Jerusalem</strong></span> <span class='ocrx_word' id='word_1_71' title='bbox 2712 935 3005 1005; x_wconf 87' lang='lat' dir='ltr'><strong>coelestis</strong></span> <span class='ocrx_word' id='word_1_72' title='bbox 3032 935 3156 1003; x_wconf 79' lang='lat' dir='ltr'><strong>civis</strong></span> 
     </span>
     <span class='ocr_line' id='line_1_10' title="bbox 701 1023 3151 1124; baseline -0.001 -30"><span class='ocrx_word' id='word_1_73' title='bbox 701 1024 1017 1100; x_wconf 81' lang='lat' dir='ltr'><strong>effectus,</strong></span> <span class='ocrx_word' id='word_1_74' title='bbox 1071 1027 1335 1112; x_wconf 82' lang='lat' dir='ltr'><strong>Agnum</strong></span> <span class='ocrx_word' id='word_1_75' title='bbox 1386 1045 1823 1111; x_wconf 90' lang='lat' dir='ltr'><strong>quocumque</strong></span> <span class='ocrx_word' id='word_1_76' title='bbox 1872 1026 2045 1102; x_wconf 85' lang='lat' dir='ltr'><strong>lertt,</strong></span> <span class='ocrx_word' id='word_1_77' title='bbox 2102 1023 2543 1093; x_wconf 89' lang='lat' dir='ltr'><strong>comitabitur</strong></span> <span class='ocrx_word' id='word_1_78' title='bbox 2585 1023 2815 1124; x_wconf 80' lang='lat' dir='ltr'><strong>(Apoc.</strong></span> <span class='ocrx_word' id='word_1_79' title='bbox 2853 1024 2996 1112; x_wconf 81' lang='lat' dir='ltr'><strong>nv);</strong></span> <span class='ocrx_word' id='word_1_80' title='bbox 3038 1043 3151 1093; x_wconf 90' lang='lat' dir='ltr'><strong>cum</strong></span> 
     </span>
     <span class='ocr_line' id='line_1_11' title="bbox 702 1109 3104 1203; baseline -0.002 -21"><span class='ocrx_word' id='word_1_81' title='bbox 702 1112 1062 1203; x_wconf 89' lang='lat' dir='ltr'><strong>spiritibus</strong></span> <span class='ocrx_word' id='word_1_82' title='bbox 1109 1109 1450 1200; x_wconf 75' lang='lat' dir='ltr'><strong>Angelicis</strong></span> <span class='ocrx_word' id='word_1_83' title='bbox 1498 1111 1818 1191; x_wconf 88' lang='lat' dir='ltr'><strong>sociatus,</strong></span> <span class='ocrx_word' id='word_1_84' title='bbox 1860 1112 2433 1202; x_wconf 83' lang='lat' dir='ltr'><strong>contemplatione</strong></span> <span class='ocrx_word' id='word_1_85' title='bbox 2480 1112 2714 1181; x_wconf 74' lang='lat' dir='ltr'><strong>divina</strong></span> <span class='ocrx_word' id='word_1_86' title='bbox 2761 1113 3104 1182; x_wconf 83' lang='lat' dir='ltr'><strong>satiabitur.</strong></span> 
     </span>
    </p>

    <p class='ocr_par' dir='ltr' id='par_1_4' title="bbox 704 1198 3263 2807">
     <span class='ocr_line' id='line_1_12' title="bbox 797 1198 3159 1288; baseline -0.002 -17"><span class='ocrx_word' id='word_1_87' title='bbox 797 1208 835 1283; x_wconf 68' lang='grc' dir='ltr'><strong>ἓ</strong></span> <span class='ocrx_word' id='word_1_88' title='bbox 884 1204 1028 1271; x_wconf 75' lang='lat'><strong>¹8.</strong></span> <span class='ocrx_word' id='word_1_89' title='bbox 1083 1199 1206 1268; x_wconf 92' lang='lat' dir='ltr'><strong>Sed</strong></span> <span class='ocrx_word' id='word_1_90' title='bbox 1259 1198 1425 1269; x_wconf 85' lang='lat' dir='ltr'><strong>forte</strong></span> <span class='ocrx_word' id='word_1_91' title='bbox 1495 1201 1850 1287; x_wconf 87' lang='lat' dir='ltr'><strong>quaeritur</strong></span> <span class='ocrx_word' id='word_1_92' title='bbox 1895 1202 1981 1269; x_wconf 91' lang='lat' dir='ltr'><strong>ab</strong></span> <span class='ocrx_word' id='word_1_93' title='bbox 2038 1200 2269 1288; x_wconf 91' lang='lat' dir='ltr'><strong>aliquo</strong></span> <span class='ocrx_word' id='word_1_94' title='bbox 2300 1256 2315 1282; x_wconf 88' lang='lat'><strong>,</strong></span> <span class='ocrx_word' id='word_1_95' title='bbox 2367 1224 2495 1271; x_wconf 89' lang='lat' dir='ltr'><strong>cur</strong></span> <span class='ocrx_word' id='word_1_96' title='bbox 2555 1205 2846 1273; x_wconf 92' lang='lat' dir='ltr'><strong>Sanctus</strong></span> <span class='ocrx_word' id='word_1_97' title='bbox 2893 1201 2993 1270; x_wconf 92' lang='lat' dir='ltr'><strong>hic</strong></span> <span class='ocrx_word' id='word_1_98' title='bbox 3034 1201 3159 1269; x_wconf 78' lang='lat' dir='ltr'><strong>inter</strong></span> 
     </span>
     <span class='ocr_line' id='line_1_13' title="bbox 709 1286 3160 1380; baseline -0.001 -22"><span class='ocrx_word' id='word_1_99' title='bbox 709 1294 1032 1378; x_wconf 76' lang='lat' dir='ltr'><strong>Martyres</strong></span> <span class='ocrx_word' id='word_1_100' title='bbox 1095 1286 1383 1356; x_wconf 89' lang='lat' dir='ltr'><strong>solemni</strong></span> <span class='ocrx_word' id='word_1_101' title='bbox 1449 1290 1871 1379; x_wconf 84' lang='lat' dir='ltr'><strong>glorificetur</strong></span> <span class='ocrx_word' id='word_1_102' title='bbox 1916 1287 2138 1358; x_wconf 88' lang='lat' dir='ltr'><strong>officio</strong></span> <span class='ocrx_word' id='word_1_103' title='bbox 2176 1344 2191 1369; x_wconf 93' lang='lat'><strong>,</strong></span> <span class='ocrx_word' id='word_1_104' title='bbox 2244 1313 2403 1359; x_wconf 89' lang='lat' dir='ltr'><strong>cum</strong></span> <span class='ocrx_word' id='word_1_105' title='bbox 2456 1290 2865 1380; x_wconf 87' lang='lat' dir='ltr'><strong>sanguinem</strong></span> <span class='ocrx_word' id='word_1_106' title='bbox 2916 1312 3034 1360; x_wconf 92' lang='lat' dir='ltr'><strong>non</strong></span> <span class='ocrx_word' id='word_1_107' title='bbox 3087 1289 3160 1357; x_wconf 81' lang='lat' dir='ltr'><strong>fu·</strong></span> 
     </span>
     <span class='ocr_line' id='line_1_14' title="bbox 704 1377 3263 1468; baseline -0.001 -22"><span class='ocrx_word' id='word_1_108' title='bbox 704 1378 880 1447; x_wconf 90' lang='lat' dir='ltr'><strong>derit</strong></span> <span class='ocrx_word' id='word_1_109' title='bbox 924 1399 1045 1466; x_wconf 89' lang='lat' dir='ltr'><strong>pro</strong></span> <span class='ocrx_word' id='word_1_110' title='bbox 1095 1377 1427 1447; x_wconf 75' lang='lat' dir='ltr'><strong>Domino?</strong></span> <span class='ocrx_word' id='word_1_111' title='bbox 1473 1378 1647 1447; x_wconf 88' lang='lat' dir='ltr'><strong>Huic</strong></span> <span class='ocrx_word' id='word_1_112' title='bbox 1695 1392 1922 1447; x_wconf 90' lang='lat' dir='ltr'><strong>autem</strong></span> <span class='ocrx_word' id='word_1_113' title='bbox 1984 1377 2207 1447; x_wconf 81' lang='lat' dir='ltr'><strong>facilis</strong></span> <span class='ocrx_word' id='word_1_114' title='bbox 2252 1378 2574 1468; x_wconf 87' lang='lat' dir='ltr'><strong>objicitur</strong></span> <span class='ocrx_word' id='word_1_115' title='bbox 2620 1401 2658 1448; x_wconf 89' lang='lat' dir='ltr'><strong>a</strong></span> <span class='ocrx_word' id='word_1_116' title='bbox 2705 1401 2874 1448; x_wconf 87' lang='lat' dir='ltr'><strong>sano</strong></span> <span class='ocrx_word' id='word_1_117' title='bbox 2919 1380 3157 1467; x_wconf 76' lang='lat' dir='ltr'><strong>sapiente</strong></span> <span class='ocrx_word' id='word_1_118' title='bbox 3262 1401 3263 1404; x_wconf 43' lang='lat'>¹</span> 
     </span>
     <span class='ocr_line' id='line_1_15' title="bbox 710 1465 3158 1556; baseline -0.001 -21"><span class='ocrx_word' id='word_1_119' title='bbox 710 1467 1084 1556; x_wconf 85' lang='lat' dir='ltr'><strong>responsi0‚</strong></span> <span class='ocrx_word' id='word_1_120' title='bbox 1128 1466 1291 1553; x_wconf 92' lang='lat' dir='ltr'><strong>quia</strong></span> <span class='ocrx_word' id='word_1_121' title='bbox 1342 1466 1741 1549; x_wconf 78' lang='lat' dir='ltr'><strong>martyrium</strong></span> <span class='ocrx_word' id='word_1_122' title='bbox 1784 1465 1929 1535; x_wconf 86' lang='lat' dir='ltr'><strong>sola</strong></span> <span class='ocrx_word' id='word_1_123' title='bbox 1969 1468 2331 1554; x_wconf 82' lang='lat' dir='ltr'><strong>sanguinis</strong></span> <span class='ocrx_word' id='word_1_124' title='bbox 2380 1489 2514 1537; x_wconf 90' lang='lat' dir='ltr'><strong>non</strong></span> <span class='ocrx_word' id='word_1_125' title='bbox 2559 1466 2718 1537; x_wconf 83' lang='lat' dir='ltr'><strong>facit</strong></span> <span class='ocrx_word' id='word_1_126' title='bbox 2761 1468 3035 1548; x_wconf 82' lang='lat' dir='ltr'><strong>effusio,</strong></span> <span class='ocrx_word' id='word_1_127' title='bbox 3067 1486 3158 1534; x_wconf 89' lang='lat' dir='ltr'><strong>non</strong></span> 
     </span>
     <span class='ocr_line' id='line_1_16' title="bbox 705 1553 3163 1637; baseline 0 -15"><span class='ocrx_word' id='word_1_128' title='bbox 705 1555 908 1624; x_wconf 91' lang='lat' dir='ltr'><strong>etiam</strong></span> <span class='ocrx_word' id='word_1_129' title='bbox 959 1553 1099 1624; x_wconf 88' lang='lat' dir='ltr'><strong>sola</strong></span> <span class='ocrx_word' id='word_1_130' title='bbox 1143 1553 1371 1622; x_wconf 89' lang='lat' dir='ltr'><strong>carnis</strong></span> <span class='ocrx_word' id='word_1_131' title='bbox 1420 1555 1696 1625; x_wconf 87' lang='lat' dir='ltr'><strong>afflictio</strong></span> <span class='ocrx_word' id='word_1_132' title='bbox 1725 1609 1740 1635; x_wconf 94' lang='lat'><strong>,</strong></span> <span class='ocrx_word' id='word_1_133' title='bbox 1795 1554 1913 1623; x_wconf 92' lang='lat' dir='ltr'><strong>sed</strong></span> <span class='ocrx_word' id='word_1_134' title='bbox 1961 1568 2025 1624; x_wconf 90' lang='lat' dir='ltr'><strong>et</strong></span> <span class='ocrx_word' id='word_1_135' title='bbox 2075 1555 2319 1624; x_wconf 88' lang='lat' dir='ltr'><strong>mundi</strong></span> <span class='ocrx_word' id='word_1_136' title='bbox 2366 1556 2595 1625; x_wconf 89' lang='lat' dir='ltr'><strong>cordis</strong></span> <span class='ocrx_word' id='word_1_137' title='bbox 2643 1556 2980 1637; x_wconf 85' lang='lat' dir='ltr'><strong>contritio,</strong></span> <span class='ocrx_word' id='word_1_138' title='bbox 3028 1555 3163 1625; x_wconf 87' lang='lat' dir='ltr'><strong>salu·</strong></span> 
     </span>
     <span class='ocr_line' id='line_1_17' title="bbox 708 1642 3163 1734; baseline -0.001 -23"><span class='ocrx_word' id='word_1_139' title='bbox 708 1645 1007 1731; x_wconf 78' lang='lat' dir='ltr'><strong>terisque</strong></span> <span class='ocrx_word' id='word_1_140' title='bbox 1054 1642 1339 1733; x_wconf 90' lang='lat' dir='ltr'><strong>spiritus</strong></span> <span class='ocrx_word' id='word_1_141' title='bbox 1380 1643 1792 1713; x_wconf 78' lang='lat' dir='ltr'><strong>humiliatio,</strong></span> <span class='ocrx_word' id='word_1_142' title='bbox 1822 1648 2047 1730; x_wconf 85' lang='lat' dir='ltr'><strong>Neque</strong></span> <span class='ocrx_word' id='word_1_143' title='bbox 2077 1644 2262 1713; x_wconf 91' lang='lat' dir='ltr'><strong>enim</strong></span> <span class='ocrx_word' id='word_1_144' title='bbox 2301 1644 2587 1713; x_wconf 88' lang='lat' dir='ltr'><strong>minoris</strong></span> <span class='ocrx_word' id='word_1_145' title='bbox 2624 1644 2810 1734; x_wconf 90' lang='lat' dir='ltr'><strong>apud</strong></span> <span class='ocrx_word' id='word_1_146' title='bbox 2850 1650 3037 1715; x_wconf 86' lang='lat' dir='ltr'><strong>Deum</strong></span> <span class='ocrx_word' id='word_1_147' title='bbox 3069 1665 3163 1713; x_wconf 81' lang='lat' dir='ltr'><strong>me-</strong></span> 
     </span>
     <span class='ocr_line' id='line_1_18' title="bbox 711 1731 3161 1819; baseline -0 -19"><span class='ocrx_word' id='word_1_148' title='bbox 711 1733 845 1812; x_wconf 85' lang='lat' dir='ltr'><strong>riti,</strong></span> <span class='ocrx_word' id='word_1_149' title='bbox 898 1731 1684 1819; x_wconf 87' lang='lat' dir='ltr'><strong>squaloris-carcerarii,</strong></span> <span class='ocrx_word' id='word_1_150' title='bbox 1735 1733 2194 1812; x_wconf 89' lang='lat' dir='ltr'><strong>tenebrarum,</strong></span> <span class='ocrx_word' id='word_1_151' title='bbox 2251 1732 2681 1803; x_wconf 90' lang='lat' dir='ltr'><strong>vinculorum</strong></span> <span class='ocrx_word' id='word_1_152' title='bbox 2721 1788 2736 1815; x_wconf 89' lang='lat'><strong>,</strong></span> <span class='ocrx_word' id='word_1_153' title='bbox 2786 1733 3161 1806; x_wconf 80' lang='lat' dir='ltr'><strong>solitudinis,</strong></span> 
     </span>
     <span class='ocr_line' id='line_1_19' title="bbox 708 1818 3164 1913; baseline -0.001 -24"><span class='ocrx_word' id='word_1_154' title='bbox 708 1821 1085 1913; x_wconf 83' lang='lat' dir='ltr'><strong>longaeque</strong></span> <span class='ocrx_word' id='word_1_155' title='bbox 1130 1818 1334 1890; x_wconf 83' lang='lat' dir='ltr'><strong>samis</strong></span> <span class='ocrx_word' id='word_1_156' title='bbox 1384 1843 1649 1891; x_wconf 89' lang='lat' dir='ltr'><strong>morosa</strong></span> <span class='ocrx_word' id='word_1_157' title='bbox 1697 1819 2034 1890; x_wconf 91' lang='lat' dir='ltr'><strong>credenda</strong></span> <span class='ocrx_word' id='word_1_158' title='bbox 2067 1834 2169 1890; x_wconf 90' lang='lat' dir='ltr'><strong>est</strong></span> <span class='ocrx_word' id='word_1_159' title='bbox 2213 1822 2649 1904; x_wconf 85' lang='lat' dir='ltr'><strong>excruciatio,</strong></span> <span class='ocrx_word' id='word_1_160' title='bbox 2727 1845 2889 1892; x_wconf 90' lang='lat' dir='ltr'><strong>uam</strong></span> <span class='ocrx_word' id='word_1_161' title='bbox 2925 1842 3164 1892; x_wconf 87' lang='lat' dir='ltr'><strong>momen·</strong></span> 
     </span>
     <span class='ocr_line' id='line_1_20' title="bbox 709 1907 3161 1998; baseline -0.002 -21"><span class='ocrx_word' id='word_1_162' title='bbox 709 1924 904 1979; x_wconf 87' lang='lat' dir='ltr'><strong>tanea</strong></span> <span class='ocrx_word' id='word_1_163' title='bbox 958 1909 1202 1998; x_wconf 86' lang='lat' dir='ltr'><strong>capitis</strong></span> <span class='ocrx_word' id='word_1_164' title='bbox 1243 1907 1696 1979; x_wconf 90' lang='lat' dir='ltr'><strong>obtruncatio.</strong></span> <span class='ocrx_word' id='word_1_165' title='bbox 1754 1914 1880 1978; x_wconf 82' lang='lat' dir='ltr'><strong>Nec</strong></span> <span class='ocrx_word' id='word_1_166' title='bbox 1929 1908 2388 1978; x_wconf 89' lang='lat' dir='ltr'><strong>dubitandum</strong></span> <span class='ocrx_word' id='word_1_167' title='bbox 2442 1933 2591 1980; x_wconf 89' lang='lat' dir='ltr'><strong>reor</strong></span> <span class='ocrx_word' id='word_1_168' title='bbox 2622 1915 2698 1979; x_wconf 75' lang='lat' dir='ltr'><strong>At</strong></span> <span class='ocrx_word' id='word_1_169' title='bbox 2752 1909 2951 1980; x_wconf 88' lang='lat' dir='ltr'><strong>letam</strong></span> <span class='ocrx_word' id='word_1_170' title='bbox 2978 1907 3161 1980; x_wconf 80' lang='lat' dir='ltr'><strong>Christi</strong></span> 
     </span>
     <span class='ocr_line' id='line_1_21' title="bbox 706 1997 3163 2090; baseline -0.001 -24"><span class='ocrx_word' id='word_1_171' title='bbox 706 1999 1368 2078; x_wconf 85' lang='lat' dir='ltr'><strong>constantissimum,</strong></span> <span class='ocrx_word' id='word_1_172' title='bbox 1421 1998 1539 2085; x_wconf 90' lang='lat' dir='ltr'><strong>qui</strong></span> <span class='ocrx_word' id='word_1_173' title='bbox 1580 1999 1648 2066; x_wconf 92' lang='lat' dir='ltr'><strong>in</strong></span> <span class='ocrx_word' id='word_1_174' title='bbox 1688 1998 1796 2067; x_wconf 89' lang='lat' dir='ltr'><strong>his</strong></span> <span class='ocrx_word' id='word_1_175' title='bbox 1833 1999 2185 2067; x_wconf 90' lang='lat' dir='ltr'><strong>tormentis</strong></span> <span class='ocrx_word' id='word_1_176' title='bbox 2225 2000 2543 2087; x_wconf 89' lang='lat' dir='ltr'><strong>spiritum</strong></span> <span class='ocrx_word' id='word_1_177' title='bbox 2593 1999 2808 2090; x_wconf 85' lang='lat' dir='ltr'><strong>gessit</strong></span> <span class='ocrx_word' id='word_1_178' title='bbox 2866 1997 3163 2068; x_wconf 86' lang='lat' dir='ltr'><strong>invictissi-</strong></span> 
     </span>
     <span class='ocr_line' id='line_1_22' title="bbox 712 2085 3165 2177; baseline -0.002 -22"><span class='ocrx_word' id='word_1_179' title='bbox 712 2109 898 2156; x_wconf 88' lang='lat' dir='ltr'><strong>mum</strong></span> <span class='ocrx_word' id='word_1_180' title='bbox 938 2141 952 2168; x_wconf 91' lang='lat'><strong>,</strong></span> <span class='ocrx_word' id='word_1_181' title='bbox 1006 2087 1303 2155; x_wconf 86' lang='lat' dir='ltr'><strong>cervices</strong></span> <span class='ocrx_word' id='word_1_182' title='bbox 1352 2100 1593 2176; x_wconf 90' lang='lat' dir='ltr'><strong>sponte</strong></span> <span class='ocrx_word' id='word_1_183' title='bbox 1653 2086 1964 2156; x_wconf 78' lang='lat' dir='ltr'><strong>carnifici</strong></span> <span class='ocrx_word' id='word_1_184' title='bbox 2014 2086 2483 2177; x_wconf 89' lang='lat' dir='ltr'><strong>praebiturum</strong></span> <span class='ocrx_word' id='word_1_185' title='bbox 2518 2142 2533 2169; x_wconf 94' lang='lat'><strong><em>‚</em></strong></span> <span class='ocrx_word' id='word_1_186' title='bbox 2600 2088 2658 2157; x_wconf 91' lang='lat' dir='ltr'><strong>si</strong></span> <span class='ocrx_word' id='word_1_187' title='bbox 2709 2089 2812 2157; x_wconf 90' lang='lat' dir='ltr'><strong>sic</strong></span> <span class='ocrx_word' id='word_1_188' title='bbox 2852 2085 3165 2175; x_wconf 89' lang='lat' dir='ltr'><strong>iniquitatis</strong></span> 
     </span>
     <span class='ocr_line' id='line_1_23' title="bbox 708 2173 3162 2265; baseline -0.002 -22"><span class='ocrx_word' id='word_1_189' title='bbox 708 2175 1083 2244; x_wconf 90' lang='lat' dir='ltr'><strong>dictaretur</strong></span> <span class='ocrx_word' id='word_1_190' title='bbox 1107 2173 1491 2261; x_wconf 73' lang='lat' dir='ltr'><strong>judicium.</strong></span> <span class='ocrx_word' id='word_1_191' title='bbox 1559 2176 2048 2262; x_wconf 85' lang='lat' dir='ltr'><strong>Iniquissimus</strong></span> <span class='ocrx_word' id='word_1_192' title='bbox 2086 2190 2315 2245; x_wconf 74' lang='lat' dir='ltr'><strong>autem·</strong></span> <span class='ocrx_word' id='word_1_193' title='bbox 2352 2175 2568 2265; x_wconf 85' lang='lat' dir='ltr'><strong>judex</strong></span> <span class='ocrx_word' id='word_1_194' title='bbox 2617 2176 2865 2247; x_wconf 89' lang='lat' dir='ltr'><strong>maluit</strong></span> <span class='ocrx_word' id='word_1_195' title='bbox 2908 2177 3071 2246; x_wconf 87' lang='lat' dir='ltr'><strong>hunc</strong></span> <span class='ocrx_word' id='word_1_196' title='bbox 3117 2174 3162 2241; x_wconf 91' lang='lat' dir='ltr'><strong>in</strong></span> 
     </span>
     <span class='ocr_line' id='line_1_24' title="bbox 715 2262 3164 2354; baseline -0.001 -24"><span class='ocrx_word' id='word_1_197' title='bbox 715 2263 952 2353; x_wconf 86' lang='lat' dir='ltr'><strong>poenis</strong></span> <span class='ocrx_word' id='word_1_198' title='bbox 990 2262 1274 2342; x_wconf 81' lang='lat' dir='ltr'><strong>differri,</strong></span> <span class='ocrx_word' id='word_1_199' title='bbox 1329 2285 1614 2352; x_wconf 89' lang='lat' dir='ltr'><strong>sperans</strong></span> <span class='ocrx_word' id='word_1_200' title='bbox 1658 2265 1810 2354; x_wconf 89' lang='lat' dir='ltr'><strong>ejus</strong></span> <span class='ocrx_word' id='word_1_201' title='bbox 1860 2263 1957 2332; x_wconf 91' lang='lat' dir='ltr'><strong>vel</strong></span> <span class='ocrx_word' id='word_1_202' title='bbox 1996 2264 2172 2333; x_wconf 87' lang='lat' dir='ltr'><strong>same</strong></span> <span class='ocrx_word' id='word_1_203' title='bbox 2204 2264 2658 2334; x_wconf 86' lang='lat' dir='ltr'><strong>constantiam</strong></span> <span class='ocrx_word' id='word_1_204' title='bbox 2686 2265 2868 2335; x_wconf 87' lang='lat' dir='ltr'><strong>flecti</strong></span> <span class='ocrx_word' id='word_1_205' title='bbox 2896 2289 2911 2333; x_wconf 89' lang='lat'>:</span> <span class='ocrx_word' id='word_1_206' title='bbox 2939 2266 3042 2353; x_wconf 92' lang='lat' dir='ltr'><strong>qui</strong></span> <span class='ocrx_word' id='word_1_207' title='bbox 3071 2283 3164 2331; x_wconf 91' lang='lat' dir='ltr'><strong>non</strong></span> 
     </span>
     <span class='ocr_line' id='line_1_25' title="bbox 709 2349 3161 2445; baseline -0.002 -27"><span class='ocrx_word' id='word_1_208' title='bbox 709 2364 1198 2441; x_wconf 87' lang='lat' dir='ltr'><strong>expavesceret,</strong></span> <span class='ocrx_word' id='word_1_209' title='bbox 1266 2349 1572 2422; x_wconf 85' lang='lat' dir='ltr'><strong>fortassis</strong></span> <span class='ocrx_word' id='word_1_210' title='bbox 1621 2367 1846 2422; x_wconf 81' lang='lat' dir='ltr'><strong>autem</strong></span> <span class='ocrx_word' id='word_1_211' title='bbox 1897 2365 2180 2442; x_wconf 89' lang='lat' dir='ltr'><strong>optaret,</strong></span> <span class='ocrx_word' id='word_1_212' title='bbox 2238 2375 2357 2441; x_wconf 92' lang='lat' dir='ltr'><strong>pro</strong></span> <span class='ocrx_word' id='word_1_213' title='bbox 2407 2354 2670 2423; x_wconf 86' lang='lat' dir='ltr'><strong>Christo</strong></span> <span class='ocrx_word' id='word_1_214' title='bbox 2718 2353 2948 2445; x_wconf 86' lang='lat' dir='ltr'><strong>gladio</strong></span> <span class='ocrx_word' id='word_1_215' title='bbox 2995 2350 3161 2442; x_wconf 84' lang='lat' dir='ltr'><strong>plecti.</strong></span> 
     </span>
     <span class='ocr_line' id='line_1_26' title="bbox 711 2438 3164 2532; baseline 0.002 -21"><span class='ocrx_word' id='word_1_216' title='bbox 711 2445 962 2531; x_wconf 83' lang='lat' dir='ltr'><strong>Martyr</strong></span> <span class='ocrx_word' id='word_1_217' title='bbox 1007 2462 1168 2531; x_wconf 85' lang='lat' dir='ltr'><strong>ergo</strong></span> <span class='ocrx_word' id='word_1_218' title='bbox 1228 2438 1434 2531; x_wconf 89' lang='lat' dir='ltr'><strong>digne</strong></span> <span class='ocrx_word' id='word_1_219' title='bbox 1486 2441 1961 2532; x_wconf 88' lang='lat' dir='ltr'><strong>praedicatur,</strong></span> <span class='ocrx_word' id='word_1_220' title='bbox 2034 2441 2208 2511; x_wconf 91' lang='lat' dir='ltr'><strong>inter</strong></span> <span class='ocrx_word' id='word_1_221' title='bbox 2264 2447 2587 2532; x_wconf 81' lang='lat' dir='ltr'><strong>Martyres</strong></span> <span class='ocrx_word' id='word_1_222' title='bbox 2640 2444 2882 2513; x_wconf 89' lang='lat' dir='ltr'><strong>merito</strong></span> <span class='ocrx_word' id='word_1_223' title='bbox 2936 2439 3164 2515; x_wconf 60' lang='lat' dir='ltr'><strong>colunt,</strong></span> 
     </span>
     <span class='ocr_line' id='line_1_27' title="bbox 709 2529 3166 2621; baseline -0.001 -24"><span class='ocrx_word' id='word_1_224' title='bbox 709 2551 911 2617; x_wconf 89' lang='lat' dir='ltr'><strong>quem</strong></span> <span class='ocrx_word' id='word_1_225' title='bbox 961 2531 1088 2599; x_wconf 90' lang='lat' dir='ltr'><strong>etsi</strong></span> <span class='ocrx_word' id='word_1_226' title='bbox 1137 2529 1498 2619; x_wconf 87' lang='lat' dir='ltr'><strong>sanguinis</strong></span> <span class='ocrx_word' id='word_1_227' title='bbox 1550 2532 1859 2621; x_wconf 69' lang='lat' dir='ltr'><strong>purpura</strong></span> <span class='ocrx_word' id='word_1_228' title='bbox 1894 2552 2026 2599; x_wconf 90' lang='lat' dir='ltr'><strong>non</strong></span> <span class='ocrx_word' id='word_1_229' title='bbox 2072 2545 2405 2612; x_wconf 84' lang='lat' dir='ltr'><strong>venustat,</strong></span> <span class='ocrx_word' id='word_1_230' title='bbox 2454 2532 2783 2602; x_wconf 86' lang='lat' dir='ltr'><strong>virtutum</strong></span> <span class='ocrx_word' id='word_1_231' title='bbox 2840 2546 3046 2601; x_wconf 89' lang='lat' dir='ltr'><strong>tamen</strong></span> <span class='ocrx_word' id='word_1_232' title='bbox 3074 2544 3166 2597; x_wconf 89' lang='lat' dir='ltr'><strong>tor·</strong></span> 
     </span>
     <span class='ocr_line' id='line_1_28' title="bbox 713 2619 3168 2711; baseline -0.001 -22"><span class='ocrx_word' id='word_1_233' title='bbox 713 2631 1234 2705; x_wconf 85' lang='lat' dir='ltr'><strong>mentornmque</strong></span> <span class='ocrx_word' id='word_1_234' title='bbox 1284 2619 1759 2689; x_wconf 89' lang='lat' dir='ltr'><strong>venustissime</strong></span> <span class='ocrx_word' id='word_1_235' title='bbox 1805 2632 2003 2687; x_wconf 89' lang='lat' dir='ltr'><strong>ornat</strong></span> <span class='ocrx_word' id='word_1_236' title='bbox 2054 2619 2359 2688; x_wconf 89' lang='lat' dir='ltr'><strong>varietas.</strong></span> <span class='ocrx_word' id='word_1_237' title='bbox 2406 2620 2630 2708; x_wconf 89' lang='lat' dir='ltr'><strong>Hujus</strong></span> <span class='ocrx_word' id='word_1_238' title='bbox 2677 2643 2844 2711; x_wconf 88' lang='lat' dir='ltr'><strong>ergo</strong></span> <span class='ocrx_word' id='word_1_239' title='bbox 2897 2621 3018 2690; x_wconf 86' lang='lat' dir='ltr'><strong>Viri</strong></span> <span class='ocrx_word' id='word_1_240' title='bbox 3058 2619 3168 2687; x_wconf 76' lang='lat' dir='ltr'><strong>bea·</strong></span> 
     </span>
     <span class='ocr_line' id='line_1_29' title="bbox 712 2706 3259 2807; baseline -0.003 -31"><span class='ocrx_word' id='word_1_241' title='bbox 712 2707 954 2776; x_wconf 88' lang='lat' dir='ltr'><strong>tissimi</strong></span> <span class='ocrx_word' id='word_1_242' title='bbox 1007 2729 1258 2807; x_wconf 80' lang='lat' dir='ltr'><strong>corpus</strong></span> <span class='ocrx_word' id='word_1_243' title='bbox 1301 2709 1650 2797; x_wconf 83' lang='lat' dir='ltr'><strong>presbyter</strong></span> <span class='ocrx_word' id='word_1_244' title='bbox 1689 2707 2057 2797; x_wconf 88' lang='lat' dir='ltr'><strong>Eugenius,</strong></span> <span class='ocrx_word' id='word_1_245' title='bbox 2090 2708 2436 2778; x_wconf 86' lang='lat' dir='ltr'><strong>adnitente</strong></span> <span class='ocrx_word' id='word_1_246' title='bbox 2484 2712 2915 2799; x_wconf 88' lang='lat' dir='ltr'><strong>Berengario,</strong></span> <span class='ocrx_word' id='word_1_247' title='bbox 2958 2706 3168 2778; x_wconf 64' lang='lat' dir='ltr'><strong>summa</strong></span> <span class='ocrx_word' id='word_1_248' title='bbox 3258 2734 3259 2741; x_wconf 16' lang='grc' dir='ltr'><strong>κ</strong></span> 
     </span>
    </p>
   </div>
   <div class='ocr_carea' id='block_1_4' title="bbox 3262 107 3263 968">
    <p class='ocr_par' dir='ltr' id='par_1_5' title="bbox 3262 107 3263 968">
     <span class='ocr_line' id='line_1_30' title="bbox 3262 107 3263 968; baseline 0 0"><span class='ocrx_word' id='word_1_249' title='bbox 3262 107 3263 968; x_wconf 95' lang='lat' dir='ltr'><strong> </strong></span> 
     </span>
    </p>
   </div>
   <div class='ocr_carea' id='block_1_5' title="bbox 3261 1443 3264 2200">
    <p class='ocr_par' dir='ltr' id='par_1_6' title="bbox 3261 1443 3264 2200">
     <span class='ocr_line' id='line_1_31' title="bbox 3261 1443 3264 2200; baseline 0 0"><span class='ocrx_word' id='word_1_250' title='bbox 3261 1443 3264 2200; x_wconf 95' lang='lat' dir='ltr'><strong> </strong></span> 
     </span>
    </p>
   </div>
   <div class='ocr_carea' id='block_1_6' title="bbox 707 2884 3259 4217">
    <p class='ocr_par' dir='ltr' id='par_1_7' title="bbox 709 2884 3171 3133">
     <span class='ocr_line' id='line_1_32' title="bbox 709 2884 3170 2975; baseline -0.003 -21"><span class='ocrx_word' id='word_1_251' title='bbox 709 2885 1108 2954; x_wconf 89' lang='lat' dir='ltr'><strong>summatim</strong></span> <span class='ocrx_word' id='word_1_252' title='bbox 1184 2884 1749 2975; x_wconf 85' lang='lat' dir='ltr'><strong>perstringentem</strong></span> <span class='ocrx_word' id='word_1_253' title='bbox 1799 2884 2224 2974; x_wconf 83' lang='lat' dir='ltr'><strong>composuit.</strong></span> <span class='ocrx_word' id='word_1_254' title='bbox 2279 2908 2564 2975; x_wconf 88' lang='lat' dir='ltr'><strong>sperans</strong></span> <span class='ocrx_word' id='word_1_255' title='bbox 2615 2888 2680 2955; x_wconf 89' lang='lat' dir='ltr'><strong>in</strong></span> <span class='ocrx_word' id='word_1_256' title='bbox 2737 2886 3170 2957; x_wconf 87' lang='lat' dir='ltr'><strong>resurrectione</strong></span> 
     </span>
     <span class='ocr_line' id='line_1_33' title="bbox 710 2973 3171 3064; baseline -0.001 -22"><span class='ocrx_word' id='word_1_257' title='bbox 710 2995 783 3042; x_wconf 89' lang='lat' dir='ltr'><strong>se</strong></span> <span class='ocrx_word' id='word_1_258' title='bbox 829 2996 989 3042; x_wconf 89' lang='lat' dir='ltr'><strong>cum</strong></span> <span class='ocrx_word' id='word_1_259' title='bbox 1037 2994 1117 3043; x_wconf 90' lang='lat' dir='ltr'><strong>eo</strong></span> <span class='ocrx_word' id='word_1_260' title='bbox 1165 2986 1424 3064; x_wconf 90' lang='lat' dir='ltr'><strong>partem</strong></span> <span class='ocrx_word' id='word_1_261' title='bbox 1476 2973 1899 3054; x_wconf 90' lang='lat' dir='ltr'><strong>habiturum,</strong></span> <span class='ocrx_word' id='word_1_262' title='bbox 1947 2995 2149 3061; x_wconf 90' lang='lat' dir='ltr'><strong>quern</strong></span> <span class='ocrx_word' id='word_1_263' title='bbox 2194 2974 2647 3047; x_wconf 87' lang='lat' dir='ltr'><strong>humanitatis</strong></span> <span class='ocrx_word' id='word_1_264' title='bbox 2691 2975 3035 3063; x_wconf 88' lang='lat' dir='ltr'><strong>obsequiis</strong></span> <span class='ocrx_word' id='word_1_265' title='bbox 3065 2991 3171 3063; x_wconf 83' lang='lat' dir='ltr'><strong>pro-</strong></span> 
     </span>
     <span class='ocr_line' id='line_1_34' title="bbox 710 3061 1757 3133; baseline -0.002 -1"><span class='ocrx_word' id='word_1_266' title='bbox 710 3075 988 3133; x_wconf 88' lang='lat' dir='ltr'><strong>secutus</strong></span> <span class='ocrx_word' id='word_1_267' title='bbox 1033 3073 1134 3130; x_wconf 91' lang='lat' dir='ltr'><strong>est</strong></span> <span class='ocrx_word' id='word_1_268' title='bbox 1185 3062 1283 3131; x_wconf 89' lang='lat' dir='ltr'><strong>vel</strong></span> <span class='ocrx_word' id='word_1_269' title='bbox 1328 3061 1757 3132; x_wconf 81' lang='lat' dir='ltr'><strong>defunctum.</strong></span> 
     </span>
    </p>

    <p class='ocr_par' dir='ltr' id='par_1_8' title="bbox 707 3149 3259 4217">
     <span class='ocr_line' id='line_1_35' title="bbox 798 3149 3259 3238; baseline -0.002 -17"><span class='ocrx_word' id='word_1_270' title='bbox 798 3152 835 3237; x_wconf 66' lang='grc' dir='ltr'>ἓ</span> <span class='ocrx_word' id='word_1_271' title='bbox 882 3152 1022 3221; x_wconf 77' lang='lat' dir='ltr'><strong>u.</strong></span> <span class='ocrx_word' id='word_1_272' title='bbox 1077 3149 1176 3219; x_wconf 91' lang='lat' dir='ltr'><strong>Ibi</strong></span> <span class='ocrx_word' id='word_1_273' title='bbox 1227 3149 1522 3238; x_wconf 90' lang='lat' dir='ltr'><strong>denique</strong></span> <span class='ocrx_word' id='word_1_274' title='bbox 1582 3150 1886 3219; x_wconf 90' lang='lat' dir='ltr'><strong>membra</strong></span> <span class='ocrx_word' id='word_1_275' title='bbox 1942 3151 2430 3232; x_wconf 88' lang='lat' dir='ltr'><strong>sacratissima,</strong></span> <span class='ocrx_word' id='word_1_276' title='bbox 2488 3152 2843 3223; x_wconf 84' lang='lat' dir='ltr'><strong>beneficiis</strong></span> <span class='ocrx_word' id='word_1_277' title='bbox 2904 3150 3171 3222; x_wconf 86' lang='lat' dir='ltr'><strong>divinitus</strong></span> <span class='ocrx_word' id='word_1_278' title='bbox 3242 3156 3259 3217; x_wconf 69' lang='grc' dir='ltr'><strong><em>ἰ</em></strong></span> 
     </span>
     <span class='ocr_line' id='line_1_36' title="bbox 708 3238 3259 3327; baseline 0 -19"><span class='ocrx_word' id='word_1_279' title='bbox 708 3238 1055 3319; x_wconf 89' lang='lat' dir='ltr'><strong>comitata,</strong></span> <span class='ocrx_word' id='word_1_280' title='bbox 1109 3261 1148 3308; x_wconf 92' lang='lat' dir='ltr'><strong>a</strong></span> <span class='ocrx_word' id='word_1_281' title='bbox 1195 3238 1462 3309; x_wconf 88' lang='lat' dir='ltr'><strong>civibus</strong></span> <span class='ocrx_word' id='word_1_282' title='bbox 1508 3238 1959 3324; x_wconf 85' lang='lat' dir='ltr'><strong>frequentata,</strong></span> <span class='ocrx_word' id='word_1_283' title='bbox 2004 3262 2221 3326; x_wconf 87' lang='lat' dir='ltr'><strong>usque</strong></span> <span class='ocrx_word' id='word_1_284' title='bbox 2261 3240 2343 3310; x_wconf 89' lang='lat' dir='ltr'><strong>ad</strong></span> <span class='ocrx_word' id='word_1_285' title='bbox 2386 3240 2560 3310; x_wconf 90' lang='lat' dir='ltr'><strong>Lulli</strong></span> <span class='ocrx_word' id='word_1_286' title='bbox 2596 3242 2627 3272; x_wconf 71' lang='lat'><strong>¹*</strong></span> <span class='ocrx_word' id='word_1_287' title='bbox 2661 3241 3054 3312; x_wconf 87' lang='lat' dir='ltr'><strong>venerabilis</strong></span> <span class='ocrx_word' id='word_1_288' title='bbox 3093 3259 3152 3327; x_wconf 84' lang='lat' dir='ltr'><strong>pa</strong></span> <span class='ocrx_word' id='word_1_289' title='bbox 3258 3256 3259 3309; x_wconf 70' lang='lat' dir='ltr'><strong>t</strong></span> 
     </span>
     <span class='ocr_line' id='line_1_37' title="bbox 708 3326 3170 3418; baseline -0.002 -22"><span class='ocrx_word' id='word_1_290' title='bbox 708 3326 904 3396; x_wconf 87' lang='lat' dir='ltr'><strong>cifice</strong></span> <span class='ocrx_word' id='word_1_291' title='bbox 961 3327 1369 3414; x_wconf 90' lang='lat' dir='ltr'><strong>quieverunt</strong></span> <span class='ocrx_word' id='word_1_292' title='bbox 1433 3327 1873 3418; x_wconf 86' lang='lat' dir='ltr'><strong>pontificatus</strong></span> <span class='ocrx_word' id='word_1_293' title='bbox 1923 3340 2274 3417; x_wconf 90' lang='lat' dir='ltr'><strong>tempora,</strong></span> <span class='ocrx_word' id='word_1_294' title='bbox 2371 3331 2444 3398; x_wconf 91' lang='lat' dir='ltr'><strong>ui</strong></span> <span class='ocrx_word' id='word_1_295' title='bbox 2515 3342 2666 3418; x_wconf 87' lang='lat' dir='ltr'><strong>post</strong></span> <span class='ocrx_word' id='word_1_296' title='bbox 2715 3330 3170 3401; x_wconf 88' lang='lat' dir='ltr'><strong>sanctissimum</strong></span> 
     </span>
     <span class='ocr_line' id='line_1_38' title="bbox 713 3415 3174 3508; baseline 0 -24"><span class='ocrx_word' id='word_1_297' title='bbox 713 3420 1067 3503; x_wconf 80' lang='lat' dir='ltr'><strong>Martyrem</strong></span> <span class='ocrx_word' id='word_1_298' title='bbox 1093 3428 1296 3503; x_wconf 90' lang='lat' dir='ltr'><strong>atque</strong></span> <span class='ocrx_word' id='word_1_299' title='bbox 1332 3417 1720 3506; x_wconf 85' lang='lat' dir='ltr'><strong>pontificem</strong></span> <span class='ocrx_word' id='word_1_300' title='bbox 1750 3415 2202 3498; x_wconf 85' lang='lat' dir='ltr'><strong>Bonifacium,</strong></span> <span class='ocrx_word' id='word_1_301' title='bbox 2243 3439 2316 3486; x_wconf 93' lang='lat' dir='ltr'><strong>se</strong></span> <span class='ocrx_word' id='word_1_302' title='bbox 2372 3418 2428 3489; x_wconf 91' lang='lat' dir='ltr'><strong>is</strong></span> <span class='ocrx_word' id='word_1_303' title='bbox 2463 3420 3027 3507; x_wconf 84' lang='lat' dir='ltr'><strong>Moguntiacensis</strong></span> <span class='ocrx_word' id='word_1_304' title='bbox 3054 3428 3174 3508; x_wconf 36' lang='lat' dir='ltr'><strong>stre».</strong></span> 
     </span>
     <span class='ocr_line' id='line_1_39' title="bbox 713 3503 3171 3598; baseline -0.004 -24"><span class='ocrx_word' id='word_1_305' title='bbox 713 3525 849 3574; x_wconf 90' lang='lat' dir='ltr'><strong>nue</strong></span> <span class='ocrx_word' id='word_1_306' title='bbox 891 3503 1060 3573; x_wconf 87' lang='lat' dir='ltr'><strong>rexit</strong></span> <span class='ocrx_word' id='word_1_307' title='bbox 1101 3504 1456 3595; x_wconf 91' lang='lat' dir='ltr'><strong>populum.</strong></span> <span class='ocrx_word' id='word_1_308' title='bbox 1498 3505 1623 3574; x_wconf 89' lang='lat' dir='ltr'><strong>Hic</strong></span> <span class='ocrx_word' id='word_1_309' title='bbox 1658 3505 1886 3593; x_wconf 89' lang='lat' dir='ltr'><strong>itaque</strong></span> <span class='ocrx_word' id='word_1_310' title='bbox 1934 3505 2477 3596; x_wconf 85' lang='lat' dir='ltr'><strong>praedecessoris</strong></span> <span class='ocrx_word' id='word_1_311' title='bbox 2522 3521 2727 3594; x_wconf 90' lang='lat' dir='ltr'><strong>atque</strong></span> <span class='ocrx_word' id='word_1_312' title='bbox 2771 3505 3059 3598; x_wconf 87' lang='lat' dir='ltr'><strong>magistri</strong></span> <span class='ocrx_word' id='word_1_313' title='bbox 3096 3520 3171 3571; x_wconf 84' lang='lat' dir='ltr'><strong>sut</strong></span> 
     </span>
     <span class='ocr_line' id='line_1_40' title="bbox 708 3593 3173 3684; baseline -0.002 -22"><span class='ocrx_word' id='word_1_314' title='bbox 708 3614 964 3680; x_wconf 86' lang='lat' dir='ltr'><strong>sequax</strong></span> <span class='ocrx_word' id='word_1_315' title='bbox 995 3593 1336 3684; x_wconf 85' lang='lat' dir='ltr'><strong>egregius,</strong></span> <span class='ocrx_word' id='word_1_316' title='bbox 1375 3616 1533 3663; x_wconf 90' lang='lat' dir='ltr'><strong>cum</strong></span> <span class='ocrx_word' id='word_1_317' title='bbox 1565 3615 1686 3684; x_wconf 90' lang='lat' dir='ltr'><strong>per</strong></span> <span class='ocrx_word' id='word_1_318' title='bbox 1723 3594 1905 3664; x_wconf 86' lang='lat' dir='ltr'><strong>sedis</strong></span> <span class='ocrx_word' id='word_1_319' title='bbox 1938 3616 2102 3664; x_wconf 91' lang='lat' dir='ltr'><strong>suae</strong></span> <span class='ocrx_word' id='word_1_320' title='bbox 2131 3593 2497 3665; x_wconf 89' lang='lat' dir='ltr'><strong>dioecesim</strong></span> <span class='ocrx_word' id='word_1_321' title='bbox 2537 3596 2868 3666; x_wconf 85' lang='lat' dir='ltr'><strong>ecclesias</strong></span> <span class='ocrx_word' id='word_1_322' title='bbox 2889 3606 3173 3667; x_wconf 84' lang='lat' dir='ltr'><strong>construe·</strong></span> 
     </span>
     <span class='ocr_line' id='line_1_41' title="bbox 708 3680 3170 3775; baseline 0 -25"><span class='ocrx_word' id='word_1_323' title='bbox 708 3694 832 3762; x_wconf 88' lang='lat' dir='ltr'><strong>ret,</strong></span> <span class='ocrx_word' id='word_1_324' title='bbox 878 3682 1286 3752; x_wconf 88' lang='lat' dir='ltr'><strong>monasteria</strong></span> <span class='ocrx_word' id='word_1_325' title='bbox 1320 3680 1662 3763; x_wconf 86' lang='lat' dir='ltr'><strong>fundaret,</strong></span> <span class='ocrx_word' id='word_1_326' title='bbox 1720 3703 2146 3774; x_wconf 89' lang='lat' dir='ltr'><strong>regnumque</strong></span> <span class='ocrx_word' id='word_1_327' title='bbox 2191 3689 2611 3754; x_wconf 86' lang='lat' dir='ltr'><strong>Francorum</strong></span> <span class='ocrx_word' id='word_1_328' title='bbox 2662 3684 3067 3756; x_wconf 86' lang='lat' dir='ltr'><strong>Christianae</strong></span> <span class='ocrx_word' id='word_1_329' title='bbox 3101 3698 3170 3775; x_wconf 61' lang='lat' dir='ltr'><strong>rej</strong></span> 
     </span>
     <span class='ocr_line' id='line_1_42' title="bbox 708 3770 3170 3863; baseline -0.002 -24"><span class='ocrx_word' id='word_1_330' title='bbox 708 3770 987 3863; x_wconf 87' lang='lat' dir='ltr'><strong>ligionis</strong></span> <span class='ocrx_word' id='word_1_331' title='bbox 1034 3770 1225 3841; x_wconf 91' lang='lat' dir='ltr'><strong>cultu</strong></span> <span class='ocrx_word' id='word_1_332' title='bbox 1272 3770 1473 3861; x_wconf 88' lang='lat' dir='ltr'><strong>longe</strong></span> <span class='ocrx_word' id='word_1_333' title='bbox 1521 3770 1786 3858; x_wconf 89' lang='lat' dir='ltr'><strong>lateque</strong></span> <span class='ocrx_word' id='word_1_334' title='bbox 1836 3771 2245 3851; x_wconf 89' lang='lat' dir='ltr'><strong>nobilitaret,</strong></span> <span class='ocrx_word' id='word_1_335' title='bbox 2302 3773 2627 3860; x_wconf 87' lang='lat' dir='ltr'><strong>reliquias</strong></span> <span class='ocrx_word' id='word_1_336' title='bbox 2675 3775 2897 3843; x_wconf 89' lang='lat' dir='ltr'><strong>sancti</strong></span> <span class='ocrx_word' id='word_1_337' title='bbox 2945 3778 3170 3841; x_wconf 78' lang='lat' dir='ltr'><strong>Ferruttt</strong></span> 
     </span>
     <span class='ocr_line' id='line_1_43' title="bbox 707 3859 3166 3949; baseline -0.002 -22"><span class='ocrx_word' id='word_1_338' title='bbox 707 3860 779 3927; x_wconf 88' lang='lat' dir='ltr'><strong>in</strong></span> <span class='ocrx_word' id='word_1_339' title='bbox 833 3860 1250 3929; x_wconf 88' lang='lat' dir='ltr'><strong>Laetantium</strong></span> <span class='ocrx_word' id='word_1_340' title='bbox 1295 3860 1521 3930; x_wconf 91' lang='lat' dir='ltr'><strong>locum</strong></span> <span class='ocrx_word' id='word_1_341' title='bbox 1568 3859 1636 3891; x_wconf 49' lang='grc' dir='ltr'><strong>Ψ*</strong></span> <span class='ocrx_word' id='word_1_342' title='bbox 1678 3860 2045 3941; x_wconf 89' lang='lat' dir='ltr'><strong>transtulit,</strong></span> <span class='ocrx_word' id='word_1_343' title='bbox 2113 3866 2377 3949; x_wconf 89' lang='lat' dir='ltr'><strong>Deoque</strong></span> <span class='ocrx_word' id='word_1_344' title='bbox 2430 3862 2558 3931; x_wconf 80' lang='lat' dir='ltr'><strong>sub</strong></span> <span class='ocrx_word' id='word_1_345' title='bbox 2604 3862 3016 3932; x_wconf 89' lang='lat' dir='ltr'><strong>coenobialis</strong></span> <span class='ocrx_word' id='word_1_346' title='bbox 3056 3876 3166 3926; x_wconf 91' lang='lat' dir='ltr'><strong>nor·</strong></span> 
     </span>
     <span class='ocr_line' id='line_1_44' title="bbox 710 3947 3170 4040; baseline -0.001 -23"><span class='ocrx_word' id='word_1_347' title='bbox 710 3970 861 4018; x_wconf 91' lang='lat' dir='ltr'><strong>mae</strong></span> <span class='ocrx_word' id='word_1_348' title='bbox 900 3947 1268 4038; x_wconf 89' lang='lat' dir='ltr'><strong>disciplina</strong></span> <span class='ocrx_word' id='word_1_349' title='bbox 1320 3947 1688 4019; x_wconf 88' lang='lat' dir='ltr'><strong>militantes</strong></span> <span class='ocrx_word' id='word_1_350' title='bbox 1736 3949 2044 4019; x_wconf 91' lang='lat' dir='ltr'><strong>adunare</strong></span> <span class='ocrx_word' id='word_1_351' title='bbox 2090 3950 2378 4031; x_wconf 89' lang='lat' dir='ltr'><strong>curavit,</strong></span> <span class='ocrx_word' id='word_1_352' title='bbox 2426 3950 2676 4040; x_wconf 91' lang='lat' dir='ltr'><strong>spiritu</strong></span> <span class='ocrx_word' id='word_1_353' title='bbox 2721 3950 3060 4029; x_wconf 86' lang='lat' dir='ltr'><strong>ferventes,</strong></span> <span class='ocrx_word' id='word_1_354' title='bbox 3083 3960 3170 4032; x_wconf 78' lang='lat' dir='ltr'><strong>spe</strong></span> 
     </span>
     <span class='ocr_line' id='line_1_45' title="bbox 708 4036 3171 4137; baseline -0.001 -32"><span class='ocrx_word' id='word_1_355' title='bbox 708 4037 1108 4137; x_wconf 82' lang='lat' dir='ltr'><strong>gaudentes,</strong></span> <span class='ocrx_word' id='word_1_356' title='bbox 1164 4036 1466 4126; x_wconf 91' lang='lat' dir='ltr'><strong>idipsum</strong></span> <span class='ocrx_word' id='word_1_357' title='bbox 1517 4038 1806 4108; x_wconf 90' lang='lat' dir='ltr'><strong>invicem</strong></span> <span class='ocrx_word' id='word_1_358' title='bbox 1859 4038 2248 4119; x_wconf 89' lang='lat' dir='ltr'><strong>sentientes,</strong></span> <span class='ocrx_word' id='word_1_359' title='bbox 2283 4039 2551 4110; x_wconf 88' lang='lat' dir='ltr'><strong>animas</strong></span> <span class='ocrx_word' id='word_1_360' title='bbox 2578 4062 2741 4110; x_wconf 89' lang='lat' dir='ltr'><strong>suas</strong></span> <span class='ocrx_word' id='word_1_361' title='bbox 2775 4038 3171 4129; x_wconf 66' lang='lat' dir='ltr'><strong>castificantes</strong></span> 
     </span>
     <span class='ocr_line' id='line_1_46' title="bbox 715 4125 3173 4217; baseline 0 -24"><span class='ocrx_word' id='word_1_362' title='bbox 715 4146 782 4193; x_wconf 87' lang='lat' dir='ltr'><strong>tn</strong></span> <span class='ocrx_word' id='word_1_363' title='bbox 830 4126 1216 4197; x_wconf 90' lang='lat' dir='ltr'><strong>obedientia</strong></span> <span class='ocrx_word' id='word_1_364' title='bbox 1261 4125 1637 4208; x_wconf 79' lang='lat' dir='ltr'><strong>charitatiS,</strong></span> <span class='ocrx_word' id='word_1_365' title='bbox 1673 4126 1743 4195; x_wconf 92' lang='lat' dir='ltr'><strong>in</strong></span> <span class='ocrx_word' id='word_1_366' title='bbox 1783 4148 2015 4197; x_wconf 90' lang='lat' dir='ltr'><strong>amore</strong></span> <span class='ocrx_word' id='word_1_367' title='bbox 2048 4126 2512 4198; x_wconf 87' lang='lat' dir='ltr'><strong>fraternitatis.</strong></span> <span class='ocrx_word' id='word_1_368' title='bbox 2549 4128 2715 4199; x_wconf 91' lang='lat' dir='ltr'><strong>Boni</strong></span> <span class='ocrx_word' id='word_1_369' title='bbox 2760 4150 2912 4198; x_wconf 85' lang='lat' dir='ltr'><strong>vero</strong></span> <span class='ocrx_word' id='word_1_370' title='bbox 2947 4136 3173 4217; x_wconf 70' lang='lat' dir='ltr'><strong>pastoris</strong></span> 
     </span>
    </p>
   </div>
   <div class='ocr_carea' id='block_1_7' title="bbox 3214 2568 3268 4892">
    <p class='ocr_par' dir='ltr' id='par_1_9' title="bbox 3214 2568 3268 4892">
     <span class='ocr_line' id='line_1_47' title="bbox 3214 2568 3268 4892; baseline 0 0"><span class='ocrx_word' id='word_1_371' title='bbox 3214 2568 3268 4892; x_wconf 95' lang='lat' dir='ltr'><strong>   </strong></span> 
     </span>
    </p>
   </div>
   <div class='ocr_carea' id='block_1_8' title="bbox 709 4321 3253 4485">
    <p class='ocr_par' dir='ltr' id='par_1_10' title="bbox 709 4321 3253 4485">
     <span class='ocr_line' id='line_1_48' title="bbox 765 4321 3253 4385; baseline 0.002 -23"><span class='ocrx_word' id='word_1_372' title='bbox 765 4323 792 4348; x_wconf 75' lang='lat'><strong>¹·</strong></span> <span class='ocrx_word' id='word_1_373' title='bbox 819 4324 883 4362; x_wconf 84' lang='lat' dir='ltr'><strong>De</strong></span> <span class='ocrx_word' id='word_1_374' title='bbox 905 4323 949 4363; x_wconf 81' lang='lat' dir='ltr'><strong>S.</strong></span> <span class='ocrx_word' id='word_1_375' title='bbox 969 4321 1121 4369; x_wconf 81' lang='lat' dir='ltr'><strong>Lullo,</strong></span> <span class='ocrx_word' id='word_1_376' title='bbox 1139 4321 1244 4363; x_wconf 80' lang='lat' dir='ltr'><strong>vide</strong></span> <span class='ocrx_word' id='word_1_377' title='bbox 1263 4325 1483 4372; x_wconf 75' lang='lat' dir='ltr'><strong>superine</strong></span> <span class='ocrx_word' id='word_1_378' title='bbox 1502 4324 1550 4364; x_wconf 75' lang='lat' dir='ltr'><strong>tn</strong></span> <span class='ocrx_word' id='word_1_379' title='bbox 1569 4325 1657 4364; x_wconf 84' lang='lat' dir='ltr'><strong>hoc</strong></span> <span class='ocrx_word' id='word_1_380' title='bbox 1678 4325 1782 4373; x_wconf 75' lang='lat' dir='ltr'><strong>ipso</strong></span> <span class='ocrx_word' id='word_1_381' title='bbox 1801 4324 2043 4365; x_wconf 80' lang='lat' dir='ltr'><strong>volumine</strong></span> <span class='ocrx_word' id='word_1_382' title='bbox 2073 4335 2178 4377; x_wconf 73' lang='lat' dir='ltr'><strong>pag.</strong></span> <span class='ocrx_word' id='word_1_383' title='bbox 2200 4327 2292 4366; x_wconf 72' lang='lat'><strong>479.</strong></span> <span class='ocrx_word' id='word_1_384' title='bbox 2788 4377 2798 4385; x_wconf 46' lang='lat'><strong>·</strong></span> <span class='ocrx_word' id='word_1_385' title='bbox 3242 4350 3253 4385; x_wconf 65' lang='grc' dir='ltr'>Ι</span> 
     </span>
     <span class='ocr_line' id='line_1_49' title="bbox 766 4371 3177 4427; baseline 0.001 -13"><span class='ocrx_word' id='word_1_386' title='bbox 766 4376 821 4403; x_wconf 71' lang='lat'><strong>*⁸</strong></span> <span class='ocrx_word' id='word_1_387' title='bbox 850 4376 935 4416; x_wconf 80' lang='lat' dir='ltr'><strong>Hic</strong></span> <span class='ocrx_word' id='word_1_388' title='bbox 968 4373 1097 4417; x_wconf 74' lang='lat' dir='ltr'><strong>locun</strong></span> <span class='ocrx_word' id='word_1_389' title='bbox 1129 4382 1326 4417; x_wconf 76' lang='lat' dir='ltr'><strong>vocatur</strong></span> <span class='ocrx_word' id='word_1_390' title='bbox 1355 4388 1479 4417; x_wconf 88' lang='lat' dir='ltr'><strong>nunc</strong></span> <span class='ocrx_word' id='word_1_391' title='bbox 1515 4379 1822 4418; x_wconf 68' lang='lat' dir='ltr'><strong>Blesdenstndt.</strong></span> <span class='ocrx_word' id='word_1_392' title='bbox 1859 4379 2140 4419; x_wconf 80' lang='lat' dir='ltr'><strong>coenobium</strong></span> <span class='ocrx_word' id='word_1_393' title='bbox 2173 4389 2299 4427; x_wconf 79' lang='lat' dir='ltr'><strong>vero.</strong></span> <span class='ocrx_word' id='word_1_394' title='bbox 2318 4376 2383 4420; x_wconf 79' lang='lat' dir='ltr'><strong>tbi</strong></span> <span class='ocrx_word' id='word_1_395' title='bbox 2405 4388 2437 4420; x_wconf 76' lang='lat' dir='ltr'><strong>a</strong></span> <span class='ocrx_word' id='word_1_396' title='bbox 2456 4379 2500 4421; x_wconf 82' lang='grc' dir='ltr'><strong>Β.</strong></span> <span class='ocrx_word' id='word_1_397' title='bbox 2522 4380 2661 4421; x_wconf 83' lang='lat' dir='ltr'><strong>Lullo</strong></span> <span class='ocrx_word' id='word_1_398' title='bbox 2697 4371 3177 4427; x_wconf 51' lang='lat' dir='ltr'><strong>aedificatumstnssuo·</strong></span> 
     </span>
     <span class='ocr_line' id='line_1_50' title="bbox 709 4429 2220 4485; baseline 0.005 -17"><span class='ocrx_word' id='word_1_399' title='bbox 709 4429 926 4469; x_wconf 67' lang='lat' dir='ltr'><strong>nieorum</strong></span> <span class='ocrx_word' id='word_1_400' title='bbox 944 4430 1227 4480; x_wconf 65' lang='lat' dir='ltr'><strong>capitulum.</strong></span> <span class='ocrx_word' id='word_1_401' title='bbox 1245 4432 1419 4473; x_wconf 75' lang='lat' dir='ltr'><strong>secum</strong></span> <span class='ocrx_word' id='word_1_402' title='bbox 1437 4432 1797 4485; x_wconf 71' lang='lat' dir='ltr'><strong>posterioribus,</strong></span> <span class='ocrx_word' id='word_1_403' title='bbox 1815 4441 2097 4475; x_wconf 69' lang='lat' dir='ltr'><strong>conversum</strong></span> <span class='ocrx_word' id='word_1_404' title='bbox 2113 4430 2220 4475; x_wconf 78' lang='lat' dir='ltr'><strong>tuit.</strong></span> 
     </span>
    </p>
   </div>
  </div>
 </body>
</html>
