3347 4999
742 340 869 405 532
1480 356 1557 402 na
1604 356 1661 402 s.
1706 354 1862 403 Luca
1908 354 2328 403 sumansu
2862 339 3033 405 OCT.
3088 344 3177 407 ⁴8

654 441 881 512 Sancti
916 440 1303 531 magisterio
1346 440 1593 510 factum
1646 450 1768 521 est,
1823 453 1895 510 ut
1931 441 2166 510 beatus
2198 440 2594 518 Matthaeus,
2641 442 2762 529 qui
2800 465 2840 511 a
2887 465 3176 513 conver-

655 544 844 603 sante
891 532 957 600 in
1010 542 1185 600 terra
1233 529 1518 600 Domino
1567 530 2006 619 Evangelium
2050 529 2313 609 didicit,
2373 530 2834 622 quadraginta
2882 555 3178 623 genera-

655 622 868 691 tiones
915 618 1379 689 enumerando
1418 618 1806 689 descendat.
1876 625 1997 689 Per
2057 619 2685 721 quadragenarium
2737 621 2997 711 quippe
3045 645 3173 692 nu-

654 732 916 780 merum
959 709 1150 780 labor
1196 708 1624 799 exprimitur,
1669 731 1804 795 quo
1856 707 2166 779 videlicet
2201 708 2509 780 Christus
2560 710 2628 778 in
2665 731 2948 800 corpore
3016 734 3172 792 suo,

650 799 831 887 quod
903 812 1004 868 est
1071 797 1393 877 Ecclesia,
1449 820 1566 887 per
1624 798 1892 867 diversa
1953 798 2122 867 vitae
2185 797 2395 886 hujus
2462 810 2768 889 tempora
2816 799 3173 891 fatigatur.

652 890 823 959 Hinc
881 899 1003 967 est,
1077 887 1258 975 quod
1326 892 1586 977 Moyses
1633 898 1698 957 et
1761 887 1938 957 Elias
1992 909 2112 977 per
2187 887 2647 974 quadraginta
2729 888 2874 959 dies
2952 893 3178 960 conti-

650 1000 943 1048 nuavere
968 977 1335 1066 jejunium.
1391 975 1515 1046 Sed
1563 988 1626 1045 et
1677 976 1819 1065 ipse
1855 978 2179 1045 Dominus
2235 978 2365 1046 sub
2412 977 2648 1047 eodem
2702 1000 2989 1049 numero
3058 982 3176 1050 ab·

649 1068 892 1138 stinuit
923 1089 961 1136 a
1012 1066 1441 1156 perceptione
1473 1065 1810 1135 ciborum.
1844 1069 1967 1134 Per
2005 1071 2299 1154 Moysem
2350 1065 2579 1153 itaque
2620 1065 2742 1148 lex,
2799 1089 2918 1157 per
2950 1067 3172 1138 Eliam

653 1156 1028 1247 prophetia,
1085 1177 1202 1245 per
1240 1154 1581 1225 Christum
1648 1175 1825 1234 vero,
1877 1155 2029 1223 novi
2095 1157 2477 1225 testamenti
2583 1168 2843 1226 atenter
2912 1157 3177 1226 intelli-

651 1246 837 1336 gitur
892 1243 1132 1335 gratia.
1186 1248 1307 1314 Per
1384 1242 1815 1313 afflictionem
1887 1265 2048 1333 ergo
2125 1243 2183 1313 le
2238 1244 2316 1323 is,
2373 1266 2541 1335 prop
2596 1245 2767 1315 etiae
2828 1245 3042 1316 simul
3111 1260 3176 1317 et

651 1334 929 1425 gratiae,
985 1334 1177 1404 labor
1239 1333 1551 1402 innuitur
1589 1332 1998 1401 universalis
2056 1338 2183 1403 Ecc
2213 1334 2416 1415 esiae,
2472 1356 2592 1423 per
2620 1335 2943 1404 universa
2990 1358 3178 1405 rnor-

651 1424 804 1496 talis
867 1424 1075 1511 hujus
1131 1422 1301 1491 vitae
1348 1420 1579 1491 secula
1648 1421 1987 1522 fatigatae.
2060 1422 2235 1491 Hinc
2282 1435 2428 1503 est,
2499 1422 2682 1511 quod
2758 1423 2883 1492 filii
2958 1426 3173 1495 Israel

649 1513 999 1583 aerumnis
1045 1524 1249 1599 atque
1321 1510 1672 1580 laboribus
1720 1510 2027 1580 diutinae
2094 1512 2660 1602 peregrinationis
2733 1512 2969 1594 attriti,
3022 1530 3175 1604 post

647 1600 1103 1692 quadraginta
1152 1623 1368 1671 annos
1429 1612 1675 1670 terram
1728 1614 1888 1670 sunt
1929 1601 2405 1690 promissionis
2467 1601 2799 1702 ingressi:
2860 1603 3034 1690 quia
3084 1606 3171 1669 vi-

648 1691 891 1761 delicet
937 1712 1175 1761 omnes
1213 1688 1402 1759 electi
1459 1701 1607 1779 post
1644 1711 1997 1759 emensum
2053 1689 2263 1779 hujus
2314 1690 2879 1780 peregrinationis
2928 1713 3178 1762 excur-

649 1802 828 1861 sum,
885 1803 1039 1850 mox
1087 1779 1532 1849 haereditario
1566 1779 1719 1869 jure
1776 1794 2022 1848 terram
2056 1779 2425 1848 viventium
2462 1778 2936 1868 possidebunt.

737 1877 775 1952 §
823 1875 909 1943 4.
963 1874 1086 1938 Per
1136 1890 1499 1938 numerum
1550 1889 1735 1957 ergo,
1801 1889 2003 1956 quem
2056 1868 2430 1938 Matthaeus
2476 1868 2770 1950 ordinat,
2823 1872 3180 1961 susceptio

652 1958 1033 2029 laboriosae
1083 1957 1510 2027 mortalitatis
1559 1971 1866 2028 nostrae:
1909 1978 2026 2046 per
2075 1956 2269 2028 illum
2321 1979 2497 2039 ver0,
2535 1980 2737 2045 quem
2787 1963 3010 2029 Lucas
3056 1983 3176 2049 po-

649 2049 824 2129 suit,
896 2047 1362 2118 indubitanter
1425 2047 1831 2136 exprimitur
1880 2047 2277 2135 mysterium
2331 2059 2598 2116 nostrae
2649 2047 3170 2138 redemptionis.

649 2143 770 2207 Per
820 2136 1011 2205 illum
1061 2135 1376 2206 similiter
1424 2157 1787 2205 numerum
1824 2135 2210 2216 edocemur,
2247 2137 2409 2223 quia
2443 2136 2747 2206 Christus
2774 2137 2976 2227 juxta
3012 2161 3175 2228 pro-

652 2226 947 2315 phetiam
1004 2237 1272 2314 peccata
1302 2237 1531 2294 nostra
1567 2225 1710 2312 ipse
1746 2224 2053 2314 portavit;
2091 2247 2209 2313 per
2238 2226 2443 2295 istum
2486 2246 2640 2295 vero
2675 2241 3176 2313 consequenter

649 2314 1107 2393 addiscimus,
1151 2315 1311 2401 quia
1361 2313 1741 2384 secundum
1791 2313 2181 2404 Apostolum
2231 2315 2462 2384 omnia
2510 2315 2707 2386 nobis
2753 2315 3003 2385 delicta
3056 2317 3175 2386 do-

653 2403 854 2472 navit.
896 2408 1046 2492 Ipse
1094 2404 1350 2493 quippe
1396 2417 1497 2472 est
1543 2408 1796 2493 Agnus,
1839 2403 1958 2490 qui
2004 2402 2275 2473 oblatus
2321 2416 2443 2485 est,
2496 2404 2661 2490 quia
2709 2404 2853 2494 ipse
2902 2404 3171 2481 voluit:

650 2493 793 2583 ipse
839 2505 962 2573 est,
1030 2493 1148 2580 qui
1196 2506 1260 2562 ct
1306 2491 1587 2563 abstulit
1639 2507 1906 2581 peccata
1961 2492 2224 2562 mundi.
2284 2495 2860 2585 septuagenarius
2906 2496 3178 2584 quippe

648 2582 978 2672 septimus
1031 2605 1382 2662 numeruS‚
1434 2604 1635 2668 quem
1693 2587 1906 2651 Lucas
1955 2583 2227 2670 posuit,
2295 2583 2764 2654 remissionem
2814 2584 3176 2674 significat

651 2685 1103 2761 peccatorum,
1143 2672 1319 2741 sicut
1354 2672 1498 2761 ipse
1530 2671 1858 2740 Dominus
1893 2672 2137 2754 innuit,
2167 2694 2325 2742 cum
2361 2678 2548 2742 Petro
2580 2673 2963 2759 quaerenti,
2998 2696 3177 2761 quo-

649 2761 770 2832 ties
816 2773 1040 2832 essent
1085 2760 1489 2830 dimittenda
1536 2759 1725 2829 fratri
1795 2773 2068 2849 peccata
2098 2816 2113 2842 ‚
2183 2761 2576 2851 respondit:
2629 2763 2784 2830 Dico
2834 2764 2978 2842 tibi,
3044 2787 3179 2833 non

646 2862 906 2921 tantum
942 2853 1204 2942 seplieS,
1246 2851 1362 2919 sed
1386 2872 1590 2940 usque
1613 2852 1993 2940 septuayies
2038 2852 2275 2941 sepcies
2311 2851 2575 2940 (Manli.
2613 2849 2824 2939 xvtn).
2862 2856 2995 2921 Nec
3042 2853 3180 2920 mi-

644 2962 796 3010 rum
827 2994 846 3019 ,
919 2940 973 3011 si
1023 2962 1143 3030 per
1191 2938 1377 3009 hunc
1426 2959 1814 3019 numerum,
1874 2938 1994 3025 qui
2041 2939 2128 3009 ab
2176 2938 2555 3009 undenario
2601 2953 2665 3009 et
2710 2939 2998 3011 denario
3055 2964 3179 3011 na-

644 3029 880 3108 scitur,
917 3029 1259 3098 humanae
1295 3027 1642 3116 pravitatis
1675 3025 1951 3096 abolitio
1985 3026 2405 3117 designatur.
2444 3027 2874 3098 Undenarius
2905 3029 3181 3121 quippe

647 3140 1020 3198 numeruS,
1085 3117 1141 3188 si
1192 3116 1437 3206 septies
1487 3115 2009 3205 multiplicatur,
2083 3116 2375 3216 profecto
2423 3118 2858 3208 septuaginta
2907 3131 3182 3207 septem

643 3229 917 3276 summa
965 3205 1368 3295 completur.
1410 3205 1535 3274 Sed
1586 3204 1936 3286 denarius,
1982 3228 2102 3293 qut
2152 3205 2487 3296 perfectus
2532 3220 2632 3276 est
2666 3229 3028 3286 numerus,
3061 3209 3182 3278 de-

641 3295 956 3386 calogum
1009 3296 1259 3384 signat.
1313 3300 1435 3364 Per
1484 3294 1940 3364 undenarium
1994 3316 2193 3372 vero,
2231 3296 2349 3384 qui
2403 3296 2585 3366 hunc
2638 3296 3180 3387 transgreditur,

641 3384 808 3470 quid
862 3384 991 3452 nisi
1044 3383 1280 3474 legalis
1330 3384 1779 3474 transgressio
1827 3384 2208 3474 figuratur?

729 3475 765 3559 ξ
812 3477 897 3544 5.
953 3478 1120 3541 Cum
1168 3494 1327 3563 ergo
1393 3474 1462 3542 in
1532 3476 1665 3543 tota
1715 3473 1831 3542 itta
1880 3495 2154 3552 summa
2203 3472 2371 3562 legis
2419 3474 2625 3543 simul
2673 3486 2740 3543 et
2786 3487 3181 3566 transgres-

641 3560 857 3632 sionis
887 3616 902 3641 ‚
949 3574 1233 3649 uterque
1281 3583 1611 3632 numerus
1658 3561 2299 3652 comprehendatur,
2362 3563 2528 3650 quid
2579 3564 2830 3633 mirum
2864 3618 2879 3644 ‚
2936 3566 2998 3634 si
3054 3587 3182 3655 per

640 3673 789 3721 eam
844 3649 1173 3721 scelerum
1214 3650 1525 3722 remissio
1571 3651 2017 3808 designetur?
2064 3655 2497 3742 Septenarius
2549 3653 2748 3742 plane
2797 3673 3174 3733 numerus,

639 3742 757 3829 qui
809 3762 1021 3831 supra
1096 3741 1458 3810 Dominum
1523 3740 1590 3807 in
1653 3763 1732 3809 co
1766 3741 1977 3811 umba
2040 3741 2429 3822 descendit,
2485 3755 2759 3810 nostrae
2811 3742 3184 3830 pravitatis

639 3829 1103 3901 undenarium
1153 3829 1464 3900 abolevit.
1542 3834 1631 3898 De
1677 3850 1813 3916 quo
1860 3829 2119 3899 scilicet
2166 3830 2655 3898 charismatum
2710 3851 3001 3898 numero
3061 3853 3186 3918 per

637 3922 887 3991 Isaiam
940 3920 1192 3989 dicitur
1220 3943 1233 3987 :
1270 3920 1649 4009 Requiesccc
1677 3942 1877 4009 saper
1909 3942 2059 3988 eum
2087 3920 2362 4009 spiritus
2392 3920 2765 4008 sapientiae
2804 3928 2865 3986 et
2901 3921 3184 3991 intelle-

637 4021 805 4094 σίας,
857 4012 1137 4101 spiritus
1177 4011 1442 4079 consilii
1485 4018 1548 4077 et
1591 4009 2031 4097 fortitudinia,
2084 4009 2360 4097 spiritus
2406 4009 2721 4076 scientiae
2759 4017 2822 4076 et
2858 4009 3180 4097 pietatis,

638 4111 698 4169 et
728 4101 1025 4190 implebit
1060 4123 1211 4170 eum
1240 4100 1520 4189 spiritus
1543 4099 1798 4166 timoris
1835 4099 2094 4166 Domini
2111 4097 2229 4186 (Is.
2261 4096 2360 4185 11).
2413 4095 2600 4166 Unde
2642 4098 2886 4166 beatus
2919 4101 3178 4176 Lucas,

636 4203 713 4259 ut
759 4189 1018 4279 expiari
1070 4211 1194 4258 nos
1242 4212 1278 4257 a
1330 4187 1582 4258 nostris
1629 4185 2003 4256 sceleribus
2070 4208 2189 4274 per
2255 4187 2618 4257 adventum
2671 4186 2885 4255 nostri
2936 4187 3187 4257 Salva-

638 4279 802 4349 toris
850 4277 1181 4359 ostendat,
1214 4300 1348 4346 non
1401 4277 1487 4346 ab
1536 4274 1980 4366 Evangelicae
2028 4274 2436 4345 narrationis
2481 4274 2778 4353 exordio,
2819 4273 2944 4346 sed
2980 4297 3026 4345 a
3061 4276 3189 4347 ba-

637 4368 888 4471 ptismo
915 4368 1290 4448 dumtaxat,
1329 4365 1574 4436 Christi
1607 4364 2033 4455 cognationis
2067 4362 2374 4434 ordinem
2395 4363 2704 4463 inchoat.
2728 4362 2927 4446 Quod
2962 4366 3188 4438 etiam

635 4480 703 4528 in
759 4457 934 4528 libro
996 4461 1329 4528 Geneseos
1394 4454 1740 4526 evidenter
1801 4453 2184 4524 ostenditur
2216 4506 2232 4535 ,
2293 4452 2414 4523 ubi
2476 4451 2767 4524 Lamech
2828 4454 3194 4530 uxoribus
