3347 4999
161 355 326 422 OCT.
379 359 457 425 ⁴4
886 378 963 423 na
1011 377 1066 423 s.
1121 374 1491 423 aunannno
1541 377 1790 422 nnuma.
1843 377 1942 422 nr.
2464 359 2592 426 403

158 481 420 529 arcana.
460 465 644 530 Inter
672 481 851 547 quae
880 460 1084 529 etiam
1121 458 1520 549 hujusmodi
1570 459 1940 529 subintulit
1970 459 2173 529 labiis
2204 463 2680 532 tremebundis

156 547 406 638 elogia:
459 571 495 616 «
529 549 782 629 Credo,
845 549 1120 636 inquit,
1176 561 1241 617 et
1286 547 1599 639 gaudeo,
1655 560 1846 638 pater
1900 559 2052 636 post
2101 547 2444 618 Christum
2492 565 2557 620 et
2603 552 2676 619 in

160 636 411 708 Christo
458 636 921 717 dilectissime,
967 636 1147 723 quod
1190 658 1311 726 per
1358 650 1513 705 tuae
1561 636 1939 706 sanctitatis
1989 636 2441 726 praesentiam
2480 692 2495 719 ,
2550 643 2680 707 Do-

157 724 382 796 minus
413 737 640 796 noster
662 726 871 796 Jesus
896 725 1204 795 Christus
1235 725 1647 814 neophytam
1692 725 1870 794 hanc
1902 724 2260 794 ecclesiam
2297 724 2681 796 sublimare

158 813 375 883 modis
405 815 753 895 omnibuS,
807 827 964 884 ante
1011 813 1254 884 mundi
1290 813 1843 883 constitutionem
1889 814 1956 883 in
1994 835 2160 884 suae
2190 813 2567 903 majestatis
2615 826 2681 884 et

155 903 565 972 aeternitatis
601 903 1047 992 praescientia
1098 902 1472 995 proposuit,
1516 914 1580 971 et
1611 902 1914 992 idipsum
1967 923 2152 972 nunc
2200 901 2268 969 in
2305 902 2524 972 oculis
2560 924 2680 972 no-

156 990 308 1061 stris
350 991 787 1061 manifestare
832 992 1076 1082 coepit.
1130 997 1560 1082 Quapropter
1603 990 1688 1060 de
1736 1013 1889 1071 me,
1953 1003 2155 1080 prout
2201 990 2346 1079 ipse
2395 991 2681 1061 humili-

157 1088 349 1148 tatem
385 1080 677 1149 ancillae
709 1102 875 1149 suae
915 1081 1251 1171 respicere
1277 1080 1602 1170 dignatus
1628 1080 1854 1161 fuerit,
1896 1101 2017 1170 pro
2052 1079 2178 1149 hoc
2213 1080 2364 1171 ipso
2397 1102 2678 1169 precum

154 1187 454 1237 mearum
497 1169 846 1251 instantia,
898 1168 1235 1256 quamdiu
1281 1168 1390 1239 his
1436 1168 1700 1238 artibus
1749 1179 1925 1248 utor,
1993 1168 2390 1238 nullatenus
2434 1168 2672 1239 deerit.

153 1257 274 1324 Nec
320 1256 498 1326 clam
554 1270 639 1338 te,
695 1271 924 1348 pater,
976 1279 1123 1326 esse
1172 1258 1436 1357 patiar,
1494 1256 1675 1344 quod
1716 1256 1864 1345 jam
1912 1256 2372 1346 quadraginta
2424 1270 2490 1327 et
2536 1278 2678 1328 uno

152 1345 449 1433 amplius
496 1368 678 1415 anno
724 1346 1043 1415 eumdem
1079 1367 1352 1415 animae
1388 1366 1576 1415 meae
1606 1366 1966 1435 sponsum,
2005 1366 2160 1414 cum
2200 1344 2472 1414 ancillis
2508 1347 2678 1414 meis

149 1451 316 1516 quae
343 1456 416 1504 se
451 1455 718 1505 mecum
756 1435 825 1503 in
860 1434 1008 1523 ejus
1043 1446 1452 1525 praeparant
1490 1455 1880 1513 occursum,
1932 1432 2062 1502 sub
2102 1434 2402 1523 ancipite
2446 1433 2677 1501 carnis

150 1539 224 1588 ac
270 1523 557 1612 spiritus
606 1522 1019 1602 luctamine,
1074 1524 1282 1592 nimis
1345 1522 1543 1591 anxie
1593 1521 2012 1611 praestolor:
2069 1520 2269 1591 modo
2317 1542 2472 1591 vero
2522 1534 2677 1591 tuae

151 1613 575 1697 paternitatis
623 1611 1134 1692 consolatione,
1192 1632 1402 1697 quam
1471 1608 1735 1680 tamdiu
1783 1610 2101 1679 ardenter
2147 1610 2623 1680 desiderabam
2652 1666 2667 1691 ,

150 1697 421 1770 abunde
468 1700 839 1781 consolata,
896 1699 1160 1779 vellem,
1217 1700 1275 1768 si
1330 1698 1477 1767 fieri
1532 1710 1775 1789 posset,
1831 1711 2106 1788 propter
2154 1698 2510 1768 vitandum
2565 1712 2674 1768 tu-

148 1787 468 1869 multum,
521 1810 725 1875 quem
776 1788 1025 1858 amodo
1070 1787 1353 1856 forsitan
1392 1787 1629 1878 populi
1672 1786 2004 1857 venientis
2054 1786 2136 1855 ad
2174 1786 2378 1856 fidem
2416 1787 2544 1856 hoc
2600 1788 2671 1856 in

146 1870 289 1944 loco
323 1876 707 1963 frequentia
756 1877 1073 1967 parabit,
1136 1876 1398 1977 potiora
1449 1896 1775 1962 quaerere
1823 1887 2102 1944 secreta.
2156 1879 2326 1965 Opto
2364 1876 2613 1945 etenim
2646 1929 2668 1957 ,

146 1983 265 2032 ceu
290 1966 532 2035 beatus
564 1979 630 2036 et
656 1964 890 2052 justus
923 1964 1037 2034 ille
1086 1969 1381 2044 Simeon,
1417 1963 1579 2051 quia
1614 1962 1931 2033 viderunt
1977 1964 2158 2033 oculi
2195 1965 2328 2033 mei
2378 1964 2678 2034 salutare

147 2049 279 2134 Dei,
332 2054 569 2124 lumen
621 2054 934 2123 videlicet
982 2054 1203 2143 gentis
1235 2052 1470 2133 Israel,
1514 2053 1659 2142 jam
1702 2052 2175 2122 fatiscentibus
2210 2052 2562 2131 membris,
2602 2053 2673 2121 in

148 2159 308 2227 pace
347 2143 627 2212 dimitti.
682 2148 795 2212 Est
840 2153 1066 2211 autem
1118 2141 1501 2215 castellum,
1554 2141 1736 2228 quod
1788 2140 2169 2231 Karelburg
2222 2141 2496 2222 dicitur,
2550 2146 2676 2212 Ec-

146 2226 386 2300 clesiae
440 2243 698 2300 vestrae
748 2252 970 2320 nuper
1016 2243 1383 2299 aucmento
1432 2251 1555 2319 per
1601 2228 1903 2299 divinam
1953 2232 2243 2319 gratiam
2292 2229 2615 2299 collatum
2653 2285 2670 2312 ,

147 2332 417 2389 sanctae
467 2319 796 2388 nimirum
867 2285 1221 2389 Gertrudis
1284 2319 1633 2405 quondam
1672 2372 1687 2398 ,
1740 2317 1907 2387 dum
1961 2340 2084 2407 pro
2133 2318 2377 2387 Christi
2446 2339 2676 2387 amore

142 2409 380 2560 procul
434 2407 778 2477 carnalem
829 2407 1220 2477 illecebram
1269 2406 1566 2497 fugeret,
1620 2405 1988 2476 latibulum
2020 2461 2035 2486 ,
2087 2418 2151 2476 et
2198 2406 2505 2495 ejusdem
2561 2407 2677 2477 Dei

168 2496 475 2578 amulae,
528 2508 593 2566 et
639 2509 1058 2567 caeterarum
1111 2518 1344 2566 secum
1392 2495 1946 2566 conversantium
1996 2496 2279 2583 antiqua
2327 2495 2674 2566 inhabita-

146 2582 320 2653 tione
370 2585 1016 2657 sanctimonialibus
1075 2606 1208 2655 non
1278 2585 1766 2655 inconveniens
1818 2583 2316 2654 habitaculum.
2373 2586 2563 2666 Quod
2614 2585 2673 2654 si

146 2681 279 2754 tu0‚
337 2686 532 2764 pater
568 2673 768 2754 alme,
806 2674 1176 2743 consensui
1214 2671 1543 2763 placuerit
1572 2685 1637 2742 et
1667 2672 2070 2752 industriae,
2107 2672 2670 2742 monasteriolum

143 2758 207 2826 in
243 2760 658 2832 beneficium
707 2784 747 2831 a
779 2774 842 2830 te
876 2761 1293 2851 suscipiam:
1348 2761 1546 2830 istam
1597 2782 1756 2830 vero
1798 2773 2148 2850 paternam
2186 2760 2670 2830 haereditatem

143 2866 357 2918 meam
401 2852 563 2941 jure
673 2851 934 2936 entium
1001 2862 1274 2921 sanctae
1319 2849 1873 2939 Wirceburgensi
1944 2848 2280 2919 Ecclesiae
2342 2860 2666 2939 perpetua

142 2940 552 3028 proprietate
612 2929 890 3015 'abilam
923 2950 1126 3025 atque
1155 2939 1425 3007 firmam
1465 2938 1838 3028 perficiam.
1875 2961 1910 3005 »
1938 2936 2110 3020 Quid
2142 2937 2391 3023 plura?
2428 2942 2671 3008 Beatus

141 3025 583 3098 Burchardus
632 3041 875 3097 nactus
920 3049 1068 3096 eam
1120 3028 1507 3116 optionem,
1576 3027 1644 3095 id
1706 3026 1887 3113 quod
1958 3025 2363 3114 rogabatur,
2433 3025 2671 3094 volun-

140 3115 305 3184 tarie
341 3116 704 3195 concessit,
760 3116 1111 3202 multaque
1160 3116 1516 3205 diligentia
1551 3126 1833 3201 rataque
1865 3112 2396 3201 adstipulatione
2437 3135 2663 3182 coram

139 3220 208 3269 re
259 3205 331 3272 ni
379 3205 857 3296 principibuS,
910 3216 974 3273 et
1023 3205 1315 3274 maxime
1364 3203 1641 3272 Francis
1691 3201 2136 3272 orientalibus
2170 3256 2185 3281 ,
2240 3201 2670 3271 confirmavit

139 3289 197 3356 ei
248 3313 380 3375 em,
438 3305 515 3364 ut
563 3292 968 3363 venerabilis
1015 3294 1315 3362 Immina
1364 3291 1744 3381 Karelburg
1789 3312 1944 3359 cum
1997 3290 2321 3360 omnibus
2356 3289 2473 3360 illo
2524 3313 2669 3381 per-

142 3377 517 3452 tinentibus
565 3381 885 3471 praediiS‚
942 3381 1011 3449 in
1046 3381 1455 3451 beneficium
1497 3401 1717 3466 usque
1765 3379 1845 3448 ad
1894 3380 2064 3448 vitae
2098 3401 2262 3449 suae
2299 3381 2667 3450 terminum

142 3471 554 3553 possideret;
610 3475 798 3540 Mons
847 3491 1000 3539 vero
1047 3471 1447 3558 Wirceburg
1492 3491 1651 3537 cum
1713 3468 1857 3538 suis
1905 3468 2324 3558 appenditiis
2353 3525 2367 3548 ,
2425 3469 2490 3538 id
2541 3482 2663 3548 est,

141 3559 461 3641 praediiS,
518 3559 895 3628 redditibus
942 3570 1008 3627 et
1054 3559 1385 3638 terminiS,
1440 3556 1994 3643 omnimodisque
2032 3557 2469 3636 utilitatibus,
2519 3578 2670 3647 per-

141 3657 338 3729 petua
389 3647 802 3737 proprietate
837 3647 1381 3736 wirceburgensi
1430 3646 1790 3736 Episcopio
1831 3644 2234 3730 subjaceret.

224 3735 260 3820 §
304 3741 456 3809 18.
511 3741 656 3818 Qua
708 3757 839 3804 non
893 3747 1156 3804 tantum
1210 3735 1559 3824 precaria,
1616 3757 1848 3804 verum
1886 3735 2088 3803 etiam
2143 3734 2503 3804 traditione
2551 3756 2669 3824 po-

142 3825 441 3894 testativa
473 3879 488 3906 ,
556 3824 857 3914 legitime
907 3824 1190 3894 testibus
1237 3836 1311 3908 et
1349 3823 1623 3911 scriptis
1685 3823 1992 3913 delegata
2055 3834 2258 3909 atque
2311 3823 2664 3906 roborata,

139 3907 327 4000 virgo
376 3913 623 3983 Christi
670 3934 830 3982 cum
892 3912 1039 3981 suis
1103 3912 1426 3981 omnibus
1476 3911 1854 4002 Karelburg
1901 3911 2188 3981 contulit
2237 3933 2354 3991 se,
2436 3911 2669 3998 ibique

140 3993 464 4102 deinceps
511 4024 669 4072 cum
724 4000 957 4069 multis
1004 4000 1487 4071 consodalibus
1538 4001 1782 4089 Sponsi
1832 4000 2143 4070 coelestis
2204 4001 2523 4069 occursui
2576 4002 2671 4070 vi-

139 4085 346 4172 giliis,
379 4091 658 4179 jejuniis
681 4101 747 4159 et
768 4088 1216 4168 orationibus,
1246 4089 1648 4176 cunctisque
1680 4089 1877 4157 bonis
1903 4089 2171 4157 actibus
2202 4111 2296 4168 se,
2329 4088 2668 4174 quamdiu

138 4162 477 4262 superfuit
514 4179 769 4248 halitus
803 4178 872 4246 in
905 4200 1006 4258 ea,
1047 4179 1368 4264 continue
1420 4199 1825 4266 praeparare
1877 4198 2008 4246 non
2060 4177 2283 4246 desiit.
2327 4177 2418 4245 Ad
2452 4190 2668 4247 extre-

136 4282 327 4332 mum
382 4288 534 4337 vero
608 4279 760 4356 post
830 4260 1082 4336 bonum
1147 4280 1486 4335 certamen
1556 4277 1934 4346 certatum,
1989 4287 2269 4334 cursum
2344 4289 2665 4335 consum-

138 4364 401 4450 matum
434 4410 449 4437 ,
503 4368 566 4425 et
615 4356 818 4425 [idem
870 4367 1248 4434 servatam,
1310 4355 1617 4443 justitiae
1668 4377 1990 4425 coronam
2042 4376 2081 4423 a
2120 4355 2307 4444 justo
2359 4355 2489 4425 sibi
2536 4361 2665 4424 Ju-

138 4437 289 4510 dlce
338 4445 701 4534 repositam
751 4456 1127 4534 receptura,
1184 4443 1410 4515 carnis
1460 4466 1646 4525 suae,
1703 4466 1909 4532 quam
1962 4443 2153 4513 toties
2211 4466 2332 4535 pro
2398 4445 2665 4515 Christo
