3347 4999
191 348 378 414 OCT.
430 349 472 412 2
810 366 888 411 ΒΕ
937 365 992 412 s.
1047 366 1259 412 raom
1310 364 1607 412 amscoro
1655 364 2130 412 nssaaroanmsm
2578 349 2662 412 79

193 451 457 530 dicere,
498 462 563 518 et
596 449 840 518 Missae
882 450 1208 519 iuteresse
1250 448 1531 519 solebat.
1574 447 1972 518 Studiorum
2011 461 2238 517 autem
2273 451 2485 519 causa
2520 449 2744 539 primo

190 541 287 609 ad
340 537 770 608 Academiam
825 538 1310 617 oxoniensem,
1369 538 1527 606 inde
1576 538 1907 607 Lutetiam
1962 558 2034 607 se
2088 537 2420 618 contulit,
2476 539 2598 608 ubi
2648 538 2750 607 lo-

190 630 397 718 gicae
444 650 719 719 operam
773 627 973 707 dans,
1027 640 1093 696 et
1144 626 1620 715 philosophiae
1668 638 1924 695 secreta
1976 625 2312 705 rimatUS,
2371 627 2749 717 magisterii

194 717 404 786 titulo
437 729 722 785 ornatus
770 728 895 784 est.
949 721 1184 784 Postea
1232 715 2091 803 Oxoniam(0oefordsl1ire)
2126 736 2443 784 reversus
2474 770 2490 796 ‚
2555 717 2748 786 Juris

192 805 540 875 Pontificii
595 810 854 882 Doctor,
910 817 974 873 et
1021 803 1422 874 Academiae
1454 803 1604 893 ejus
1639 802 2102 872 cancellarius
2137 815 2406 873 creatus
2437 817 2561 873 est.
2599 810 2747 886 Quo

193 895 271 962 in
316 916 598 964 munere
652 894 1022 982 prudenter
1060 893 1326 961 studuit
1372 914 1619 961 causas
1666 892 2032 970 discutere,
2067 913 2148 960 ex
2194 913 2408 977 aequo
2455 906 2520 960 et
2568 894 2748 963 bono

192 982 379 1052 ferre
426 983 861 1062 sententiam,
914 981 1218 1051 actiones
1267 1003 1427 1050 suas
1476 980 1557 1049 ad
1616 980 1885 1049 virtutis
1922 980 2422 1070 praescriptum
2468 1003 2747 1072 compo-

194 1094 389 1152 nere,
447 1093 714 1140 morum
770 1070 1105 1139 honestati
1155 1069 1431 1139 deditus
1479 1092 1649 1139 esse.

290 1161 326 1246 ξ
378 1165 465 1231 ².
520 1165 723 1230 Porro
756 1177 916 1228 cum
959 1160 1109 1247 ejus
1136 1158 1322 1227 fama
1360 1158 1915 1236 increbresceret,
1957 1157 2275 1244 quamvis
2317 1158 2595 1239 invitu5‚
2631 1181 2746 1228 co-

196 1262 399 1318 actus
446 1264 546 1334 est
593 1269 743 1316 esse
787 1249 1066 1317 Henrici
1115 1253 1211 1317 111
1259 1246 1539 1336 Angliae
1590 1245 1770 1336 regis
1819 1246 2307 1315 CancellariuS.
2354 1251 2510 1315 Erat
2550 1269 2743 1316 nam-

196 1360 337 1425 que
364 1359 678 1406 sermone
715 1358 935 1416 verax,
976 1336 1265 1405 consilio
1304 1335 1652 1424 providus,
1698 1336 1765 1402 in
1816 1356 1944 1404 sua
1998 1333 2555 1404 administranda
2584 1335 2743 1405 fun-

196 1428 426 1495 ctione
476 1426 720 1495 fidelis.
776 1430 852 1494 Et
898 1447 1057 1494 cum
1109 1424 1179 1492 in
1234 1424 1578 1514 plerisque
1627 1424 1918 1493 honores
1970 1436 2236 1492 mutent
2286 1446 2533 1505 moreS,
2609 1446 2742 1494 non

197 1516 270 1584 in
328 1515 574 1584 melius
620 1514 928 1601 quidem,
975 1513 1091 1581 sed
1147 1514 1212 1581 in
1266 1514 1610 1594 deterius;
1654 1512 1767 1581 ille
1817 1525 2003 1581 tanto
2043 1511 2327 1581 affectus
2362 1513 2642 1593 honore,
2677 1515 2741 1581 in

196 1604 350 1672 dies
399 1604 627 1690 seipso
679 1603 918 1672 melior
966 1602 1193 1683 fiebat,
1247 1616 1450 1687 atque
1491 1602 1555 1669 in
1600 1600 2026 1687 quibuslibet
2058 1601 2287 1670 causis
2323 1600 2421 1669 vel
2454 1603 2745 1690 negotiis

199 1693 579 1762 tractandis
632 1713 879 1759 manus
927 1690 1013 1759 ab
1061 1692 1253 1759 omni
1305 1712 1586 1780 prorsus
1620 1712 1903 1758 munere
1936 1690 2259 1758 excussit.
2304 1695 2434 1759 Nec
2470 1704 2745 1780 propter
2807 1763 2808 1766 ,

196 1781 493 1850 divitum
540 1780 934 1868 superbiam
967 1781 1381 1849 tumentium
1419 1779 1670 1848 fastum
1707 1800 1746 1846 a
1781 1778 2059 1847 veritate
2089 1778 2385 1859 deflexit,
2428 1800 2551 1848 nec
2590 1801 2743 1868 pro-

197 1883 352 1959 pter
450 1889 786 1956 auperum
855 1868 1303 1958 abjectionem
1357 1868 1444 1936 ab
1491 1867 1590 1936 eis
1639 1889 1842 1936 aures
1897 1889 2058 1937 suas
2106 1868 2373 1947 avertit,
2428 1881 2493 1935 et
2544 1869 2744 1938 mise-

197 1958 382 2028 ricor
438 1957 542 2025 iae
592 1968 794 2042 atque
845 1957 1296 2026 humanitatis
1343 1956 1568 2024 officia
1621 1955 1916 2045 negavit.

288 2049 324 2132 ξ
373 2049 461 2116 8.
520 2051 881 2130 Postquam
932 2059 1160 2113 autem
1224 2046 1561 2114 Henricus
1633 2067 1744 2113 rex
1793 2042 1995 2113 desiit
2043 2064 2192 2114 esse
2241 2043 2308 2112 in
2363 2044 2533 2115 vivis
2568 2100 2582 2127 ‚
2637 2046 2740 2115 vir

199 2147 485 2204 sanctus
534 2133 858 2203 Oxoniam
913 2134 1136 2215 rediit,
1190 2146 1254 2202 et
1285 2134 1370 2202 ad
1414 2132 1820 2223 Theologiae
1868 2132 2098 2201 studia
2144 2133 2456 2202 animum
2508 2135 2742 2224 appel-

196 2223 374 2304 lenS‚
433 2228 675 2292 Doctor
711 2222 990 2291 effectus
1038 2236 1162 2291 est.
1219 2227 1502 2312 Magnae
1549 2244 1715 2290 sane
1766 2222 1832 2289 iu
1866 2221 2020 2290 cibo
2051 2233 2116 2290 et
2148 2234 2312 2311 potu
2349 2233 2736 2313 temperan-

198 2312 333 2381 tiae
382 2311 510 2381 fuit
541 2365 556 2390 ‚
612 2311 701 2379 ita
753 2324 826 2380 ut
874 2332 1076 2379 nemo
1126 2333 1433 2397 unquam
1487 2310 1589 2379 vel
1647 2309 2110 2389 domesticuS,
2171 2310 2268 2379 vel
2320 2324 2731 2392 extraneuS,

194 2422 357 2469 eum
411 2399 653 2468 viderit
689 2399 1105 2489 largioribus
1145 2400 1284 2468 sive
1317 2399 1566 2488 epulis,
1601 2400 1742 2468 sive
1771 2398 2039 2488 poculis
2076 2397 2488 2469 indulsisse:
2527 2400 2740 2470 immo

198 2502 388 2559 tanta
436 2489 586 2578 ejus
633 2502 775 2557 erat
824 2489 1260 2569 abstinentia,
1313 2502 1388 2557 ut
1429 2488 1837 2578 plerumque
1875 2511 2036 2558 cum
2071 2489 2315 2577 majori
2349 2492 2738 2580 appetentia

195 2600 235 2646 a
291 2600 525 2647 mensa
576 2579 967 2658 surrexerit,
1021 2600 1228 2663 quam
1272 2578 1353 2645 ad
1406 2600 1554 2646 eam
1594 2578 2015 2647 accessisset.
2069 2582 2280 2646 Tanta
2329 2579 2548 2647 animi
2599 2580 2739 2668 pie-

196 2678 331 2736 tate
378 2681 442 2735 et
489 2665 844 2734 devotione
892 2666 1099 2735 rebus
1145 2665 1400 2735 divinis
1450 2668 1796 2741 intererat.
1841 2680 1915 2735 ut
1949 2666 2378 2735 intuentium
2423 2667 2627 2735 fidem
2673 2681 2738 2736 et

195 2776 425 2824 mores
474 2754 911 2824 informaret:
950 2767 1135 2824 tanta
1162 2753 1231 2822 in
1274 2756 1516 2824 Missae
1555 2754 1896 2824 sacrificio
1939 2754 2405 2842 lacrymarum
2450 2755 2536 2824 ab
2584 2756 2737 2842 eius

194 2842 418 2913 oculis
465 2844 664 2931 copia
716 2843 1062 2924 manabat,
1096 2843 1240 2913 acsi
1281 2866 1510 2914 coram
1556 2866 1627 2912 se
1668 2843 2015 2913 Christum
2058 2843 2424 2912 Dominum
2477 2843 2545 2910 in
2600 2846 2732 2913 hu-

195 2953 402 3000 mana
450 2954 656 3001 carne
706 2932 1074 3021 patientem
1126 2931 1405 3001 videret.

286 3024 322 3107 ξ
371 3026 453 3093 4.
508 3021 1031 3090 Obtrectationis
1087 3021 1324 3090 vitium
1394 3019 1586 3090 valde
1634 3020 2148 3100 detestabatur,
2202 3030 2269 3089 et
2316 3042 2537 3107 neque
2588 3020 2737 3110 ipse

192 3109 321 3178 ulli
372 3131 679 3195 unquam
730 3109 1087 3178 detrahere
1137 3109 1370 3191 voluit,
1429 3131 1648 3196 neque
1697 3122 1772 3178 ut
1813 3108 1888 3177 id
1939 3108 2026 3177 ab
2074 3108 2210 3178 alio
2259 3109 2473 3188 fieret,
2508 3131 2734 3197 quan-

195 3210 340 3266 tum
382 3197 660 3282 quidem
712 3197 781 3265 in
836 3198 983 3286 ipso
1017 3211 1186 3282 erat,
1240 3199 1572 3286 permisit.
1627 3202 1850 3266 Immo
1902 3217 2056 3265 vero
2123 3198 2182 3267 si
2245 3220 2422 3285 quos
2470 3198 2741 3268 audiret

193 3287 671 3365 obtrectantes,
728 3288 1051 3356 severiter
1085 3287 1242 3357 illos
1275 3287 1655 3377 castigavit.
1698 3285 1941 3354 Mentis
1972 3298 2038 3354 et
2070 3287 2379 3376 corporis
2411 3287 2564 3376 ejus
2597 3301 2732 3356 tam

192 3374 322 3443 fuit
372 3396 523 3443 rara
565 3375 922 3463 integritas
969 3388 1034 3445 et
1084 3375 1462 3445 mundities
1493 3430 1508 3455 ,
1556 3386 1629 3442 ut
1669 3373 2006 3443 Robertus
2058 3376 2572 3446 Cantuariensis
2619 3382 2735 3445 Ar-

192 3463 701 3552 chiepiscopuS,
754 3463 997 3532 deinde
1048 3464 1441 3534 Portuensis
1474 3464 1856 3565 Episcopus
1895 3463 2301 3544 Cardinalis‚
2336 3464 2614 3554 publice
2655 3466 2740 3533 de

194 3574 272 3621 eo
296 3552 591 3621 Oxoniae
617 3552 905 3621 dixerit:
945 3557 1045 3622 Ita
1078 3575 1182 3621 me
1219 3558 1395 3621 Deus
1425 3552 1728 3639 adjuvet,
1760 3550 2347 3640 quemadmodum
2384 3552 2495 3622 hic
2529 3553 2735 3621 homo

196 3640 294 3709 sic
343 3639 650 3708 mundus
697 3653 800 3708 est
847 3640 1073 3722 hodie,
1111 3640 1294 3729 quod
1345 3640 1431 3709 ad
1481 3641 1791 3731 corporis
1840 3652 1906 3709 et
1952 3640 2169 3710 animi
2217 3641 2601 3711 castitatem
2631 3653 2735 3711 at-

196 3729 383 3809 tinet,
437 3729 536 3797 uti
585 3750 664 3798 eo
710 3729 845 3810 die,
898 3751 1037 3817 quo
1086 3744 1289 3799 natus
1336 3740 1458 3799 est.
1515 3728 1709 3813 Quod
1760 3729 1816 3798 si
1867 3741 2153 3817 quaerat
2200 3728 2492 3816 aliquis,
2546 3729 2733 3800 unde

194 3817 261 3886 id
311 3838 436 3917 ego
486 3818 726 3917 sciam,
781 3817 992 3887 fateor
1030 3839 1268 3918 ‘coram
1313 3822 1479 3918 Deo,
1521 3831 1654 3887 tam
1694 3831 1871 3918 pure
1910 3830 1976 3888 et
2009 3830 2241 3919 aperte
2277 3839 2384 3887 me
2426 3818 2599 3888 illud
2636 3819 2731 3888 le-

198 3928 350 3996 gere
398 3928 465 3973 in
521 3919 654 3974 vita
703 3919 768 3975 et
813 3919 1233 3976 conscientia
1267 3928 1441 3995 ejus,
1481 3921 1710 3993 utqui
1757 3929 1797 3976 a
1829 3920 2140 3997 «pueritia
2173 3928 2395 3993 usque
2429 3908 2497 3975 in
2523 3929 2732 3996 prae-

197 4016 370 4075 sens,
424 3994 887 4064 confessiones
934 3995 1086 4085 ejus
1133 3994 1498 4078 audierim,
1550 4017 1760 4083 quam
1814 4007 2042 4085 posset
2086 3995 2453 4082 quisquam
2507 3995 2732 4086 legere

196 4084 263 4151 in
308 4083 541 4152 codice
589 4083 845 4172 optime
894 4084 1192 4173 script0‚
1246 4092 1310 4154 et
1356 4106 1585 4154 coram
1652 4084 1804 4172 ipso
1863 4105 2185 4173 expanso.
2242 4088 2451 4172 Spero
2499 4098 2727 4153 autem

199 4184 698 4261 praepotentem
758 4176 989 4253 Deum,
1022 4173 1141 4258 qui
1183 4173 1514 4246 hactenus
1552 4195 1710 4242 eum
1763 4173 1833 4240 in
1885 4173 2014 4240 hac
2066 4172 2358 4261 puritate
2406 4173 2720 4254 servavit,

198 4260 389 4329 etiam
442 4261 768 4350 deinceps
818 4273 1147 4350 perpetuo
1197 4276 1654 4333 servaturum.

281 4351 314 4435 ξ
358 4354 444 4420 5.
499 4353 758 4440 Corpus
791 4371 995 4418 suum
1048 4349 1301 4440 vigiliis
1348 4365 1413 4421 et
1447 4349 1740 4439 jejuniis
1789 4349 2179 4429 maceravit,
2222 4370 2464 4438 aspero
2494 4349 2720 4418 cilicio

194 4437 548 4525 permultis
596 4438 799 4509 annis
855 4439 1184 4511 secretius
1242 4462 1414 4511 usus
1473 4453 1597 4510 est.
1663 4441 1831 4507 Cum
1887 4449 2119 4509 autem
2167 4436 2721 4509 Heresfordensis
