3347 4999
723 343 851 407 500
1511 359 1589 405 ne
1637 360 1695 405 s.
1745 358 2037 407 nanwtea
2084 355 2273 406 ηοω
2847 341 3021 407 OCT.
3083 344 3164 408 Π

635 445 768 514 sibi
806 443 1157 524 inferebat,
1220 444 1423 512 etiam
1472 443 1810 530 quasdam
1869 442 2243 514 familiares
2320 443 2612 514 feminas
2663 445 3026 532 permovit,
3085 458 3165 515 ut

635 534 857 622 ipsam
915 533 1153 602 crebro
1202 552 1421 619 usque
1480 530 1564 600 ad
1623 533 1985 624 sanguinis
2031 533 2432 602 effusionem
2495 533 2942 623 flagellarent,
2996 555 3164 620 que·

636 620 1086 690 madmodum
1139 633 1367 710 postea
1417 619 1575 690 illae
1634 643 1794 691 cum
1844 621 2168 711 lacrymis
2215 621 2615 691 retulerunt.
2670 627 2922 711 Rogata
2971 622 3163 691 enim

634 710 1009 798 aliquando
1076 709 1359 779 domina
1422 710 1795 779 Demundis
1830 765 1845 791 ,
1896 732 2023 780 cur
2068 709 2297 791 fleret,
2371 709 2762 800 respondit:
2827 732 2864 776 «
2916 714 2994 778 Et
3038 712 3164 798 qui

636 798 912 868 tandem
956 800 1211 888 possim
1251 819 1383 868 non
1416 798 1598 878 flere,
1623 799 1900 886 quando
1926 821 2133 888 cogor
2162 799 2505 868 bominem
2537 797 2908 890 flagellare,
2941 798 3160 870 donec

634 900 956 976 erumpat
1004 888 1314 978 sanguis,
1368 887 1435 955 in
1485 909 1623 974 qua
1678 908 1811 957 non
1870 888 2000 956 nisi
2047 909 2205 957 ossa
2251 899 2436 969 sunt,
2489 887 2682 956 arida
2729 900 2884 957 cute
2929 901 3164 957 conte-

633 979 857 1046 cta?»
909 976 1180 1045 Dicebat
1227 975 1353 1044 hoc
1410 976 1646 1062 utique
1694 975 1778 1044 de
1825 977 2019 1046 beata
2078 975 2306 1046 Hedwi
2357 998 2394 1045 e
2466 974 2747 1045 domina
2812 997 2976 1057 sua,
3045 979 3160 1046 cui

638 1085 911 1154 semper
956 1063 1494 1133 familiarissima
1525 1064 1676 1144 suit,
1715 1086 2026 1153 eamque,
2065 1065 2179 1133 illa
2223 1066 2302 1153 ju
2356 1077 2531 1145 ente,
2569 1064 2857 1156 flagellis
2888 1064 3158 1146 cecidit,

635 1153 845 1240 idque
894 1153 1260 1243 praecipue
1306 1153 1374 1220 in
1417 1153 1978 1242 Quadragesima,
2031 1154 2100 1222 in
2132 1159 2533 1223 Sanctorum
2586 1152 2874 1244 Vigiliis,
2914 1153 3161 1224 diebus

637 1244 946 1323 Quatuor
991 1246 1449 1331 Temporum,
1501 1253 1566 1309 et
1628 1242 1834 1311 sextis
1908 1242 2098 1311 feriis
2162 1242 2249 1313 ob
2319 1242 2714 1312 memoriam
2768 1242 3165 1312 Dominicae

635 1330 1003 1399 Passionis.
1062 1334 1262 1400 Soror
1332 1350 1604 1416 quoque
1657 1330 1987 1410 Victoria,
2041 1329 2362 1400 monialis
2417 1331 2944 1410 Trebniciensis,
3017 1344 3163 1402 tum

629 1419 875 1508 jussiS,
916 1432 1056 1487 tum
1159 1418 1430 1487 recibus
1476 1419 1627 1508 eJus
1672 1420 2072 1509 compulsa.
2139 1420 2329 1489 illam
2377 1420 2694 1489 eumdem
2753 1420 2823 1488 in
2876 1421 3162 1489 modum

640 1507 1043 1596 saepissime
1133 1506 1471 1597 agellavit,
1511 1507 1611 1576 uti
1660 1520 1812 1595 post
1856 1509 2351 1578 examinatores
2398 1508 2484 1578 ab
2532 1508 2685 1595 ejus
2738 1529 2856 1578 ore
2903 1507 3163 1576 didice-

635 1607 821 1664 runt.
862 1601 961 1665 Ita
1010 1597 1339 1665 nimirum
1389 1594 1700 1665 coelestis
1748 1596 1913 1666 haec
1960 1596 2196 1667 colona
2225 1653 2240 1678 ,
2307 1610 2531 1667 mente
2577 1598 2646 1665 in
2704 1596 2915 1667 coelis
2963 1597 3163 1666 habi-

635 1698 814 1763 tans,
858 1684 1133 1754 cultura
1180 1684 1472 1773 spiritali
1518 1684 1748 1753 carnis
1801 1686 2090 1755 humum
2141 1685 2444 1773 quotidie
2498 1685 2710 1775 virgis
2764 1686 3158 1776 proscinde·

634 1772 776 1853 bat,
823 1773 1250 1842 solemnibus
1297 1772 1653 1842 dumtaxat
1685 1773 1930 1843 diebus
1975 1775 2292 1865 exceptis.
2326 1773 2450 1844 Sed
2500 1794 2718 1862 neque
2749 1775 2973 1845 morbi
3011 1795 3155 1843 eam

635 1873 1064 1942 revocarunt,
1105 1882 1242 1949 quo
1292 1861 1526 1929 minus
1556 1861 1759 1930 etiam
1804 1862 1982 1932 male
2007 1862 2241 1932 valens
2273 1885 2345 1933 se
2391 1863 2602 1953 virgis
2630 1862 2823 1932 caedi
2862 1862 3147 1951 juberet.

636 1954 716 2018 Et
766 1950 1111 2019 nitebatur
1156 1949 1276 2019 illa
1300 1950 1581 2037 quidem
1625 1950 2022 2039 hujusmodi
2059 1951 2271 2022 duras
2316 1951 2622 2041 corporis
2652 1952 3153 2041 castigationes,

633 2059 810 2125 quas
856 2039 945 2108 ab
983 2038 1138 2109 aliis
1186 2038 1362 2107 clam
1399 2038 1530 2108 sibi
1580 2038 1843 2110 volebat
1891 2039 2225 2121 adhiberi,
2264 2040 2564 2127 reliquos
2609 2040 2883 2127 penitus
2916 2040 3157 2119 celare,

642 2127 759 2195 sed
806 2139 1028 2196 tamen
1082 2127 1149 2196 id
1200 2127 1503 2196 obtinere
1537 2126 1685 2197 'non
1723 2129 1980 2220 potuit,
2020 2129 2417 2217 praesertim
2465 2127 2647 2216 quod
2698 2149 2892 2198 acres
2938 2129 3166 2218 virga-

642 2236 794 2282 rum
838 2214 937 2284 vel
990 2215 1416 2305 flagellorum
1461 2217 1663 2299 ictus,
1726 2217 1958 2307 pedise
2010 2239 2251 2287 uarum
2303 2218 2477 2306 ejus,
2529 2216 2695 2286 foris
2744 2217 3161 2306 praestolan-

639 2304 842 2382 tium,
883 2325 1083 2373 aures
1130 2302 1429 2374 ferirent.
1489 2309 1723 2392 Itaque
1786 2326 1908 2374 nec
1995 2326 2144 2375 ores
2191 2305 2553 2407 diligenter
2611 2305 2986 2385 obseratae,
3046 2326 3164 2374 nec

636 2391 955 2460 custodes
1001 2413 1177 2479 quae
1225 2391 1650 2474 sufficerent,
1704 2392 1842 2462 illis
1889 2395 2262 2485 appositae,
2320 2393 2384 2462 id
2435 2392 2700 2463 efficere
2764 2406 3161 2484 potuerunt,

636 2490 713 2548 ut
760 2478 843 2549 ad
886 2481 1244 2551 hominum
1298 2483 1606 2551 notitiam
1659 2503 1794 2551 non
1860 2483 2307 2571 pervenirent.
2363 2482 2487 2552 Sed
2537 2483 2698 2570 quia
2806 2483 3002 2553 aucis
3058 2505 3169 2553 ex-

637 2567 881 2657 plicari
923 2592 1055 2640 non
1106 2581 1346 2660 potest,
1411 2571 1990 2657 quemadmodum
2043 2572 2211 2642 haec
2267 2572 2513 2643 Christi
2562 2571 2749 2642 famu
2781 2594 2821 2641 a
2879 2593 3163 2642 carnem

638 2679 838 2727 suam
871 2659 1297 2729 continenter
1343 2660 1757 2729 crucifixerit
1789 2683 1946 2729 cum
1992 2661 2172 2730 vitiis
2205 2673 2270 2730 et
2299 2661 2907 2750 concupiscentiiS,
2953 2661 3165 2729 verba

635 2745 958 2817 dominae
1004 2754 1232 2817 Annae
1282 2770 1500 2818 nurus
1545 2749 1719 2836 ejuS,
1780 2761 1987 2837 caput
2032 2749 2160 2818 hoc
2227 2749 2312 2819 de
2358 2749 2720 2839 asperitate
2778 2750 2959 2819 vitae
3014 2750 3169 2839 ejus

636 2835 1027 2906 absolvent:
1063 2858 1142 2905 ea
1172 2837 1353 2905 enim
1400 2836 1626 2905 dicere
1678 2836 1971 2906 solebat:
2029 2859 2064 2901 «
2100 2839 2278 2908 Vitas
2329 2837 2701 2907 multorum
2755 2842 3165 2908 Sanctorum

636 2925 946 3014 cognitas
988 2925 1243 2994 habeo:
1310 2924 1423 2994 sed
1478 2946 1831 3012 nunquam
1882 2925 2250 3082 guicquam
2295 2927 2364 2994 in
2401 2926 2541 2995 illis
2589 2939 2726 2995 tam
2776 2926 3033 2996 durum
3099 2938 3168 2995 et

634 3034 957 3103 asperum
995 3014 1230 3094 didici,
1268 3013 1449 3101 quod
1487 3035 1620 3083 non
1672 3014 1741 3081 in
1785 3018 1880 3082 He
1932 3014 2100 3103 wige
2158 3027 2276 3084 aut
2325 3014 2568 3104 majuS,
2615 3026 2734 3084 aut
2788 3015 3156 3085 consimile

636 3122 1123 3192 perspexerim.
1158 3125 1193 3168 »

724 3193 759 3276 ξ
811 3195 967 3262 ²8.
1023 3192 1287 3260 Sciebat
1320 3191 1435 3260 illa
1470 3191 1696 3260 amica
1738 3191 1873 3271 Dei,
1913 3191 2288 3274 hominem,
2326 3191 2540 3261 donec
2593 3193 2659 3260 in
2708 3214 2990 3283 corpore
3029 3205 3160 3272 est,

684 3279 1058 3368 eregrinari
1098 3301 1139 3348 a
1195 3280 1499 3351 Domino.
1553 3285 1644 3349 Ne
1694 3280 1903 3371 igitur
1934 3280 2003 3349 in
2039 3281 2166 3350 hoc
2214 3280 2451 3349 exsilio
2497 3293 2673 3351 esset
2719 3281 2869 3351 sine
2921 3302 3173 3351 conso-

665 3367 887 3435 atione
935 3367 1213 3446 divina,
1267 3369 1513 3458 spiritu
1572 3381 1636 3439 et
1701 3369 1934 3439 animo
2003 3390 2272 3460 semper
2318 3369 2695 3439 conabatur
2755 3392 2827 3439 se
2879 3370 3169 3440 Domino

633 3454 953 3524 exhibere
1002 3469 1449 3544 praesentem,
1502 3472 1567 3526 et
1611 3458 1865 3539 dilecti,
1923 3458 2116 3528 miris
2163 3458 2386 3528 modis
2418 3458 2964 3539 consolantiS,-et
2999 3479 3169 3528 con-

637 3542 1215 3626 solari'scientiS‚
1276 3546 1729 3628 praesentiam
1781 3558 1917 3615 toto
1979 3559 2246 3636 pectore
2294 3547 2717 3635 suspirabat,
2770 3560 2848 3616 ut
2894 3547 3171 3616 arcanis

633 3631 786 3720 ejus
816 3632 1153 3702 frueretur
1183 3632 1567 3719 colloquiis,
1602 3636 1856 3705 amoris
1882 3636 2302 3725 experiretur
2338 3635 2801 3716 dulcedinem,
2840 3635 3171 3705 salutaris

634 3722 897 3811 gratiae
945 3722 1278 3810 potiretur
1321 3722 1587 3803 effectu,
1640 3736 1706 3792 et
1757 3722 1985 3794 cordis
2033 3725 2260 3814 palato
2315 3725 2762 3796 admirandae
2807 3725 3171 3795 suavitatis

631 3809 788 3897 ejus
835 3822 1114 3901 gustum
1166 3811 1491 3880 hauriret.
1544 3811 1618 3880 Id
1655 3833 1834 3893 vero,
1880 3825 1955 3882 ut
1993 3826 2057 3882 et
2097 3815 2424 3883 secretius
2473 3827 2537 3882 et
2574 3814 2874 3901 quietius
2921 3812 3119 3881 fieret
3149 3866 3166 3892 ‚

628 3899 1023 3987 certiusque
1070 3900 1201 3990 ipsi
1251 3901 1714 3989 contingeret,
1770 3916 2156 3991 temporum
2206 3915 2270 3971 et
2316 3902 2621 3971 locorum
2687 3901 3001 3990 captabat
3044 3922 3175 3991 op-

632 3988 1145 4075 portunitatem,
1199 3988 1663 4076 dilectumque
1714 4012 1920 4059 suum
1971 3990 2366 4078 inquirendi
2415 3991 2718 4060 diversos
2758 3991 2889 4060 sibi
2923 3989 3173 4060 modos

633 4077 1055 4146 instituebat.
1108 4082 1182 4145 Et
1219 4078 1384 4164 quia
1409 4077 1552 4166 jam
1596 4082 1778 4148 certa
1812 4079 2227 4169 experientia
2265 4078 2618 4160 didicerat,
2657 4091 2860 4149 omne
2894 4093 3175 4169 tempus

630 4178 870 4250 aptum
922 4187 1069 4234 esse
1117 4179 1182 4234 et
1229 4167 1751 4237 accommodum
1801 4169 1883 4237 ad
1933 4189 2091 4237 eum
2152 4168 2734 4258 perquirendum,
2788 4170 3175 4255 crebroque

632 4251 832 4320 illum
876 4276 1200 4342 apparere
1249 4255 1744 4345 vigilantibus,
1797 4269 1862 4325 et
1908 4256 2137 4345 ipsum
2190 4257 2679 4344 quaerentibus
2743 4258 3041 4347 priorem
3098 4277 3174 4327 se

629 4341 886 4430 cupide
935 4343 1310 4426 ostendere,
1367 4343 1647 4432 prolixe,
1691 4344 2121 4425 utdiximus,
2176 4346 2459 4436 vigilare
2490 4345 2767 4427 solebat,
2827 4345 3176 4414 meditan-

629 4427 857 4517 doque
904 4444 966 4501 et
1014 4432 1272 4502 orando
1334 4435 1662 4522 perpetim
1733 4433 2119 4515 circuibat,
2185 4457 2520 4522 quaerens
2575 4456 2774 4523 quem
2835 4433 3178 4524 diligebat
