3347 4999
711 354 839 418 700
1241 371 1320 418 nn
1363 371 1456 418 ss.
1510 367 1922 418 cunvsanrno
1969 369 2044 415 nr
2091 369 2284 415 mma
2329 368 2521 414 nar.
2858 347 3036 414 OCT.
3091 349 3178 413 25

616 456 894 546 energia
944 453 1285 525 turbatam
1320 508 1335 535 ,
1389 453 1474 524 ad
1527 454 1982 544 integritatem
2039 451 2532 543 intelligentiae
2581 451 2951 540 reparavit.
3006 453 3173 520 Om-

620 544 827 614 nibus
856 565 1033 624 ver0,
1064 564 1542 630 quoscumque
1575 565 1695 633 per
1724 565 1882 612 eum
1933 564 1970 611 a
2005 541 2295 610 diversis
2334 539 2862 610 infirmitatibus
2891 538 3174 608 dextera

617 633 853 703 divina
887 632 1194 712 salvavit,
1226 631 1283 701 si
1320 633 1561 723 inopes
1600 631 1914 708 fuissent,
1956 631 2102 718 ipse
2134 629 2368 699 cibum
2402 629 2860 716 vestitumque
2886 627 3175 718 dispen-

618 722 882 792 satione
929 721 1135 790 hilari
1181 721 1594 813 porrigebat.
1649 726 1997 806 Tantaque
2044 719 2105 789 ei
2153 740 2321 789 cura
2355 717 2441 787 de
2487 718 2851 809 egentibus
2884 715 3047 797 fuit,
3102 727 3177 785 ut

620 812 824 880 etiam
863 824 1104 901 pontes
1151 832 1363 900 super
1394 810 1622 881 alveos
1662 809 1974 878 amnium
2027 807 2396 898 diligenter
2441 806 2835 887 instrueret,
2882 827 2973 875 ne
3018 805 3184 893 quis

623 899 1132 970 inundantibus
1180 900 1381 987 aquis
1433 899 1676 969 naufra
1730 898 1795 967 ia
1843 918 2041 967 saeva
2079 896 2366 987 lugeret.

705 991 859 1076 §st
894 988 1017 1058 His
1049 1010 1211 1078 ergo
1247 988 1616 1058 virtutibus
1646 1013 1682 1057 c
1717 1009 1878 1056 arus
1920 987 1985 1054 in
2028 985 2301 1076 populis
2342 983 2755 1066 declaratus,
2793 992 2955 1053 cum
2991 997 3173 1053 esset

623 1099 966 1147 annorum
1006 1077 1278 1146 circiter
1298 1076 1783 1177 quadraginta,
1816 1074 2084 1145 modica
2120 1073 2437 1166 pulsatus
2468 1073 2674 1152 febre,
2708 1095 2830 1164 per
2862 1072 3176 1142 triduum

620 1165 869 1236 lectulo
924 1164 1309 1236 decubavit.
1367 1170 1780 1236 Nunctatum
1837 1187 1924 1234 ue
1970 1177 2071 1233 est
2128 1163 2341 1243 mihi,
2404 1184 2564 1233 cum
2617 1163 2956 1232 transitus
2995 1175 3177 1230 esset

625 1256 1082 1345 propinquus.
1133 1258 1211 1323 At
1256 1275 1382 1346 ego
1429 1253 1732 1323 velocius
1780 1253 1946 1322 iluc
2008 1274 2431 1343 properans,
2494 1251 2581 1321 ad
2640 1249 2971 1321 lectulum
3023 1250 3177 1319 e'us

619 1344 905 1423 accessi,
944 1344 1058 1413 sed
1092 1343 1265 1412 nihil
1297 1347 1384 1415 ab
1423 1365 1501 1413 eo
1526 1341 2004 1413 collocutionis
2029 1341 2273 1410 elicere
2312 1341 2542 1430 potui:
2578 1355 2723 1409 erat
2750 1341 2938 1408 enim
2979 1272 3174 1407 valde

621 1432 867 1504 fessus.
912 1432 1164 1502 Dehinc
1193 1432 1594 1523 interposito
1625 1431 1826 1518 quasi
1864 1430 2073 1500 unius
2100 1430 2304 1499 horae
2338 1429 2581 1518 spatio,
2613 1429 2938 1518 spiritum
2972 1427 3174 1497 exha-

623 1522 811 1591 lavit.
873 1525 1292 1612 congregata
1340 1533 1441 1590 est
1485 1533 1716 1590 autern
1775 1518 1857 1588 ad
1917 1519 2065 1604 ejus
2104 1519 2426 1605 exequias
2477 1517 2849 1587 multitudo
2900 1515 3023 1586 illa
3072 1538 3174 1585 re-

621 1613 1088 1700 demptorum,
1141 1631 1315 1697 quos
1364 1632 1576 1699 supra
1606 1608 1910 1678 diximus
1942 1608 2027 1677 ab
2059 1629 2137 1677 eo
2173 1611 2273 1676 vel
2316 1629 2354 1675 a
2385 1606 2462 1694 ju
2514 1629 2554 1676 o
2588 1605 2965 1688 servituti5‚
3002 1604 3105 1674 vel
3135 1627 3174 1673 a

620 1701 912 1770 diversis
942 1698 1194 1769 debitis
1231 1698 1604 1778 absolutoS,
1645 1717 1959 1783 quosque
1990 1696 2087 1765 vel
2132 1696 2357 1774 alebat
2403 1695 2465 1764 ci
2520 1718 2582 1776 o,
2628 1695 2729 1764 vel
2774 1695 3028 1764 vestitu
3077 1706 3174 1763 te-

621 1789 843 1879 gebat.
897 1787 1326 1879 Plangebant
1362 1787 1572 1867 enim,
1625 1785 1973 1855 dicentes:
2029 1808 2065 1851 «
2096 1786 2214 1855 Cui
2253 1806 2400 1865 nOS,
2441 1789 2635 1853 Pater
2667 1797 2936 1861 sancte,
2970 1783 3176 1852 relin-

621 1878 829 1963 quis?
869 1900 904 1944 »
955 1881 1110 1946 Post
1150 1877 1316 1947 haec
1366 1876 1763 1966 sepulturae
1811 1875 2099 1952 locatus,
2157 1875 2436 1964 saepius
2480 1896 2550 1944 se
2603 1872 2991 1943 manifestis
3043 1873 3174 1940 vir·

624 1966 883 2036 tutibus
917 1965 1311 2036 declaravit.
1366 1971 1530 2036 Nam
1584 1964 1937 2054 trigesimo
1986 1964 2073 2032 ab
2111 1963 2263 2052 ejus
2296 1964 2488 2032 obitu
2522 1961 2657 2043 die,
2702 1985 2861 2032 cum
2898 1961 2990 2030 ad
3026 1962 3178 2050 ejus

624 2054 968 2124 tumulum
1025 2055 1229 2124 Missa
1290 2054 1793 2133 celebraretur,
1848 2050 2327 2141 Chaidulpltus
2372 2050 2659 2139 quidam
2724 2063 3171 2124 contractus·

620 2144 785 2212 dum
839 2144 1082 2232 stipem
1143 2143 1462 2232 postulat,
1527 2142 1612 2211 ad
1667 2144 1819 2233 eJus
1853 2140 2281 2230 sepulturam
2320 2140 2618 2210 accedit:
2660 2140 2778 2227 qui
2820 2138 2993 2208 dum
3031 2138 3178 2229 pal-

625 2232 757 2300 lam
798 2231 833 2265 *
880 2232 1384 2322 superpositam
1427 2231 1685 2301 osculis
1736 2244 2117 2310 veneratur,
2173 2229 2531 2298 dissolutis
2566 2228 3041 2298 membrorum
3098 2227 3176 2296 li·

622 2321 910 2409 gaturiS,
963 2320 1264 2392 directus
1303 2331 1425 2390 est.
1480 2320 1685 2390 Multa
1729 2332 1955 2389 autem
2003 2318 2096 2387 ibi
2155 2332 2343 2409 gesta
2385 2318 2715 2407 comperi,
2780 2316 2867 2386 de
2914 2317 3178 2405 quibus

626 2409 792 2479 haec
827 2420 1093 2479 tantum
1133 2409 1506 2479 memoriae
1543 2408 1861 2478 habenda
1895 2407 2144 2476 notavi.

896 2723 1509 2826 SANCTORUM
1582 2721 2235 2824 CHRYSANTHl
2321 2721 2440 2821 ET
2510 2721 2901 2821 DARlAE

1705 2944 2090 3010 HISTORIA

1345 3124 1603 3173 SCRIPTA
1648 3126 1692 3171 A
1738 3123 1973 3172 vAtuNo
2020 3124 2097 3170 rt·
2144 3121 2450 3169 Antinum.

625 3268 911 3315 RABETUR
938 3268 1004 3316 IN
1028 3268 1516 3315 uRTAPuRASTss:
1555 3265 2116 3325 CONSEN‘rtUNTQtJE
2155 3266 2417 3324 ANTIQUI
2456 3265 2597 3312 MSS.
2632 3262 2896 3312 CODICES
2946 3264 3176 3311 LA‘ruu.

872 3453 1174 3523 Max-tyrii
1214 3456 1454 3515 laurea.
1494 3457 1733 3513 donati
1774 3472 1974 3524 anno,
2003 3461 2085 3513 ut
2123 3458 2414 3523 videtur,
2460 3458 2601 3521 283,
2644 3455 2923 3510 Romae.

708 3653 745 3738 ἓ
793 3656 869 3723 1.
908 3651 1016 3721 Ad
1066 3651 1642 3732 aedificationem,
1679 3652 2188 3738 utilitatemque
2237 3663 2543 3720 nostram
2582 3653 2719 3719 Deo
2769 3647 3062 3738 placuit,
3103 3659 3182 3716 ut

621 3754 1029 3831 martyrum,
1063 3741 1185 3827 qui
1213 3742 1691 3832 superioribus
1723 3740 2147 3830 temporibus
2172 3740 2559 3809 extiterunt.
2593 3738 2981 3808 certamina
3017 3736 3185 3806 litte·

621 3852 852 3899 rarum
885 3831 1351 3900 monumentis
1383 3830 1981 3921 consignarentur,
2017 3850 2151 3899 non
2183 3841 2256 3898 ut
2293 3826 3181 3912 mortaliumjaudibuseos

618 3919 924 3999 satiaret,
990 3940 1165 4006 quos
1226 3918 1537 3989 convivio
1585 3918 1833 4008 dignos
1895 3917 2052 4007 feeit
2105 3920 2568 4006 sempiterno;
2621 3916 2740 3986 sed
2794 3928 2873 3985 ut
2935 3934 3178 3984 eorum

615 4006 927 4097 exemplo
974 4030 1099 4077 nos
1137 4020 1627 4085 commoneret,
1680 4019 1758 4076 ut
1797 4006 2087 4094 hujusce
2129 4007 2304 4075 vitae
2355 4005 2735 4093 voluptates
2767 4022 3186 4092 aspernare·

621 4117 797 4171 mur,
838 4108 903 4165 et
933 4096 1193 4187 gloriae
1227 4109 1593 4187 perpetuae
1623 4095 1843 4185 gratia
1870 4095 2106 4164 breves
2136 4095 2452 4164 miserias
2483 4115 2701 4182 aequo
2736 4093 2974 4161 animo
3115 4114 3185 4160 r-

616 4183 976 4255 ferremus.
1033 4187 1273 4255 Omnis
1319 4186 1504 4254 enim
1557 4183 1865 4272 corporis
1896 4183 2118 4264 dolor,
2160 4185 2218 4254 si
2255 4183 2422 4253 levis
2468 4195 2592 4263 est,
2637 4180 2838 4251 facile
2888 4202 3014 4271 per
3042 4178 3186 4250 erri

619 4284 869 4362 potest:
927 4275 1031 4345 sin
1074 4276 1323 4365 gravis,
1360 4272 1649 4343 celerem
1681 4272 1889 4343 finem
1931 4272 2158 4343 babet.
2194 4272 2652 4355 Quamobrem
2708 4268 3185 4361 negligendus

670 4433 695 4460 ²⁸
722 4434 792 4474 De
818 4432 949 4484 poll·
976 4436 1053 4475 vel
1083 4436 1242 4483 panto.
1273 4435 1401 4484 quod
1434 4436 1548 4476 olim
1584 4436 1815 4485 sepulcris
1852 4436 2195 4483 imponebatur.
2228 4433 2343 4473 boec
2379 4434 2536 4474 habet
2576 4429 2932 4473 eruditissimus
2949 4429 3186 4473 Ruina-t:

614 4487 636 4507 ⁸
659 4488 784 4529 Haec
806 4489 993 4529 videtur
1011 4489 1159 4528 fuisse
1183 4491 1453 4529 sanent-tta
1476 4494 1600 4533 nott.
1622 4490 1660 4528 si
1682 4490 1758 4528 cni
1778 4489 1962 4532 tumulo
1985 4485 2182 4537 panium
2204 4488 2546 4536 {inponet-etur.
2567 4516 2590 4536 ,
