3347 4999
717 320 797 385 54
1536 336 1614 381 m:
1662 335 1719 381 s.
1772 335 2015 382 amomi
2063 333 2245 382 com-u
2886 313 3065 379 OCT.
3133 314 3158 377 l

626 429 1150 507 praeparatum,
1206 415 1591 506 ingreditur
1638 427 1824 484 tanta
1873 436 2029 484 cum
2082 414 2509 503 jucunditate
2541 468 2556 495 ,
2609 412 2794 482 velut
2840 413 2900 481 si
2947 412 3171 481 totius

624 506 812 576 orbis
844 505 1129 574 delicias
1161 519 1453 593 angusto
1481 525 1713 573 secum
1749 503 2110 574 clausisset
2144 504 2213 572 in
2251 503 2528 592 pariete.
2569 508 2692 572 Per
2724 501 2985 588 aliquot
3010 501 3172 570 dies

623 594 961 675 occultus,
1000 593 1206 662 latere
1257 615 1388 662 non
1443 594 1686 681 potuit.
1740 605 1996 662 etcum
2033 614 2073 660 a
2122 592 2378 681 populo
2425 592 2995 678 frequentaretur,
3049 590 3171 658 in-

625 683 889 752 felicem
940 703 1086 751 esse
1135 704 1207 750 se
1240 681 1591 769 judicanS,
1630 695 1968 749 nocturno
2018 680 2288 750 silentio
2322 682 2571 750 iterum
2623 680 2769 749 loco
2802 679 3005 749 cedit.
3046 683 3171 747 Est

623 793 842 859 usque
883 771 1084 840 hodie
1115 771 1402 840 eandem
1458 770 1672 839 mirae
1725 769 2226 858 magnitudinis
2274 769 2504 859 fagum
2559 769 2808 847 videre,
2862 788 3038 855 quae
3091 768 3165 835 in

624 875 968 929 aeternam
1024 859 1236 949 hujus
1285 859 1502 927 sancti
1552 859 1668 927 Dei
1719 858 2123 927 memoriam
2174 858 2403 927 adhuc
2436 858 2737 928 continet
2772 858 2835 926 in
2874 879 2943 926 se
2977 856 3171 924 anti-

621 971 835 1035 quum
896 948 1111 1017 altare
1145 1003 1160 1030 ,
1222 948 1343 1018 ubi
1398 961 1461 1017 et
1523 947 1876 1038 presbyter
1929 947 2288 1035 parochiae
2357 946 2744 1034 frequenter
2790 945 3167 1014 ecclesiam

621 1040 875 1118 evocat,
912 1051 977 1105 et
1025 1037 1517 1105 communicat.
1551 1042 1682 1105 Nec
1720 1036 1988 1106 desistit
2019 1037 2224 1105 arbor
2255 1049 2491 1105 contra
2535 1057 2817 1114 morem,
2861 1048 2995 1104 tam
3033 1055 3167 1101 an-

621 1149 811 1205 nosa,
866 1125 1096 1194 adhuc
1145 1125 1387 1194 florere
1427 1138 1489 1193 et
1538 1125 1947 1213 germinare,
2004 1124 2071 1193 in
2122 1147 2258 1211 qua
2310 1125 2527 1194 latuit.
2563 1129 2865 1206 Quorum
2901 1123 3161 1192 florum

620 1215 1029 1283 amoenitate
1062 1212 1417 1293 delectata,
1452 1214 1518 1282 in
1553 1213 2011 1303 Epithalamio
2040 1235 2167 1283 suo
2200 1213 2506 1301 loquitur
2539 1226 2776 1284 sancta
2810 1211 3163 1281 Ecclesia:

623 1304 886 1372 Fulcite
927 1324 1036 1371 me
1084 1302 1456 1371 ssoribuS...

706 1395 742 1479 ξ
793 1397 923 1464 u.
978 1390 1197 1479 Igitur
1229 1390 1388 1459 inde
1421 1390 1799 1480 digressuS,
1845 1391 2048 1492 longa
2088 1412 2331 1460 rursus
2382 1411 2501 1480 per
2533 1389 2895 1478 dispendia
2944 1389 3167 1458 aliam

620 1480 908 1567 requirit
953 1501 1259 1548 eremum
1312 1480 1565 1548 athleta
1613 1480 1728 1548 Dei
1777 1479 2165 1561 Allowinus,
2232 1478 2692 1568 Medmedung
2752 1479 3066 1558 nornine,
3129 1501 3170 1547 a

621 1591 746 1638 sua
794 1567 1030 1637 Ganda
1077 1567 1443 1638 distantem
1484 1568 1781 1637 duorum
1835 1568 2310 1637 tantummodo
2352 1567 2835 1637 milliariorum
2885 1567 3165 1636 itinere.

619 1662 834 1726 Locus
857 1657 923 1725 in
959 1657 1451 1728 densissimum
1479 1679 1724 1726 nemus
1754 1656 2146 1735 silvescens,
2180 1669 2365 1727 vasta
2395 1670 2458 1725 et
2490 1678 2661 1746 pene
2688 1654 3168 1726 inaccessibili

619 1745 871 1902 palude
919 1745 1282 1826 distentuS‚
1322 1768 1684 1836 pomorum
1735 1768 2008 1833 quoque
2056 1767 2233 1833 quae
2271 1746 2493 1836 gignit
2524 1745 2764 1826 saltus,
2799 1757 2864 1814 et
2898 1765 3172 1813 nucum

644 1856 827 1915 erax,
883 1848 1227 1926 praeterea
1275 1835 1503 1905 amnis
1539 1834 1673 1904 leni
1710 1857 2070 1905 murmure
2147 1836 2614 1907 racterssuens.
2649 1834 2847 1903 facile
2886 1834 3170 1903 habita-

619 1925 871 1992 tionem
903 1924 1217 1993 suadent.
1252 1924 1648 2013 Ingreditur
1695 1946 1852 1993 cum
1905 1946 2103 1994 sareu
2137 1946 2197 2004 o,
2245 1924 2537 1992 humum
2574 1923 2798 2003 sarrit,
2832 1921 3170 1992 cellulam

621 2012 1081 2101 permodicam
1125 2013 1351 2101 erigit,
1386 2013 1453 2079 in
1490 2034 1569 2081 ea
1610 2034 1681 2082 se
1707 2014 1907 2099 quasi
1935 2012 2199 2098 sepelit.
2226 2012 2423 2081 Cibos
2452 2012 2667 2081 saltus
2698 2011 3168 2093 ministrabat,

619 2101 849 2170 amnis
877 2113 1137 2190 potum.
1170 2101 1582 2170 Vestimenta
1614 2102 1762 2190 ipse
1801 2101 2137 2171 detulerat
2171 2122 2429 2181 secum,
2469 2123 2713 2190 sagum
2743 2113 2809 2170 et
2846 2099 3171 2168 cilicium

616 2212 793 2277 quae
821 2211 953 2258 non
984 2188 1206 2279 frigus
1231 2204 1563 2271 arcerent,
1589 2191 1702 2260 sed
1729 2191 2108 2260 nuditatem
2143 2190 2602 2279 prohiberent:
2635 2211 2767 2259 non
2797 2188 3173 2258 mollitiem

619 2278 1007 2360 suaderent,
1027 2279 1143 2348 sed
1174 2299 1449 2347 carnem
1479 2278 1863 2349 domarent.
1885 2280 1993 2349 Sic
2021 2278 2455 2366 aliquamdiu
2478 2279 2754 2368 ignotus
2783 2299 2940 2346 curn
2965 2299 3174 2346 man-

620 2368 841 2441 sisset.
896 2367 1283 2454 iterumque
1331 2367 1511 2436 fama
1547 2368 1869 2457 vulgante
1917 2367 2208 2436 ulterius
2241 2389 2438 2457 posse
2489 2367 2694 2435 latere
2740 2366 3170 2456 desperaret,

618 2468 966 2546 comperto
999 2455 1180 2543 quod
1234 2457 1475 2526 beatus
1530 2457 1881 2527 Amandus
1940 2456 2314 2527 monachos
2359 2457 2425 2524 in
2479 2455 2819 2526 Gandensi
2870 2455 3176 2526 ecclesia

619 2544 1108 2625 substituisset,
1161 2557 1228 2614 et
1267 2545 1722 2617 venerabilem
1775 2548 1998 2616 virum
2053 2546 2514 2616 Florebertum
2568 2547 2634 2614 in
2670 2545 2995 2614 Abbatem
3047 2567 3171 2614 or-

617 2633 923 2704 dinasset
966 2634 1160 2723 (nam
1196 2634 1361 2720 quia
1394 2635 1541 2724 ipse
1574 2635 2017 2704 incumbebat
2108 2634 2575 2714 raedicationi‚
2627 2655 2902 2703 necesse
2931 2633 3170 2704 visum

616 2722 748 2792 fuit
792 2723 1229 2803 constituere,
1276 2722 1394 2810 qui
1449 2723 1829 2813 provideret
1865 2723 2053 2792 novel
2090 2746 2167 2793 ae
2214 2724 2441 2792 adhuc
2485 2722 2966 2811 plantationi):
3008 2735 3168 2792 tum

613 2834 773 2882 vero
823 2834 1071 2901 magno
1112 2833 1183 2882 se
1232 2811 1603 2881 aestimans
1650 2813 1848 2899 quasi
1898 2813 2230 2882 donatum
2275 2833 2582 2892 munere,
2620 2811 2705 2880 ad
2743 2811 2972 2881 locum
3005 2831 3174 2898 pro·

617 2900 933 2971 fessionis
962 2923 1128 2970 suae
1175 2900 1412 2970 statuit
1443 2900 1687 2982 redire,
1728 2901 1958 2988 ibique
2005 2902 2126 2987 qui
2167 2914 2543 2990 supererat,
2589 2899 2934 2988 reliquum
2985 2900 3179 2969 vitae

622 3011 905 3059 cursum
947 3011 1366 3078 percurrere.

640 3081 643 3084 ’
704 3081 741 3164 ξ
789 3083 935 3150 12.
993 3083 1328 3148 Reversus
1375 3078 1627 3165 itaque,
1681 3078 1882 3165 quasi
1931 3078 2229 3167 Angelus
2280 3078 2417 3158 Dei,
2466 3090 2542 3147 ut
2578 3099 2732 3147 vere
2778 3089 2946 3156 erat,
2991 3076 3177 3145 reci-

620 3165 844 3255 pitur:
918 3176 1276 3256 receptuS,
1349 3166 1645 3256 hospitio
1707 3167 2097 3235 inducitur:
2172 3167 2500 3236 inductus
2564 3167 2983 3246 honoratur,
3038 3186 3177 3234 nec

620 3253 842 3323 ullum
887 3266 1043 3323 ante
1093 3255 1393 3323 habuere
1439 3255 1775 3344 gaudium
1825 3256 2191 3345 capitalius
2238 3278 2446 3343 quam
2498 3255 2680 3342 quod
2733 3255 2888 3324 talis
2937 3255 3043 3322 vir
3093 3254 3170 3322 in

618 3343 1069 3412 contubernio
1117 3365 1352 3412 eorum
1388 3357 1489 3413 est
1538 3356 1872 3435 receptus.
1930 3345 2186 3413 Dehinc
2233 3345 2558 3414 Abbatem
2617 3345 2684 3411 in
2738 3343 3175 3430 colloquium

492 3445 541 3500 .'
619 3443 876 3511 evocat,
915 3431 1178 3500 reditus
1218 3432 1326 3501 sui
1356 3454 1636 3501 causam
1669 3431 2004 3521 explicat:
2041 3433 2450 3502 familiarem
2489 3432 2621 3501 sibi
2657 3432 2803 3501 fieri
2834 3431 3174 3501 cellulam

619 3520 704 3588 ad
755 3518 1337 3589 commanendum
1378 3521 1541 3610 petit
1587 3535 1650 3590 et
1682 3523 2025 3611 impetrat.
2080 3523 2246 3604 Quis
2285 3523 2467 3591 enim
2509 3543 2642 3590 non
2689 3521 2889 3591 modo
2928 3541 3177 3588 mona-

619 3608 907 3677 chorum
939 3608 1056 3678 sed
1090 3622 1156 3678 et
1188 3607 1628 3687 Clericorum,
1651 3611 1941 3680 Bavonis
1978 3632 2112 3679 non
2142 3611 2562 3680 desideraret
2592 3609 3178 3680 contubernium?

619 3698 781 3765 Viva
819 3720 962 3778 vox,
1021 3719 1269 3766 manus
1300 3697 1627 3778 liberalis,
1661 3699 1894 3769 vultus
1926 3700 2179 3790 graviS,
2214 3700 2571 3769 humilitas
2605 3696 3171 3778 inaestimabilis,

608 3785 1018 3875 jucunditas
1067 3786 1697 3875 irreprehensibilis
1732 3840 1747 3868 ,
1801 3801 1865 3857 et
1915 3789 2146 3859 nescio
2193 3810 2369 3875 quae
2415 3801 2602 3857 extra
2643 3788 2993 3857 hominem
3046 3786 3179 3855 ho-

621 3875 832 3943 minis
882 3875 1239 3955 habitudo,
1293 3875 1817 3945 desiderabilem
1855 3899 2011 3947 eum
2064 3877 2313 3947 fecerat
2350 3879 2539 3947 omni
2591 3877 2760 3946 bene
2792 3875 3043 3944 viventi
3098 3876 3176 3944 in

624 3964 932 4032 Domino,
992 3969 1158 4034 Cum
1213 3979 1440 4033 autem
1484 3966 1625 4035 sive
1673 3987 1753 4034 ex
1804 3967 2104 4036 amicitia
2154 3965 2518 4047 familiari,
2572 3966 2712 4035 sive
2758 3987 2838 4034 ex
2889 3963 3180 4053 regulae

620 4067 981 4208 praecepto
1028 4056 1584 4142 obtemperanter
1613 4053 1855 4124 fratres
1890 4056 2416 4146 accingerentur
2460 4055 2527 4122 in
2572 4052 3002 4123 aedificanda
3031 4053 3179 4122 cel-

650 4141 763 4209 ula
823 4143 946 4210 viri
1002 4143 1159 4216 Dei,
1218 4143 1301 4212 ad
1358 4142 1851 4213 declarandum
1896 4142 2089 4213 electi
2140 4145 2248 4214 sui
2311 4144 2671 4223 meritum,
2728 4143 3180 4233 omnipotens

623 4230 836 4298 virtus
886 4230 1017 4298 tale
1063 4232 1358 4300 ostendit
1400 4232 1840 4301 miraculum.
1898 4233 2095 4303 Laica
2145 4255 2441 4322 persona
2486 4232 2785 4313 ArtinuS,
2840 4231 3178 4301 sabulum

620 4330 684 4386 et
735 4318 998 4409 lapides
1041 4318 1345 4409 plaustro
1375 4320 1744 4400 advehen5‚
1785 4320 2032 4391 latratu
2081 4345 2332 4392 canum
2379 4322 2906 4411 impediebatur.
2962 4325 3180 4389 Cum-

618 4429 752 4494 que
790 4409 1071 4498 gravius
1130 4423 1514 4499 urgeretur,
1568 4425 1633 4480 et
1687 4410 1983 4501 longiori
2037 4433 2227 4481 mora
2278 4424 2663 4493 teneretur,
2725 4430 2840 4478 ore
2895 4408 3180 4500 procaci
