3347 4999
287 290 461 356 OCT.
521 291 602 353 49
959 303 1041 352 ns
1091 308 1146 353 s.
1200 306 1396 353 ramo
1446 308 1523 353 nn
1571 306 1938 354 ALCANTARA
1987 307 2170 355 conr.
2624 294 2739 358 55⁴

281 413 418 478 qua
492 390 900 479 cingebatur
972 391 1041 457 in
1104 412 1259 458 eum
1331 389 1554 459 locum
1625 390 1980 470 demissa,
2056 392 2460 462 mirabiliter
2525 395 2834 463 extraxit.

284 480 590 549 Mulieris
622 480 858 549 oculos
899 479 1049 548 luce
1088 480 1362 548 orbatos
1405 478 1637 547 leviter
1673 492 1984 559 tanoens,
2029 479 2181 548 data
2227 482 2285 549 ei
2329 482 2831 562 benedictione,

284 570 602 659 protinus
664 568 1108 638 illuminavit.
1163 569 1513 636 Feminam
1564 534 1964 653 quamd'am,
2013 591 2049 636 a
2103 570 2436 638 daemone
2491 593 2609 660 per
2659 574 2840 641 mul-

283 680 429 728 tum
488 660 814 747 temporis
848 657 1229 744 deceptam,
1284 656 1368 725 de
1428 661 1634 745 prava
1685 655 1802 725 illa
1845 659 2366 739 consuetudine,
2422 680 2630 745 quam
2676 683 2832 729 cum

284 746 594 837 maligno
639 760 966 815 tentatore
1001 747 1358 825 habuerat,
1430 746 1955 816 commonefecit
1994 760 2056 815 et
2110 747 2442 816 liberavit.
2485 754 2559 816 In
2613 748 2840 818 reditu

283 837 370 905 ad
422 851 833 906 conventum
888 837 971 903 de
1013 841 1281 904 Aretias
1319 857 1355 902 a
1397 835 1665 904 civitate
1730 834 1986 903 Abulae
2032 837 2324 905 obrutus
2372 836 2614 907 fuisset
2662 837 2838 904 nivi-

284 927 441 1005 bu5‚
480 948 776 1012 quarum
817 923 915 994 vis
957 924 1202 1013 ingens
1250 945 1286 990 e
1332 922 1523 992 coelo
1572 923 2079 1004 devolvebatur,
2137 925 2264 992 nisi
2316 926 2464 1013 ejus
2519 925 2839 1015 precibus

283 1017 619 1083 coercitae
654 1014 720 1082 in
766 1016 919 1081 aere
972 1012 1312 1101 pendulae
1346 1013 1836 1093 constitissent,
1890 1026 1954 1082 et
1993 1013 2464 1101 prodigiosum
2522 1014 2837 1083 taberna-

283 1104 423 1171 culi
468 1097 688 1191 genus
730 1102 1100 1171 artificioso
1137 1100 1392 1171 fornice
1440 1103 2018 1188 composuissent,
2071 1125 2208 1187 quo
2255 1102 2567 1172 inclusus
2601 1109 2840 1172 Petrus

281 1192 373 1261 ab
406 1193 697 1261 aliarum
752 1191 1052 1259 laesione
1097 1191 1357 1259 nivium
1396 1191 1911 1281 prohibebatur.
1973 1192 2237 1260 Imbres
2287 1214 2560 1278 quoque
2609 1192 2840 1281 copio-

284 1282 545 1351 sissimi
580 1303 737 1349 eum
795 1279 1218 1348 madefacere
1252 1301 1384 1348 non
1442 1294 1603 1349 sunt
1658 1281 1834 1359 ausi,
1889 1280 2070 1367 quod
2128 1281 2358 1360 etiam,
2415 1280 2579 1349 dum
2619 1304 2839 1371 augu-

285 1383 470 1440 stum
526 1371 768 1438 Missae
818 1369 1240 1438 sacrificium
1291 1370 1583 1452 offerret,
1637 1369 1770 1457 ipsi
1833 1383 1897 1438 et
1958 1370 2570 1439 circumstantibus
2627 1370 2832 1438 semel

279 1459 529 1528 evenit.
586 1458 1036 1545 Corporaliter
1084 1457 1453 1526 videndum
1492 1481 1561 1527 se
1613 1458 1921 1548 praebuit
1966 1457 2284 1547 plurimis
2322 1459 2558 1549 procul
2588 1459 2840 1527 distan-

284 1548 492 1617 tibus.
550 1547 949 1636 Proplietico
991 1546 1255 1616 lumine
1293 1548 1746 1616 remotissima
1803 1550 2101 1616 locorum
2148 1570 2226 1616 ac
2262 1560 2643 1635 temporum
2679 1570 2838 1637 spa-

286 1638 375 1706 tio
431 1636 782 1725 praedixit.
841 1641 1126 1705 Demum
1180 1657 1400 1722 usque
1448 1636 1616 1704 adeo
1672 1634 1801 1706 suit
1851 1637 1918 1705 in
1979 1635 2246 1704 deliciis
2312 1636 2694 1716 Divinitati,
2763 1650 2839 1705 ut

277 1727 593 1795 omnium
651 1737 823 1804 vota,
886 1724 1165 1809 quando
1236 1731 1472 1793 Petrus
1540 1725 2055 1794 intercessorem
2122 1726 2471 1794 exhiberet
2519 1748 2631 1804 se,
2712 1726 2839 1793 im·

280 1815 535 1905 plenda
584 1836 731 1883 esse
777 1813 1124 1902 professus
1159 1814 1362 1882 fuerit
1411 1825 1686 1884 sanctae
1737 1814 1982 1903 virgini
2036 1815 2366 1891 Teresiae,
2424 1827 2497 1881 ut
2547 1815 2839 1903 ipsamet

285 1905 421 1974 sibi
456 1925 731 1990 semper
780 1902 1116 1971 accidisse
1151 1902 1424 1971 fatetur.
1465 1908 1540 1972 Et
1574 1901 1766 1970 illius
1799 1902 2076 1988 quidem
2126 1925 2358 1992 preces
2398 1903 2567 1971 adeo
2603 1904 2837 1970 incen-

279 2015 398 2061 sae
448 2008 645 2060 erant
699 1992 855 2080 igne
886 1992 1121 2060 divino
1156 2004 1232 2061 ut
1266 1992 1442 2060 inter
1472 1991 1812 2059 orandum
1850 1992 2151 2061 brachiis
2190 1994 2256 2060 in
2290 1991 2570 2060 modum
2608 1992 2837 2061 crucis

280 2081 606 2170 expansis
659 2081 726 2148 in
778 2080 991 2148 altum
1054 2081 1455 2168 saepissime
1504 2080 1833 2160 ferretur,
1892 2104 1970 2150 ac
2030 2081 2196 2150 dum
2251 2103 2523 2150 sacrum
2591 2080 2840 2149 faceret

282 2169 534 2237 elevari
594 2170 660 2237 in
727 2170 1026 2238 sublime
1086 2191 1315 2239 coram
1403 2168 1656 2259 populo
1723 2170 2086 2256 aliquoties
2144 2184 2553 2259 conspectus
2602 2169 2831 2249 fuerit;

286 2259 500 2326 immo
552 2270 733 2326 tanta
785 2258 937 2345 ejus
1004 2273 1147 2328 erat
1196 2258 1569 2327 assiduitas
1638 2259 2015 2339 orationis,
2073 2273 2147 2327 ut
2195 2281 2552 2346 nunquam
2605 2260 2691 2327 ab
2758 2267 2837 2327 ea

282 2360 602 2425 cessaret,
638 2360 704 2415 et
752 2348 1184 2416 intuentibus
1235 2349 1463 2435 ipsum
1521 2348 1725 2416 homo
1776 2349 2060 2416 alterius
2109 2349 2321 2417 seculi
2378 2348 2744 2416 videretur.

372 2438 407 2523 ξ
456 2441 551 2507 fl.
610 2435 900 2507 Edoctus
947 2458 1150 2526 erg0,
1225 2438 1428 2505 etiam
1490 2436 1655 2505 dum
1726 2439 1792 2506 in
1847 2437 2045 2506 terris
2092 2441 2373 2528 agebat,
2432 2437 2514 2506 ad
2567 2436 2834 2507 coelum

280 2525 574 2605 evolare,
633 2526 904 2594 tandem
946 2526 1205 2595 meritis
1244 2525 1511 2615 plenuS,
1557 2528 1798 2595 aetatis
1832 2549 2017 2597 anno
2059 2528 2483 2616 sexagesimo
2537 2527 2831 2595 tertioin

283 2614 526 2683 febrim
591 2637 670 2684 ac
726 2614 995 2683 dolores
1051 2615 1568 2685 molestissimos
1628 2616 1891 2685 incidit.
1948 2617 2338 2706 Augebatur
2398 2616 2606 2684 simul
2673 2637 2834 2683 cum

276 2705 712 2791 aegritudine
764 2704 1073 2772 hilaritas
1118 2705 1314 2782 Petri,
1358 2705 1784 2791 prohibentis
1815 2705 2203 2794 religiosam
2243 2727 2439 2773 suam
2493 2703 2834 2771 familiam

282 2815 322 2860 a
373 2794 721 2882 lacrymis,
764 2793 829 2860 in
863 2816 1038 2879 quas
1069 2794 1156 2860 ob
1204 2793 1659 2863 amittendum
1695 2795 2257 2863 amantissimum
2296 2805 2642 2881 parentem
2677 2814 2834 2880 age-

280 2883 508 2951 batur.
560 2882 901 2951 Ecclesiae
949 2882 1399 2951 sacramentis
1450 2884 1573 2951 rite
1623 2883 2004 2972 susceptis»,
2059 2905 2138 2951 ac
2192 2880 2536 2971 praedicta
2595 2880 2834 2948 mortis

280 2972 474 3049 hora,
519 2994 651 3040 non
704 2974 955 3056 jacenS,
1012 2971 1127 3040 sed
1183 2973 1373 3039 humi
1423 2986 1691 3041 erectus
1726 2973 1790 3038 in
1837 2994 2085 3061 genua,
2138 2971 2202 3037 in
2257 2968 2670 3037 altissimam
2721 2991 2831 3037 ex-

280 3061 480 3130 tasim
535 3072 791 3148 raptuS,
823 3083 903 3129 ac
930 3060 1177 3129 deinde
1209 3059 1530 3129 sensibus
1572 3060 1964 3129 restitutus:
2021 3065 2334 3128 Laecams
2367 3081 2516 3126 sum
2543 3056 2834 3147 (inquit)

278 3151 349 3218 in
385 3150 489 3216 his
536 3172 710 3239 quae
744 3150 925 3217 dicta
954 3159 1109 3218 sunt
1151 3150 1344 3228 mihi,
1402 3153 1471 3218 in
1527 3151 1796 3218 doniam
1831 3151 2097 3217 Domini
2132 3149 2406 3225 ibimus·
2458 3158 2562 3227 et,
2621 3168 2835 3215 manu

280 3239 610 3306 fratribus
665 3238 1077 3307 benedicens
1111 3293 1125 3316 ‚
1184 3239 1275 3306 ita
1326 3237 1482 3306 illos
1546 3251 1649 3306 est
1712 3237 2093 3305 allocutus:
2153 3242 2360 3305 «Non
2415 3235 2830 3321 intuemini,

281 3326 524 3395 fratres
562 3326 716 3402 mei,
782 3331 891 3394 SS.
938 3328 1332 3395 Trinitatem
1364 3383 1378 3404 ,
1424 3339 1488 3395 et
1536 3326 1892 3395 dominam
1962 3347 2181 3394 meam
2252 3324 2833 3414 gloriosissimam

279 3416 629 3504 Virginem
673 3415 952 3483 Mariam
1017 3428 1081 3483 et
1142 3428 1455 3483 sanctum
1505 3421 1841 3483 Joannem
1914 3413 2519 3504 evangelistami»
2566 3413 2835 3495 Quibus

281 3504 507 3582 dictis,
543 3502 774 3571 adhuc
821 3516 1099 3592 excepto
1129 3503 1424 3593 genibus
1451 3524 1758 3591 corpore,
1797 3503 2114 3594 migravit
2149 3505 2382 3571 animo
2426 3503 2494 3570 in
2531 3503 2858 3586 coelum,.

278 3608 346 3663 et
384 3605 619 3664 sancta
669 3592 960 3671 Teresia,
1024 3591 1261 3680 procul
1332 3591 1598 3662 distans
1660 3592 1747 3661 ab
1796 3592 2051 3681 oppido
2100 3592 2185 3661 de
2260 3596 2512 3660 Arenas
2579 3591 2647 3659 in
2699 3613 2835 3678 quo

282 3688 522 3752 Petrus
573 3681 981 3759 decesserat,
1031 3680 1224 3749 illum
1281 3679 1450 3749 vidit
1500 3693 1681 3750 recto
1711 3694 1775 3750 et
1812 3681 2043 3751 lucido
2096 3683 2365 3750 tramite
2411 3679 2715 3749 delatum
2747 3680 2837 3748 ad

283 3771 775 3861 sempiternam
831 3768 1273 3850 felicitatem;
1319 3792 1398 3838 ac
1444 3792 1646 3859 saepe
1683 3784 1917 3859 postea
1963 3770 2184 3839 eidem
2239 3769 2463 3838 oranti
2512 3769 2838 3857 apparuit

282 3861 535 3949 plenus
576 3859 917 3928 immensa
967 3859 1185 3946 gloria
1237 3872 1301 3928 et
1351 3859 1768 3948 purissimae
1835 3860 2010 3928 lucis
2061 3858 2273 3928 radiis
2338 3855 2830 3927 circumfusus.

282 3953 406 4018 Cor
458 3972 542 4019 us
594 3970 749 4017 vero
828 3948 1415 4037 pulcherrimum,
1477 3947 1749 4017 coelesti
1802 3948 2100 4035 quodam
2152 3946 2377 4015 colore
2430 3945 2782 4034 perfusum
2817 4000 2835 4025 ,

274 4058 408 4106 ocu
445 4039 500 4106 is
549 4037 805 4127 apertis
845 4049 908 4106 et
945 4038 1118 4105 miro
1159 4036 1524 4126 splendore
1554 4036 2006 4116 radiantibuS,
2065 4036 2475 4106 suavissimo
2507 4034 2591 4102 de
2624 4055 2838 4102 mem-

281 4124 425 4193 bris
472 4126 680 4195 odore
734 4138 1079 4207 manante,
1137 4126 1481 4195 intuentes
1530 4126 1838 4212 replebat
1878 4125 2357 4204 admiratione,
2413 4139 2621 4210 utque
2672 4122 2838 4192 fide-

282 4212 451 4281 lium
504 4215 1027 4284 adventantium
1065 4215 1409 4284 devotioni
1438 4214 1824 4295 satisfieret,
1881 4215 1947 4282 in
1978 4210 2420 4283 eminentiori
2465 4227 2655 4281 extra
2686 4233 2841 4299 por-

277 4314 416 4370 tam
456 4301 603 4372 loco
652 4305 1037 4394 expositum
1080 4302 1234 4384 fuit,
1289 4303 1372 4372 ad
1424 4303 1631 4391 cujus
1680 4326 1847 4372 cons
1900 4317 2126 4373 ectum
2177 4302 2480 4393 populus
2516 4300 2841 4390 suspiriis

270 4412 357 4460 ac
422 4393 706 4462 vocibus
768 4399 1092 4463 Sanctum
1160 4392 1628 4472 inclamabat,
1686 4326 2024 4463 auxilium
2073 4394 2160 4463 ab
2230 4414 2309 4461 eo
2364 4392 2681 4481 petebat,
2740 4389 2839 4458 vel
