3347 4999
154 354 347 421 OCT.
401 354 483 418 24
888 369 968 415 η
1015 369 1068 415 s.
1125 366 1440 415 nactotuo
1488 363 1754 415 nonsit&
1798 367 1999 417 Ertsc.
2443 365 2448 370 ‘
2500 352 2628 418 673

158 456 382 526 variis
430 454 650 524 affecti
700 452 1161 523 incommodis
1209 451 1293 521 ad
1357 473 1512 520 eum
1566 451 2001 532 advolabant,
2047 452 2256 532 caeci,
2309 452 2565 536 claudi,
2620 455 2719 524 le-

161 545 388 636 prosi,
443 543 898 624 daemoniaci,
952 541 1243 611 salutem
1308 552 1722 630 expetentes,
1777 540 1968 611 Multi
2003 563 2276 629 quoque
2323 543 2714 612 animarum

161 655 461 705 suarum
517 631 816 702 remedia
867 631 1050 720 perci
1107 651 1221 698 ere
1279 630 1659 719 cupientes,
1712 630 1864 718 ejus
1921 630 2326 720 sapientiam
2379 631 2710 713 audituri,

158 724 259 794 ad
310 743 467 791 eum
506 721 955 801 accedebant;
1010 719 1321 808 perique
1373 719 1576 788 etiam
1630 719 1849 788 multa
1884 719 1943 786 ei
1992 718 2366 788 offerebant
2424 742 2708 790 munera

158 813 355 892 auri,
408 832 485 878 ar
535 811 699 891 enti,
741 829 1110 895 rerumque
1140 806 1459 888 aliarum,
1506 819 1736 897 gratos
1770 829 1842 876 se
1876 807 1976 876 illi
2009 806 2359 877 declarare
2391 808 2713 878 volentes,

167 901 303 971 Sed
346 922 424 969 ea
474 900 490 968 i
531 899 590 968 le
621 918 747 969 ceu
789 909 1088 967 stercora
1135 896 1473 984 quaedam
1514 907 1987 977 contemnens,
2034 918 2186 966 mox
2226 896 2296 964 in
2351 918 2710 987 pauperes,

163 989 444 1069 viduaS,
501 987 829 1078 pupilloS,
882 987 1210 1075 captivos,
1248 984 1431 1055 fame
1466 985 1743 1055 affectos
1793 985 2166 1056 liberaliter
2203 986 2528 1076 erogavit.
2568 991 2717 1056 Cer-

169 1100 354 1148 nens
401 1090 630 1146 autem
680 1089 817 1145 tam
871 1074 1087 1143 multa
1138 1074 1273 1144 sibi
1336 1074 1587 1155 offerri,
1646 1085 2040 1161 tantamque
2095 1075 2454 1143 hominum
2536 1075 2718 1145 mul-

170 1165 539 1236 titudinem
576 1164 661 1234 ad
703 1187 776 1235 se
821 1163 1190 1243 confluere,
1233 1183 1483 1252 magno
1531 1162 1747 1231 animi
1779 1162 2014 1232 dolore
2061 1177 2449 1253 correptus:
2490 1186 2526 1230 «
2564 1167 2714 1233 Heu

172 1278 311 1336 me,
370 1254 615 1340 inquit,
665 1252 830 1341 quid
885 1252 1057 1320 mihi
1124 1250 1399 1343 prodest
1447 1250 1809 1338 reliquisse
1859 1252 2158 1341 propria,
2211 1266 2275 1321 et
2323 1251 2546 1322 aliena
2594 1273 2716 1342 ap-

172 1347 449 1435 petere?
496 1341 714 1430 Major
764 1340 931 1410 mihi
972 1341 1119 1430 jam
1172 1342 1488 1409 imminet
1527 1339 1943 1430 populorum
1980 1340 2178 1410 turba
2208 1352 2272 1409 et
2303 1339 2711 1427 frequentia,

170 1446 241 1502 et
301 1433 679 1500 immensae
726 1429 1063 1499 accedunt
1111 1450 1298 1520 opes.
1354 1433 1493 1519 Ego
1541 1451 1697 1498 vero
1737 1429 2157 1519 jampridem
2210 1429 2456 1498 mundi
2508 1430 2717 1519 hujus

164 1543 264 1590 cu
322 1520 680 1589 iditatibus
714 1539 824 1587 me
846 1517 1153 1588 volebam
1184 1517 1604 1597 absolutum,
1642 1530 1710 1587 et
1737 1539 1894 1587 ecce
1930 1519 2151 1608 magis
2177 1520 2378 1586 etiam
2410 1520 2496 1587 iis
2530 1541 2716 1588 nunc

173 1611 242 1678 vi
299 1631 415 1679 eor
484 1607 866 1698 implicari:
932 1628 1233 1693 cumque
1290 1619 1717 1676 terrenarum
1770 1627 1998 1676 rerum
2063 1628 2271 1676 onera
2319 1608 2712 1696 abjecerim,

168 1700 349 1785 jam,
407 1696 577 1786 proh
628 1695 845 1777 dolor,
898 1695 1088 1764 dives
1133 1695 1414 1765 eflectus
1461 1716 1641 1764 sum.
1687 1719 1722 1762 »
1765 1696 1905 1765 Sub
1938 1695 2047 1764 his
2084 1696 2300 1765 animi
2341 1696 2718 1786 angoribus

176 1786 426 1856 incidit
462 1785 591 1867 illi,
646 1797 723 1855 ut
766 1806 953 1865 eum,
1006 1805 1210 1871 quem
1262 1784 1676 1873 Episcopum
1721 1805 1847 1853 suo
1896 1784 2044 1853 loco
2091 1784 2465 1865 ordinarat,
2520 1785 2602 1854 ad
2648 1806 2718 1856 se

174 1875 571 1945 accersiret.
629 1874 807 1942 Fecit
865 1874 1080 1963 igitur
1117 1874 1239 1953 sic,
1283 1886 1348 1941 et
1396 1872 1511 1941 ille
1557 1893 1773 1960 ocyus
1821 1873 2118 1943 advenit.
2164 1879 2403 1942 Narrat
2448 1874 2506 1942 ei
2557 1895 2717 1943 cum

180 1964 534 2054 lacrymiS,
565 1976 893 2049 quantam
927 1962 1285 2031 hominum
1318 1961 1833 2030 multitudinem
1871 1963 2189 2051 patiatur,
2223 1963 2316 2031 ait
2350 1962 2481 2032 sibi
2517 1962 2719 2063 plane

183 2075 269 2153 se.
306 2052 388 2153 ad
441 2051 784 2153 desertum
820 2050 1122 2137 aliquem
1175 2049 1516 2140 proficisci
1568 2048 1823 2129 locum,
1871 2050 1992 2121 ubi
2044 2051 2237 2120 nulla
2272 2051 2573 2121 hominis
2614 2073 2718 2119 ve·

184 2154 388 2228 sttgta
438 2152 753 2209 existant.

278 2231 449 2316 §5.
504 2234 799 2297 Cernens
861 2228 1239 2319 Episcopus
1302 2226 1597 2296 multum
1666 2229 1819 2316 ejus
1864 2228 2079 2296 animi
2140 2227 2484 2308 dolorem,
2559 2250 2721 2318 prae

186 2317 787 2386 commiseratione
820 2315 1255 2404 aliquamdiu
1293 2315 1524 2385 siluit:
1579 2315 1829 2385 deinde
1886 2315 2136 2386 blande
2183 2331 2246 2386 et
2293 2316 2723 2386 familiariter

181 2428 346 2474 cum
390 2428 469 2475 eo
513 2405 950 2493 colloquens:
989 2429 1026 2471 «
1078 2405 1252 2485 Scio,
1307 2403 1555 2490 inquit,
1628 2405 1720 2473 mi
1783 2404 2082 2486 domine,
2156 2418 2434 2496 propter
2481 2407 2719 2476 turbas

189 2494 275 2565 ad
330 2509 389 2565 te
438 2494 679 2564 salutis
718 2492 1131 2565 obtinendae
1198 2497 1425 2563 causa·
1467 2494 1930 2576 confluentes,
1995 2517 2246 2584 magno
2296 2510 2356 2565 te
2420 2517 2724 2565 moerore

182 2583 413 2653 affici:
466 2584 845 2671 sentioque,
900 2587 977 2652 ea
1026 2586 1259 2664 cause,
1328 2582 1583 2653 relictis
1647 2582 1828 2662 illis,
1881 2583 1965 2651 ad
2041 2584 2183 2653 loca
2225 2585 2376 2654 avia
2426 2598 2489 2652 te
2551 2583 2718 2653 velle

181 2673 669 2763 commigrare.
716 2672 843 2741 Sed
894 2671 959 2740 id
1004 2672 1060 2741 si
1110 2671 1345 2751 faciaS,
1401 2672 1595 2741 valde
1629 2673 1749 2744 tibi
1792 2671 2306 2742 formidandum
2341 2685 2462 2753 est,
2503 2685 2713 2761 pater,

187 2783 297 2843 ne,
354 2761 523 2831 dum
575 2761 819 2831 Christi
873 2760 1296 2851 pauperibus
1344 2761 1698 2831 subtrahis
1766 2761 2095 2862 spiritalis
2152 2761 2503 2830 doctrinae
2554 2761 2724 2830 triti-

188 2872 375 2929 cum,
414 2849 596 2938 quod
649 2849 790 2921 illis
839 2850 1044 2918 vitam
1095 2861 1416 2939 praestat,
1480 2850 1549 2919 in
1607 2849 1981 2918 discrimen
2033 2862 2095 2918 te
2127 2849 2480 2939 conjicias,
2526 2854 2725 2918 Prae·

185 2938 509 3008 stabilius
539 2939 722 3008 enim
756 2950 858 3008 est
904 2960 1061 3008 oves
1098 2938 1368 3008 Domini
1407 2939 1754 3026 colligere,
1810 2959 2017 3025 quam
2071 2938 2504 3028 dispergere:
2558 2959 2724 3007 con-

189 3028 519 3115 tritosque
565 3027 770 3098 corde
819 3049 1101 3109 sanare,
1153 3048 1360 3115 quam
1432 3027 1752 3096 infirmos
1798 3026 2132 3096 deserere.
2188 3025 2360 3095 Olim
2414 3028 2481 3094 in
2537 3038 2721 3096 tuam

180 3138 339 3187 eras
391 3118 693 3186 intentus
745 3137 1073 3187 messem:
1103 3117 1248 3205 jam
1301 3127 1374 3184 ut
1416 3130 1646 3207 pastor
1695 3115 1941 3192 bonus,
1996 3114 2203 3185 debes
2235 3117 2436 3184 etiam
2481 3137 2725 3185 curare

190 3204 512 3285 alienam,
549 3218 627 3274 ut
655 3204 737 3273 ad
776 3205 1018 3274 Christi
1072 3204 1398 3273 honorem
1452 3217 1817 3290 utramque
1865 3202 2122 3272 efficias
2169 3204 2721 3281 cumulatiorem,

186 3307 394 3380 atque
439 3315 519 3362 ex
575 3293 659 3362 iis
699 3292 791 3361 du
849 3293 1006 3362 licia
1076 3292 1461 3382 possideas:
1515 3291 1826 3361 futurum
1880 3292 2008 3361 hoc
2059 3293 2209 3383 ipso
2259 3293 2504 3362 Christi
2569 3293 2727 3360 imi-

192 3393 385 3461 tator,
437 3381 560 3468 qui
612 3402 797 3537 popu
828 3403 867 3450 o
911 3379 1212 3450 Judaico
1268 3381 1571 3469 primum
1626 3402 1745 3470 per
1805 3381 2137 3471 seipsum,
2196 3382 2357 3450 inde
2405 3381 2727 3471 gentibus

193 3491 314 3561 per
360 3474 606 3558 Aposto
636 3491 712 3539 os
761 3468 1130 3539 salutarem
1173 3469 1556 3538 doctrinam
1612 3470 1993 3558 proposuit.
2048 3476 2231 3553 Quas
2270 3483 2495 3539 autem
2545 3492 2728 3541 nunc

194 3556 543 3627 molestias
589 3557 782 3646 capis
826 3579 906 3627 ex
956 3558 1064 3626 his
1114 3556 1412 3648 populis,
1449 3557 1706 3645 quibus
1747 3558 1997 3649 jugum
2056 3560 2304 3630 Christi
2349 3581 2555 3629 suave
2601 3571 2725 3639 est,

191 3658 258 3716 et
301 3667 480 3716 onus
531 3645 694 3726 leve,
748 3665 867 3715 eae
916 3646 1037 3716 tibi
1103 3667 1422 3736 magnam
1475 3648 1822 3736 parabunt
1878 3647 2063 3737 apud
2119 3649 2481 3717 Dominum
2539 3649 2732 3717 retri-

194 3736 572 3805 butionem.
612 3734 796 3805 Nosti
842 3748 913 3804 tu
944 3735 1091 3836 ipse
1140 3734 1483 3805 Christum
1540 3737 1936 3817 Dominum,
1975 3759 2132 3805 cum
2185 3739 2253 3805 in
2310 3737 2471 3806 sinu
2518 3738 2735 3806 Patris

191 3826 598 3911 quiesceret,
658 3823 928 3893 venisse
976 3846 1043 3892 tn
1096 3823 1307 3913 hujus
1349 3824 1589 3894 mundi
1628 3825 1919 3905 labores,
1974 3840 2044 3894 ut
2097 3825 2532 3894 infirmorum
2587 3825 2734 3893 lan-

201 3935 445 4003 guores
476 3925 784 3982 curaret:
840 3912 1025 3981 unde
1066 3912 1214 4002 ipse
1247 3913 1377 3982 ait:
1428 3919 1573 3983 Non
1620 3926 1814 4005 eyent
1853 3916 1976 4006 qui
2025 3917 2182 3984 sani
2222 3925 2399 3993 sunt,
2455 3914 2728 3994 medica,

196 4003 311 4070 scd
354 4004 478 4094 qui
518 4005 698 4072 male
728 4002 970 4070 habent
1004 4001 1271 4091 (Matth.
1325 4006 1457 4085 xx):
1503 4023 1677 4089 quos
1706 4004 1913 4072 etiam
1957 4025 2091 4071 non
2137 4002 2409 4092 refugit,
2465 4001 2580 4071 sed
2619 4024 2737 4092 pro

203 4090 297 4158 eis
345 4092 647 4160 animam
685 4112 879 4159 suam
920 4090 1211 4160 libenter
1246 4091 1496 4179 posuit.
1551 4091 1699 4160 Scis
1747 4090 1909 4178 quid
1967 4112 2046 4160 ex
2099 4092 2274 4162 Isaia
2323 4090 2740 4179 quandoque

204 4178 421 4247 turbis
450 4179 894 4248 audientibus
928 4178 1203 4269 legerit:
1243 4182 1538 4271 Spiritus
1565 4183 1836 4249 Domini
1869 4203 2072 4270 super
2107 4203 2234 4261 me,
2263 4191 2537 4271 propter
2565 4184 2741 4272 quod

203 4269 401 4336 unoeit
446 4292 591 4337 mc:
643 4270 1118 4358 evangelizare
1161 4271 1572 4359 pauperibus
1609 4271 1791 4338 misit
1824 4292 1950 4348 me,
2007 4272 2319 4339 contritos
2367 4270 2559 4339 corde
2606 4270 2730 4360 (13.

203 4354 351 4443 ιιι),
404 4370 469 4425 et
514 4368 800 4427 caetera.
879 4361 1057 4426 Haec
1125 4357 1321 4426 illum
1389 4357 1732 4426 dicentem
1797 4359 2035 4428 beatus
2106 4359 2479 4450 Maglorius
2544 4371 2741 4449 grato

356 4475 595 4533 surius
621 4505 646 4519 ·
683 4474 849 4537 Vitae
878 4472 981 4537 SS.
1010 4505 1039 4520 -
1065 4471 1200 4536 vol.
1230 4471 1306 4535 X.
2504 4474 2580 4536 43
