3347 4999
274 320 444 387 OCT.
501 322 571 385 21
965 341 1043 386 DE
1092 340 1181 386 ss.
1238 339 1483 387 nasum
1531 341 1606 387 nr
1653 337 1955 388 socxanns
2004 343 2119 389 uu.
2592 326 2721 390 633

270 423 451 512 quod
504 423 736 492 animo
784 423 1217 505 occurrisset,
1275 423 1681 493 intentatum
1728 423 2154 511 relinquunt.
2195 425 2440 513 Sicque
2495 448 2613 516 per
2662 427 2812 497 dies

271 512 584 601 singulos
635 512 1030 601 puellariter
1083 511 1677 601 palaestrizantes,
1729 512 2105 600 aliquando
2166 515 2348 583 circa
2401 515 2754 586 meridiem
2789 571 2805 598 ,

270 601 642 688 aliquando
691 601 774 669 ad
825 607 1110 683 Nonam,
1155 601 1529 688 aliquando
1575 602 1687 671 die
1736 614 1872 672 toto
1925 602 1988 670 in
2046 602 2230 671 ludis
2277 604 2669 694 absumpto,
2711 605 2798 674 ad

269 711 621 779 vesperam
677 712 981 759 reversae
1028 702 1212 759 sunt.
1287 689 1378 759 Ad
1452 690 1858 779 hujusmodi
1908 712 2070 782 ergo
2120 690 2589 780 spectaculum
2646 694 2805 783 pius

272 783 409 848 Rex
458 801 614 847 curn
720 778 1074 848 randaevis
1125 779 1461 869 patribuS,
1514 780 1921 867 cunctisque
1973 781 2163 869 regni
2217 779 2627 868 primatibus
2676 781 2809 852 fre-

267 881 556 956 quenter
602 890 640 936 a
693 881 876 936 erat:
928 867 1174 954 vulgus
1221 868 1423 938 etiam
1472 868 1942 955 promiscuum
1991 869 2099 959 (ut
2145 889 2419 956 semper
2470 890 2799 938 novarum

274 978 502 1026 rerum
554 956 887 1046 cupidum
939 956 1093 1045 est),
1134 957 1524 1047 postpositis
1558 957 1757 1028 seriis
1805 957 1975 1038 suiS,
2023 957 2348 1047 virgineis
2380 956 2651 1027 lusibus
2683 980 2807 1048 ap-

270 1045 666 1136 plaudebat.
721 1044 845 1114 Sed
900 1060 1260 1134 postquam
1311 1044 1734 1132 quotidianis
1779 1046 2384 1116 exercitationibus
2432 1045 2806 1118 assiduitas

269 1134 443 1204 aluit
490 1133 882 1214 audaciam,
926 1134 1201 1223 longius
1250 1157 1288 1204 a
1337 1134 1530 1203 litore
1564 1135 2001 1225 remigantes,
2038 1156 2195 1204 cum
2234 1134 2611 1224 spectaculi
2647 1158 2806 1224 gra-

270 1223 432 1292 tiam
486 1222 741 1311 populo
790 1224 1314 1302 subtraherent,
1367 1222 1702 1310 quaedam
1772 1224 1973 1291 etiam
2031 1245 2235 1293 naves
2285 1224 2522 1293 flabris
2571 1239 2802 1294 vento-

267 1333 420 1380 rum
474 1310 825 1398 disjectae,
864 1323 1020 1380 ante
1071 1324 1331 1381 noctem
1389 1312 1673 1381 minime
1724 1311 2047 1394 redirent,
2084 1312 2350 1381 diutina
2381 1314 2798 1402 exspectatio

265 1414 329 1470 et
378 1400 654 1469 satietas
702 1398 1025 1470 ludorum
1079 1399 1576 1490 spectatoribus
1624 1399 1979 1470 fastidium
2030 1401 2305 1491 genuit;
2365 1400 2803 1491 singulisque

266 1488 347 1559 ad
402 1511 526 1557 sua
575 1511 779 1578 opera
830 1488 1369 1571 discedentibuS,
1428 1488 1756 1578 paulatim
1811 1488 2007 1559 turba
2050 1490 2359 1558 defluxit.

353 1580 390 1666 ξ
442 1582 599 1650 lo.
660 1578 768 1646 Sic
831 1599 993 1667 ergo
1057 1599 1214 1647 cum
1284 1575 1498 1647 multa
1539 1576 1978 1664 jucunditate
2024 1578 2365 1648 celebrato
2417 1600 2536 1666 per
2586 1579 2796 1648 trien-

267 1662 460 1735 ni‘um
506 1666 634 1736 hoc
679 1666 985 1756 martyrii
1042 1664 1422 1755 praeludi0,
1478 1689 1637 1736 cum
1688 1666 2039 1736 adornatis
2099 1666 2566 1756 sponsalibuS,
2633 1689 2799 1737 con-

264 1755 446 1824 dicta
497 1776 591 1824 nu
649 1755 896 1824 tiarum
940 1754 1074 1833 die,
1124 1754 1399 1842 juvenis
1447 1755 1514 1823 in
1568 1777 1869 1824 amorem
1924 1755 2211 1856 virginis
2259 1756 2570 1824 animum
2646 1778 2799 1846 per-

263 1857 561 1933 urgeret,
653 1857 803 1913 eata
850 1842 1119 1924 Ursula,
1173 1844 1489 1929 quamvis
1524 1842 1797 1913 divinae
1835 1844 2315 1933 promissionis
2347 1844 2630 1913 oraculo
2663 1866 2797 1914 non

265 1932 622 2001 incredula
656 1988 670 2014 ,
730 1954 849 2020 pro
900 1932 1204 2001 humana
1256 1946 1479 2001 tamen
1534 1932 1931 2002 infirmitate
1981 1932 2316 2008 sollicita,
2361 1933 2801 2023 convirgines

266 2041 454 2100 suaS,
511 2044 685 2108 quas
725 2022 869 2110 jam
924 2021 991 2088 in
1048 2021 1332 2090 Domino
1384 2034 1515 2089 tam
1584 2021 1830 2102 verbiS,
1884 2043 2089 2107 quam
2142 2021 2474 2111 exemplis
2519 2021 2794 2090 erudie-

264 2122 391 2189 rat,
447 2124 523 2178 ut
571 2109 639 2178 in
693 2109 804 2178 tali
860 2130 1086 2178 rerum
1138 2107 1429 2179 articulo
1475 2109 1749 2177 divinae
1801 2108 2307 2179 misericordiae.
2345 2110 2633 2200 januam
2690 2110 2797 2178 in-

264 2198 563 2268 stantius
612 2197 987 2288 pulsarent,
1027 2197 1411 2277 admonuit,
1451 2219 1535 2266 ne
1575 2197 1906 2267 castitatis
1942 2200 2369 2289 procinctum
2410 2198 2791 2289 perderent,

263 2285 399 2356 sub
446 2308 584 2373 quo
632 2287 795 2377 Regi
849 2309 974 2356 suo
1022 2285 1294 2356 coelesti
1346 2286 2039 2375 irreprehensibiliter
2074 2287 2502 2357 militassent.
2540 2288 2661 2356 His
2693 2287 2799 2357 di·

262 2374 432 2454 ctiS,
489 2398 646 2444 cum
700 2376 895 2462 quasi
937 2376 1080 2465 jam
1134 2375 1574 2445 currentibus
1623 2376 1982 2447 stimulum
2034 2375 2453 2458 addidisset,
2518 2375 2799 2446 devotae

264 2467 395 2534 Deo
447 2464 746 2555 virgines
791 2487 868 2534 ex
913 2477 1045 2534 toto
1093 2463 1297 2533 corde
1347 2464 1413 2533 in
1470 2463 1810 2566 lacrymas
1857 2465 2135 2547 effusae,
2173 2479 2302 2535 tam
2345 2486 2466 2556 pro
2500 2487 2625 2535 sua
2660 2466 2801 2536 sin-

257 2552 510 2643 gulae,
566 2576 770 2640 quam
842 2576 960 2641 pro
1028 2558 1119 2621 Re
1175 2552 1324 2622 inae
1386 2554 1774 2643 virginitate
1821 2554 2334 2634 conservanda,
2406 2576 2791 2644 supernum

256 2641 991 2732 coeperuntauxilium
1045 2663 1122 2710 ar
1172 2642 1529 2712 aptissima
1577 2642 1865 2731 spiritus
1913 2643 2319 2713 contritione
2357 2643 2691 2712 invocare.

345 2732 382 2818 ξ
433 2737 560 2803 11.
602 2732 761 2800 Pius
800 2744 1026 2800 autem
1068 2731 1419 2811 DominuS,
1468 2732 1587 2818 qui
1629 2753 1902 2819 semper
1943 2753 2152 2821 prope
2192 2744 2292 2801 est
2326 2732 2651 2800 omnibus
2687 2731 2790 2798 in-

255 2820 663 2889 vocantibus
712 2841 781 2890 se
831 2819 897 2887 in
945 2819 1241 2901 veritate,
1296 2831 1431 2890 tam
1487 2820 1598 2910 pia
1635 2833 1779 2889 vota
1818 2842 1950 2889 non
1993 2819 2301 2889 distulit:
2357 2820 2470 2889 sed
2521 2832 2793 2887 ventum

255 2906 339 2975 de
372 2907 710 2978 thesauris
752 2908 899 2980 suis
935 2909 1277 3000 produxit,
1326 2908 1841 2998 impulsamque
1888 2908 2204 2988 classem,
2236 2908 2366 2979 sub
2414 2908 2627 2977 unius
2659 2907 2798 2976 diei

256 2997 611 3084 noctisque
672 2998 936 3088 spatio,
1002 2997 1306 3068 secundo
1356 3019 1568 3067 cursu
1619 2997 1687 3065 in
1727 3009 1999 3087 portum
2033 3051 2049 3078 ,
2102 2998 2219 3084 qui
2264 2995 2467 3065 Tite*
2512 2995 2794 3076 dicitur,

254 3083 523 3175 integro
572 3099 706 3156 tam
760 3088 1035 3155 navium
1067 3141 1087 3168 ,
1151 3108 1356 3174 quam
1420 3084 1806 3176 puellarum
1868 3106 2157 3155 numero
2207 3083 2510 3174 pertulit.
2557 3090 2793 3171 Itaque

254 3187 526 3263 arrepto
562 3176 779 3256 litore,
824 3176 1003 3261 quod
1042 3175 1559 3264 concupierant,
1632 3174 1797 3242 tanti
1856 3172 1994 3242 dux
2043 3172 2299 3242 femina
2343 3172 2501 3243 facti
2533 3228 2548 3255 ,
2598 3173 2799 3260 quasi

255 3263 463 3331 Maria
500 3264 863 3353 prophetes
894 3263 1269 3334 Pharaonis
1306 3264 1675 3334 exercitum
1717 3284 1837 3352 per
1870 3284 2057 3331 mare
2089 3261 2400 3333 Rubrum
2444 3264 2793 3344 evasisset,

255 3372 512 3441 sponso
559 3352 830 3421 coelesti
881 3351 1150 3422 debitae
1185 3351 1413 3421 laudis
1451 3350 1976 3441 epithalamium
2015 3352 2370 3442 praecinit.
2409 3351 2598 3435 Quod
2635 3374 2793 3420 cum

254 3439 588 3530 puellaris
625 3440 963 3510 exercitus
998 3462 1130 3510 non
1168 3440 1471 3511 clamoso
1506 3440 1819 3531 strepitu,
1859 3440 1973 3510 sed
2016 3440 2163 3532 pari
2196 3440 2423 3510 cordis
2456 3453 2798 3510 concentu

254 3543 624 3609 resonaret,
662 3529 1006 3598 canticum
1053 3530 1181 3598 hoc
1222 3528 1518 3598 laetitiae
1568 3550 1788 3616 usque
1821 3529 1904 3598 ad
1942 3552 2144 3599 aures
2184 3530 2448 3599 Domini
2499 3528 2795 3599 Sabaoth

251 3639 411 3688 cum
457 3617 670 3691 ,odore
718 3618 1075 3688 suavitatis
1125 3617 1450 3708 pervenit.
1491 3617 1751 3688 Ibidem
1796 3639 1960 3708 ergo
2007 3640 2165 3688 cum
2213 3631 2408 3688 nocte
2459 3617 2572 3687 illa
2628 3639 2795 3708 pau-

253 3718 542 3777 sassent.
597 3706 904 3793 sequenti
956 3704 1067 3775 die
1114 3706 1532 3796 comparatis
1582 3706 1999 3777 utensilibus
2056 3713 2241 3791 (nam
2305 3718 2648 3776 mercatus
2700 3705 2791 3773 ibi

250 3795 449 3886 erat),
504 3794 588 3865 ad
642 3817 848 3866 naves
901 3816 1207 3866 reversae
1253 3808 1459 3864 sunt:
1513 3795 1969 3881 adductisque
2001 3795 2300 3876 ancoriS,
2348 3794 2634 3865 adverso
2669 3793 2798 3864 ssu-

256 3885 442 3955 mine
491 3884 1042 3975 subremigantes
1074 3939 1089 3967 ,
1143 3884 1224 3953 ad
1281 3884 1623 3975 insignem
1679 3882 1866 3953 illam
1919 3884 2324 3954 Germaniae
2360 3881 2794 3972 metropolim

255 3973 629 4057 Coloniam,
669 3974 790 4043 ubi
826 3996 1012 4044 nunc
1045 3994 1334 4065 corpora
1368 3995 1604 4044 earum
1652 3973 1719 4042 in
1765 3994 1932 4063 pace
1986 3973 2469 4060 requiescunt,
2525 3970 2798 4041 tandem
2832 4042 2841 4050 ,

255 4075 731 4152 pervenerunt.

342 4158 380 4233 ἓ
430 4158 576 4224 1².
631 4151 937 4243 Egressis
985 4152 1236 4238 itaque,
1290 4172 1446 4220 cum
1502 4162 1652 4239 post
1704 4149 2155 4239 vespertinam
2209 4148 2641 4219 resectionem
2686 4170 2800 4217 so-

253 4260 459 4310 mnus
494 4241 748 4312 diurno
800 4241 1028 4310 labore
1061 4239 1258 4310 fessis
1296 4238 1673 4330 obreperet,
1715 4238 1908 4308 beata
1944 4237 2134 4329 virgo
2167 4237 2411 4308 Ursula
2449 4237 2796 4328 quaejam

250 4332 383 4397 Deo
419 4329 487 4397 in
523 4330 879 4421 Angelicae
909 4328 1240 4400 castitatis
1283 4326 1702 4418 professione
1739 4326 2181 4417 complacuit,
2224 4326 2391 4397 vidit
2422 4327 2493 4398 in
2529 4326 2798 4396 somnis

300 4457 326 4484 ⁸
356 4457 443 4496 Tite
461 4466 554 4496 uon
574 4463 773 4507 apparet
790 4455 840 4498 in
859 4453 1177 4499 monumenti·
1195 4452 1405 4505 mtiquin
1425 4454 1537 4495 ante
1557 4463 1732 4494 annum
1750 4453 1843 4494 89⁶.
1867 4454 2072 4494 Bolloend.
