3347 4999
232 288 408 356 OCT.
464 288 539 352 24
1091 306 1169 353 nc
1218 306 1274 352 s.
1319 304 1660 352 mmmmm
1708 304 1947 351 Annam
2567 289 2695 353 609

233 396 376 462 Non
427 391 622 478 prius
674 388 923 458 mulier
972 389 1271 470 recessit,
1310 410 1516 475 quam
1575 387 1691 456 ille
1742 387 2091 478 pollicitus
2124 399 2246 468 est,
2300 410 2372 457 se
2420 402 2570 478 post
2617 392 2782 462 solis

233 501 557 549 occasum
610 482 856 549 Gazam
924 477 1396 547 introiturum.
1450 482 1595 559 Quo
1650 489 2012 566 postquam
2067 476 2287 558 venit,
2344 477 2782 568 singulorum

234 567 521 637 lectulos
579 578 644 636 et
708 565 968 635 arentia
1009 567 1042 600 ³*
1078 567 1387 636 membra
1447 564 1894 635 considerans
1939 565 2055 647 **,
2122 565 2457 635 invocavit
2516 574 2779 638 Jesum.

237 662 338 737 Et,
394 677 433 725 o
467 656 642 724 mira
691 655 951 724 virtusl
1005 655 1200 742 quasi
1253 654 1339 723 de
1381 654 1601 724 tribus
1633 654 1940 725 fontibus
1988 653 2203 723 sudor
2234 655 2506 745 erupit:
2544 657 2784 728 eadem

238 745 407 814 hora
453 756 866 835 acceperunt
913 745 1128 824 cibos,
1171 744 1655 833 lugentemque
1695 756 1979 812 matrem
2015 756 2527 833 cognoscenteS,
2568 758 2632 814 et
2656 746 2786 824 „be-

237 833 630 903 nedicentes
681 839 917 911 Deum,
966 833 1194 902 Sancti
1248 855 1494 902 manus
1543 831 1920 902 deosculati
1954 845 2139 901 sunt.
2185 832 2373 915 Quod
2467 846 2783 921 ostquam

237 922 550 992 auditum
595 933 734 1003 est,
802 934 868 991 et
917 922 1116 1012 longe
1178 921 1447 1008 lateque
1497 921 1886 1010 percrebuit
1921 976 1936 1003 ,
1990 922 2299 991 certatim
2356 945 2392 990 a
2448 944 2649 990 :eum
2702 922 2786 992 de

238 1012 432 1100 Syria
473 1025 540 1080 et
572 1016 871 1101 Aegypto
920 1010 1383 1092 confluebant,
1427 1010 1517 1078 ita
1551 1021 1629 1079 ut
1679 1008 1877 1083 multi
1915 1009 2270 1080 crederent
2304 1010 2370 1078 in
2407 1009 2779 1092 Christum,

238 1113 305 1171 et
337 1122 407 1169 se
444 1101 819 1170 monachos
861 1099 1360 1189 profiterentur.
1401 1098 1703 1169 Necdum
1737 1098 1920 1166 enim
1959 1110 2123 1168 tunc
2153 1099 2562 1169 monasteria
2591 1111 2786 1170 erant

238 1190 307 1258 in
347 1189 750 1269 Palaestina,
791 1211 916 1258 nec
945 1189 1312 1275 quisquam
1352 1187 1771 1257 monachum
1820 1200 1978 1256 ante
2009 1199 2328 1259 sanctum
2359 1187 2781 1258 Hilarionem

239 1278 309 1346 in
347 1278 538 1365 Syria
588 1292 884 1347 noverat.
923 1277 1046 1346 Ille
1081 1276 1403 1346 fundator
1449 1288 1513 1345 et
1559 1275 1869 1345 eruditor
1901 1275 2109 1365 hujus
2149 1277 2684 1347 conversationis
2720 1289 2787 1347 et

239 1366 452 1436 studii
497 1367 564 1435 in
612 1368 737 1435 bac
795 1365 1143 1455 provincia
1177 1365 1328 1435 fuit.
1385 1365 1689 1435 Habebat
1740 1365 2071 1435 Dominus
2116 1370 2320 1435 Jesus
2366 1366 2436 1433 in
2484 1371 2784 1456 Aegypto

240 1477 476 1526 senem
528 1455 918 1537 Antonium,
978 1454 1272 1525 habebat
1320 1454 1386 1522 in
1438 1453 1823 1525 Palaestina
1862 1453 2285 1524 Hilarionem
2311 1455 2687 1544 juniorem.

328 1546 503 1630 ἐξ).
577 1543 849 1614 Facidia
915 1545 1107 1614 vicus
1173 1555 1275 1613 est
1330 1542 1846 1613 Rhinocorurae
1901 1541 2005 1576 *μ
2072 1543 2267 1614 urbis
2332 1543 2639 1633 Aegypti.
2698 1548 2787 1612 De

239 1632 370 1701 hoc
417 1634 614 1723 (sunt
659 1633 893 1702 decem
935 1633 1083 1721 jam
1134 1631 1333 1721 anni)
1378 1654 1579 1701 caeca
1631 1630 1881 1701 mulier
1921 1630 2219 1701 adducta
2250 1644 2352 1702 est
2383 1633 2466 1701 ad
2511 1633 2783 1702 beatum

239 1721 715 1791 Hilarionem:
769 1720 1134 1808 oblataque
1181 1721 1243 1790 ei
1285 1743 1332 1790 *a
1381 1720 1708 1790 fratribus
1753 1720 1943 1809 (jam
1993 1721 2177 1789 enim
2234 1721 2432 1789 multi
2491 1744 2648 1790 cum
2708 1741 2787 1791 eo

241 1811 566 1880 monachi
614 1808 839 1898 erant)
875 1832 1150 1883 omnem
1184 1832 1256 1880 se
1289 1809 1747 1885 substantiam
1783 1808 2188 1897 expendisse
2223 1810 2317 1879 ait
2350 1808 2419 1877 in
2457 1808 2782 1879 medicos

243 1900 365 1968 Cui
414 1898 814 1989 respondit:
871 1921 906 1964 «
946 1900 1010 1969 Si
1057 1920 1237 1985 quae
1286 1899 1354 1966 in
1408 1897 1696 1968 medicis
1748 1897 2132 1986 perdidisti,
2180 1898 2488 1967 dedisses
2529 1919 2789 1988 paupe—

242 1988 460 2068 ribuS,
516 1998 824 2057 curasset
875 2000 934 2056 te
983 2010 1184 2058 verus
1237 1987 1544 2057 medicus
1590 1992 1815 2055 Jesus.
1859 2012 1883 2050 ι»
1941 1985 2287 2056 Clamante
2345 1999 2569 2055 autem
2622 1986 2782 2071 illa,

241 2087 308 2145 et
366 2076 909 2146 misericordiam
963 2076 1414 2165 deprecante,
1469 2075 1703 2164 expuit
1750 2075 1820 2143 in
1881 2074 2115 2144 oculos
2162 2075 2353 2163 ejus:
2423 2075 2789 2162 statimque

245 2163 612 2234 Salvatoris
658 2165 1048 2254 exemplum
1095 2166 1309 2235 virtus
1356 2164 1592 2234 eadem
1648 2177 2009 2252 prosecuta
2056 2176 2180 2233 est.
2234 2165 2486 2253 Auriga
2514 2186 2788 2251 quoque

243 2254 564 2324 Gazensis
611 2254 681 2322 in
731 2276 941 2323 curru
995 2275 1363 2344 percussus
1422 2276 1461 2322 a
1500 2253 1881 2333 daemone,
1939 2264 2119 2322 totus
2170 2253 2516 2343 obriguit:
2573 2254 2663 2322 ita
2715 2264 2790 2323 ut

244 2362 371 2409 nec
423 2364 670 2412 manus
718 2343 1000 2431 agitare,
1058 2365 1179 2412 nec
1225 2342 1556 2413 cervicem
1614 2352 1841 2430 posset
1890 2342 2257 2411 reflectere.
2314 2341 2588 2412 Delatus
2626 2364 2790 2432 ergo

242 2429 314 2499 in
367 2430 561 2513 lect0,
616 2453 773 2501 cum
826 2430 1041 2502 solam
1079 2430 1385 2522 linguam
1427 2432 1723 2501 moveret
1754 2429 1838 2498 ad
1883 2452 2138 2520 preceS,
2178 2431 2371 2501 audit
2414 2453 2546 2501 non
2590 2432 2791 2522 prius

243 2541 444 2608 posse
474 2522 728 2601 sanari,
780 2542 989 2607 quam
1037 2522 1343 2590 crederet
1391 2521 1457 2589 in
1508 2526 1773 2601 Jesum,
1827 2533 1893 2589 et
1942 2541 2013 2589 se
2063 2521 2430 2611 sponderet
2467 2521 2595 2590 arti
2648 2521 2792 2610 pri-

241 2607 464 2678 stinae
493 2610 1090 2680 renunciaturum.
1131 2609 1449 2690 Credidit,
1486 2608 1879 2698 spopondit,
1919 2623 2201 2679 sanatus
2231 2622 2377 2680 est:
2435 2610 2792 2699 magisque

241 2696 328 2765 de
376 2698 672 2779 animae,
727 2721 936 2785 quam
986 2699 1071 2768 de
1117 2699 1449 2789 corporiS,
1489 2698 1711 2768 salute
1759 2696 2108 2767 exultavit.

333 2789 370 2873 ἓ
418 2791 574 2860 lo.
629 2793 979 2857 Praeterea
1023 2787 1440 2859 fortissimus
1480 2786 1784 2878 juvenis,
1840 2787 2119 2855 nomine
2162 2785 2495 2865 Marsitas,
2544 2784 2627 2853 de
2664 2796 2787 2853 ter·

243 2873 480 2945 ritorio
506 2876 995 2966 Jerosolymae,
1055 2889 1321 2946 tantum
1357 2877 1488 2946 sibi
1533 2874 1997 2966 applaudebat
2046 2875 2114 2943 in
2155 2875 2440 2954 viribuS‚
2483 2885 2556 2942 ut
2589 2872 2793 2959 quin-

242 2963 465 3033 decim
516 2964 844 3034 frumenti
885 2965 1153 3037 modios
1200 2965 1325 3035 diu
1375 2966 1712 3055 longeque
1774 2975 2116 3052 portaret:
2170 2975 2235 3031 et
2286 2963 2462 3031 hanc
2514 2962 2796 3031 haberet

245 3051 548 3142 palmam
583 3053 1006 3125 fortitudinis
1054 3078 1242 3136 suae,
1283 3055 1339 3125 si
1379 3054 1612 3123 asinos
1648 3054 1970 3121 vinceret.
2004 3050 2130 3119 Hic
2165 3050 2458 3119 afflictus
2491 3049 2793 3139 pessimo

245 3141 622 3223 daemone,
678 3164 812 3212 non
871 3155 1187 3224 catenas,
1246 3165 1379 3212 non
1430 3141 1844 3231 compedes,
1907 3161 2039 3209 non
2090 3139 2395 3208 claustra
2457 3138 2790 3208 ostiorum

246 3229 514 3320 integra
623 3232 997 3301 atiebatur:
1055 3231 1430 3301 multorum
1485 3251 1735 3299 nasum
1785 3241 1850 3296 et
1896 3249 2099 3297 aures
2158 3228 2503 3298 morsibus
2548 3249 2797 3317 ampu-

247 3330 539 3388 taverat:
630 3341 826 3388 orum
867 3319 1096 3410 pedeS,
1128 3319 1405 3389 illorum
1436 3318 1670 3408 gulam
1702 3317 1842 3352 *u*
1872 3317 2205 3407 fregerat:
2247 3328 2653 3403 tantumque
2687 3317 2798 3385 sui

248 3421 572 3478 terrorem
606 3408 932 3478 omnibus
981 3409 1388 3487 incusserat,
1443 3421 1518 3476 ut
1564 3417 1889 3476 oneratus
1937 3407 2199 3475 catenis
2247 3421 2311 3475 et
2360 3404 2669 3485 funibuS,
2724 3406 2794 3474 in

245 3497 517 3565 diversa
567 3496 931 3566 nitentium
970 3552 984 3577 ,
1037 3497 1236 3584 quasi
1288 3495 1759 3565 ferocissimus
1823 3508 2108 3574 tauruS,
2166 3495 2248 3564 ad
2305 3494 2794 3564 monasterium

246 3585 775 3675 pertraheretur.
824 3589 1036 3668 Quem
1077 3598 1435 3674 postquam
1481 3584 1721 3653 fratres
1760 3584 2009 3664 videre,
2049 3584 2384 3672 perterriti
2413 3583 2795 3672 (eratenim

249 3675 466 3743 mirae
509 3673 1041 3763 magnitudinis)
1078 3675 1582 3743 nunciaverunt
1622 3673 1825 3742 Patri.
1869 3672 1992 3742 Ille
2027 3674 2204 3741 sicut
2254 3673 2553 3752 sedebat,
2589 3672 2802 3760 jussit

249 3784 409 3832 eum
451 3761 535 3830 ad
573 3784 644 3830 se
687 3762 1010 3850 pertrahi,
1050 3776 1115 3832 et
1149 3762 1425 3832 dimitti.
1475 3761 1894 3847 Solutoque:
1950 3784 1986 3827 «
2024 3761 2291 3830 Inclina
2325 3816 2339 3841 ,
2398 3760 2513 3840 ait,
2561 3774 2795 3848 caput,

250 3864 316 3922 et
363 3852 541 3920 veni.
575 3875 610 3916 »
647 3856 958 3921 Tremere
1008 3851 1144 3934 ille,
1182 3863 1249 3921 et
1287 3851 1617 3920 cervicem
1661 3851 1958 3931 flectere,
2006 3872 2131 3919 nec
2171 3849 2531 3939 adspicere
2565 3862 2804 3918 contra

253 3962 509 4009 ausus:
561 3941 889 4027 omnique
937 3940 1283 4010 ferocitate
1324 3940 1635 4030 deposita
1670 3994 1685 4020 ,
1752 3939 1961 4028 pedes
2003 3939 2226 4028 coepit
2282 3937 2580 4007 sedentis
2631 3937 2803 4006 lam-

254 4027 437 4098 bere.
482 4029 849 4120 Adjuratus
885 4029 1112 4116 itaque
1145 4029 1462 4108 daemon,
1509 4041 1573 4097 et
1613 4040 1834 4097 tortus
1874 4027 1994 4114 qui
2024 4029 2345 4115 juvenem
2382 4026 2797 4115 possederat,

255 4119 548 4207 septima
572 4118 685 4187 die
708 4141 1027 4209 egressus
1056 4130 1180 4188 est.
1216 4119 1342 4188 Sed
1377 4139 1497 4187 nec
1529 4116 1705 4186 illud
1737 4117 2104 4186 tacendum
2133 4127 2255 4197 est,
2294 4116 2476 4203 quod
2511 4116 2805 4186 Orionus

312 4260 339 4286 ’⁸'
367 4258 456 4300 Ani
476 4264 659 4310 melius,
679 4265 898 4312 ardentia,
917 4264 1095 4312 legunt.

312 4313 368 4339 ⁸*
395 4313 497 4361 Alii,
514 4318 787 4367 consignans,
807 4318 929 4357 idest
948 4319 1068 4366 cayno
1089 4317 1230 4357 cructs
1249 4315 1506 4362 benedicens.
1528 4316 1718 4367 legunt:
1743 4316 1870 4365 quod
1886 4316 2080 4358 videtur
2098 4312 2413 4358 retinendum.

313 4366 396 4393 *η*
425 4369 558 4408 Nunc
582 4374 779 4411 vocatur
807 4372 860 4409 12⁴1
889 4373 1041 4411 Ariah.

309 4419 422 4447 *Μ’*
450 4422 540 4460 Alii
558 4435 696 4462 crura
715 4424 896 4473 legunt.

421 4505 659 4562 Sul-ius
690 4536 713 4549 -
751 4504 918 4567 Vitae
947 4504 1052 4568 SS.
1082 4538 1109 4552 -
1136 4504 1273 4568 Vol.
1303 4504 1377 4567 X.
2578 4501 2655 4564 39
