3347 4999
711 330 838 395 602
1507 348 1584 394 ns
1632 348 1689 393 s.
1741 346 2014 394 Anrssmo
2063 346 2250 394 nar.
2836 328 3009 394 OCT.
3063 330 3152 394 20

622 432 691 501 in
745 431 967 501 medio
1018 442 1359 520 petrarum
1434 442 1643 500 totum
1707 431 1887 499 diem
1951 443 2016 499 et
2085 442 2352 501 noctem
2420 430 2786 500 mansisset
2850 436 3148 520 Martyr‚

619 521 817 593 iussit
857 521 1224 590 sceleratus
1259 519 1592 590 Julianus
1621 519 1931 610 disjungi
1971 533 2218 609 petraS,
2256 541 2413 590 eum
2454 519 2727 609 penitus
2775 519 3144 602 interiisse,

619 622 685 679 et
733 608 992 678 nullam
1043 632 1075 677 s
1129 609 1328 677 iritus
1376 619 1631 699 partem
1684 630 1829 679 esse
1864 609 1925 679 ei
1976 608 2277 678 relictam
2323 630 2483 698 prae
2517 608 2634 677 illo
2683 608 2896 676 nimio
2943 630 3152 679 onere

617 698 984 768 arbitrans.
1039 698 1163 767 Ile
1208 709 1431 767 autem
1483 708 1754 767 amotus
1801 720 1839 765 a
1891 698 2137 788 petris,
2189 719 2506 788 egressus
2559 709 2699 776 est,
2772 696 3144 780 incedam,

619 798 685 856 et
730 786 875 856 suis
923 799 1123 856 utens
1171 787 1486 877 pedibu5‚
1541 807 1612 855 re
1662 789 1816 855 vera
1845 786 2257 856 miraculum
2296 785 2589 855 maxime
2622 784 3143 855 admirandum.

619 880 838 944 Homo
872 875 1126 955 nudus,
1162 877 1274 945 cui
1322 875 1579 965 egressi
1612 875 1889 961 quidem
1920 889 2111 944 erant
2143 873 2348 956 oculi,
2386 896 2539 944 ossa
2571 874 2886 953 contrita,
2929 896 3153 944 mem-

622 965 742 1034 bra
801 977 865 1033 et
920 986 1162 1035 carnes
1227 977 1569 1055 petrarum
1622 962 2149 1054 complicatione
2216 985 2648 1054 compressa,
2710 963 2859 1053 ejus
2913 978 3146 1034 autem

621 1052 943 1122 intestina
993 1053 1225 1122 omnia
1257 1054 1503 1121 misere
1547 1052 1981 1122 effluxerant:
2021 1053 2079 1121 is
2105 1054 2177 1141 (o
2226 1073 2477 1120 novum
2527 1065 2592 1121 et
2638 1049 2941 1121 alienum
2994 1073 3154 1141 spe-

622 1140 967 1211 ctaculum
997 1142 1047 1230 l)
1092 1141 1490 1211 ambulabat
1535 1154 1608 1210 et.
1647 1141 2046 1219 disserebat,
2091 1154 2155 1210 et
2203 1139 2610 1228 loquebatur
2644 1141 2974 1210 adversus
3024 1145 3155 1228 Ty-

622 1251 946 1300 rannum.
988 1230 1177 1299 Unde
1225 1230 1284 1298 is
1330 1252 1603 1317 quoque
1651 1245 1927 1319 stupore
1975 1229 2440 1304 afficiebatur.
2493 1243 2570 1299 ut
2614 1230 2735 1319 qui
2785 1234 3151 1317 Martyrem

623 1331 970 1405 tamquam
1024 1330 1408 1389 monstrum
1459 1319 1734 1406 aliquod
1770 1332 2116 1388 cerneret:
2157 1330 2222 1387 et
2254 1318 2524 1388 dicebat
2550 1319 2631 1386 iis
2664 1318 2785 1405 qui
2818 1316 3146 1387 aderant:

625 1430 659 1473 «
694 1406 924 1476 Videte
974 1429 1110 1477 rem
1164 1407 1365 1497 plane
1414 1429 1686 1485 novam,
1740 1420 1805 1476 et
1855 1408 2123 1497 plenam
2170 1408 2490 1498 prodigii.
2546 1411 2685 1476 Non
2737 1419 2841 1476 est
2879 1407 3002 1475 iste
3036 1428 3151 1475 ve-

622 1494 882 1565 neficus
939 1508 1003 1565 et
1062 1497 1308 1586 praesti
1365 1496 1578 1565 iator?
1624 1501 1748 1565 Per
1811 1495 2230 1567 immortales
2277 1508 2344 1565 et
2406 1496 2693 1565 invictos
2741 1494 2952 1577 deOS,
3007 1516 3147 1564 non

624 1584 984 1685 putabam,
1025 1607 1064 1653 o
1130 1586 1279 1666 viri,
1381 1607 1517 1654 unc
1563 1584 2019 1655 execrandum
2072 1584 2297 1653 adbuc
2345 1586 2586 1654 vivere.
2642 1589 2708 1653 Is
2755 1596 3006 1664 autem,
3078 1595 3152 1654 et

622 1673 1007 1753 intestinis,
1070 1687 1137 1743 et
1183 1675 1497 1743 universa
1547 1696 1878 1763 compage
1925 1674 1983 1742 ei
2036 1671 2414 1754 dissoluta,
2470 1687 2533 1742 et
2580 1672 2860 1752 incedit,
2924 1686 2987 1740 et
3047 1671 3149 1743 lo·

619 1761 879 1848 quitur.
936 1762 1058 1831 Sed
1111 1762 1206 1832 dii
1254 1784 1412 1832 eum
1465 1774 1899 1831 reservarunt
1946 1761 2028 1830 ad
2084 1760 2456 1831 multorum
2503 1761 2946 1849 insipientum
2999 1781 3150 1830 cor·

623 1850 1015 1932 rectionem,
1067 1865 1145 1922 ut
1190 1863 1366 1922 esset
1414 1849 1812 1921 teri-iculum
1865 1851 1989 1931 iis,
2043 1853 2160 1938 qui
2211 1872 2446 1921 eorum
2498 1849 3150 1941 supermundanam

623 1960 755 2007 non
809 1939 1093 2009 adorant
1141 1941 1535 2030 potentiam.
1577 1963 1614 2006 »

659 2054 664 2059 ·
710 2031 745 2113 ξ
793 2033 948 2100 42.
1005 2030 1111 2098 Sic
1160 2031 1348 2110 dixit,
1386 2042 1450 2098 et
1498 2028 1817 2117 Martyri:
1858 2050 1892 2094 «
1923 2032 2089 2098 Ecce
2140 2029 2368 2108 miser,
2410 2028 2658 2115 inquit,
2699 2040 2762 2096 et
2808 2026 3034 2097 oculis
3076 2048 3149 2097 es

622 2118 962 2205 privatu5‚
1022 2129 1085 2186 et
1133 2132 1292 2187 sunt
1341 2118 1461 2188 tibi
1513 2118 1820 2186 membra
1869 2117 2100 2187 omnia
2154 2116 2421 2186 inutilia
2470 2131 2535 2187 et
2584 2115 2869 2208 perdita.
2925 2121 3148 2198 Quae-

623 2226 780 2272 nam
822 2220 983 2294 ergo
1015 2228 1172 2297 spes
1218 2218 1318 2276 est
1367 2207 1594 2275 adbuc
1629 2207 1749 2275 tibi
1794 2206 2104 2293 reliqua?
2139 2210 2213 2274 In
2243 2227 2445 2293 quem
2484 2204 2771 2295 sperasti
2807 2205 3151 2273 inaniter?

622 2292 747 2361 Sed
800 2292 1082 2362 deorum
1136 2296 1443 2364 invocata
1497 2295 1937 2385 benignitate,
1995 2294 2078 2363 ad
2130 2315 2244 2364 eos
2291 2295 2558 2365 accede.
2612 2294 2799 2363 Fient
2847 2292 2969 2362 tibi
3020 2293 3148 2363 ior-

622 2394 799 2450 tasse
834 2383 1133 2472 propitii,
1177 2396 1241 2452 et
1273 2405 1403 2476 non
1443 2383 1711 2452 tradent
1750 2396 1811 2451 te
1843 2385 2153 2470 iiS,quae
2187 2396 2347 2453 sunt
2377 2383 2554 2473 apud
2593 2381 2844 2452 inferos
2880 2380 3148 2472 suppli-

621 2469 831 2539 ciis.»
889 2476 1139 2562 Martyr
1184 2486 1408 2542 autem
1454 2472 1700 2542 Christi
1748 2494 1903 2542 curn
1957 2471 2287 2542 audiisset
2334 2471 2783 2563 supplicium,
2829 2469 3141 2548 subrisit,

619 2572 686 2628 et
713 2559 884 2628 dixit
913 2567 1269 2652 Tyranno:
1307 2585 1342 2629 «
1383 2563 1477 2630 Dii
1512 2563 1606 2630 tui
1638 2583 1743 2630 me
1772 2562 2037 2631 tradent
2072 2561 2471 2652 suppliciis?
2501 2567 2577 2630 Et
2603 2581 2901 2648 quonam
2942 2560 3147 2630 modo

621 2647 724 2716 illi
772 2670 928 2717 cum
980 2672 1140 2720 suas
1174 2672 1427 2741 poenas
1463 2672 1595 2720 non
1632 2651 2021 2741 effugerint,
2056 2651 2219 2719 fient
2251 2650 2540 2719 aliorum
2581 2650 2965 2740 punitores?
3001 2648 3146 2719 lllis

622 2750 902 2826 paratus
949 2750 1049 2808 est
1096 2741 1273 2830 ignis
1317 2753 1677 2809 aeternus:
1715 2739 1855 2808 illis
1888 2752 2187 2808 tartarus
2220 2752 2285 2808 et
2318 2738 2569 2808 stridor
2606 2738 2939 2807 dentium.
2976 2742 3145 2808 Cum

620 2826 877 2913 quibus
924 2827 1071 2917 ipse
1115 2850 1388 2917 quoque
1440 2829 1728 2900 traderis
1777 2830 1918 2919 igni
1971 2827 2432 2907 immateriali,
2486 2828 2556 2910 ia
2604 2839 2959 2897 aeternum
3019 2849 3143 2916 pu-

623 2915 962 2986 niendus:
1015 2919 1341 3005 quoniam
1396 2917 1639 2986 Filium
1699 2918 1805 2986 Dei
1857 2916 2300 2998 conculcasti,
2357 2917 2727 3006 pretiosum
2780 2914 2935 3002 ejus
2984 2937 3144 2984 san-

619 3007 927 3094 guinem,
970 3027 1352 3164 quemflpro
1403 3008 1600 3077 nobis
1647 3007 1912 3086 effudit,
1968 3027 2403 3076 communem
2433 3005 2873 3075 existimans:
2907 3018 2972 3073 et
3007 3005 3141 3104 spi:

622 3094 829 3163 ritum
859 3097 1117 3184 gratiae
1151 3119 1187 3165 a
1242 3097 1433 3165 ecisti
1473 3095 1916 3176 contumelia,
1950 3096 2017 3164 in
2054 3117 2190 3182 quo
2230 3095 2415 3164 suisti
2449 3092 2941 3164 sanctificatus.
2981 3092 3142 3160 M1h1

620 3195 844 3252 autem
898 3205 1022 3272 pro
1066 3207 1270 3272 parvo
1318 3185 1443 3255 hoc
1495 3185 1725 3254 labore
1771 3197 1835 3254 et
1885 3185 2066 3255 brevi
2123 3185 2456 3262 cruciatu,
2513 3182 2865 3251 dabuntur
2929 3180 3143 3250 multa

619 3271 797 3340 dona
861 3285 925 3340 et
973 3272 1329 3362 splendida
1365 3329 1379 3351 ,
1437 3287 1501 3343 et
1547 3296 1836 3343 coronae
1886 3274 2227 3343 victoriae.
2285 3272 2407 3341 Sed
2458 3270 2623 3358 quid
2678 3271 2845 3339 haec
2893 3269 2976 3338 ad
3032 3284 3134 3351 te,

617 3360 737 3445 qui
788 3372 848 3426 te
895 3362 1175 3431 omnino
1204 3362 1540 3433 tradidisti
1569 3362 2069 3433 daemonibus?
2097 3360 2373 3431 Discede
2404 3381 2566 3450 ergo
2593 3382 2632 3429 a
2669 3380 2800 3438 me,
2837 3357 3130 3440 discede,

621 3458 936 3536 operator
981 3448 1403 3537 iniquitatis:
1460 3454 1783 3538 quoniam
1840 3451 2027 3521 nulla
2086 3462 2186 3519 est
2231 3449 2369 3518 luci
2420 3449 2706 3520 societas
2753 3467 2912 3516 cum
2942 3459 3134 3544 ‚tene-

622 3535 798 3605 bris:
835 3549 900 3605 et
932 3558 1442 3626 quamcumque
1484 3540 1671 3619 veliS,
1727 3539 1825 3608 fer
1863 3541 1930 3609 in
1973 3562 2097 3610 nos
2145 3538 2573 3610 sententiam.
2638 3543 2789 3606 Jam
2844 3555 3021 3603 enim
3069 3545 3135 3602 et

621 3625 867 3706 verbis,
911 3639 975 3693 et
1022 3625 1219 3696 factis
1265 3649 1338 3698 es
1370 3629 1618 3698 certior
1649 3628 1892 3710 factus,
1938 3651 2041 3698 me
2089 3640 2245 3697 tuae
2291 3626 2625 3697 voluntati
2677 3622 2963 3692 minime
2992 3644 3139 3694 esse

618 3735 1007 3784 cessurum.
1049 3739 1086 3782 »

702 3805 739 3890 ξ
784 3806 940 3875 48.
993 3809 1172 3875 Haec
1219 3827 1375 3874 cum
1429 3805 1764 3895 audiisse-t
1808 3805 2225 3896 foedifragus
2269 3804 2624 3884 Julianus,
2675 3815 2741 3873 et
2787 3815 2967 3873 esset
3000 3822 3145 3902 omj

617 3892 779 3962 nino
828 3894 895 3961 in
948 3915 1289 3963 summam
1343 3893 1685 3965 adductus
1723 3893 2259 3965 dubitationem:
2301 3892 2727 3973 «Artemius»,
2774 3891 2969 3968 dixit,
3023 3910 3141 3977 qu1

613 3981 901 4051 deorum
938 3983 1300 4072 abnegavit
1348 3982 1771 4073 religionem,
1833 3984 2159 4054 Romanis
2197 3994 2424 4052 autem
2474 3993 2540 4050 et
2589 3980 2842 4051 nostris
2889 3977 3146 4049 relictis

615 4071 1019 4151 rationibus,
1081 4094 1201 4160 pro
1235 4078 1542 4143 Romano
1588 4085 1652 4142 et
1687 4076 1937 4143 Graeco
1971 4072 2217 4142 maluit
2261 4070 2398 4140 dici
2448 4070 2899 4146 Christianus,
2932 4079 3000 4136 et
3025 4085 3146 4156 pro

617 4162 798 4227 Duce
843 4173 908 4229 et
954 4162 1307 4250 Augustali
1359 4161 1705 4231 Galilaeus
1755 4162 1973 4253 magis
2022 4160 2248 4230 studet
2295 4158 2663 4238 nominari,
2716 4156 2948 4257 gladio
2997 4176 3147 4225 exe·

613 4246 944 4317 crandum
999 4249 1245 4319 habeat
1291 4262 1499 4338 caput
1545 4263 2073 4341 amputatum.»
2122 4254 2313 4318 Hanc
2359 4269 2517 4316 cum
2573 4257 2977 4316 sententiam
3032 4267 3147 4314 ac—

613 4335 905 4425 cepisset
951 4343 1203 4427 Martyr
1249 4338 1519 4419 Christi,
1571 4340 1733 4409 exiit
1782 4339 2001 4408 laetus
2060 4360 2096 4407 e
2145 4334 2496 4417 tribunali,
2562 4349 2627 4404 et
2672 4332 2993 4403 alacriter
3041 4355 3151 4404 se·

611 4445 830 4511 quens
876 4447 992 4498 eos
1035 4427 1159 4514 qui
1205 4427 1662 4497 abducebant.
1708 4432 2069 4515 Postquam
2108 4440 2333 4497 autem
2396 4424 2701 4515 pervenit
2746 4421 2831 4492 ad
2881 4420 3147 4501 locum,
