<?xml version="1.0" encoding="UTF-8"?>
<!DOCTYPE html PUBLIC "-//W3C//DTD XHTML 1.0 Transitional//EN"
    "http://www.w3.org/TR/xhtml1/DTD/xhtml1-transitional.dtd">
<html xmlns="http://www.w3.org/1999/xhtml" xml:lang="en" lang="en">
 <head>
  <title>
</title>
<meta http-equiv="Content-Type" content="text/html;charset=utf-8" />
  <meta name='ocr-system' content='tesseract 3.04.00' />
  <meta name='ocr-capabilities' content='ocr_page ocr_carea ocr_par ocr_line ocrx_word'/>
</head>
<body>
  <div class='ocr_page' id='page_1' title='image "./historiaeseuvit03lippgoog_0939.png"; bbox 0 0 3347 4999; ppageno 0'>
   <div class='ocr_carea' id='block_1_1' title="bbox 214 338 2686 407">
    <p class='ocr_par' dir='ltr' id='par_1_1' title="bbox 214 338 2686 407">
     <span class='ocr_line' id='line_1_1' title="bbox 214 338 2686 407; baseline -0.001 -1"><span class='ocrx_word' id='word_1_1' title='bbox 214 341 395 407; x_wconf 82' lang='lat' dir='ltr'><strong>OCT.</strong></span> <span class='ocrx_word' id='word_1_2' title='bbox 447 340 519 404; x_wconf 64' lang='lat'>3⁴</span> <span class='ocrx_word' id='word_1_3' title='bbox 889 358 968 402; x_wconf 73' lang='lat' dir='ltr'>oa</span> <span class='ocrx_word' id='word_1_4' title='bbox 1015 357 1073 402; x_wconf 91' lang='lat' dir='ltr'>s.</span> <span class='ocrx_word' id='word_1_5' title='bbox 1111 355 1504 403; x_wconf 65' lang='lat' dir='ltr'>wonrsmso</span> <span class='ocrx_word' id='word_1_6' title='bbox 1544 356 1643 401; x_wconf 72' lang='lat' dir='ltr'>nr.</span> <span class='ocrx_word' id='word_1_7' title='bbox 1684 355 2101 403; x_wconf 62' lang='lat' dir='ltr'>anismam.</span> <span class='ocrx_word' id='word_1_8' title='bbox 2555 338 2686 403; x_wconf 77' lang='lat'>759</span> 
     </span>
    </p>
   </div>
   <div class='ocr_carea' id='block_1_2' title="bbox 217 437 2791 4346">
    <p class='ocr_par' dir='ltr' id='par_1_2' title="bbox 218 437 2779 2037">
     <span class='ocr_line' id='line_1_2' title="bbox 223 437 2775 514; baseline -0.002 0"><span class='ocrx_word' id='word_1_9' title='bbox 223 462 571 514; x_wconf 84' lang='lat' dir='ltr'>servorum</span> <span class='ocrx_word' id='word_1_10' title='bbox 602 439 712 509; x_wconf 89' lang='lat' dir='ltr'>Dei</span> <span class='ocrx_word' id='word_1_11' title='bbox 742 439 985 509; x_wconf 91' lang='lat' dir='ltr'>usibus</span> <span class='ocrx_word' id='word_1_12' title='bbox 1014 439 1240 508; x_wconf 87' lang='lat' dir='ltr'>modis</span> <span class='ocrx_word' id='word_1_13' title='bbox 1263 439 1594 508; x_wconf 87' lang='lat' dir='ltr'>omnibus</span> <span class='ocrx_word' id='word_1_14' title='bbox 1619 460 2025 508; x_wconf 87' lang='lat' dir='ltr'>conservare</span> <span class='ocrx_word' id='word_1_15' title='bbox 2058 437 2233 507; x_wconf 88' lang='lat' dir='ltr'>volo.</span> <span class='ocrx_word' id='word_1_16' title='bbox 2257 443 2357 508; x_wconf 88' lang='lat' dir='ltr'>Ita</span> <span class='ocrx_word' id='word_1_17' title='bbox 2380 439 2566 509; x_wconf 90' lang='lat' dir='ltr'>enim</span> <span class='ocrx_word' id='word_1_18' title='bbox 2601 439 2775 508; x_wconf 86' lang='lat' dir='ltr'>mihi</span> 
     </span>
     <span class='ocr_line' id='line_1_3' title="bbox 220 525 2772 614; baseline -0.002 -13"><span class='ocrx_word' id='word_1_19' title='bbox 220 531 325 601; x_wconf 78' lang='lat' dir='ltr'>vel</span> <span class='ocrx_word' id='word_1_20' title='bbox 363 529 657 599; x_wconf 83' lang='lat' dir='ltr'>maxime</span> <span class='ocrx_word' id='word_1_21' title='bbox 696 528 852 598; x_wconf 88' lang='lat' dir='ltr'>usui</span> <span class='ocrx_word' id='word_1_22' title='bbox 901 540 1106 597; x_wconf 90' lang='lat' dir='ltr'>erunt</span> <span class='ocrx_word' id='word_1_23' title='bbox 1150 540 1217 597; x_wconf 90' lang='lat' dir='ltr'>et</span> <span class='ocrx_word' id='word_1_24' title='bbox 1270 526 1762 609; x_wconf 91' lang='lat' dir='ltr'>emolumento,</span> <span class='ocrx_word' id='word_1_25' title='bbox 1816 526 1873 597; x_wconf 89' lang='lat' dir='ltr'>si</span> <span class='ocrx_word' id='word_1_26' title='bbox 1926 525 2090 607; x_wconf 87' lang='lat' dir='ltr'>illis,</span> <span class='ocrx_word' id='word_1_27' title='bbox 2143 526 2401 614; x_wconf 89' lang='lat' dir='ltr'>quibus</span> <span class='ocrx_word' id='word_1_28' title='bbox 2448 527 2532 596; x_wconf 91' lang='lat' dir='ltr'>de</span> <span class='ocrx_word' id='word_1_29' title='bbox 2588 540 2772 598; x_wconf 87' lang='lat' dir='ltr'>utata</span> 
     </span>
     <span class='ocr_line' id='line_1_4' title="bbox 222 614 2778 706; baseline -0.002 -16"><span class='ocrx_word' id='word_1_30' title='bbox 222 617 825 706; x_wconf 87' lang='lat' dir='ltr'>sunt,quibusque</span> <span class='ocrx_word' id='word_1_31' title='bbox 854 615 1124 686; x_wconf 86' lang='lat' dir='ltr'>constat</span> <span class='ocrx_word' id='word_1_32' title='bbox 1156 614 1315 686; x_wconf 89' lang='lat' dir='ltr'>inde</span> <span class='ocrx_word' id='word_1_33' title='bbox 1353 616 1653 706; x_wconf 76' lang='lat' dir='ltr'>prospici</span> <span class='ocrx_word' id='word_1_34' title='bbox 1675 629 1741 687; x_wconf 90' lang='lat' dir='ltr'>et</span> <span class='ocrx_word' id='word_1_35' title='bbox 1773 615 2112 705; x_wconf 88' lang='lat' dir='ltr'>provideri</span> <span class='ocrx_word' id='word_1_36' title='bbox 2133 628 2468 705; x_wconf 77' lang='lat' dir='ltr'>oportere,</span> <span class='ocrx_word' id='word_1_37' title='bbox 2498 638 2535 684; x_wconf 88' lang='lat' dir='ltr'>a</span> <span class='ocrx_word' id='word_1_38' title='bbox 2592 616 2778 687; x_wconf 90' lang='lat' dir='ltr'>unde</span> 
     </span>
     <span class='ocr_line' id='line_1_5' title="bbox 222 703 2768 798; baseline -0.002 -20"><span class='ocrx_word' id='word_1_39' title='bbox 222 706 786 798; x_wconf 80' lang='lat' dir='ltr'><strong>impendantur.»</strong></span> <span class='ocrx_word' id='word_1_40' title='bbox 836 710 1015 775; x_wconf 82' lang='lat' dir='ltr'>Haec</span> <span class='ocrx_word' id='word_1_41' title='bbox 1064 718 1129 774; x_wconf 92' lang='lat' dir='ltr'>et</span> <span class='ocrx_word' id='word_1_42' title='bbox 1178 704 1245 774; x_wconf 91' lang='lat' dir='ltr'>id</span> <span class='ocrx_word' id='word_1_43' title='bbox 1297 726 1518 796; x_wconf 84' lang='lat' dir='ltr'>genus</span> <span class='ocrx_word' id='word_1_44' title='bbox 1566 705 1704 773; x_wconf 88' lang='lat' dir='ltr'>alia</span> <span class='ocrx_word' id='word_1_45' title='bbox 1754 703 1969 774; x_wconf 90' lang='lat' dir='ltr'>multa</span> <span class='ocrx_word' id='word_1_46' title='bbox 2019 704 2292 774; x_wconf 80' lang='lat' dir='ltr'>dicente</span> <span class='ocrx_word' id='word_1_47' title='bbox 2333 708 2525 775; x_wconf 90' lang='lat' dir='ltr'>beato</span> <span class='ocrx_word' id='word_1_48' title='bbox 2564 705 2768 776; x_wconf 82' lang='lat' dir='ltr'>Wolf·</span> 
     </span>
     <span class='ocr_line' id='line_1_6' title="bbox 226 792 2773 895; baseline -0.001 -29"><span class='ocrx_word' id='word_1_49' title='bbox 226 819 479 889; x_wconf 81' lang='lat' dir='ltr'>gangO,</span> <span class='ocrx_word' id='word_1_50' title='bbox 533 796 702 865; x_wconf 88' lang='lat' dir='ltr'>adeo</span> <span class='ocrx_word' id='word_1_51' title='bbox 751 794 1180 864; x_wconf 88' lang='lat' dir='ltr'>obstructum</span> <span class='ocrx_word' id='word_1_52' title='bbox 1213 806 1316 863; x_wconf 91' lang='lat' dir='ltr'>est</span> <span class='ocrx_word' id='word_1_53' title='bbox 1352 815 1430 864; x_wconf 89' lang='lat' dir='ltr'>os</span> <span class='ocrx_word' id='word_1_54' title='bbox 1463 792 1890 880; x_wconf 86' lang='lat' dir='ltr'>loquentium</span> <span class='ocrx_word' id='word_1_55' title='bbox 1941 794 2206 881; x_wconf 88' lang='lat' dir='ltr'>iniqua,</span> <span class='ocrx_word' id='word_1_56' title='bbox 2250 808 2326 863; x_wconf 91' lang='lat' dir='ltr'>ut</span> <span class='ocrx_word' id='word_1_57' title='bbox 2360 794 2541 881; x_wconf 87' lang='lat' dir='ltr'>quod</span> <span class='ocrx_word' id='word_1_58' title='bbox 2580 795 2773 895; x_wconf 82' lang='lat' dir='ltr'>prius</span> 
     </span>
     <span class='ocr_line' id='line_1_7' title="bbox 218 881 2774 976; baseline -0.002 -20"><span class='ocrx_word' id='word_1_59' title='bbox 218 884 651 976; x_wconf 85' lang='lat' dir='ltr'>carpendum</span> <span class='ocrx_word' id='word_1_60' title='bbox 705 894 1169 972; x_wconf 88' lang='lat' dir='ltr'>sumpserant,</span> <span class='ocrx_word' id='word_1_61' title='bbox 1213 881 1362 971; x_wconf 81' lang='lat' dir='ltr'>jam</span> <span class='ocrx_word' id='word_1_62' title='bbox 1410 882 1685 974; x_wconf 77' lang='lat' dir='ltr'>egregie</span> <span class='ocrx_word' id='word_1_63' title='bbox 1729 882 2332 964; x_wconf 80' lang='lat' dir='ltr'>commendarent,</span> <span class='ocrx_word' id='word_1_64' title='bbox 2398 883 2486 952; x_wconf 90' lang='lat' dir='ltr'>ita</span> <span class='ocrx_word' id='word_1_65' title='bbox 2537 882 2774 952; x_wconf 78' lang='lat' dir='ltr'>dicen-</span> 
     </span>
     <span class='ocr_line' id='line_1_8' title="bbox 225 971 2773 1062; baseline -0.002 -18"><span class='ocrx_word' id='word_1_66' title='bbox 225 986 362 1045; x_wconf 82' lang='lat' dir='ltr'>tes:</span> <span class='ocrx_word' id='word_1_67' title='bbox 411 997 447 1041; x_wconf 84' lang='lat'><strong>«</strong></span> <span class='ocrx_word' id='word_1_68' title='bbox 480 972 821 1042; x_wconf 85' lang='lat' dir='ltr'>Humanis</span> <span class='ocrx_word' id='word_1_69' title='bbox 868 972 1125 1052; x_wconf 89' lang='lat' dir='ltr'>divina,</span> <span class='ocrx_word' id='word_1_70' title='bbox 1163 985 1240 1041; x_wconf 90' lang='lat' dir='ltr'>ut</span> <span class='ocrx_word' id='word_1_71' title='bbox 1273 992 1396 1062; x_wconf 89' lang='lat' dir='ltr'>par</span> <span class='ocrx_word' id='word_1_72' title='bbox 1440 984 1566 1052; x_wconf 88' lang='lat' dir='ltr'>est,</span> <span class='ocrx_word' id='word_1_73' title='bbox 1609 971 2019 1061; x_wconf 85' lang='lat' dir='ltr'>praetulisti;</span> <span class='ocrx_word' id='word_1_74' title='bbox 2048 971 2354 1058; x_wconf 87' lang='lat' dir='ltr'>satisque</span> <span class='ocrx_word' id='word_1_75' title='bbox 2391 986 2457 1041; x_wconf 88' lang='lat' dir='ltr'>et</span> <span class='ocrx_word' id='word_1_76' title='bbox 2505 984 2773 1041; x_wconf 84' lang='lat' dir='ltr'>nostras</span> 
     </span>
     <span class='ocr_line' id='line_1_9' title="bbox 221 1058 2775 1153; baseline -0.002 -20"><span class='ocrx_word' id='word_1_77' title='bbox 221 1083 529 1153; x_wconf 79' lang='lat' dir='ltr'>nugaces</span> <span class='ocrx_word' id='word_1_78' title='bbox 559 1060 929 1131; x_wconf 75' lang='lat' dir='ltr'>confutasti</span> <span class='ocrx_word' id='word_1_79' title='bbox 979 1061 1298 1142; x_wconf 79' lang='lat' dir='ltr'>rationeS,</span> <span class='ocrx_word' id='word_1_80' title='bbox 1352 1072 1419 1130; x_wconf 85' lang='lat' dir='ltr'>et</span> <span class='ocrx_word' id='word_1_81' title='bbox 1469 1073 1657 1130; x_wconf 89' lang='lat' dir='ltr'>tuam</span> <span class='ocrx_word' id='word_1_82' title='bbox 1709 1060 2030 1130; x_wconf 80' lang='lat' dir='ltr'>eximiam</span> <span class='ocrx_word' id='word_1_83' title='bbox 2087 1060 2498 1150; x_wconf 84' lang='lat' dir='ltr'>sapientiam</span> <span class='ocrx_word' id='word_1_84' title='bbox 2548 1058 2775 1130; x_wconf 90' lang='lat' dir='ltr'>decla-</span> 
     </span>
     <span class='ocr_line' id='line_1_10' title="bbox 222 1148 2767 1240; baseline -0.002 -18"><span class='ocrx_word' id='word_1_85' title='bbox 222 1153 414 1222; x_wconf 75' lang='lat' dir='ltr'>rasti.</span> <span class='ocrx_word' id='word_1_86' title='bbox 468 1149 650 1220; x_wconf 87' lang='lat' dir='ltr'>Nihil</span> <span class='ocrx_word' id='word_1_87' title='bbox 705 1150 850 1238; x_wconf 86' lang='lat' dir='ltr'>jam</span> <span class='ocrx_word' id='word_1_88' title='bbox 916 1163 1253 1240; x_wconf 84' lang='lat' dir='ltr'>superest,</span> <span class='ocrx_word' id='word_1_89' title='bbox 1311 1148 1442 1218; x_wconf 89' lang='lat' dir='ltr'>nisi</span> <span class='ocrx_word' id='word_1_90' title='bbox 1501 1162 1576 1218; x_wconf 91' lang='lat' dir='ltr'>ut</span> <span class='ocrx_word' id='word_1_91' title='bbox 1627 1148 1879 1239; x_wconf 89' lang='lat' dir='ltr'>pariter</span> <span class='ocrx_word' id='word_1_92' title='bbox 1937 1148 2305 1219; x_wconf 89' lang='lat' dir='ltr'>laudemus</span> <span class='ocrx_word' id='word_1_93' title='bbox 2354 1154 2592 1229; x_wconf 90' lang='lat' dir='ltr'>Deum,</span> <span class='ocrx_word' id='word_1_94' title='bbox 2649 1148 2767 1236; x_wconf 90' lang='lat' dir='ltr'>qui</span> 
     </span>
     <span class='ocr_line' id='line_1_11' title="bbox 224 1237 2768 1329; baseline -0.001 -19"><span class='ocrx_word' id='word_1_95' title='bbox 224 1239 572 1310; x_wconf 83' lang='lat' dir='ltr'>Ecclesiae</span> <span class='ocrx_word' id='word_1_96' title='bbox 618 1260 782 1309; x_wconf 88' lang='lat' dir='ltr'>suae</span> <span class='ocrx_word' id='word_1_97' title='bbox 832 1251 895 1308; x_wconf 91' lang='lat' dir='ltr'>te</span> <span class='ocrx_word' id='word_1_98' title='bbox 940 1237 1129 1308; x_wconf 87' lang='lat' dir='ltr'>dedit</span> <span class='ocrx_word' id='word_1_99' title='bbox 1175 1237 1671 1329; x_wconf 85' lang='lat' dir='ltr'>dignissimum</span> <span class='ocrx_word' id='word_1_100' title='bbox 1725 1237 2138 1327; x_wconf 84' lang='lat' dir='ltr'>praesulem.</span> <span class='ocrx_word' id='word_1_101' title='bbox 2185 1243 2262 1307; x_wconf 90' lang='lat' dir='ltr'>Et</span> <span class='ocrx_word' id='word_1_102' title='bbox 2292 1237 2452 1326; x_wconf 86' lang='lat' dir='ltr'>jure</span> <span class='ocrx_word' id='word_1_103' title='bbox 2483 1237 2768 1326; x_wconf 88' lang='lat' dir='ltr'>quidem</span> 
     </span>
     <span class='ocr_line' id='line_1_12' title="bbox 226 1325 2775 1417; baseline -0.001 -19"><span class='ocrx_word' id='word_1_104' title='bbox 226 1328 426 1398; x_wconf 84' lang='lat' dir='ltr'>illurn</span> <span class='ocrx_word' id='word_1_105' title='bbox 479 1327 851 1397; x_wconf 87' lang='lat' dir='ltr'>laudamus</span> <span class='ocrx_word' id='word_1_106' title='bbox 886 1327 953 1395; x_wconf 88' lang='lat' dir='ltr'>in</span> <span class='ocrx_word' id='word_1_107' title='bbox 997 1325 1253 1408; x_wconf 89' lang='lat' dir='ltr'>secula,</span> <span class='ocrx_word' id='word_1_108' title='bbox 1305 1337 1373 1395; x_wconf 88' lang='lat' dir='ltr'>et</span> <span class='ocrx_word' id='word_1_109' title='bbox 1413 1326 1535 1396; x_wconf 89' lang='lat' dir='ltr'>tibi</span> <span class='ocrx_word' id='word_1_110' title='bbox 1588 1326 1926 1417; x_wconf 84' lang='lat' dir='ltr'>promptis</span> <span class='ocrx_word' id='word_1_111' title='bbox 1956 1327 2211 1398; x_wconf 89' lang='lat' dir='ltr'>animis</span> <span class='ocrx_word' id='word_1_112' title='bbox 2258 1326 2342 1395; x_wconf 90' lang='lat' dir='ltr'>ad</span> <span class='ocrx_word' id='word_1_113' title='bbox 2395 1327 2631 1397; x_wconf 90' lang='lat' dir='ltr'>omnia</span> <span class='ocrx_word' id='word_1_114' title='bbox 2659 1348 2775 1417; x_wconf 90' lang='lat' dir='ltr'>pa-</span> 
     </span>
     <span class='ocr_line' id='line_1_13' title="bbox 225 1415 2774 1507; baseline -0 -20"><span class='ocrx_word' id='word_1_115' title='bbox 225 1438 545 1487; x_wconf 79' lang='lat' dir='ltr'>remus.»</span> <span class='ocrx_word' id='word_1_116' title='bbox 595 1420 759 1485; x_wconf 87' lang='lat' dir='ltr'>Cum</span> <span class='ocrx_word' id='word_1_117' title='bbox 815 1415 914 1485; x_wconf 92' lang='lat' dir='ltr'>sic</span> <span class='ocrx_word' id='word_1_118' title='bbox 963 1437 1127 1507; x_wconf 90' lang='lat' dir='ltr'>ergo</span> <span class='ocrx_word' id='word_1_119' title='bbox 1175 1415 1642 1485; x_wconf 84' lang='lat' dir='ltr'>Ramuoldum</span> <span class='ocrx_word' id='word_1_120' title='bbox 1691 1415 2159 1486; x_wconf 82' lang='lat' dir='ltr'>constituisset</span> <span class='ocrx_word' id='word_1_121' title='bbox 2212 1416 2582 1498; x_wconf 79' lang='lat' dir='ltr'>Abbatern,</span> <span class='ocrx_word' id='word_1_122' title='bbox 2637 1436 2774 1486; x_wconf 87' lang='lat' dir='ltr'>non</span> 
     </span>
     <span class='ocr_line' id='line_1_14' title="bbox 222 1489 2763 1596; baseline -0.001 -22"><span class='ocrx_word' id='word_1_123' title='bbox 222 1526 472 1596; x_wconf 88' lang='lat' dir='ltr'>passus</span> <span class='ocrx_word' id='word_1_124' title='bbox 518 1520 620 1574; x_wconf 90' lang='lat' dir='ltr'>est</span> <span class='ocrx_word' id='word_1_125' title='bbox 651 1504 748 1573; x_wconf 89' lang='lat' dir='ltr'>vel</span> <span class='ocrx_word' id='word_1_126' title='bbox 801 1489 1027 1585; x_wconf 87' lang='lat' dir='ltr'>illum,</span> <span class='ocrx_word' id='word_1_127' title='bbox 1082 1503 1181 1573; x_wconf 86' lang='lat' dir='ltr'>vel</span> <span class='ocrx_word' id='word_1_128' title='bbox 1223 1505 1620 1584; x_wconf 88' lang='lat' dir='ltr'>monachos,</span> <span class='ocrx_word' id='word_1_129' title='bbox 1657 1505 1811 1594; x_wconf 87' lang='lat' dir='ltr'>ejus</span> <span class='ocrx_word' id='word_1_130' title='bbox 1836 1525 2045 1573; x_wconf 90' lang='lat' dir='ltr'>curae</span> <span class='ocrx_word' id='word_1_131' title='bbox 2079 1504 2509 1584; x_wconf 84' lang='lat' dir='ltr'>commissos,</span> <span class='ocrx_word' id='word_1_132' title='bbox 2548 1503 2763 1575; x_wconf 88' lang='lat' dir='ltr'>ullam</span> 
     </span>
     <span class='ocr_line' id='line_1_15' title="bbox 223 1591 2771 1684; baseline -0 -22"><span class='ocrx_word' id='word_1_133' title='bbox 223 1594 448 1663; x_wconf 80' lang='lat' dir='ltr'>victus</span> <span class='ocrx_word' id='word_1_134' title='bbox 482 1594 620 1684; x_wconf 90' lang='lat' dir='ltr'>pati</span> <span class='ocrx_word' id='word_1_135' title='bbox 673 1594 1029 1682; x_wconf 90' lang='lat' dir='ltr'>penuriam</span> <span class='ocrx_word' id='word_1_136' title='bbox 1065 1615 1082 1657; x_wconf 72' lang='grc' dir='ltr'>ι</span> <span class='ocrx_word' id='word_1_137' title='bbox 1135 1591 1252 1662; x_wconf 92' lang='lat' dir='ltr'>sed</span> <span class='ocrx_word' id='word_1_138' title='bbox 1306 1606 1446 1662; x_wconf 85' lang='lat' dir='ltr'>tum</span> <span class='ocrx_word' id='word_1_139' title='bbox 1491 1594 1913 1673; x_wconf 88' lang='lat' dir='ltr'>animarum,</span> <span class='ocrx_word' id='word_1_140' title='bbox 1955 1606 2099 1663; x_wconf 92' lang='lat' dir='ltr'>tum</span> <span class='ocrx_word' id='word_1_141' title='bbox 2132 1614 2498 1683; x_wconf 87' lang='lat' dir='ltr'>corporum</span> <span class='ocrx_word' id='word_1_142' title='bbox 2534 1613 2771 1663; x_wconf 85' lang='lat' dir='ltr'>curam</span> 
     </span>
     <span class='ocr_line' id='line_1_16' title="bbox 222 1681 2777 1773; baseline 0 -22"><span class='ocrx_word' id='word_1_143' title='bbox 222 1704 493 1773; x_wconf 84' lang='lat' dir='ltr'>gerens,</span> <span class='ocrx_word' id='word_1_144' title='bbox 542 1682 815 1773; x_wconf 89' lang='lat' dir='ltr'>praedia</span> <span class='ocrx_word' id='word_1_145' title='bbox 868 1681 1099 1751; x_wconf 87' lang='lat' dir='ltr'>omnia</span> <span class='ocrx_word' id='word_1_146' title='bbox 1143 1695 1381 1751; x_wconf 88' lang='lat' dir='ltr'>sancto</span> <span class='ocrx_word' id='word_1_147' title='bbox 1415 1687 1926 1751; x_wconf 86' lang='lat' dir='ltr'>Emmerammo</span> <span class='ocrx_word' id='word_1_148' title='bbox 1972 1682 2113 1752; x_wconf 83' lang='lat' dir='ltr'>sive</span> <span class='ocrx_word' id='word_1_149' title='bbox 2167 1703 2205 1751; x_wconf 91' lang='lat' dir='ltr'>a</span> <span class='ocrx_word' id='word_1_150' title='bbox 2258 1682 2581 1772; x_wconf 84' lang='lat' dir='ltr'>Regibus,</span> <span class='ocrx_word' id='word_1_151' title='bbox 2635 1682 2777 1751; x_wconf 83' lang='lat' dir='ltr'>sive</span> 
     </span>
     <span class='ocr_line' id='line_1_17' title="bbox 219 1769 2777 1862; baseline -0.001 -20"><span class='ocrx_word' id='word_1_152' title='bbox 219 1772 313 1842; x_wconf 79' lang='lat' dir='ltr'>ab</span> <span class='ocrx_word' id='word_1_153' title='bbox 343 1769 519 1841; x_wconf 72' lang='lat' dir='ltr'>‘aliis</span> <span class='ocrx_word' id='word_1_154' title='bbox 620 1771 1006 1862; x_wconf 89' lang='lat' dir='ltr'>rincipibus</span> <span class='ocrx_word' id='word_1_155' title='bbox 1043 1770 1315 1850; x_wconf 90' lang='lat' dir='ltr'>collata,</span> <span class='ocrx_word' id='word_1_156' title='bbox 1368 1783 1435 1840; x_wconf 91' lang='lat' dir='ltr'>et</span> <span class='ocrx_word' id='word_1_157' title='bbox 1487 1770 1576 1839; x_wconf 92' lang='lat' dir='ltr'>ab</span> <span class='ocrx_word' id='word_1_158' title='bbox 1614 1771 1766 1862; x_wconf 88' lang='lat' dir='ltr'>ejus</span> <span class='ocrx_word' id='word_1_159' title='bbox 1812 1770 2367 1841; x_wconf 87' lang='lat' dir='ltr'>antecessoribus</span> <span class='ocrx_word' id='word_1_160' title='bbox 2423 1770 2487 1839; x_wconf 89' lang='lat' dir='ltr'>vi</span> <span class='ocrx_word' id='word_1_161' title='bbox 2535 1792 2777 1841; x_wconf 88' lang='lat' dir='ltr'>mona-</span> 
     </span>
     <span class='ocr_line' id='line_1_18' title="bbox 225 1857 2779 1951; baseline -0.001 -21"><span class='ocrx_word' id='word_1_162' title='bbox 225 1861 434 1930; x_wconf 86' lang='lat' dir='ltr'>sterio</span> <span class='ocrx_word' id='word_1_163' title='bbox 471 1860 559 1930; x_wconf 89' lang='lat' dir='ltr'>ab</span> <span class='ocrx_word' id='word_1_164' title='bbox 589 1875 724 1941; x_wconf 87' lang='lat' dir='ltr'>ata,</span> <span class='ocrx_word' id='word_1_165' title='bbox 775 1860 1372 1929; x_wconf 86' lang='lat' dir='ltr'>monachorumet</span> <span class='ocrx_word' id='word_1_166' title='bbox 1419 1859 1799 1948; x_wconf 84' lang='lat' dir='ltr'>hospitum,</span> <span class='ocrx_word' id='word_1_167' title='bbox 1838 1879 2222 1951; x_wconf 87' lang='lat' dir='ltr'>pauperum</span> <span class='ocrx_word' id='word_1_168' title='bbox 2262 1880 2537 1948; x_wconf 91' lang='lat' dir='ltr'>quoque</span> <span class='ocrx_word' id='word_1_169' title='bbox 2568 1872 2635 1930; x_wconf 90' lang='lat' dir='ltr'>et</span> <span class='ocrx_word' id='word_1_170' title='bbox 2681 1857 2779 1928; x_wconf 81' lang='lat' dir='ltr'>fa·</span> 
     </span>
     <span class='ocr_line' id='line_1_19' title="bbox 226 1948 1859 2037; baseline -0.001 -17"><span class='ocrx_word' id='word_1_171' title='bbox 226 1949 458 2020; x_wconf 88' lang='lat' dir='ltr'>miliae</span> <span class='ocrx_word' id='word_1_172' title='bbox 506 1949 752 2019; x_wconf 90' lang='lat' dir='ltr'>usibus</span> <span class='ocrx_word' id='word_1_173' title='bbox 800 1948 1126 2037; x_wconf 84' lang='lat' dir='ltr'>deinceps</span> <span class='ocrx_word' id='word_1_174' title='bbox 1173 1948 1508 2018; x_wconf 87' lang='lat' dir='ltr'>servitura</span> <span class='ocrx_word' id='word_1_175' title='bbox 1544 1948 1859 2018; x_wconf 80' lang='lat' dir='ltr'>restituit.</span> 
     </span>
    </p>

    <p class='ocr_par' dir='ltr' id='par_1_3' title="bbox 217 2036 2791 4346">
     <span class='ocr_line' id='line_1_20' title="bbox 311 2036 2765 2194; baseline -0.003 -83"><span class='ocrx_word' id='word_1_176' title='bbox 311 2040 349 2126; x_wconf 67' lang='grc' dir='ltr'>ξ</span> <span class='ocrx_word' id='word_1_177' title='bbox 398 2041 529 2111; x_wconf 71' lang='lat' dir='ltr'>n.</span> <span class='ocrx_word' id='word_1_178' title='bbox 563 2043 721 2108; x_wconf 88' lang='lat' dir='ltr'>Post</span> <span class='ocrx_word' id='word_1_179' title='bbox 767 2037 935 2107; x_wconf 87' lang='lat' dir='ltr'>haec</span> <span class='ocrx_word' id='word_1_180' title='bbox 967 2059 1242 2194; x_wconf 58' lang='lat' dir='ltr'>quoque</span> <span class='ocrx_word' id='word_1_181' title='bbox 1270 2036 1405 2106; x_wconf 84' lang='lat' dir='ltr'>alia</span> <span class='ocrx_word' id='word_1_182' title='bbox 1439 2036 1581 2106; x_wconf 86' lang='lat' dir='ltr'>duo</span> <span class='ocrx_word' id='word_1_183' title='bbox 1612 2037 1960 2138; x_wconf 81' lang='lat' dir='ltr'>virginum</span> <span class='ocrx_word' id='word_1_184' title='bbox 1996 2036 2434 2118; x_wconf 87' lang='lat' dir='ltr'>monasteria,</span> <span class='ocrx_word' id='word_1_185' title='bbox 2470 2057 2765 2124; x_wconf 90' lang='lat' dir='ltr'>quorum</span> 
     </span>
     <span class='ocr_line' id='line_1_21' title="bbox 218 2125 2772 2216; baseline -0.001 -19"><span class='ocrx_word' id='word_1_186' title='bbox 218 2126 516 2197; x_wconf 79' lang='lat' dir='ltr'>alterum</span> <span class='ocrx_word' id='word_1_187' title='bbox 553 2127 897 2216; x_wconf 90' lang='lat' dir='ltr'>superius,</span> <span class='ocrx_word' id='word_1_188' title='bbox 942 2148 978 2195; x_wconf 90' lang='lat' dir='ltr'>a</span> <span class='ocrx_word' id='word_1_189' title='bbox 1016 2139 1233 2195; x_wconf 88' lang='lat' dir='ltr'>terum</span> <span class='ocrx_word' id='word_1_190' title='bbox 1277 2125 1565 2195; x_wconf 85' lang='lat' dir='ltr'>inferius</span> <span class='ocrx_word' id='word_1_191' title='bbox 1603 2125 1881 2206; x_wconf 79' lang='lat' dir='ltr'>dicitur,</span> <span class='ocrx_word' id='word_1_192' title='bbox 1922 2125 2101 2195; x_wconf 87' lang='lat' dir='ltr'>intra</span> <span class='ocrx_word' id='word_1_193' title='bbox 2149 2126 2391 2195; x_wconf 90' lang='lat' dir='ltr'>urbem</span> <span class='ocrx_word' id='word_1_194' title='bbox 2451 2127 2772 2215; x_wconf 85' lang='lat' dir='ltr'>Ratispo-</span> 
     </span>
     <span class='ocr_line' id='line_1_22' title="bbox 227 2213 2778 2317; baseline -0 -33"><span class='ocrx_word' id='word_1_195' title='bbox 227 2236 508 2286; x_wconf 81' lang='lat' dir='ltr'>oensem</span> <span class='ocrx_word' id='word_1_196' title='bbox 557 2215 641 2284; x_wconf 88' lang='lat' dir='ltr'>ad</span> <span class='ocrx_word' id='word_1_197' title='bbox 697 2215 1033 2317; x_wconf 83' lang='lat' dir='ltr'>regularis</span> <span class='ocrx_word' id='word_1_198' title='bbox 1078 2215 1256 2283; x_wconf 86' lang='lat' dir='ltr'>vitae</span> <span class='ocrx_word' id='word_1_199' title='bbox 1300 2227 1367 2283; x_wconf 93' lang='lat' dir='ltr'>et</span> <span class='ocrx_word' id='word_1_200' title='bbox 1411 2213 1827 2304; x_wconf 86' lang='lat' dir='ltr'>disciplinae</span> <span class='ocrx_word' id='word_1_201' title='bbox 1863 2235 2173 2284; x_wconf 89' lang='lat' dir='ltr'>normam</span> <span class='ocrx_word' id='word_1_202' title='bbox 2210 2227 2500 2285; x_wconf 88' lang='lat' dir='ltr'>conatus</span> <span class='ocrx_word' id='word_1_203' title='bbox 2531 2228 2635 2286; x_wconf 88' lang='lat' dir='ltr'>est</span> <span class='ocrx_word' id='word_1_204' title='bbox 2675 2235 2778 2283; x_wconf 86' lang='lat' dir='ltr'>re·</span> 
     </span>
     <span class='ocr_line' id='line_1_23' title="bbox 226 2301 2766 2395; baseline -0.001 -23"><span class='ocrx_word' id='word_1_205' title='bbox 226 2325 490 2374; x_wconf 81' lang='lat' dir='ltr'>vocare.</span> <span class='ocrx_word' id='word_1_206' title='bbox 544 2308 965 2374; x_wconf 75' lang='lat' dir='ltr'>canonicum</span> <span class='ocrx_word' id='word_1_207' title='bbox 999 2303 1182 2372; x_wconf 87' lang='lat' dir='ltr'>enim</span> <span class='ocrx_word' id='word_1_208' title='bbox 1217 2303 1607 2373; x_wconf 87' lang='lat' dir='ltr'>institutum</span> <span class='ocrx_word' id='word_1_209' title='bbox 1640 2316 2004 2391; x_wconf 86' lang='lat' dir='ltr'>sequentes</span> <span class='ocrx_word' id='word_1_210' title='bbox 2038 2304 2338 2395; x_wconf 89' lang='lat' dir='ltr'>virgines</span> <span class='ocrx_word' id='word_1_211' title='bbox 2372 2302 2550 2385; x_wconf 89' lang='lat' dir='ltr'>illae,</span> <span class='ocrx_word' id='word_1_212' title='bbox 2593 2301 2766 2372; x_wconf 87' lang='lat' dir='ltr'>nihil</span> 
     </span>
     <span class='ocr_line' id='line_1_24' title="bbox 225 2391 2771 2483; baseline -0.001 -19"><span class='ocrx_word' id='word_1_213' title='bbox 225 2414 300 2464; x_wconf 90' lang='lat' dir='ltr'>se</span> <span class='ocrx_word' id='word_1_214' title='bbox 340 2392 654 2461; x_wconf 89' lang='lat' dir='ltr'>illicitum</span> <span class='ocrx_word' id='word_1_215' title='bbox 690 2392 1049 2461; x_wconf 86' lang='lat' dir='ltr'>admittere</span> <span class='ocrx_word' id='word_1_216' title='bbox 1080 2391 1616 2472; x_wconf 85' lang='lat' dir='ltr'>arbitrabantur,</span> <span class='ocrx_word' id='word_1_217' title='bbox 1652 2393 1715 2462; x_wconf 91' lang='lat' dir='ltr'>si</span> <span class='ocrx_word' id='word_1_218' title='bbox 1761 2414 1835 2462; x_wconf 91' lang='lat' dir='ltr'>se</span> <span class='ocrx_word' id='word_1_219' title='bbox 1885 2392 2142 2479; x_wconf 86' lang='lat' dir='ltr'>passim</span> <span class='ocrx_word' id='word_1_220' title='bbox 2183 2393 2475 2483; x_wconf 87' lang='lat' dir='ltr'>negotiis</span> <span class='ocrx_word' id='word_1_221' title='bbox 2508 2391 2771 2463; x_wconf 86' lang='lat' dir='ltr'>secula·</span> 
     </span>
     <span class='ocr_line' id='line_1_25' title="bbox 226 2479 2775 2573; baseline -0 -22"><span class='ocrx_word' id='word_1_222' title='bbox 226 2481 423 2551; x_wconf 91' lang='lat' dir='ltr'>ribus</span> <span class='ocrx_word' id='word_1_223' title='bbox 462 2479 951 2551; x_wconf 79' lang='lat' dir='ltr'>immiscerent.</span> <span class='ocrx_word' id='word_1_224' title='bbox 1009 2479 1199 2551; x_wconf 90' lang='lat' dir='ltr'>Unde</span> <span class='ocrx_word' id='word_1_225' title='bbox 1230 2480 1434 2552; x_wconf 85' lang='lat' dir='ltr'>fiebat</span> <span class='ocrx_word' id='word_1_226' title='bbox 1482 2493 1735 2564; x_wconf 88' lang='lat' dir='ltr'>tamen,</span> <span class='ocrx_word' id='word_1_227' title='bbox 1789 2493 1867 2552; x_wconf 93' lang='lat' dir='ltr'>ut</span> <span class='ocrx_word' id='word_1_228' title='bbox 1899 2481 2026 2551; x_wconf 89' lang='lat' dir='ltr'>hac</span> <span class='ocrx_word' id='word_1_229' title='bbox 2053 2483 2413 2553; x_wconf 85' lang='lat' dir='ltr'>occasione</span> <span class='ocrx_word' id='word_1_230' title='bbox 2450 2503 2775 2573; x_wconf 87' lang='lat' dir='ltr'>magnam</span> 
     </span>
     <span class='ocr_line' id='line_1_26' title="bbox 227 2570 2774 2660; baseline 0 -22"><span class='ocrx_word' id='word_1_231' title='bbox 227 2570 401 2640; x_wconf 84' lang='lat' dir='ltr'>vitae</span> <span class='ocrx_word' id='word_1_232' title='bbox 436 2570 794 2660; x_wconf 81' lang='lat' dir='ltr'>religiosae</span> <span class='ocrx_word' id='word_1_233' title='bbox 837 2570 1177 2655; x_wconf 85' lang='lat' dir='ltr'>jacturam</span> <span class='ocrx_word' id='word_1_234' title='bbox 1229 2571 1552 2640; x_wconf 86' lang='lat' dir='ltr'>facerent.</span> <span class='ocrx_word' id='word_1_235' title='bbox 1607 2570 1682 2640; x_wconf 94' lang='lat' dir='ltr'>Id</span> <span class='ocrx_word' id='word_1_236' title='bbox 1728 2592 1882 2640; x_wconf 90' lang='lat' dir='ltr'>vero</span> <span class='ocrx_word' id='word_1_237' title='bbox 1941 2570 2410 2641; x_wconf 88' lang='lat' dir='ltr'>indesinenter</span> <span class='ocrx_word' id='word_1_238' title='bbox 2456 2570 2774 2640; x_wconf 87' lang='lat' dir='ltr'>conside-</span> 
     </span>
     <span class='ocr_line' id='line_1_27' title="bbox 229 2658 2777 2751; baseline -0.001 -23"><span class='ocrx_word' id='word_1_239' title='bbox 229 2680 392 2728; x_wconf 83' lang='lat' dir='ltr'>rans</span> <span class='ocrx_word' id='word_1_240' title='bbox 431 2659 674 2728; x_wconf 89' lang='lat' dir='ltr'>beatus</span> <span class='ocrx_word' id='word_1_241' title='bbox 706 2660 1021 2740; x_wconf 78' lang='lat' dir='ltr'>Antistes,</span> <span class='ocrx_word' id='word_1_242' title='bbox 1074 2680 1231 2728; x_wconf 93' lang='lat' dir='ltr'>cum</span> <span class='ocrx_word' id='word_1_243' title='bbox 1284 2660 1491 2751; x_wconf 85' lang='lat' dir='ltr'>longo</span> <span class='ocrx_word' id='word_1_244' title='bbox 1541 2672 1844 2750; x_wconf 88' lang='lat' dir='ltr'>tempore</span> <span class='ocrx_word' id='word_1_245' title='bbox 1880 2658 2131 2730; x_wconf 79' lang='lat' dir='ltr'>frustra</span> <span class='ocrx_word' id='word_1_246' title='bbox 2163 2660 2303 2730; x_wconf 87' lang='lat' dir='ltr'>illis</span> <span class='ocrx_word' id='word_1_247' title='bbox 2342 2658 2777 2749; x_wconf 79' lang='lat' dir='ltr'>corrigendis</span> 
     </span>
     <span class='ocr_line' id='line_1_28' title="bbox 217 2747 2778 2837; baseline -0 -19"><span class='ocrx_word' id='word_1_248' title='bbox 217 2769 505 2837; x_wconf 84' lang='lat' dir='ltr'>operam</span> <span class='ocrx_word' id='word_1_249' title='bbox 558 2760 895 2828; x_wconf 81' lang='lat' dir='ltr'>navasset,</span> <span class='ocrx_word' id='word_1_250' title='bbox 948 2748 1131 2837; x_wconf 89' lang='lat' dir='ltr'>apud</span> <span class='ocrx_word' id='word_1_251' title='bbox 1186 2770 1258 2818; x_wconf 90' lang='lat' dir='ltr'>se</span> <span class='ocrx_word' id='word_1_252' title='bbox 1289 2748 1647 2819; x_wconf 87' lang='lat' dir='ltr'>constituit</span> <span class='ocrx_word' id='word_1_253' title='bbox 1691 2749 1761 2817; x_wconf 91' lang='lat' dir='ltr'>in</span> <span class='ocrx_word' id='word_1_254' title='bbox 1811 2748 2045 2835; x_wconf 88' lang='lat' dir='ltr'>aliquo</span> <span class='ocrx_word' id='word_1_255' title='bbox 2083 2770 2251 2818; x_wconf 92' lang='lat' dir='ltr'>suae</span> <span class='ocrx_word' id='word_1_256' title='bbox 2297 2748 2582 2819; x_wconf 89' lang='lat' dir='ltr'>ditionis</span> <span class='ocrx_word' id='word_1_257' title='bbox 2632 2747 2778 2817; x_wconf 85' lang='lat' dir='ltr'>loco</span> 
     </span>
     <span class='ocr_line' id='line_1_29' title="bbox 229 2836 2781 2938; baseline -0.001 -32"><span class='ocrx_word' id='word_1_258' title='bbox 229 2836 648 2907; x_wconf 83' lang='lat' dir='ltr'>monasticae</span> <span class='ocrx_word' id='word_1_259' title='bbox 697 2837 1142 2926; x_wconf 82' lang='lat' dir='ltr'>professionis</span> <span class='ocrx_word' id='word_1_260' title='bbox 1176 2838 1478 2938; x_wconf 82' lang='lat' dir='ltr'>virgines</span> <span class='ocrx_word' id='word_1_261' title='bbox 1526 2837 1889 2917; x_wconf 79' lang='lat' dir='ltr'>collocare,</span> <span class='ocrx_word' id='word_1_262' title='bbox 1926 2858 2222 2923; x_wconf 90' lang='lat' dir='ltr'>quarum</span> <span class='ocrx_word' id='word_1_263' title='bbox 2263 2836 2584 2926; x_wconf 85' lang='lat' dir='ltr'>religiosa</span> <span class='ocrx_word' id='word_1_264' title='bbox 2613 2857 2781 2904; x_wconf 84' lang='lat' dir='ltr'>con-</span> 
     </span>
     <span class='ocr_line' id='line_1_30' title="bbox 226 2924 2779 3016; baseline 0 -22"><span class='ocrx_word' id='word_1_265' title='bbox 226 2927 604 2997; x_wconf 81' lang='lat' dir='ltr'>versatione</span> <span class='ocrx_word' id='word_1_266' title='bbox 653 2926 991 3013; x_wconf 81' lang='lat' dir='ltr'>bonisque</span> <span class='ocrx_word' id='word_1_267' title='bbox 1025 2928 1362 3016; x_wconf 80' lang='lat' dir='ltr'>exemplis</span> <span class='ocrx_word' id='word_1_268' title='bbox 1405 2926 1582 2995; x_wconf 87' lang='lat' dir='ltr'>aliae</span> <span class='ocrx_word' id='word_1_269' title='bbox 1618 2926 1776 2995; x_wconf 87' lang='lat' dir='ltr'>illae</span> <span class='ocrx_word' id='word_1_270' title='bbox 1822 2924 1907 2994; x_wconf 90' lang='lat' dir='ltr'>ad</span> <span class='ocrx_word' id='word_1_271' title='bbox 1956 2947 2074 2994; x_wconf 90' lang='lat' dir='ltr'>eas</span> <span class='ocrx_word' id='word_1_272' title='bbox 2108 2925 2483 2995; x_wconf 85' lang='lat' dir='ltr'>imitandas</span> <span class='ocrx_word' id='word_1_273' title='bbox 2531 2924 2779 2994; x_wconf 83' lang='lat' dir='ltr'>invita-</span> 
     </span>
     <span class='ocr_line' id='line_1_31' title="bbox 227 3014 2776 3103; baseline -0.001 -19"><span class='ocrx_word' id='word_1_274' title='bbox 227 3028 503 3084; x_wconf 86' lang='lat' dir='ltr'>rentur:</span> <span class='ocrx_word' id='word_1_275' title='bbox 557 3014 741 3102; x_wconf 90' lang='lat' dir='ltr'>quod</span> <span class='ocrx_word' id='word_1_276' title='bbox 791 3015 1073 3103; x_wconf 83' lang='lat' dir='ltr'>quidem</span> <span class='ocrx_word' id='word_1_277' title='bbox 1131 3016 1337 3086; x_wconf 84' lang='lat' dir='ltr'>etiam</span> <span class='ocrx_word' id='word_1_278' title='bbox 1389 3016 1489 3084; x_wconf 88' lang='lat' dir='ltr'>sic</span> <span class='ocrx_word' id='word_1_279' title='bbox 1536 3016 1783 3083; x_wconf 80' lang='lat' dir='ltr'>evenit.</span> <span class='ocrx_word' id='word_1_280' title='bbox 1849 3019 2016 3083; x_wconf 85' lang='lat' dir='ltr'>Nam</span> <span class='ocrx_word' id='word_1_281' title='bbox 2081 3034 2241 3083; x_wconf 90' lang='lat' dir='ltr'>cum</span> <span class='ocrx_word' id='word_1_282' title='bbox 2304 3014 2389 3083; x_wconf 86' lang='lat' dir='ltr'>ad</span> <span class='ocrx_word' id='word_1_283' title='bbox 2460 3027 2776 3083; x_wconf 89' lang='lat' dir='ltr'>sanctum</span> 
     </span>
     <span class='ocr_line' id='line_1_32' title="bbox 229 3102 2781 3193; baseline -0 -21"><span class='ocrx_word' id='word_1_284' title='bbox 229 3103 521 3174; x_wconf 82' lang='lat' dir='ltr'>Paulum</span> <span class='ocrx_word' id='word_1_285' title='bbox 577 3109 705 3173; x_wconf 88' lang='lat' dir='ltr'>Deo</span> <span class='ocrx_word' id='word_1_286' title='bbox 754 3119 1180 3174; x_wconf 86' lang='lat' dir='ltr'>sacratarum</span> <span class='ocrx_word' id='word_1_287' title='bbox 1233 3104 1579 3193; x_wconf 82' lang='lat' dir='ltr'>virginum</span> <span class='ocrx_word' id='word_1_288' title='bbox 1631 3103 1773 3171; x_wconf 89' lang='lat' dir='ltr'>sive</span> <span class='ocrx_word' id='word_1_289' title='bbox 1836 3102 2475 3172; x_wconf 87' lang='lat' dir='ltr'>sanctimonialium</span> <span class='ocrx_word' id='word_1_290' title='bbox 2541 3123 2781 3172; x_wconf 83' lang='lat' dir='ltr'>mona-</span> 
     </span>
     <span class='ocr_line' id='line_1_33' title="bbox 224 3190 2780 3283; baseline -0.001 -21"><span class='ocrx_word' id='word_1_291' title='bbox 224 3194 510 3262; x_wconf 83' lang='lat' dir='ltr'>sterium</span> <span class='ocrx_word' id='word_1_292' title='bbox 566 3192 1027 3274; x_wconf 81' lang='lat' dir='ltr'>instituisset,</span> <span class='ocrx_word' id='word_1_293' title='bbox 1081 3214 1319 3261; x_wconf 89' lang='lat' dir='ltr'>earum</span> <span class='ocrx_word' id='word_1_294' title='bbox 1371 3190 1954 3280; x_wconf 88' lang='lat' dir='ltr'>contemplatione</span> <span class='ocrx_word' id='word_1_295' title='bbox 2000 3191 2177 3261; x_wconf 88' lang='lat' dir='ltr'>aliae</span> <span class='ocrx_word' id='word_1_296' title='bbox 2235 3191 2488 3261; x_wconf 88' lang='lat' dir='ltr'>mutari</span> <span class='ocrx_word' id='word_1_297' title='bbox 2536 3212 2780 3283; x_wconf 88' lang='lat' dir='ltr'>coepe·</span> 
     </span>
     <span class='ocr_line' id='line_1_34' title="bbox 228 3279 2775 3371; baseline 0.001 -23"><span class='ocrx_word' id='word_1_298' title='bbox 228 3294 411 3350; x_wconf 83' lang='lat' dir='ltr'>runt.</span> <span class='ocrx_word' id='word_1_299' title='bbox 444 3285 751 3367; x_wconf 87' lang='lat' dir='ltr'>Cumque</span> <span class='ocrx_word' id='word_1_300' title='bbox 781 3303 903 3370; x_wconf 91' lang='lat' dir='ltr'>pro</span> <span class='ocrx_word' id='word_1_301' title='bbox 932 3283 1014 3350; x_wconf 91' lang='lat' dir='ltr'>iis</span> <span class='ocrx_word' id='word_1_302' title='bbox 1044 3294 1326 3350; x_wconf 87' lang='lat' dir='ltr'>sanctus</span> <span class='ocrx_word' id='word_1_303' title='bbox 1355 3279 1737 3368; x_wconf 86' lang='lat' dir='ltr'>Episcopus</span> <span class='ocrx_word' id='word_1_304' title='bbox 1767 3280 2019 3349; x_wconf 90' lang='lat' dir='ltr'>multas</span> <span class='ocrx_word' id='word_1_305' title='bbox 2055 3285 2185 3350; x_wconf 88' lang='lat' dir='ltr'>Deo</span> <span class='ocrx_word' id='word_1_306' title='bbox 2216 3302 2450 3371; x_wconf 87' lang='lat' dir='ltr'>preces</span> <span class='ocrx_word' id='word_1_307' title='bbox 2478 3279 2775 3361; x_wconf 81' lang='lat' dir='ltr'>offerret,</span> 
     </span>
     <span class='ocr_line' id='line_1_35' title="bbox 226 3368 2780 3456; baseline 0 -19"><span class='ocrx_word' id='word_1_308' title='bbox 226 3379 364 3437; x_wconf 82' lang='lat' dir='ltr'>tam</span> <span class='ocrx_word' id='word_1_309' title='bbox 414 3368 648 3438; x_wconf 78' lang='lat' dir='ltr'>divina</span> <span class='ocrx_word' id='word_1_310' title='bbox 700 3370 1130 3448; x_wconf 89' lang='lat' dir='ltr'>revelatione,</span> <span class='ocrx_word' id='word_1_311' title='bbox 1182 3390 1392 3456; x_wconf 89' lang='lat' dir='ltr'>quam</span> <span class='ocrx_word' id='word_1_312' title='bbox 1447 3368 1757 3438; x_wconf 87' lang='lat' dir='ltr'>humana</span> <span class='ocrx_word' id='word_1_313' title='bbox 1803 3371 2213 3438; x_wconf 87' lang='lat' dir='ltr'>auctoritate</span> <span class='ocrx_word' id='word_1_314' title='bbox 2248 3369 2780 3439; x_wconf 82' lang='lat' dir='ltr'>meruitconfir-</span> 
     </span>
     <span class='ocr_line' id='line_1_36' title="bbox 229 3456 2777 3546; baseline 0 -21"><span class='ocrx_word' id='word_1_315' title='bbox 229 3456 431 3525; x_wconf 84' lang='lat' dir='ltr'>mari.</span> <span class='ocrx_word' id='word_1_316' title='bbox 487 3461 576 3525; x_wconf 89' lang='lat' dir='ltr'>De</span> <span class='ocrx_word' id='word_1_317' title='bbox 608 3456 915 3527; x_wconf 81' lang='lat' dir='ltr'>inferiori</span> <span class='ocrx_word' id='word_1_318' title='bbox 945 3456 1226 3545; x_wconf 89' lang='lat' dir='ltr'>quidem</span> <span class='ocrx_word' id='word_1_319' title='bbox 1263 3458 1678 3527; x_wconf 76' lang='lat' dir='ltr'>monasterio</span> <span class='ocrx_word' id='word_1_320' title='bbox 1716 3457 2057 3546; x_wconf 84' lang='lat' dir='ltr'>ejusmodi</span> <span class='ocrx_word' id='word_1_321' title='bbox 2091 3458 2153 3527; x_wconf 91' lang='lat' dir='ltr'>ei</span> <span class='ocrx_word' id='word_1_322' title='bbox 2192 3458 2361 3529; x_wconf 85' lang='lat' dir='ltr'>visio</span> <span class='ocrx_word' id='word_1_323' title='bbox 2393 3458 2619 3528; x_wconf 86' lang='lat' dir='ltr'>oblata</span> <span class='ocrx_word' id='word_1_324' title='bbox 2651 3469 2777 3527; x_wconf 90' lang='lat' dir='ltr'>est.</span> 
     </span>
     <span class='ocr_line' id='line_1_37' title="bbox 227 3544 2785 3633; baseline -0 -17"><span class='ocrx_word' id='word_1_325' title='bbox 227 3544 502 3616; x_wconf 79' lang='lat' dir='ltr'>Solebat</span> <span class='ocrx_word' id='word_1_326' title='bbox 550 3545 653 3614; x_wconf 88' lang='lat' dir='ltr'>vir</span> <span class='ocrx_word' id='word_1_327' title='bbox 699 3544 942 3616; x_wconf 87' lang='lat' dir='ltr'>beatus</span> <span class='ocrx_word' id='word_1_328' title='bbox 993 3560 1126 3615; x_wconf 89' lang='lat' dir='ltr'>tam</span> <span class='ocrx_word' id='word_1_329' title='bbox 1189 3546 1546 3616; x_wconf 86' lang='lat' dir='ltr'>nocturnis</span> <span class='ocrx_word' id='word_1_330' title='bbox 1585 3600 1601 3627; x_wconf 90' lang='lat'>,</span> <span class='ocrx_word' id='word_1_331' title='bbox 1668 3567 1877 3633; x_wconf 87' lang='lat' dir='ltr'>quam</span> <span class='ocrx_word' id='word_1_332' title='bbox 1941 3546 2216 3617; x_wconf 86' lang='lat' dir='ltr'>diurnis</span> <span class='ocrx_word' id='word_1_333' title='bbox 2280 3546 2468 3618; x_wconf 87' lang='lat' dir='ltr'>horis</span> <span class='ocrx_word' id='word_1_334' title='bbox 2530 3558 2785 3616; x_wconf 79' lang='lat' dir='ltr'>cuncta</span> 
     </span>
     <span class='ocr_line' id='line_1_38' title="bbox 227 3633 2781 3721; baseline -0.001 -16"><span class='ocrx_word' id='word_1_335' title='bbox 227 3633 425 3705; x_wconf 88' lang='lat' dir='ltr'>urbis</span> <span class='ocrx_word' id='word_1_336' title='bbox 454 3636 863 3704; x_wconf 87' lang='lat' dir='ltr'>monasteria</span> <span class='ocrx_word' id='word_1_337' title='bbox 892 3634 1134 3704; x_wconf 86' lang='lat' dir='ltr'>crebro</span> <span class='ocrx_word' id='word_1_338' title='bbox 1166 3633 1381 3715; x_wconf 86' lang='lat' dir='ltr'>adire,</span> <span class='ocrx_word' id='word_1_339' title='bbox 1416 3635 1653 3721; x_wconf 90' lang='lat' dir='ltr'>ibique</span> <span class='ocrx_word' id='word_1_340' title='bbox 1681 3648 1824 3705; x_wconf 90' lang='lat' dir='ltr'>tum</span> <span class='ocrx_word' id='word_1_341' title='bbox 1853 3635 2099 3704; x_wconf 86' lang='lat' dir='ltr'>orandi</span> <span class='ocrx_word' id='word_1_342' title='bbox 2130 3639 2368 3711; x_wconf 76' lang='lat' dir='ltr'>causa,</span> <span class='ocrx_word' id='word_1_343' title='bbox 2401 3650 2544 3705; x_wconf 88' lang='lat' dir='ltr'>tum</span> <span class='ocrx_word' id='word_1_344' title='bbox 2574 3635 2781 3705; x_wconf 87' lang='lat' dir='ltr'>etiam</span> 
     </span>
     <span class='ocr_line' id='line_1_39' title="bbox 223 3722 2784 3812; baseline 0 -20"><span class='ocrx_word' id='word_1_345' title='bbox 223 3722 655 3812; x_wconf 84' lang='lat' dir='ltr'>explorandi,</span> <span class='ocrx_word' id='word_1_346' title='bbox 709 3722 1297 3811; x_wconf 88' lang='lat' dir='ltr'>quemadmodum</span> <span class='ocrx_word' id='word_1_347' title='bbox 1348 3723 1579 3793; x_wconf 87' lang='lat' dir='ltr'>divina</span> <span class='ocrx_word' id='word_1_348' title='bbox 1633 3723 1776 3793; x_wconf 91' lang='lat' dir='ltr'>illic</span> <span class='ocrx_word' id='word_1_349' title='bbox 1828 3724 2213 3793; x_wconf 89' lang='lat' dir='ltr'>ministeria</span> <span class='ocrx_word' id='word_1_350' title='bbox 2259 3723 2628 3811; x_wconf 88' lang='lat' dir='ltr'>cultusque</span> <span class='ocrx_word' id='word_1_351' title='bbox 2674 3723 2784 3793; x_wconf 91' lang='lat' dir='ltr'>di-</span> 
     </span>
     <span class='ocr_line' id='line_1_40' title="bbox 225 3811 2778 3903; baseline 0 -23"><span class='ocrx_word' id='word_1_352' title='bbox 225 3812 431 3881; x_wconf 78' lang='lat' dir='ltr'>vinus</span> <span class='ocrx_word' id='word_1_353' title='bbox 466 3826 926 3901; x_wconf 80' lang='lat' dir='ltr'>perageretur,</span> <span class='ocrx_word' id='word_1_354' title='bbox 978 3811 1389 3898; x_wconf 88' lang='lat' dir='ltr'>aliquandiu</span> <span class='ocrx_word' id='word_1_355' title='bbox 1440 3812 1740 3881; x_wconf 87' lang='lat' dir='ltr'>haerere.</span> <span class='ocrx_word' id='word_1_356' title='bbox 1796 3816 2103 3900; x_wconf 88' lang='lat' dir='ltr'>Cumque</span> <span class='ocrx_word' id='word_1_357' title='bbox 2151 3813 2281 3883; x_wconf 89' lang='lat' dir='ltr'>hoc</span> <span class='ocrx_word' id='word_1_358' title='bbox 2334 3824 2529 3903; x_wconf 89' lang='lat' dir='ltr'>pacto</span> <span class='ocrx_word' id='word_1_359' title='bbox 2583 3824 2778 3882; x_wconf 86' lang='lat' dir='ltr'>nocte</span> 
     </span>
     <span class='ocr_line' id='line_1_41' title="bbox 224 3898 2787 3992; baseline -0.001 -22"><span class='ocrx_word' id='word_1_360' title='bbox 224 3899 527 3989; x_wconf 88' lang='lat' dir='ltr'>quadam</span> <span class='ocrx_word' id='word_1_361' title='bbox 577 3914 756 3971; x_wconf 87' lang='lat' dir='ltr'>esset</span> <span class='ocrx_word' id='word_1_362' title='bbox 801 3901 871 3969; x_wconf 88' lang='lat' dir='ltr'>in</span> <span class='ocrx_word' id='word_1_363' title='bbox 919 3901 1331 3971; x_wconf 84' lang='lat' dir='ltr'>monasterio</span> <span class='ocrx_word' id='word_1_364' title='bbox 1382 3899 1732 3982; x_wconf 86' lang='lat' dir='ltr'>inferiori,</span> <span class='ocrx_word' id='word_1_365' title='bbox 1788 3900 1910 3970; x_wconf 91' lang='lat' dir='ltr'>ubi</span> <span class='ocrx_word' id='word_1_366' title='bbox 1963 3922 2221 3992; x_wconf 89' lang='lat' dir='ltr'>corpus</span> <span class='ocrx_word' id='word_1_367' title='bbox 2270 3900 2492 3970; x_wconf 88' lang='lat' dir='ltr'>sancti</span> <span class='ocrx_word' id='word_1_368' title='bbox 2543 3898 2787 3970; x_wconf 85' lang='lat' dir='ltr'>Erardi</span> 
     </span>
     <span class='ocr_line' id='line_1_42' title="bbox 223 3987 2791 4080; baseline -0.001 -20"><span class='ocrx_word' id='word_1_369' title='bbox 223 3990 560 4077; x_wconf 88' lang='lat' dir='ltr'>quiescit,</span> <span class='ocrx_word' id='word_1_370' title='bbox 616 3990 972 4078; x_wconf 89' lang='lat' dir='ltr'>repentino</span> <span class='ocrx_word' id='word_1_371' title='bbox 1020 3988 1318 4078; x_wconf 90' lang='lat' dir='ltr'>quodam</span> <span class='ocrx_word' id='word_1_372' title='bbox 1373 4011 1615 4080; x_wconf 89' lang='lat' dir='ltr'>sopore</span> <span class='ocrx_word' id='word_1_373' title='bbox 1661 4011 1996 4079; x_wconf 91' lang='lat' dir='ltr'>oppresso</span> <span class='ocrx_word' id='word_1_374' title='bbox 2043 4002 2327 4059; x_wconf 86' lang='lat' dir='ltr'>sanctus</span> <span class='ocrx_word' id='word_1_375' title='bbox 2377 3988 2679 4059; x_wconf 85' lang='lat' dir='ltr'>Erardus</span> <span class='ocrx_word' id='word_1_376' title='bbox 2719 3987 2791 4059; x_wconf 87' lang='lat' dir='ltr'>ei</span> 
     </span>
     <span class='ocr_line' id='line_1_43' title="bbox 225 4076 2781 4168; baseline 0 -20"><span class='ocrx_word' id='word_1_377' title='bbox 225 4082 535 4168; x_wconf 78' lang='lat' dir='ltr'>apparet,</span> <span class='ocrx_word' id='word_1_378' title='bbox 595 4077 872 4149; x_wconf 76' lang='lat' dir='ltr'>madida</span> <span class='ocrx_word' id='word_1_379' title='bbox 921 4091 1102 4149; x_wconf 88' lang='lat' dir='ltr'>veste</span> <span class='ocrx_word' id='word_1_380' title='bbox 1148 4077 1461 4159; x_wconf 90' lang='lat' dir='ltr'>indutus,</span> <span class='ocrx_word' id='word_1_381' title='bbox 1506 4079 1738 4165; x_wconf 87' lang='lat' dir='ltr'>aitque</span> <span class='ocrx_word' id='word_1_382' title='bbox 1769 4077 1855 4149; x_wconf 90' lang='lat' dir='ltr'>ad</span> <span class='ocrx_word' id='word_1_383' title='bbox 1906 4099 2064 4148; x_wconf 91' lang='lat' dir='ltr'>eum</span> <span class='ocrx_word' id='word_1_384' title='bbox 2102 4103 2117 4147; x_wconf 91' lang='lat'><strong>:</strong></span> <span class='ocrx_word' id='word_1_385' title='bbox 2172 4101 2210 4145; x_wconf 83' lang='lat'><strong>«</strong></span> <span class='ocrx_word' id='word_1_386' title='bbox 2247 4078 2574 4148; x_wconf 86' lang='lat' dir='ltr'>Precibus</span> <span class='ocrx_word' id='word_1_387' title='bbox 2616 4076 2781 4159; x_wconf 77' lang='lat' dir='ltr'>iltis,</span> 
     </span>
     <span class='ocr_line' id='line_1_44' title="bbox 226 4165 2782 4258; baseline 0.001 -24"><span class='ocrx_word' id='word_1_388' title='bbox 226 4188 402 4253; x_wconf 86' lang='lat' dir='ltr'>quas</span> <span class='ocrx_word' id='word_1_389' title='bbox 453 4173 582 4238; x_wconf 89' lang='lat' dir='ltr'>Deo</span> <span class='ocrx_word' id='word_1_390' title='bbox 655 4189 778 4258; x_wconf 90' lang='lat' dir='ltr'>pro</span> <span class='ocrx_word' id='word_1_391' title='bbox 822 4166 1181 4237; x_wconf 87' lang='lat' dir='ltr'>communi</span> <span class='ocrx_word' id='word_1_392' title='bbox 1240 4166 1463 4237; x_wconf 88' lang='lat' dir='ltr'>salute</span> <span class='ocrx_word' id='word_1_393' title='bbox 1501 4167 1765 4258; x_wconf 82' lang='lat' dir='ltr'>jugiter</span> <span class='ocrx_word' id='word_1_394' title='bbox 1810 4166 2016 4237; x_wconf 82' lang='lat' dir='ltr'>offers</span> <span class='ocrx_word' id='word_1_395' title='bbox 2047 4222 2064 4247; x_wconf 91' lang='lat'>,</span> <span class='ocrx_word' id='word_1_396' title='bbox 2118 4167 2298 4237; x_wconf 88' lang='lat' dir='ltr'>scias</span> <span class='ocrx_word' id='word_1_397' title='bbox 2360 4189 2470 4237; x_wconf 88' lang='lat' dir='ltr'>me</span> <span class='ocrx_word' id='word_1_398' title='bbox 2530 4165 2782 4237; x_wconf 86' lang='lat' dir='ltr'>favere.</span> 
     </span>
     <span class='ocr_line' id='line_1_45' title="bbox 230 4254 2786 4346; baseline -0 -21"><span class='ocrx_word' id='word_1_399' title='bbox 230 4260 468 4343; x_wconf 88' lang='lat' dir='ltr'>Itaque</span> <span class='ocrx_word' id='word_1_400' title='bbox 501 4256 681 4327; x_wconf 89' lang='lat' dir='ltr'>sicut</span> <span class='ocrx_word' id='word_1_401' title='bbox 724 4277 851 4346; x_wconf 83' lang='lat' dir='ltr'>ego</span> <span class='ocrx_word' id='word_1_402' title='bbox 887 4256 1047 4336; x_wconf 90' lang='lat' dir='ltr'>tuis,</span> <span class='ocrx_word' id='word_1_403' title='bbox 1089 4256 1180 4324; x_wconf 89' lang='lat' dir='ltr'>ita</span> <span class='ocrx_word' id='word_1_404' title='bbox 1216 4269 1311 4335; x_wconf 89' lang='lat' dir='ltr'>tu,</span> <span class='ocrx_word' id='word_1_405' title='bbox 1349 4277 1631 4343; x_wconf 89' lang='lat' dir='ltr'>quaeso,</span> <span class='ocrx_word' id='word_1_406' title='bbox 1679 4255 1852 4326; x_wconf 90' lang='lat' dir='ltr'>meis</span> <span class='ocrx_word' id='word_1_407' title='bbox 1890 4254 2323 4327; x_wconf 89' lang='lat' dir='ltr'>obsecundes</span> <span class='ocrx_word' id='word_1_408' title='bbox 2357 4255 2551 4325; x_wconf 88' lang='lat' dir='ltr'>votis.</span> <span class='ocrx_word' id='word_1_409' title='bbox 2586 4254 2786 4338; x_wconf 84' lang='lat' dir='ltr'>Quod</span> 
     </span>
    </p>
   </div>
   <div class='ocr_carea' id='block_1_3' title="bbox 234 4344 2905 4426">
    <p class='ocr_par' dir='ltr' id='par_1_4' title="bbox 234 4344 2905 4426">
     <span class='ocr_line' id='line_1_46' title="bbox 234 4344 2905 4426; baseline 0.001 -14"><span class='ocrx_word' id='word_1_410' title='bbox 234 4364 344 4413; x_wconf 88' lang='lat' dir='ltr'>me</span> <span class='ocrx_word' id='word_1_411' title='bbox 387 4346 614 4416; x_wconf 88' lang='lat' dir='ltr'>cernis</span> <span class='ocrx_word' id='word_1_412' title='bbox 669 4345 947 4416; x_wconf 89' lang='lat' dir='ltr'>madido</span> <span class='ocrx_word' id='word_1_413' title='bbox 999 4357 1248 4414; x_wconf 87' lang='lat' dir='ltr'>tectum</span> <span class='ocrx_word' id='word_1_414' title='bbox 1307 4344 1757 4426; x_wconf 87' lang='lat' dir='ltr'>indumento,</span> <span class='ocrx_word' id='word_1_415' title='bbox 1819 4344 1887 4414; x_wconf 92' lang='lat' dir='ltr'>id</span> <span class='ocrx_word' id='word_1_416' title='bbox 1953 4346 2034 4414; x_wconf 77' lang='lat' dir='ltr'>ea</span> <span class='ocrx_word' id='word_1_417' title='bbox 2099 4346 2366 4415; x_wconf 80' lang='lat' dir='ltr'>noveris</span> <span class='ocrx_word' id='word_1_418' title='bbox 2413 4350 2629 4416; x_wconf 71' lang='lat' dir='ltr'>causa</span> <span class='ocrx_word' id='word_1_419' title='bbox 2674 4367 2789 4415; x_wconf 81' lang='lat' dir='ltr'>ac-</span> <span class='ocrx_word' id='word_1_420' title='bbox 2895 4359 2905 4369; x_wconf 51' lang='lat'>⁸</span> 
     </span>
    </p>
   </div>
   <div class='ocr_carea' id='block_1_4' title="bbox 229 4430 2793 4525">
    <p class='ocr_par' dir='ltr' id='par_1_5' title="bbox 229 4430 2793 4525">
     <span class='ocr_line' id='line_1_47' title="bbox 229 4430 2793 4525; baseline 0.001 -25"><span class='ocrx_word' id='word_1_421' title='bbox 229 4430 499 4515; x_wconf 81' lang='lat' dir='ltr'>cidere,</span> <span class='ocrx_word' id='word_1_422' title='bbox 560 4434 741 4522; x_wconf 89' lang='lat' dir='ltr'>quod</span> <span class='ocrx_word' id='word_1_423' title='bbox 805 4432 1368 4507; x_wconf 85' lang='lat' dir='ltr'>sanctimoniales</span> <span class='ocrx_word' id='word_1_424' title='bbox 1420 4434 1531 4504; x_wconf 84' lang='lat' dir='ltr'>bio</span> <span class='ocrx_word' id='word_1_425' title='bbox 1578 4433 1928 4525; x_wconf 89' lang='lat' dir='ltr'>degentes,</span> <span class='ocrx_word' id='word_1_426' title='bbox 1981 4434 2285 4505; x_wconf 89' lang='lat' dir='ltr'>assiduis</span> <span class='ocrx_word' id='word_1_427' title='bbox 2345 4433 2629 4522; x_wconf 89' lang='lat' dir='ltr'>quidem</span> <span class='ocrx_word' id='word_1_428' title='bbox 2678 4454 2793 4503; x_wconf 85' lang='lat' dir='ltr'>me</span> 
     </span>
    </p>
   </div>
  </div>
 </body>
</html>
