3347 4999
277 389 448 457 OCT.
498 390 539 453 8
1162 407 1240 453 nr:
1287 406 1343 453 s.
1397 404 1687 452 ninam-A
1735 405 1928 452 vmnx
2596 391 2723 455 265

274 514 475 563 suum
527 502 591 560 et
638 488 810 566 alios
870 490 1019 579 ejus
1092 503 1307 559 morte
1373 489 1725 571 dolenteS,
1791 491 1881 559 ita
1948 490 2355 580 compellat:
2424 494 2665 576 «Quid
2717 494 2807 564 ita

274 581 569 650 doletis?
618 578 923 648 Sufficiat
987 580 1347 665 hucusque
1406 600 1810 668 prorogasse
1884 578 2112 648 vitam.
2168 578 2509 649 Gratulari
2583 583 2811 671 potius

274 668 445 737 mibi
495 667 780 749 debetiS,
833 668 1014 754 quod
1058 668 1144 738 ad
1181 668 1623 769 potentiorem
1665 666 2026 737 Dominum
2071 681 2343 737 evocata
2380 690 2609 738 sum.»
2640 671 2810 742 Inde

273 757 514 828 accitis
561 756 751 836 filiis,
804 778 959 825 cum
1012 757 1337 827 omnibus
1389 755 1855 836 valedixisset,
1909 756 2322 826 obdormivit
2373 756 2438 825 in
2493 761 2803 829 Domino.

273 848 365 915 Ea
415 845 763 925 defuncta,
827 844 1036 915 filiola
1086 846 1236 935 ejus
1299 844 1603 935 Birgitta,
1658 867 1696 913 a
1749 858 1937 936 patre
2003 845 2248 915 tradita
2294 859 2395 915 est
2444 848 2810 918 nutrienda

272 947 674 1004 materterae
710 956 898 1015 suae,
955 947 1303 1004 matronae
1344 934 1475 1003 insi
1531 934 1601 1002 ni
1637 934 2002 1024 prudentia
2033 947 2098 1004 et
2135 933 2487 1023 religione.
2540 940 2807 1006 Etcum

272 1024 630 1115 septennis
679 1023 814 1092 fere
861 1036 1061 1105 esset,
1118 1024 1288 1093 vidit
1332 1045 1468 1108 quo
1521 1045 1630 1091 am
1686 1034 1986 1113 tempore
2039 1023 2397 1113 evigilans,
2452 1045 2487 1093 e
2535 1025 2809 1115 regione

271 1111 508 1182 lectuli
560 1112 666 1183 sui
698 1112 931 1193 altare,
970 1127 1034 1181 et
1074 1135 1282 1203 super
1312 1111 1480 1181 illud
1513 1113 1873 1181 Dominam
1906 1111 2216 1185 indutam
2249 1112 2549 1183 vestibus
2579 1113 2808 1204 splen-

268 1201 479 1282 clidis,
532 1214 596 1270 et
647 1202 711 1269 in
768 1223 976 1270 manu
1018 1201 1340 1270 ferentem
1396 1221 1719 1270 coronam
1777 1201 2010 1290 magni
2079 1201 2313 1289 pretii,
2369 1201 2640 1291 ipsique
2702 1202 2807 1271 di-

268 1304 564 1359 centem:
597 1312 634 1356 «
669 1290 973 1380 Birgitta,
1012 1290 1237 1359 veni.»
1269 1290 1584 1380 Surgenti
1621 1289 1724 1359 illi
1755 1303 1818 1359 et
1850 1290 1934 1357 ad
1971 1312 2160 1361 aram
2192 1292 2605 1380 properanti,
2635 1291 2808 1361 dixit

269 1380 596 1448 Domina:
638 1380 900 1455 «Visne
952 1379 1199 1448 habere
1247 1400 1566 1449 coronam
1623 1379 1843 1447 hauc?
1878 1402 1912 1444 »
1972 1378 2095 1447 llla
2149 1392 2527 1460 annuente,
2585 1380 2804 1469 impo-

267 1469 406 1537 suit
455 1489 605 1536 eam
640 1490 717 1537 ca
774 1468 846 1536 iti
896 1467 1072 1555 ejus,
1111 1468 1201 1538 ita
1229 1480 1303 1537 ut
1353 1468 1630 1539 sentiret
1683 1466 1907 1556 puella
1949 1481 2157 1557 caput
2197 1490 2400 1537 suum
2455 1481 2803 1556 tamquam

265 1556 529 1626 circulo
561 1579 699 1643 quo
751 1579 859 1625 am
905 1556 1176 1627 ambiri.
1225 1556 1348 1627 Sed
1385 1579 1544 1627 cum
1582 1556 1669 1626 ad
1711 1555 2040 1626 lectulum
2088 1556 2422 1638 rediisset,
2464 1557 2634 1627 visio
2689 1557 2807 1628 illa

267 1644 638 1734 disparuit,
693 1646 894 1716 cu'us
945 1657 1167 1713 tamen
1224 1667 1579 1732 nunquam
1671 1644 2214 1715 otuitoblivisci.

357 1737 393 1821 ἓ
443 1737 527 1805 4.
587 1734 750 1803 Dein
801 1756 838 1803 e
886 1734 972 1803 ad
1022 1756 1283 1803 annum
1326 1735 1563 1804 aetatis
1658 1735 1961 1804 ecimum
2012 1734 2369 1813 accedenS,
2417 1733 2630 1804 instar
2724 1757 2806 1804 u-

266 1822 530 1892 rissimi
584 1822 757 1903 lilii,
812 1821 1021 1893 totius
1090 1822 1465 1893 honestatis
1534 1821 1902 1892 candorem
1985 1823 2323 1902 retinens,
2372 1824 2440 1892 'et
2487 1845 2521 1892 a
2578 1845 2647 1892 ra
2707 1824 2806 1895 ice

263 1910 558 1981 labentis
608 1911 876 1990 mundi,
921 1910 1008 1980 ad
1049 1911 1444 1982 coelestium
1490 1910 2026 2002 pulcritudinem
2065 1933 2213 1981 sese
2249 1911 2543 2001 erigenS,
2601 1934 2807 1982 mun·-

266 1999 505 2069 ditiam
558 2000 773 2068 animi
822 2011 886 2070 et
943 2002 1289 2090 corporiS,
1351 2022 1474 2070 ceu
1525 2000 1928 2070 thesaurum
1992 2000 2471 2070 absconditum
2525 2023 2805 2072 conser-

270 2088 493 2158 vabat.
532 2088 916 2158 Abundavit
956 2089 1024 2158 in
1060 2112 1135 2158 ea
1187 2089 1395 2159 totius
1455 2088 1673 2158 forma
1718 2088 2394 2160 virtutiszsobrietas
2452 2111 2611 2158 cum
2659 2111 2806 2158 mo·-

267 2176 510 2258 destia,
567 2177 975 2267 simplicitas
1021 2200 1178 2247 cum
1234 2177 1665 2256 verecundia,
1723 2176 2080 2247 humilitas
2131 2200 2289 2247 cum
2363 2177 2798 2259 obedientia,

254 2264 574 2354 jucunda
621 2267 1066 2347 conscientia,
1107 2265 1348 2336 hilaris
1400 2266 1750 2367 patientia,
1787 2266 2087 2334 charitas
2129 2265 2490 2336 indefessa.
2531 2266 2804 2337 Decimo

264 2354 505 2422 aetatis
553 2375 737 2423 anno
783 2372 940 2427 cum
992 2354 1367 2426 audivisset
1399 2377 1463 2424 in
1522 2354 1776 2444 templo
1807 2354 2325 2424 concionantem
2363 2354 2446 2424 de
2483 2356 2803 2443 passione

270 2441 567 2522 Domini,
625 2456 816 2514 nocte
852 2456 1195 2532 sequente,
1254 2444 1421 2515 vidit
1469 2447 1535 2514 in
1588 2444 1852 2514 somnis
1902 2443 2270 2525 Christum,
2310 2444 2510 2531 quasi
2556 2444 2796 2516 eadem

269 2531 437 2601 hora
488 2533 921 2614 crucifixum,
975 2533 1247 2620 sibique
1286 2535 1658 2604 dicentem:
1723 2556 1758 2598 «
1796 2538 1890 2601 En
1942 2547 2018 2603 ut
2064 2533 2494 2603 excruciatus
2546 2556 2724 2604 sum.
2760 2559 2796 2602 »

268 2619 393 2690 Illa
419 2620 821 2692 existimans
853 2621 1087 2691 eadem
1125 2623 1290 2692 hora
1324 2635 1557 2693 recens
1589 2622 1655 2692 id
1692 2621 1974 2701 factum,
2011 2623 2105 2692 ait
2137 2622 2223 2691 ad
2250 2644 2445 2692 eum:
2484 2645 2519 2689 «
2549 2625 2799 2709 Ecquis

265 2709 495 2778 isthuc
544 2710 665 2780 tibi
733 2709 887 2779 fecit
958 2711 1283 2780 Domine?
1318 2735 1353 2778 »
1403 2712 1709 2783 Christus
1778 2711 2165 2800 respondit:
2230 2710 2449 2790 «Illi,
2503 2711 2623 2797 qui
2690 2734 2798 2781 me

265 2811 740 2880 contemnunt,
780 2812 845 2868 et
892 2799 1291 2870 charitatem
1348 2822 1566 2870 meam
1622 2798 2050 2890 negligunt.»
2085 2805 2253 2869 Tum
2294 2798 2409 2868 illa
2458 2799 2540 2869 ad
2595 2821 2666 2869 se
2700 2823 2801 2870 re-

265 2909 483 2967 versa,
543 2910 761 2974 usque
809 2887 977 2958 adeo
1029 2887 1154 2958 fuit
1202 2889 1439 2958 affecta
1505 2911 1666 2978 erga
1738 2889 2121 2978 passionem
2183 2887 2467 2967 Christi,
2525 2901 2601 2957 ut
2645 2888 2805 2976 ejus

263 2977 591 3065 mysteria
642 2998 793 3045 raro
830 2977 977 3049 sine
1007 2976 1336 3066 lacrymis
1387 2977 1471 3047 ad
1524 2979 1923 3048 memoriam
1973 2977 2265 3066 potuerit
2315 2998 2653 3046 revocare.

349 3066 386 3149 ξ
432 3072 514 3136 ὅ.
574 3070 737 3135 Cum
790 3065 1180 3136 duodennis
1237 3067 1377 3154 jam
1423 3080 1623 3147 esset,
1690 3088 1849 3136 cum
1906 3064 2152 3154 puellis
2218 3064 2366 3136 suis
2415 3066 2799 3136 coaetaneis

260 3173 388 3221 acu
444 3154 765 3243 pingebat
796 3176 871 3224 ex
909 3153 1126 3226 serico
1173 3166 1238 3223 et
1270 3177 1461 3225 auro.
1513 3155 1756 3224 Animo
1789 3164 2018 3223 autem
2064 3151 2290 3234 anxia,
2345 3153 2436 3222 ita
2488 3167 2564 3224 ut
2607 3156 2799 3245 operi

263 3240 615 3311 intendere
666 3265 797 3312 non
838 3255 1086 3329 posset,
1139 3243 1375 3315 oculos
1407 3244 1652 3313 mentis
1702 3242 1785 3311 ad
1826 3247 2031 3311 Deum
2085 3240 2437 3311 referebat.
2472 3248 2641 3313 Ecce
2672 3266 2798 3314 au-

260 3339 391 3397 tem
446 3331 586 3398 visa
633 3343 736 3400 est
768 3330 865 3399 illi
914 3331 1219 3401 assidere
1247 3332 1436 3422 virgo
1473 3330 1811 3418 quaedam
1867 3331 2118 3420 ignota,
2156 3351 2307 3400 eam
2363 3331 2427 3400 in
2482 3352 2560 3401 eo
2593 3354 2796 3422 opere

258 3417 622 3507 adjuvans.
669 3423 1088 3510 Interrogata
1120 3420 1392 3501 deinde,
1445 3441 1781 3507 quaenam
1817 3419 1950 3509 ipsi
1998 3419 2387 3501 assedisset,
2437 3421 2795 3512 respondit

258 3528 330 3575 se
385 3507 726 3576 neminem
782 3507 1075 3579 vidisse.
1130 3514 1205 3578 At
1256 3521 1613 3578 matertera
1678 3508 1866 3593 ejuS,
1921 3529 2141 3597 opus,
2207 3508 2386 3596 quod
2434 3522 2574 3579 tum
2631 3531 2793 3600 prae

258 3595 584 3665 manibus
634 3595 987 3675 habuerat,
1043 3618 1175 3667 non
1228 3597 1315 3667 ab
1363 3596 1482 3667 illa
1533 3611 1664 3665 tam
1719 3609 1944 3667 tenera
1998 3597 2250 3687 puella,
2292 3597 2410 3667 sed
2459 3596 2793 3670 divinitus

256 3684 487 3772 potius
533 3683 956 3754 elaboratum
1006 3685 1476 3762 considerans,
1534 3685 1710 3755 inter
1759 3685 2085 3774 reliquias
2119 3685 2409 3755 fideliter
2460 3686 2628 3755 illud
2681 3709 2793 3756 as-

256 3770 586 3840 servabat.
645 3777 843 3843 Nocte
887 3787 1118 3844 autem
1168 3773 1503 3861 quadam,
1557 3774 1794 3844 eadem
1862 3788 2218 3846 matertera
2270 3775 2339 3843 in
2390 3773 2544 3861 ejus
2592 3775 2792 3845 cubi-

255 3858 491 3929 culum
545 3859 826 3931 latenter
866 3862 1196 3952 ingressa,
1244 3863 1502 3932 invenit
1547 3885 1726 3944 eam,
1790 3865 2074 3934 caeteris
2123 3863 2664 3937 dormientibus.
2721 3863 2789 3934 in

257 3947 528 4019 silentio
585 3950 760 4019 clam
819 3965 975 4019 ante
1024 3951 1273 4021 lectum
1328 3954 1560 4032 suum,
1619 3951 1873 4022 nudam
1917 3952 2202 4023 adorare
2250 3973 2405 4020 cum
2466 3950 2792 4041 lacrymis

257 4038 698 4108 crucifixum.
754 4039 1106 4128 Suspicata
1157 4053 1409 4121 autem,
1476 4040 1742 4114 levitate
1790 4041 2089 4128 quadam
2153 4039 2447 4131 puellari
2497 4041 2562 4112 id
2613 4041 2786 4123 fieri,

256 4126 446 4224 virga
495 4148 643 4196 eam
699 4128 1058 4217 percussit,
1112 4128 1229 4199 sed
1265 4152 1343 4199 ea
1379 4131 1444 4198 in
1500 4131 2006 4202 minutissimas
2054 4144 2280 4220 partes
2328 4129 2626 4201 dissiliit.
2659 4130 2792 4201 Ad-

257 4231 518 4285 mirans
590 4216 842 4306 igitur,
896 4216 1063 4286 dicit
1126 4217 1208 4287 ad
1261 4240 1450 4287 eam:
1506 4241 1543 4285 «
1592 4219 1768 4302 Quid
1820 4218 2042 4304 egisti,
2122 4218 2451 4308 Birgitta?
2497 4224 2671 4289 Num
2727 4231 2789 4289 te

255 4299 634 4373 docuerunt
707 4305 1000 4374 feminae
1071 4328 1304 4397 preces
1373 4306 1710 4393 quasdam
1782 4306 2106 4377 fallaces?
2163 4329 2199 4372 »
2272 4306 2397 4375 Illa
2461 4330 2619 4376 cum
2688 4307 2790 4375 la-

253 4390 507 4478 crymis
556 4395 945 4483 respondit:
1012 4418 1047 4462 «
1099 4402 1265 4477 Non,
1319 4395 1601 4465 domina
1653 4417 1844 4475 mea:
1896 4396 2010 4466 sed
2062 4394 2326 4466 surrexi
2378 4416 2415 4464 e
2463 4394 2656 4475 lecto,
2712 4406 2789 4464 ut

250 4474 601 4550 laudarem
662 4505 861 4563 eum,
937 4485 1058 4571 qui
1127 4508 1234 4555 me
1303 4506 1575 4576 semper
1640 4485 1809 4555 solet
1878 4484 2229 4574 adjuvare.
2300 4507 2334 4551 »
2388 4484 2789 4554 Sciscitante
