3347 4999
664 279 792 344 562
1351 296 1432 343 nn
1477 295 1568 343 ss.
1621 233 1789 342 'vam
1837 296 1913 342 tr
1960 294 2157 342 socns
2203 294 2317 341 n.
2799 275 2971 342 OCT.
3027 278 3111 343 ts

576 401 613 446 «
647 386 856 460 Certe,
902 379 1147 466 inquit,
1180 401 1305 449 nec
1344 402 1470 471 ego
1502 380 1780 467 quidem
1817 380 2077 460 eibum,
2121 394 2240 448 aut
2273 378 2532 465 aliquid
2562 377 2749 447 aliud
2787 381 3102 466 gustabo,

577 469 709 539 nisi
751 471 941 556 prius
991 468 1404 549 intellexere,
1442 470 1789 557 quomodo
1829 469 1994 539 haec
2036 492 2141 538 res
2188 468 2482 537 evenerit
2519 468 2679 536 lilio.
2717 492 2753 534 »
2788 470 2857 536 Ei
2898 468 3111 558 igitur

574 558 888 627 assidens
921 558 1281 638 insomniS‚
1319 573 1384 627 et
1417 558 1634 627 morbi
1676 558 2014 639 ardorem,
2066 572 2144 628 ut
2180 571 2458 647 poterat,
2502 555 2934 643 refrigeranS,
2988 570 3108 629 aut

575 647 805 736 potius
854 646 982 716 sibi
1023 647 1249 736 ignem
1293 647 1679 716 accendens
1723 670 1760 715 e
1808 649 2206 726 visceribus,
2258 648 2437 714 circa
2492 645 2783 714 mediam
2838 661 3103 716 noctem

568 734 832 824 (qualia
866 748 1029 804 sunt
1063 734 1176 804 Dei
1202 736 1552 823 judicial)
1590 737 1756 806 vidit
1788 736 2004 806 filium
2044 735 2281 806 morbo
2319 733 2731 816 consectum,
2769 749 2834 805 et
2865 735 3104 823 jacen-

571 836 701 894 tem
749 839 1119 894 mortuum.

657 915 695 999 §
744 919 891 985 1².
938 917 1109 998 >Cum
1160 935 1322 999 ergo
1387 914 1712 983 acerbum
1779 913 1964 982 hunc
2014 913 2292 984 vidisset
2354 925 2669 982 eventum
2709 965 2725 991 ,
2795 912 3097 1000 primum

568 1002 849 1089 quidem
900 1002 1208 1088 caligans
1249 1003 1441 1070 humi
1495 1002 1771 1081 decidit,
1825 1024 2114 1089 eamque
2163 1004 2387 1071 statim
2432 1024 2551 1071 vox
2602 1000 2887 1083 defecit,
2940 1023 3100 1071 cum

567 1092 971 1177 repentinus
1019 1091 1215 1160 dolor
1263 1092 1499 1160 suisset
1549 1090 1825 1181 linguae
1876 1093 2092 1161 instar
2138 1091 2415 1162 vinculi.
2473 1091 2596 1159 Sed
2640 1112 2798 1159 cum
2857 1112 3098 1176 parum

567 1179 651 1249 ad
707 1202 779 1249 se
812 1180 1144 1258 rediisset,
1197 1193 1262 1249 et
1311 1180 1624 1249 nonnihil
1673 1182 2091 1269 resipuisset,
2133 1180 2441 1250 humeris
2474 1179 2717 1248 tollens
2750 1193 3097 1249 mortuum

567 1290 819 1357 corpus
853 1268 1005 1347 filii,
1046 1282 1109 1337 et
1142 1268 1223 1337 ad
1271 1291 1533 1338 sacram
1593 1268 1653 1337 id
1699 1292 1885 1338 aram
1926 1270 2169 1351 ferens,
2210 1270 2299 1339 ibi
2342 1269 2620 1358 deponit
2658 1292 2672 1332 z
2715 1282 2776 1338 et
2810 1269 3101 1357 capillos

567 1356 851 1437 vellenS,
911 1358 1094 1445 luget
1135 1358 1403 1426 filium:
1457 1382 1491 1424 «
1522 1358 1818 1438 Perdidi,
1870 1357 2131 1438 dic-ens,
2183 1380 2226 1428 o
2275 1358 2397 1435 fili,
2445 1380 2689 1436 meam,
2725 1379 2900 1444 quae
2937 1357 3001 1425 in
3038 1371 3100 1425 te

566 1446 894 1515 collocata
943 1460 1108 1527 erat,
1166 1469 1382 1536 spem.
1437 1447 1555 1515 Hei
1611 1448 1806 1526 mihi,
1850 1470 1890 1516 o
1927 1447 2045 1525 lili,
2104 1448 2211 1516 bei
2264 1446 2456 1526 mihi,
2509 1468 2549 1515 o
2586 1468 2741 1515 care
2792 1448 2935 1515 flos.
2973 1446 3096 1532 qui

566 1536 666 1605 sic
691 1551 845 1605 ante
881 1550 1151 1625 tempus
1189 1537 1539 1604 marcuisti
1581 1536 2093 1605 miserabiliterl
2129 1536 2244 1605 Hei
2277 1536 2470 1615 milii,
2509 1550 2701 1603 tuum
2735 1559 2862 1625 ego
2887 1535 3093 1603 tinem

560 1623 778 1704 video,
809 1646 984 1711 quae
1016 1627 1373 1714 sperabam
1412 1646 1560 1695 esse
1597 1647 1633 1693 a
1673 1639 1732 1693 te
1753 1624 2065 1694 alendam
2101 1627 2164 1693 in
2190 1627 2568 1694 senectutel
2607 1623 2832 1693 Talem
2880 1646 3092 1704 nunc,

562 1734 604 1782 o
642 1714 1020 1795 carissime,
1061 1714 1542 1783 alimentorum
1585 1714 1752 1782 milti
1808 1716 2016 1782 vicem
2059 1714 2339 1782 reddis?
2385 1713 2575 1782 Tales
2607 1736 2757 1803 ego,
2817 1714 3095 1792 misera,

562 1803 704 1890 spei
762 1825 949 1871 meae
995 1802 1243 1887 colligo
1289 1801 1607 1872 fructus?
1654 1806 1801 1884 Quo
1847 1826 1985 1883 ore,
2037 1825 2335 1889 quanam
2391 1802 2651 1891 lingua,
2690 1802 2946 1889 quibus
2975 1802 3098 1870 de-

560 1891 739 1961 flebo
785 1890 1060 1960 oculis?
1111 1893 1378 1960 Utinam
1434 1913 1652 1960 meam
1702 1916 1821 1981 pro
1859 1907 1968 1960 tua
2008 1907 2288 1960 mortem
2341 1891 2829 1977 adspexissem,
2866 1905 2933 1959 et
2970 1891 3096 1959 lilii

562 1979 729 2048 mihi
767 1981 946 2049 caris
998 1981 1319 2049 manibus
1372 1982 1689 2049 mandata
1740 2002 1957 2050 essem
1998 1982 2439 2050 monimentO.
2481 1980 2745 2049 Utinam
2786 1980 2932 2067 ipsa
2969 1980 3096 2049 tibi

552 2068 846 2153 jacerem
905 2070 1129 2158 potius
1164 2084 1454 2148 mortua,
1493 2082 1557 2138 et
1589 2069 1959 2138 honorarer
2010 2085 2124 2138 tuo
2175 2091 2490 2159 processu
2541 2069 2622 2137 ad
2661 2068 3088 2158 sepulcrum.

561 2158 670 2226 Sic
717 2158 899 2225 enim
951 2180 1076 2247 ego
1123 2180 1339 2228 essem
1391 2158 1572 2227 lelix.
1628 2159 1736 2227 Sic
1785 2159 1854 2226 in
1908 2181 2014 2227 me
2062 2159 2298 2246 utique
2343 2172 2736 2228 conservata
2776 2172 2955 2228 esset
2985 2157 3093 2226 lex

561 2259 884 2314 malrum.
925 2269 960 2311 »

645 2337 681 2420 ᾗ
733 2338 874 2404 m.
931 2334 1037 2403 Sic
1085 2334 1389 2415 dicebat,
1442 2347 1505 2403 et
1598 2335 1908 2405 recidens
1958 2358 2201 2405 rursus
2248 2335 2569 2427 lugebat3
2620 2345 2683 2404 et
2733 2346 3087 2421 tamquam

555 2421 784 2491 adhuc
834 2422 1213 2492 animatum
1267 2423 1538 2511 alloque
1571 2441 1747 2493 »atur
1779 2447 2031 2513 corpus
2066 2428 2417 2510 Martyris:
2471 2448 2507 2490 «
2544 2423 2901 2507 Quodnam
2944 2438 3091 2492 tan-

555 2525 724 2593 tum,
779 2512 1038 2591 dicem,
1084 2535 1123 2582 o
1171 2513 1413 2582 tlltristi
1473 2519 1762 2601 Martyr,
1817 2515 2091 2583 sceleris
2139 2515 2597 2591 admisimus,
2651 2527 2728 2582 ut
2784 2514 2851 2581 in
2908 2514 3088 2582 lianc

555 2612 689 2669 tam
743 2602 1055 2670 acerbam
1114 2601 1573 2672 incideremus
1616 2604 2131 2672 calamitatem?
2178 2610 2344 2682 Non,
2402 2603 2641 2671 marito
2691 2603 2755 2670 in
2806 2616 3084 2671 externa

552 2690 829 2777 regione
886 2691 1160 2770 relicto,
1219 2690 1436 2781 pluris
1481 2713 1657 2778 quae
1709 2692 1968 2778 reliqua
2017 2694 2247 2761 omnia
2298 2692 2423 2761 l'eci
2487 2705 2675 2760 tuum
2727 2705 3087 2776 exportare

549 2783 853 2864 corpus?
899 2785 1037 2848 Non
1099 2782 1186 2847 ab
1242 2779 1408 2869 ipsis
1456 2779 1923 2850 fundamentis
1976 2781 2093 2850 tibi
2162 2780 2490 2867 templum
2542 2780 2857 2848 extruxi?
2907 2784 3076 2861 Non,

550 2868 605 2936 si
646 2868 814 2936 nihil
858 2867 1073 2944 aliud,
1130 2868 1246 2936 tibi
1299 2869 1513 2938 obtuli
1569 2891 1796 2938 meum
1848 2869 2060 2938 animi
2118 2871 2591 2958 propositum?
2637 2868 2808 2950 Quid
2846 2885 3080 2937 autem

549 2954 714 3022 haec
765 2957 895 3025 sibi
948 2956 1233 3026 volunt?
1281 2963 1447 3036 Non,
1486 2959 1664 3044 quod
1709 2980 1828 3048 pro
1862 2959 1943 3026 iis
1981 2960 2353 3047 petebatur,
2395 2958 2647 3027 bonum
2683 2970 2848 3037 erat,
2888 2956 3080 3027 salus

546 3043 728 3112 filii?
774 3050 940 3126 Non,
995 3060 1069 3117 ut
1120 3068 1337 3131 usque
1366 3046 1447 3114 ad
1484 3061 1898 3117 senectutem
1952 3047 2157 3115 simul
2213 3061 2513 3116 maneret
2550 3068 2705 3116 cum
2755 3050 3080 3130 parente?

544 3132 668 3201 Hei
721 3134 978 3212 mil1i‚a
1021 3149 1273 3220 quanta
1327 3158 1445 3226 spe
1479 3135 1699 3204 deridi
1728 3139 1759 3203 7
1809 3158 1928 3225 pro
1960 3137 2282 3222 qualibus
2320 3136 2550 3222 qualia
2602 3133 2792 3202 vidi?
2842 3135 2996 3215 Sed,
3038 3157 3078 3204 o

545 3225 798 3310 Martyr
847 3223 1113 3301 Christi,
1175 3223 1273 3292 vel
1330 3224 1493 3292 mihi
1546 3225 1766 3293 silium
1819 3224 2025 3293 redde
2074 3227 2531 3314 superstitem,
2584 3225 2761 3292 sicut
2809 3223 3079 3293 Eliseus

545 3311 997 3390 Sunamitidi3
1052 3312 1149 3380 vel
1205 3334 1287 3380 ne
1342 3313 1506 3381 milii
1563 3329 1843 3382 mortem
1900 3314 2204 3382 invideas
2241 3315 2518 3383 utilem:
2573 3311 2684 3382 sed
2724 3334 2901 3397 quae
2938 3328 3071 3381 tarn

545 3397 906 3467 infeliciter
957 3400 1180 3488 peperi
1231 3413 1294 3470 et
1342 3400 1508 3480 alui,
1565 3401 1670 3470 sac
1723 3424 1827 3471 me
1874 3404 2073 3471 etiam
2129 3404 2403 3472 interire
2459 3424 2613 3471 cum
2671 3400 2839 3469 filio.
2876 3424 2912 3467 »
2962 3405 3072 3469 ln·

542 3487 737 3554 terim
790 3503 1015 3557 autem
1060 3488 1225 3559 dum
1281 3489 1625 3580 Cleopatra
1680 3491 1895 3560 filium
1948 3491 2190 3560 acerbe
2248 3491 2523 3560 defleret
2557 3544 2572 3570 ,
2624 3502 2689 3558 et
2733 3512 2850 3559 eos
2882 3545 2897 3570 ,
2950 3489 3067 3575 qui

540 3575 848 3654 aderant,
905 3592 1197 3648 moveret
1245 3592 1319 3648 ut
1363 3594 1427 3649 et
1473 3580 1626 3667 ejus
1693 3602 1895 3648 rasus
1964 3580 2488 3655 misererentur,
2540 3592 2604 3647 et
2655 3577 3058 3667 profundam

539 3665 653 3733 Dei
694 3666 1117 3752 judiciorum
1171 3667 1497 3756 abyssum
1550 3668 2080 3750 admirarentur,
2138 3691 2422 3738 somnus
2458 3668 2552 3736 illi
2595 3689 2834 3756 parum
2870 3670 3055 3736 obre-

537 3776 730 3842 penS,
784 3777 932 3823 eam
988 3755 1142 3824 secit
1173 3757 1560 3842 quiescere;
1613 3773 1675 3824 et
1715 3757 1900 3826 filius
1927 3759 1986 3825 ei
2020 3761 2301 3827 omnino
2331 3759 2652 3847 apparuit
2696 3779 2854 3825 cum
2898 3762 3058 3825 Mar-

536 3857 704 3932 tyre.
758 3849 922 3914 Nam
983 3860 1047 3913 et
1095 3844 1473 3915 adstantem
1527 3846 1885 3916 videbatur
1935 3848 2176 3916 intueri
2228 3846 2581 3926 Athletam‚
2634 3846 2783 3934 ejus
2842 3845 3061 3914 lilium

535 3955 660 4001 suo
709 3933 911 4013 sinu,
972 3948 1318 4020 tamquam
1378 3936 1728 4025 proprium
1766 3991 1782 4016 ,
1836 3935 2423 4025 complectentem.
2479 3935 2782 4004 Amictus
2832 3948 3064 4004 autem

532 4036 676 4089 erat
722 4024 1030 4108 utrisque
1069 4023 1597 4111 pulcherrimus.
1638 4038 1704 4094 et
1731 4025 2369 4112 splendidissimus:
2408 4039 2471 4094 et
2503 4046 2789 4094 coronae
2819 4044 3063 4092 eorum

531 4111 753 4197 capita
804 4112 1140 4181 ornabant
1189 4113 1619 4183 suavissime.
1676 4118 2090 4184 Coronarum
2152 4129 2374 4183 autem
2426 4114 2714 4182 dixisses
2758 4134 2907 4180 esse
2955 4113 3069 4180 di·

531 4201 756 4355 viniam
827 4203 1225 4287 quamdam,
1287 4214 1352 4272 et
1415 4224 1590 4289 quae
1638 4202 1877 4294 lingua
1931 4225 2061 4273 nou
2117 4217 2332 4294 potest
2394 4204 2733 4292 exprimi,
2799 4201 3069 4290 pulcri·

531 4300 599 4357 tu
662 4310 884 4355 inem.·

614 4379 650 4466 ἓ
709 4380 846 4452 u.
901 4378 1268 4451 Videbatur
1315 4393 1541 4451 autem
1594 4387 1846 4472 Martyr
1892 4382 2159 4453 dicere:
2217 4386 2415 4452 «Gur
2457 4404 2590 4452 non
2646 4378 2965 4460 laetariS,
3024 4402 3071 4450 o

3078 4481 3295 4881 l
