3347 4999
156 295 357 364 OCT.
413 295 496 360 48
1025 308 1105 360 ΒΕ
1153 313 1208 360 s.
1262 312 1420 361 Lucii
1466 311 1891 360 nvmenusu
2494 298 2623 364 535

153 397 455 477 Mariae,
499 396 769 467 tertium
797 396 1155 467 Simeonis.
1195 395 1736 487 Quadragesimo
1765 417 1915 465 vero
1949 395 2082 479 die,
2109 409 2465 487 postquam
2513 411 2714 472 natus

152 498 302 566 est,
362 484 724 555 Dominum
758 507 916 555 cum
956 484 1359 555 muneribus
1407 484 1475 554 in
1511 483 1765 574 templo
1816 497 2047 555 narrat
2084 485 2414 556 oblatum.
2457 489 2712 560 Deinde

150 573 617 646 duodennem
671 574 736 642 in
775 574 1008 644 eodem
1051 573 1305 664 templo
1338 572 1515 643 inter
1543 572 1852 643 doctores
1885 574 2238 644 constituit
2268 574 2704 648 residentem.

150 671 500 735 Parentes
547 684 819 750 quoque
872 662 1136 733 Domini
1188 674 1418 733 narrat
1467 683 1586 753 per
1633 660 1948 752 singulos
1996 683 2212 732 annos
2259 663 2328 731 in
2381 663 2706 735 solemni·

146 766 311 823 tate
382 750 686 842 paschali
753 752 1081 821 orationis
1129 752 1350 841 gratia
1395 749 1785 821 Jerusalem
1840 750 2206 820 ascendere
2263 750 2520 822 solitos.
2584 759 2706 825 Po-

144 858 430 913 stremo
479 840 921 931 Evangelium
975 861 1172 909 suum
1230 840 1354 910 hoc
1404 840 1539 910 fine
1577 838 1948 919 concludit,
2001 851 2078 909 ut
2124 838 2341 910 dicat:
2386 845 2529 929 Ipsi
2555 845 2706 913 ado-

139 941 439 1010 ranteS,
508 932 797 1019 ‘reyressi
837 941 991 998 sunt
1037 931 1109 999 in
1166 934 1542 1000 Jerusalem
1598 951 1748 998 eum
1803 928 2056 1018 qaudz‘o
2088 951 2355 1020 maqno,
2411 942 2474 999 et
2508 944 2699 1002 erant

143 1042 435 1111 semper
478 1020 550 1087 in
597 1021 838 1110 tempto
890 1019 1244 1089 laudantes
1290 1031 1351 1089 et
1399 1019 1846 1088 benedicentes
1891 1023 2097 1087 Deum
2134 1018 2318 1108 (Luc.
2363 1026 2563 1107 xxiv).

250 1113 293 1198 ξ
345 1112 442 1178 9.
510 1107 698 1176 Unde
739 1107 836 1189 sit,
888 1120 965 1177 ut
994 1107 1233 1177 beatus
1271 1112 1489 1178 Lucas
1522 1107 1718 1176 vituli
1767 1106 2062 1196 speciem
2116 1120 2360 1189 teneat,
2419 1109 2598 1179 sicut
2636 1123 2701 1181 et

145 1196 477 1270 Ezechiel
519 1197 875 1298 Propheta,
912 1209 977 1266 et
1008 1198 1302 1268 loannes
1342 1195 1768 1285 Evangelista
1811 1218 1881 1264 se
1913 1195 2164 1265 vidisse
2207 1198 2693 1287 pronunciant.

146 1287 443 1359 Vitulus
494 1285 832 1373 siquidem
884 1286 950 1354 in
996 1285 1249 1376 templo
1293 1286 1551 1355 solebat
1598 1284 1847 1354 offerri.
1889 1288 1965 1353 Et
2012 1285 2183 1354 bene
2221 1286 2497 1369 vitulus,
2535 1288 2700 1374 quia

143 1397 410 1449 sacrae
458 1374 734 1475 linguae
783 1397 1051 1445 vomere
1098 1373 1325 1444 cordis
1376 1374 1587 1443 nostri
1638 1396 1797 1443 arva
1831 1373 2199 1463 prosulcat,
2238 1396 2453 1462 eaque
2483 1381 2696 1446 Evan-

145 1466 377 1557 gelici
417 1465 703 1535 seminis
742 1463 932 1550 jactu
967 1463 1154 1533 vitali
1184 1463 1380 1551 fruge
1428 1462 1774 1534 secundat.
1821 1462 1930 1532 Vel
1963 1475 2142 1533 certe
2173 1464 2428 1534 idcirco
2458 1465 2698 1537 beatus

146 1565 392 1629 Lucas
440 1552 635 1623 vituli
670 1552 1051 1643 praetendit
1100 1553 1494 1642 imaginem,
1539 1552 1704 1639 quia
1736 1551 1898 1619 dum
1949 1552 2422 1643 Evangelicam
2490 1566 2695 1642 atque

142 1642 624 1736 Apostolicam
675 1642 1000 1713 describit
1047 1641 1429 1723 historiam,
1484 1642 1713 1711 hostes
1744 1640 1991 1711 Christi
2029 1654 2231 1728 atque
2271 1642 2696 1715 adversarios

142 1753 369 1805 verae
418 1732 598 1812 fidei,
647 1744 990 1818 tamquam
1028 1732 1300 1803 duobus
1335 1730 1662 1800 cornibus
1704 1728 2003 1809 ventilat,
2035 1752 2307 1818 eosque,
2349 1752 2433 1801 ne
2462 1754 2691 1802 aream

141 1819 546 1896 catholicae
594 1820 931 1890 Ecclesiae
976 1820 1504 1910 depopulentur,
1541 1831 1909 1910 expugnat.
1949 1820 2070 1890 His
2102 1832 2329 1890 autem
2366 1823 2693 1891 cornibus

147 1910 675 2005 praemunitur,
718 1910 972 1996 quibus
1020 1922 1082 1977 et
1129 1909 1424 1979 ‚ludaeos
1465 1909 1659 1978 feriat
1709 1929 1841 1977 non
1893 1908 2285 1990 credentes,
2354 1922 2418 1979 et
2457 1910 2691 1981 haere-

147 2006 336 2072 ticos
384 1998 547 2067 hinc
596 1997 754 2068 inde
800 1997 1186 2081 concludat,
1245 2021 1283 2068 a
1337 2020 1406 2068 re
1458 1998 1574 2067 ula
1606 2019 1803 2067 verae
1836 1997 1995 2068 fidei
2027 1997 2470 2069 declinantes.
2511 2001 2692 2070 Scri-

147 2092 299 2195 psit
341 2087 573 2174 itaque
620 2086 862 2159 beatus
910 2093 1126 2157 Lucas
1166 2092 1408 2178 Aposto
1440 2110 1633 2157 orum
1673 2087 1938 2156 labores
1971 2099 2037 2156 et
2066 2099 2284 2172 actuS,
2323 2089 2579 2175 quibus
2625 2102 2692 2160 et

144 2200 308 2271 ipse
362 2177 816 2246 collaborator
864 2176 1190 2246 interfuit.
1256 2176 1541 2267 Scripsit
1587 2188 1650 2246 et
1715 2176 2200 2267 Evangelium,
2260 2177 2440 2264 quod
2490 2179 2690 2265 quasi

143 2271 514 2358 signatum
568 2266 802 2355 magni
840 2267 1136 2337 thesauri
1174 2266 1445 2356 pondus
1493 2265 1577 2335 de
1623 2265 1811 2335 coelo
1861 2266 2184 2355 percepit.
2226 2266 2345 2337 Cui
2377 2265 2689 2337 videlicet

142 2354 336 2428 illud
392 2354 609 2423 Isaiae
649 2355 1046 2425 vaticinium
1098 2367 1552 2445 congruenter
1591 2366 1886 2445 aptatur,
1938 2376 2074 2443 quo
2115 2355 2403 2424 dicitur:
2449 2362 2529 2426 Et
2563 2359 2690 2427 erit

140 2447 339 2518 vobis
373 2445 542 2514 visio
574 2446 891 2524 omnium,
940 2447 1113 2514 sicut
1157 2447 1359 2515 verba
1406 2446 1565 2514 libri
1618 2445 1874 2535 siqnati
1898 2469 1920 2514 .·
1970 2467 2165 2537 quem
2205 2468 2356 2516 cum
2388 2446 2689 2517 dederint

142 2535 402 2608 scienti
431 2535 707 2614 litteras,
761 2535 1014 2603 dicent:
1050 2540 1133 2604 Le
1183 2559 1217 2603 e
1262 2537 1503 2604 istum:
1559 2545 1624 2603 et
1677 2535 2139 2625 respondebit:
2182 2541 2321 2604 Non
2375 2558 2683 2625 possum:

142 2630 471 2719 sz'ynatus
504 2634 599 2692 est
629 2625 803 2692 enim
840 2623 958 2712 (Is.
990 2645 1133 2693 xxlx
1172 2679 1186 2692 .
1223 2623 1388 2705 Quis
1436 2634 1537 2692 est
1582 2623 1765 2692 enim
1817 2623 1989 2693 liber
2034 2623 2147 2693 ille
2188 2624 2522 2713 signatuS‚
2552 2626 2688 2694 nisi

142 2727 479 2789 sanctum
532 2712 997 2803 Evangelium‚
1052 2713 1359 2802 mysticis
1408 2713 1788 2804 figurarum
1840 2714 2191 2783 sententiis
2245 2712 2678 2794 obvolutum,

142 2820 211 2878 et
244 2806 338 2875 ab
376 2803 721 2871 humanae
756 2803 1001 2870 mentis
1035 2802 1486 2891 intelligentia
1520 2801 1755 2891 procul
1788 2805 2037 2870 arcana
2067 2800 2363 2888 quadam
2400 2801 2682 2891 profun-

144 2897 367 2966 ditate
420 2891 806 2960 remotum‘?
857 2892 978 2960 Hic
1030 2891 1324 2981 profecto
1375 2890 1548 2960 liber
1582 2890 1696 2959 ille
1728 2903 1849 2970 est,
1904 2890 1988 2959 de
2036 2912 2171 2977 quo
2203 2894 2502 2959 Joannes
2549 2892 2675 2960 ait:

157 2986 312 3055 Vidi
342 2984 416 3052 in
464 2981 748 3050 deoetera
775 2982 1060 3051 sedentis
1103 3004 1302 3072 super
1350 2981 1683 3059 thronum,
1745 2981 1988 3048 librum
2044 2981 2368 3069 scriptum
2403 2981 2580 3048 intus
2620 2991 2680 3049 et

143 3077 340 3164 lorz'S,
380 3072 446 3140 si
493 3081 725 3139 natum
755 3072 1008 3159 sz'qt'llis
1052 3082 1297 3161 septem
1328 3070 1556 3159 (Apoc.
1591 3068 1679 3156 v).
1724 3073 1907 3150 Quae
1956 3080 2117 3137 sunt
2155 3079 2381 3136 autem
2421 3068 2673 3159 sigilla,

144 3164 411 3252 quibus
482 3159 627 3227 iber
664 3159 1111 3249 Evangelicus
1157 3159 1559 3248 obsignatus
1593 3157 1870 3236 dicitur,
1927 3155 2059 3225 nisi
2099 3167 2355 3245 septem
2409 3156 2526 3225 illa
2576 3179 2677 3227 sa-

145 3260 531 3327 cramenta,
571 3247 826 3334 quibus
875 3248 1110 3334 utique
1156 3261 1336 3317 totus
1367 3247 1533 3316 ordo
1568 3246 1955 3314 Dominicae
1985 3244 2517 3335 dispensationis
2551 3247 2680 3315 im-

150 3343 404 3432 pletur,
469 3335 778 3404 videlicet
819 3336 1194 3405 incarnatio
1241 3336 1528 3412 Domini,
1570 3334 1908 3415 nativitas,
1951 3335 2202 3425 passm,
2239 3335 2669 3415 resurrectio,

148 3431 232 3500 ad
284 3426 516 3498 coelos
566 3425 899 3504 ascensio,
941 3425 1185 3494 deinde
1222 3424 1594 3514 judicium,
1636 3436 1976 3513 postremo
2015 3427 2358 3513 regnum?
2397 3425 2516 3493 His
2554 3427 2677 3494 ita-

148 3541 283 3606 que
332 3513 585 3606 sigillis
633 3512 805 3582 liber
853 3514 1300 3603 Evangelicus
1331 3513 1422 3582 ita
1458 3513 1769 3602 signatus
1810 3527 1931 3592 est,
1972 3524 2048 3581 ut
2097 3513 2229 3581 nisi
2279 3535 2438 3582 eum
2489 3515 2674 3584 Chri·

150 3622 300 3678 stus
348 3602 755 3695 aperuisset,
810 3602 1092 3672 cuilibet
1125 3603 1407 3671 omnino
1437 3606 1662 3691 patere
1699 3623 1831 3671 non
1878 3614 2123 3692 posset.
2163 3601 2351 3671 Unde
2384 3603 2676 3692 subjun-

151 3701 376 3784 gitur:
419 3699 580 3763 Ecce
614 3693 771 3759 vicit
819 3696 937 3760 Leo
986 3693 1064 3760 de
1113 3694 1290 3760 tribu
1334 3692 1538 3771 Juda,
1580 3693 1788 3760 radim
1829 3692 2063 3770 David,
2102 3694 2367 3781 aperire
2402 3693 2668 3777 librum,

150 3797 211 3854 et
263 3789 517 3854 solvere
545 3791 789 3870 septem
822 3782 1179 3880 signacula
1208 3783 1352 3871 ejus
1383 3781 1609 3871 (Apoc.
1650 3781 1742 3868 v).
1780 3786 1853 3848 ln
1891 3779 2160 3849 actibus
2192 3803 2347 3850 vero
2395 3784 2442 3848 Α
2494 3794 2674 3849 osto-

155 3875 372 3944 lorum
410 3929 424 3954 ,
484 3870 651 3938 dum
707 3891 902 3955 quast
969 3869 1222 3938 nudam
1277 3882 1504 3938 narrat
1567 3870 1947 3949 historiam,
2001 3868 2417 3955 quodammo
2470 3891 2508 3939 o
2557 3892 2675 3939 na-

155 3964 403 4031 scentis
451 3957 790 4028 Ecclesiae
841 3971 1139 4027 teneram
1194 3958 1394 4027 lactat
1443 3958 1828 4026 infantiam.

241 4055 276 4136 ἓ
309 4056 465 4122 10.
521 4047 672 4126 Sed,
713 4048 765 4116 si
819 4047 1181 4136 diligenter
1217 4047 1656 4126 attendimus,
1703 4049 1864 4133 quia
1899 4047 2204 4118 medicus
2238 4059 2338 4116 est
2377 4046 2514 4125 ille,
2553 4048 2675 4134 qui

161 4139 412 4218 scribit,
470 4137 561 4205 nil
615 4136 806 4205 aliud
880 4137 943 4203 in
1000 4135 1116 4204 illa
1166 4136 1546 4223 reperimus
1582 4136 1887 4214 historia,
1957 4137 2086 4204 nisi
2123 4136 2476 4205 dumtaxat
2524 4138 2673 4205 ani-

165 4248 422 4295 marum
466 4225 941 4315 languentium
1000 4225 1435 4293 medicinam.
1492 4230 1849 4294 Humanae
1881 4227 2138 4315 quippe
2176 4227 2675 4295 conversationi

164 4315 356 4398 quasi
403 4315 770 4401 quamdam
826 4313 1255 4383 rectitudinis
1305 4313 1554 4382 lineam
1592 4313 1826 4394 tendit,
1873 4326 1936 4383 et
1985 4337 2104 4403 per
2135 4337 2281 4383 eam
2324 4336 2445 4386 nos
2476 4318 2674 4402 quasi

163 4403 465 4471 semitam
542 4402 807 4493 dirigit:
884 4415 959 4471 ut
1024 4403 1199 4474 sicut
1278 4402 1769 4492 perpendimus
1818 4403 2231 4493 primitivam
2296 4404 2669 4473 Ecclesiam
