3347 4999
149 369 327 436 OCT.
383 369 421 433 4
1021 386 1101 432 ΒΕ
1150 386 1207 432 s.
1262 383 1606 432 rasuersco
1655 385 1840 433 conr.
2496 369 2622 433 ⁴75

146 485 224 542 ut
278 471 579 541 veritatis
632 469 945 559 exemplo
1004 483 1463 549 monstraret,
1521 470 1702 557 quod
1760 469 1933 539 nihil
1983 482 2127 540 erat
2176 470 2277 539 illi
2336 493 2710 541 commune

146 583 302 630 cum
368 559 676 639 mundo,
742 559 812 627 in
868 558 987 627 illa
1039 558 1436 627 infirmitate
1492 571 1628 627 tam
1688 559 1927 648 gravi,
1992 580 2168 645 quae
2226 581 2499 628 omnem
2555 559 2706 629 lan-

148 670 428 739 guorem
480 648 873 728 conclusit,
930 669 1140 736 super
1192 647 1449 717 nudam
1510 648 1802 717 humum
1861 669 1933 716 se
1983 661 2196 717 totum
2253 648 2589 717 nudatum
2635 649 2708 718 in

152 739 437 828 spiritus
470 736 728 806 fervore
770 737 1157 826 prostravit,
1208 750 1551 824 quatenus
1586 737 1754 806 hora
1788 734 1905 804 illa
1945 750 2269 816 extrema,
2308 737 2377 805 in
2414 759 2552 823 qua
2594 760 2711 827 po·

157 840 324 897 terat
353 826 581 895 adhuc
622 826 838 895 hostis
895 827 1122 905 irasci,
1180 825 1410 894 nudus
1461 825 1837 894 luctaretur
1883 846 2039 894 cum
2093 825 2304 895 nud0.
2352 826 2709 896 Decubans

150 917 247 986 sic
295 916 364 984 in
409 926 635 996 terra,
697 915 973 984 saccina
1028 926 1207 984 veste
1260 914 1571 1003 deposita
1607 969 1621 994 ,
1677 914 1918 983 faciem
1972 914 2171 984 solito
2229 936 2415 983 more
2466 914 2709 984 levavit

152 1006 223 1072 in
275 1003 589 1084 coelum;
640 1016 706 1072 et
763 1003 1125 1073 intendens
1177 1002 1274 1071 illi
1332 1002 1588 1093 gloriae
1625 1016 1806 1072 totus
1837 1058 1852 1084 ‚
1914 1025 2127 1073 manu
2161 1004 2439 1072 sinistra
2490 1002 2707 1072 dextri

153 1093 383 1162 lateris
425 1092 682 1161 vulnus
717 1147 731 1173 ,
790 1115 874 1161 ne
929 1092 1313 1172 videretur,
1369 1092 1644 1161 obtexit.
1701 1098 1778 1160 Et
1824 1092 1918 1161 ait
1966 1092 2051 1160 ad
2102 1091 2390 1161 fratres:
2446 1113 2481 1157 «
2516 1096 2564 1160 E
2616 1114 2700 1174 0,

148 1181 332 1269 quod
387 1202 616 1250 meum
651 1195 774 1261 est,
822 1180 949 1250 feci
986 1204 999 1248 :
1053 1181 1236 1268 quod
1274 1194 1573 1249 vestrum
1611 1194 1735 1261 est,
1777 1181 2087 1250 Christus
2136 1181 2436 1250 edoceat.
2477 1202 2514 1246 »
2549 1186 2576 1250 I
2610 1181 2706 1250 la-

152 1270 634 1359 crymantibus
674 1282 901 1339 autem
956 1270 1162 1339 sociis
1205 1270 1456 1350 Sancti,
1497 1269 1618 1355 qui
1667 1270 1843 1338 miro
1890 1270 2161 1339 fuerant
2204 1270 2705 1360 compassionis

149 1359 282 1428 telo
320 1359 653 1449 percussi,
699 1381 886 1428 unus
918 1382 999 1428 ex
1037 1359 1161 1440 eis,
1206 1380 1408 1445 quem
1450 1360 1562 1427 Vir
1606 1359 1719 1427 Dei
1771 1358 2245 1429 Guardianum
2297 1381 2503 1428 suum
2554 1381 2705 1429 esse

148 1449 444 1529 dicebat,
498 1459 729 1517 votum
776 1448 999 1537 ipsius
1029 1503 1044 1528 ‚
1090 1447 1324 1516 divina
1380 1448 1856 1537 inspiratione,
1903 1469 2353 1538 cognoscens,
2405 1447 2697 1517 festinus

148 1537 468 1617 surrexit,
508 1548 572 1605 et
610 1551 957 1626 acceptam
995 1558 1155 1605 cum
1192 1535 1527 1607 chordula
1561 1549 1627 1606 et
1658 1537 2108 1606 femoralibus
2149 1537 2480 1619 tunicam,
2529 1542 2704 1606 Pau-

148 1625 433 1716 perculo
493 1626 739 1695 Christi
804 1625 1097 1706 obtulit,
1165 1627 1444 1694 dicens:
1500 1647 1535 1692 «
1572 1631 1751 1694 Haec
1812 1626 1937 1694 tibi
1996 1639 2345 1712 tamquam
2414 1627 2703 1716 pauperi

146 1714 516 1783 commodo
548 1770 562 1795 ‚
616 1727 680 1783 et
728 1728 801 1783 tu
850 1714 968 1782 illa
1032 1715 1376 1804 suscipias
1437 1714 1865 1784 obedientiae
1921 1728 2199 1784 sanctae
2267 1714 2614 1784 mandato.
2664 1738 2700 1781 »

147 1803 414 1874 Gaudet
445 1825 525 1871 ex
560 1803 688 1871 hoc
721 1804 837 1871 Vir
870 1817 1175 1883 sanctuS,
1214 1803 1555 1890 etjubilat
1594 1826 1754 1893 prae
1791 1804 2045 1872 laetitia
2074 1804 2326 1880 cordis,
2366 1804 2698 1890 quoniam

143 1892 354 1960 fidem
393 1893 698 1960 tenuisse
735 1893 1059 1961 Dominae
1100 1893 1483 1982 paupertati
1535 1915 1757 1979 usque
1803 1893 1872 1960 in
1924 1892 2131 1961 finem
2185 1913 2257 1961 se
2291 1893 2459 1963 vidit
2494 1916 2505 1958 ε
2553 1892 2702 1981 pal-

144 2001 437 2066 masque
468 1979 701 2050 levans
728 1980 813 2049 ad
841 1981 1134 2060 coelum,
1169 1981 1513 2050 Christum
1552 2004 1757 2050 suurn
1799 1981 2221 2071 magnificat,
2256 2004 2378 2070 pro
2408 2003 2488 2050 eo
2511 1981 2695 2068 quod

144 2081 560 2138 exoneratus
591 2069 677 2137 ab
709 2069 1058 2150 omnibuS‚
1116 2070 1291 2139 liber
1330 2071 1514 2138 vadit
1561 2073 1646 2139 ad
1685 2072 1940 2160 ipsum.
1985 2075 2251 2139 Fecerat
2291 2071 2473 2139 enim
2530 2070 2698 2139 haec

141 2159 382 2227 omnia
441 2159 861 2248 paupertatis
908 2158 1050 2227 zelo
1080 2213 1101 2240 ,
1156 2171 1234 2227 ut
1282 2180 1405 2227 nec
1455 2158 1767 2227 habitum
1821 2159 2099 2245 quidem
2153 2159 2351 2229 vellet
2400 2159 2648 2228 habere
2678 2213 2693 2238 ‚

140 2247 284 2316 nisi
333 2248 421 2316 ab
461 2246 594 2315 alio
632 2249 1173 2317 commodatum.
1229 2246 1454 2317 Voluit
1500 2260 1680 2317 certe
1731 2270 1851 2337 per
1890 2249 2123 2317 omnia
2157 2249 2423 2318 Christo
2462 2248 2698 2317 Cruci-

139 2336 282 2405 fixo
323 2357 472 2406 esse
511 2335 905 2416 conformis,
959 2337 1078 2422 qui
1128 2358 1392 2427 pauper
1423 2349 1486 2404 et
1525 2337 1766 2406 dolens
1809 2350 1873 2406 et
1915 2337 2148 2407 nudus
2199 2338 2266 2405 in
2320 2341 2530 2407 Cruce
2627 2359 2699 2406 e-

139 2424 408 2515 pendit.
465 2429 745 2515 Propter
807 2426 988 2512 quod
1050 2438 1113 2493 et
1176 2427 1245 2494 in
1311 2426 1652 2516 principio
1709 2426 2179 2495 conversionis
2237 2449 2404 2495 suae
2468 2449 2558 2495 nu
2614 2449 2699 2496 us

141 2514 484 2584 remansit
514 2536 742 2582 coram
780 2515 1113 2595 Antistite,
1151 2529 1215 2584 et
1248 2515 1318 2584 in
1350 2516 1950 2584 consummatione
1983 2516 2180 2597 vitae,
2216 2516 2449 2586 nudus
2485 2517 2698 2586 voluit

139 2603 230 2671 de
284 2602 549 2672 mundo
601 2602 830 2684 exire3
883 2602 1349 2690 fratribusque
1398 2605 1529 2673 sibi
1591 2606 2076 2676 assistentibus
2111 2661 2126 2686 ‚
2184 2606 2250 2673 in
2309 2604 2698 2674 obedientia

138 2692 501 2761 charitatis
535 2691 858 2781 injunxit,
904 2705 980 2762 ut
1012 2714 1170 2762 cum
1206 2693 1514 2763 viderent
1545 2715 1702 2762 eum
1733 2694 1879 2781 jam
1922 2717 2072 2764 esse
2119 2694 2521 2764 defunctum
2577 2715 2697 2782 per

140 2793 283 2849 tam
337 2780 621 2871 longum
673 2803 706 2850 s
742 2781 1000 2868 atium,
1056 2781 1324 2850 nudum
1368 2804 1576 2871 super
1609 2782 1901 2852 humum
1932 2783 2162 2870 jacere
2200 2783 2689 2870 permitterent,

133 2890 276 2956 quo
326 2869 538 2938 unius
589 2869 707 2938 mil
746 2869 896 2938 iarii
932 2882 1222 2939 tractum
1260 2873 1561 2940 suaviter
1607 2873 1765 2958 quis
1809 2872 2130 2961 perficere
2167 2882 2413 2960 posset.
2452 2874 2502 2938 Ο
2544 2892 2696 2940 vere

137 2957 811 3028 Christianissimum
843 2959 1075 3029 Virum
1107 2963 1120 3027 l
1151 2960 1268 3047 qui
1303 2973 1368 3029 et
1401 2961 1633 3029 vivens
1663 2961 1927 3031 Christo
1962 2960 2233 3039 viventi,
2275 2971 2338 3027 et
2390 2959 2693 3030 moriens

134 3046 485 3122 morienti,
524 3059 589 3115 et
623 3060 936 3117 mortuus
979 3061 1250 3117 mortuo
1288 3049 1581 3138 perfecta
1623 3071 1773 3117 esse
1808 3048 2072 3117 studuit
2120 3047 2498 3116 imitatione
2529 3069 2692 3117 con-

132 3134 404 3215 formiS,
438 3150 503 3206 et
533 3157 855 3226 expressa
890 3139 1269 3226 promeruit
1309 3138 1766 3207 similitudine
1801 3137 2130 3205 decorari.

227 3225 264 3310 ξ
315 3228 490 3294 91).
544 3228 727 3293 Hora
775 3225 1073 3311 denique
1130 3226 1237 3295 sui
1281 3228 1609 3296 transitus
1661 3227 2188 3315 propinquante,
2244 3224 2402 3294 fecit
2450 3225 2691 3299 fratres

135 3333 385 3383 omnes
423 3314 786 3383 existentes
833 3314 901 3382 in
948 3315 1119 3396 loco,
1157 3314 1240 3383 ad
1280 3338 1351 3385 se
1386 3315 1636 3396 vocari,
1676 3327 1741 3384 et
1778 3336 1893 3384 eos
1941 3314 2415 3384 consolatoriis
2465 3316 2689 3387 verbis

130 3423 263 3491 pro
299 3422 419 3469 sua
466 3415 679 3470 morte
706 3402 1133 3485 demulcens,
1173 3417 1454 3492 paterno
1488 3404 1736 3472 affectu
1769 3403 1851 3471 ad
1888 3403 2199 3473 divinum
2236 3417 2337 3472 est
2376 3402 2689 3474 hortatus

132 3511 471 3560 amorem.
511 3495 600 3559 De
634 3492 960 3591 patientia
990 3505 1054 3561 et
1090 3505 1512 3583 paupertate,
1549 3506 1614 3562 et
1653 3505 1929 3561 sanctae
1969 3498 2314 3562 Romanae
2349 3491 2688 3562 Ecclesiae

129 3578 274 3648 fide
332 3580 688 3648 servandis
738 3602 1119 3649 sermonem
1184 3582 1567 3681 protraxit,
1627 3583 1913 3651 caeteris
1974 3582 2305 3652 institutis
2368 3595 2681 3651 sanctum

129 3667 582 3757 Evangelium
627 3680 1075 3758 anteponens.
1131 3670 1807 3740 circumsedentibus
1861 3692 2016 3740 vero
2076 3671 2404 3740 omnibus
2460 3668 2687 3740 fratri-

128 3758 267 3827 bus
298 3810 313 3836 ‚
366 3757 663 3825 extendit
712 3779 922 3846 super
969 3780 1086 3827 eos
1135 3780 1383 3828 manus
1435 3760 1500 3826 in
1557 3759 1836 3829 modum
1882 3760 2118 3829 Crucis
2170 3758 2474 3828 brachiis
2521 3781 2685 3828 can-

129 3844 419 3925 cellatiS‚
476 3867 601 3935 pro
661 3867 740 3915 eo
794 3846 974 3932 quod
1019 3846 1147 3915 hoc
1197 3847 1472 3935 signum
1527 3870 1799 3938 semper
1845 3850 2173 3930 amabat,
2233 3861 2300 3917 et
2353 3848 2682 3920 omnibus

128 3933 461 4004 fratribus
498 3948 631 4002 tam
689 3937 1188 4024 praesentibuS,
1227 3957 1436 4021 quam
1479 3938 1905 4017 absentibuS,
1951 3937 2020 4005 in
2073 3936 2393 4007 Crucifixi
2432 3936 2682 4007 virtute

129 4045 212 4092 ac
254 4023 534 4092 nomine
583 4023 950 4093 benedixit.
1006 4029 1301 4114 Insuper
1331 4037 1395 4093 et
1427 4025 1720 4115 adJecit:
1774 4049 1809 4093 «
1841 4025 2088 4107 valete,
2126 4023 2251 4093 filii
2286 4046 2547 4106 omnes,
2606 4027 2678 4095 in

132 4112 376 4181 timore
430 4112 721 4189 Domini,
775 4124 840 4180 et
889 4126 1280 4202 permanete
1327 4114 1396 4182 in
1448 4136 1527 4184 eo
1586 4134 1880 4205 semper.
1934 4119 2011 4183 Et
2065 4114 2393 4201 quoniam
2443 4113 2680 4185 futura

128 4201 412 4270 tentatio
441 4213 504 4269 et
539 4201 892 4271 tribulatio
918 4202 1452 4292 appropinquat,
1493 4203 1725 4273 felices
1755 4204 1875 4291 qui
1907 4204 2437 4292 perseverabunt
2468 4203 2536 4271 in
2570 4204 2679 4273 his

125 4311 305 4376 quae
352 4304 745 4379 coeperunt.
801 4295 940 4379 Ego
1000 4312 1155 4359 vero
1200 4292 1285 4360 ad
1329 4297 1539 4362 Deum
1588 4314 1927 4383 propero,
1989 4293 2193 4380 cujus
2247 4292 2505 4383 gratiae
2556 4314 2674 4362 vos

123 4399 367 4448 omnes
395 4379 826 4449 commendo.
858 4403 893 4446 »
931 4380 1134 4449 Suavi
1171 4380 1571 4471 hujusmodi
1606 4381 1689 4450 ad
1707 4380 2078 4450 monitione
2124 4381 2488 4472 completa,
2516 4381 2674 4470 jus-

120 4468 215 4539 sit
267 4471 395 4537 Deo
443 4468 556 4535 Vir
594 4469 999 4541 carissimus
1048 4469 1573 4561 Evangeliorum
1626 4470 1759 4539 sibi
1809 4469 2112 4540 codicem
2158 4470 2555 4562 apportari,
2610 4478 2677 4537 et
