<?xml version="1.0" encoding="UTF-8"?>
<!DOCTYPE html PUBLIC "-//W3C//DTD XHTML 1.0 Transitional//EN"
    "http://www.w3.org/TR/xhtml1/DTD/xhtml1-transitional.dtd">
<html xmlns="http://www.w3.org/1999/xhtml" xml:lang="en" lang="en">
 <head>
  <title>
</title>
<meta http-equiv="Content-Type" content="text/html;charset=utf-8" />
  <meta name='ocr-system' content='tesseract 3.04.00' />
  <meta name='ocr-capabilities' content='ocr_page ocr_carea ocr_par ocr_line ocrx_word'/>
</head>
<body>
  <div class='ocr_page' id='page_1' title='image "./historiaeseuvit03lippgoog_0151.png"; bbox 0 0 3347 4999; ppageno 0'>
   <div class='ocr_carea' id='block_1_1' title="bbox 205 272 2695 338">
    <p class='ocr_par' dir='ltr' id='par_1_1' title="bbox 205 272 2695 338">
     <span class='ocr_line' id='line_1_1' title="bbox 205 272 2695 338; baseline 0 -1"><span class='ocrx_word' id='word_1_1' title='bbox 205 272 406 337; x_wconf 86' lang='lat' dir='ltr'>OCT.</span> <span class='ocrx_word' id='word_1_2' title='bbox 461 273 497 336; x_wconf 74' lang='lat'><strong>4</strong></span> <span class='ocrx_word' id='word_1_3' title='bbox 1099 288 1176 333; x_wconf 70' lang='lat' dir='ltr'>ni:</span> <span class='ocrx_word' id='word_1_4' title='bbox 1226 289 1281 335; x_wconf 89' lang='lat' dir='ltr'>s.</span> <span class='ocrx_word' id='word_1_5' title='bbox 1337 287 1680 335; x_wconf 70' lang='lat' dir='ltr'>FaANcisco</span> <span class='ocrx_word' id='word_1_6' title='bbox 1730 288 1911 335; x_wconf 62' lang='lat' dir='ltr'>conr.</span> <span class='ocrx_word' id='word_1_7' title='bbox 2569 274 2695 338; x_wconf 55' lang='grc' dir='ltr'>ν199</span> 
     </span>
    </p>
   </div>
   <div class='ocr_carea' id='block_1_2' title="bbox 206 372 2802 4372">
    <p class='ocr_par' dir='ltr' id='par_1_2' title="bbox 206 372 2789 730">
     <span class='ocr_line' id='line_1_2' title="bbox 206 372 2787 463; baseline 0 -20"><span class='ocrx_word' id='word_1_8' title='bbox 206 375 397 454; x_wconf 88' lang='lat' dir='ltr'>ubi,</span> <span class='ocrx_word' id='word_1_9' title='bbox 470 375 748 463; x_wconf 91' lang='lat' dir='ltr'>cognita</span> <span class='ocrx_word' id='word_1_10' title='bbox 808 373 1166 441; x_wconf 88' lang='lat' dir='ltr'>sanctitate</span> <span class='ocrx_word' id='word_1_11' title='bbox 1218 373 1566 461; x_wconf 91' lang='lat' dir='ltr'>ipsorum,</span> <span class='ocrx_word' id='word_1_12' title='bbox 1625 372 1979 440; x_wconf 87' lang='lat' dir='ltr'>mundano</span> <span class='ocrx_word' id='word_1_13' title='bbox 2032 385 2311 462; x_wconf 79' lang='lat' dir='ltr'>possent</span> <span class='ocrx_word' id='word_1_14' title='bbox 2358 374 2638 463; x_wconf 86' lang='lat' dir='ltr'>gloriari</span> <span class='ocrx_word' id='word_1_15' title='bbox 2690 375 2787 444; x_wconf 88' lang='lat' dir='ltr'>sa-</span> 
     </span>
     <span class='ocr_line' id='line_1_3' title="bbox 211 461 2789 553; baseline 0.002 -25"><span class='ocrx_word' id='word_1_16' title='bbox 211 486 411 532; x_wconf 78' lang='lat' dir='ltr'>vore.</span> <span class='ocrx_word' id='word_1_17' title='bbox 458 468 618 553; x_wconf 90' lang='lat' dir='ltr'>Ipsa</span> <span class='ocrx_word' id='word_1_18' title='bbox 671 482 945 549; x_wconf 89' lang='lat' dir='ltr'>quoque</span> <span class='ocrx_word' id='word_1_19' title='bbox 1000 482 1226 530; x_wconf 88' lang='lat' dir='ltr'>rerum</span> <span class='ocrx_word' id='word_1_20' title='bbox 1280 461 1597 549; x_wconf 87' lang='lat' dir='ltr'>penuria,</span> <span class='ocrx_word' id='word_1_21' title='bbox 1646 462 2227 549; x_wconf 79' lang='lat' dir='ltr'>superabundans</span> <span class='ocrx_word' id='word_1_22' title='bbox 2288 463 2386 532; x_wconf 92' lang='lat' dir='ltr'>eis</span> <span class='ocrx_word' id='word_1_23' title='bbox 2429 463 2789 534; x_wconf 90' lang='lat' dir='ltr'>videbatur</span> 
     </span>
     <span class='ocr_line' id='line_1_4' title="bbox 208 548 2784 641; baseline 0.001 -21"><span class='ocrx_word' id='word_1_24' title='bbox 208 554 533 632; x_wconf 86' lang='lat' dir='ltr'>ubertas,</span> <span class='ocrx_word' id='word_1_25' title='bbox 567 551 732 620; x_wconf 91' lang='lat' dir='ltr'>dum</span> <span class='ocrx_word' id='word_1_26' title='bbox 758 551 952 638; x_wconf 83' lang='lat' dir='ltr'>juxta</span> <span class='ocrx_word' id='word_1_27' title='bbox 984 548 1355 619; x_wconf 90' lang='lat' dir='ltr'>consilium</span> <span class='ocrx_word' id='word_1_28' title='bbox 1388 550 1743 638; x_wconf 89' lang='lat' dir='ltr'>sapientis,</span> <span class='ocrx_word' id='word_1_29' title='bbox 1779 571 1899 638; x_wconf 88' lang='lat' dir='ltr'>pro</span> <span class='ocrx_word' id='word_1_30' title='bbox 1929 572 2180 639; x_wconf 90' lang='lat' dir='ltr'>magno</span> <span class='ocrx_word' id='word_1_31' title='bbox 2207 551 2378 641; x_wconf 91' lang='lat' dir='ltr'>ipsis</span> <span class='ocrx_word' id='word_1_32' title='bbox 2414 553 2784 622; x_wconf 89' lang='lat' dir='ltr'>minimum</span> 
     </span>
     <span class='ocr_line' id='line_1_5' title="bbox 210 640 731 730; baseline -0.002 -22"><span class='ocrx_word' id='word_1_33' title='bbox 210 640 731 730; x_wconf 80' lang='lat' dir='ltr'>complacebat.</span> 
     </span>
    </p>

    <p class='ocr_par' dir='ltr' id='par_1_3' title="bbox 214 724 2791 1794">
     <span class='ocr_line' id='line_1_6' title="bbox 322 724 2790 818; baseline -0 -18"><span class='ocrx_word' id='word_1_34' title='bbox 322 732 358 815; x_wconf 66' lang='grc' dir='ltr'>ξ</span> <span class='ocrx_word' id='word_1_35' title='bbox 405 734 560 802; x_wconf 67' lang='grc'>735.</span> <span class='ocrx_word' id='word_1_36' title='bbox 618 733 795 798; x_wconf 89' lang='lat' dir='ltr'>Sane</span> <span class='ocrx_word' id='word_1_37' title='bbox 834 749 996 796; x_wconf 90' lang='lat' dir='ltr'>curn</span> <span class='ocrx_word' id='word_1_38' title='bbox 1048 725 1129 795; x_wconf 90' lang='lat' dir='ltr'>ad</span> <span class='ocrx_word' id='word_1_39' title='bbox 1172 724 1559 794; x_wconf 82' lang='lat' dir='ltr'>infidelium</span> <span class='ocrx_word' id='word_1_40' title='bbox 1616 739 1842 816; x_wconf 90' lang='lat' dir='ltr'>partes</span> <span class='ocrx_word' id='word_1_41' title='bbox 1892 726 2106 812; x_wconf 80' lang='lat' dir='ltr'>aliqui</span> <span class='ocrx_word' id='word_1_42' title='bbox 2160 750 2239 797; x_wconf 80' lang='lat' dir='ltr'>ex</span> <span class='ocrx_word' id='word_1_43' title='bbox 2273 727 2599 797; x_wconf 82' lang='lat' dir='ltr'>fratribus</span> <span class='ocrx_word' id='word_1_44' title='bbox 2636 752 2790 818; x_wconf 90' lang='lat' dir='ltr'>per-</span> 
     </span>
     <span class='ocr_line' id='line_1_7' title="bbox 232 814 2791 907; baseline 0.002 -23"><span class='ocrx_word' id='word_1_45' title='bbox 232 818 617 899; x_wconf 85' lang='lat' dir='ltr'>venissent,</span> <span class='ocrx_word' id='word_1_46' title='bbox 675 815 963 905; x_wconf 88' lang='lat' dir='ltr'>contigit</span> <span class='ocrx_word' id='word_1_47' title='bbox 996 828 1070 884; x_wconf 91' lang='lat' dir='ltr'>ut</span> <span class='ocrx_word' id='word_1_48' title='bbox 1109 814 1395 903; x_wconf 91' lang='lat' dir='ltr'>quidam</span> <span class='ocrx_word' id='word_1_49' title='bbox 1433 819 1816 885; x_wconf 81' lang='lat' dir='ltr'>Saracenus</span> <span class='ocrx_word' id='word_1_50' title='bbox 1851 817 2095 903; x_wconf 88' lang='lat' dir='ltr'>pietate</span> <span class='ocrx_word' id='word_1_51' title='bbox 2134 830 2544 899; x_wconf 89' lang='lat' dir='ltr'>commotus,</span> <span class='ocrx_word' id='word_1_52' title='bbox 2585 840 2791 907; x_wconf 88' lang='lat' dir='ltr'>pecu-</span> 
     </span>
     <span class='ocr_line' id='line_1_8' title="bbox 222 903 2788 993; baseline 0.001 -17"><span class='ocrx_word' id='word_1_53' title='bbox 222 909 424 976; x_wconf 86' lang='lat' dir='ltr'>niam</span> <span class='ocrx_word' id='word_1_54' title='bbox 483 908 582 976; x_wconf 92' lang='lat' dir='ltr'>eis</span> <span class='ocrx_word' id='word_1_55' title='bbox 638 906 911 975; x_wconf 82' lang='lat' dir='ltr'>offerret</span> <span class='ocrx_word' id='word_1_56' title='bbox 968 926 1091 993; x_wconf 88' lang='lat' dir='ltr'>pro</span> <span class='ocrx_word' id='word_1_57' title='bbox 1142 905 1529 973; x_wconf 85' lang='lat' dir='ltr'>necessario</span> <span class='ocrx_word' id='word_1_58' title='bbox 1579 904 1786 974; x_wconf 88' lang='lat' dir='ltr'>victu.</span> <span class='ocrx_word' id='word_1_59' title='bbox 1825 903 1974 974; x_wconf 90' lang='lat' dir='ltr'>Illis</span> <span class='ocrx_word' id='word_1_60' title='bbox 2024 918 2253 974; x_wconf 90' lang='lat' dir='ltr'>autem</span> <span class='ocrx_word' id='word_1_61' title='bbox 2306 907 2788 977; x_wconf 84' lang='lat' dir='ltr'>recusantibus</span> 
     </span>
     <span class='ocr_line' id='line_1_9' title="bbox 214 992 2786 1085; baseline -0.001 -19"><span class='ocrx_word' id='word_1_62' title='bbox 214 996 571 1085; x_wconf 85' lang='lat' dir='ltr'>accipere,</span> <span class='ocrx_word' id='word_1_63' title='bbox 619 995 1006 1064; x_wconf 82' lang='lat' dir='ltr'>admiratus</span> <span class='ocrx_word' id='word_1_64' title='bbox 1060 998 1161 1062; x_wconf 82' lang='lat' dir='ltr'>cst</span> <span class='ocrx_word' id='word_1_65' title='bbox 1211 993 1440 1074; x_wconf 88' lang='lat' dir='ltr'>homo,</span> <span class='ocrx_word' id='word_1_66' title='bbox 1498 1013 1790 1061; x_wconf 91' lang='lat' dir='ltr'>cernens</span> <span class='ocrx_word' id='word_1_67' title='bbox 1828 992 2008 1080; x_wconf 93' lang='lat' dir='ltr'>quod</span> <span class='ocrx_word' id='word_1_68' title='bbox 2083 993 2322 1083; x_wconf 83' lang='lat' dir='ltr'>inopes</span> <span class='ocrx_word' id='word_1_69' title='bbox 2383 1009 2631 1064; x_wconf 84' lang='lat' dir='ltr'>essent.</span> <span class='ocrx_word' id='word_1_70' title='bbox 2673 1000 2786 1064; x_wconf 89' lang='lat' dir='ltr'>ln-</span> 
     </span>
     <span class='ocr_line' id='line_1_10' title="bbox 222 1080 2788 1173; baseline 0 -19"><span class='ocrx_word' id='word_1_71' title='bbox 222 1084 502 1154; x_wconf 89' lang='lat' dir='ltr'>tellecto</span> <span class='ocrx_word' id='word_1_72' title='bbox 546 1083 846 1163; x_wconf 90' lang='lat' dir='ltr'>tandem,</span> <span class='ocrx_word' id='word_1_73' title='bbox 884 1080 1068 1170; x_wconf 91' lang='lat' dir='ltr'>quod</span> <span class='ocrx_word' id='word_1_74' title='bbox 1118 1103 1459 1172; x_wconf 88' lang='lat' dir='ltr'>pauperes</span> <span class='ocrx_word' id='word_1_75' title='bbox 1506 1081 1727 1151; x_wconf 85' lang='lat' dir='ltr'>effecti</span> <span class='ocrx_word' id='word_1_76' title='bbox 1777 1104 2010 1150; x_wconf 89' lang='lat' dir='ltr'>amore</span> <span class='ocrx_word' id='word_1_77' title='bbox 2047 1083 2184 1163; x_wconf 92' lang='lat' dir='ltr'>Dei,</span> <span class='ocrx_word' id='word_1_78' title='bbox 2227 1083 2590 1172; x_wconf 90' lang='lat' dir='ltr'>pecuniam</span> <span class='ocrx_word' id='word_1_79' title='bbox 2628 1105 2788 1173; x_wconf 91' lang='lat' dir='ltr'>pos-</span> 
     </span>
     <span class='ocr_line' id='line_1_11' title="bbox 221 1170 2788 1259; baseline -0 -16"><span class='ocrx_word' id='word_1_80' title='bbox 221 1174 461 1244; x_wconf 88' lang='lat' dir='ltr'>sidere</span> <span class='ocrx_word' id='word_1_81' title='bbox 510 1173 859 1253; x_wconf 81' lang='lat' dir='ltr'>nolebant,</span> <span class='ocrx_word' id='word_1_82' title='bbox 917 1183 1104 1241; x_wconf 89' lang='lat' dir='ltr'>tanta</span> <span class='ocrx_word' id='word_1_83' title='bbox 1136 1184 1235 1241; x_wconf 91' lang='lat' dir='ltr'>est</span> <span class='ocrx_word' id='word_1_84' title='bbox 1274 1171 1373 1240; x_wconf 89' lang='lat' dir='ltr'>eis</span> <span class='ocrx_word' id='word_1_85' title='bbox 1413 1170 1770 1240; x_wconf 85' lang='lat' dir='ltr'>affectione</span> <span class='ocrx_word' id='word_1_86' title='bbox 1803 1171 2243 1259; x_wconf 55' lang='lat' dir='ltr'>conjunctus</span> <span class='ocrx_word' id='word_1_87' title='bbox 2300 1185 2376 1241; x_wconf 94' lang='lat' dir='ltr'>ut</span> <span class='ocrx_word' id='word_1_88' title='bbox 2409 1173 2678 1242; x_wconf 88' lang='lat' dir='ltr'>offerret</span> <span class='ocrx_word' id='word_1_89' title='bbox 2716 1195 2788 1242; x_wconf 90' lang='lat' dir='ltr'>se</span> 
     </span>
     <span class='ocr_line' id='line_1_12' title="bbox 222 1259 2788 1346; baseline -0.001 -13"><span class='ocrx_word' id='word_1_90' title='bbox 222 1263 321 1333; x_wconf 86' lang='lat' dir='ltr'>ad</span> <span class='ocrx_word' id='word_1_91' title='bbox 360 1261 900 1334; x_wconf 89' lang='lat' dir='ltr'>ministrandum</span> <span class='ocrx_word' id='word_1_92' title='bbox 938 1259 1171 1328; x_wconf 90' lang='lat' dir='ltr'>omnia</span> <span class='ocrx_word' id='word_1_93' title='bbox 1221 1260 1631 1340; x_wconf 87' lang='lat' dir='ltr'>necessaria,</span> <span class='ocrx_word' id='word_1_94' title='bbox 1673 1259 2014 1346; x_wconf 87' lang='lat' dir='ltr'>quamdiu</span> <span class='ocrx_word' id='word_1_95' title='bbox 2051 1259 2453 1330; x_wconf 79' lang='lat' dir='ltr'>facultatum</span> <span class='ocrx_word' id='word_1_96' title='bbox 2493 1261 2626 1330; x_wconf 93' lang='lat' dir='ltr'>sibi</span> <span class='ocrx_word' id='word_1_97' title='bbox 2666 1262 2788 1331; x_wconf 90' lang='lat' dir='ltr'>ali·</span> 
     </span>
     <span class='ocr_line' id='line_1_13' title="bbox 222 1348 2788 1442; baseline 0 -22"><span class='ocrx_word' id='word_1_98' title='bbox 222 1352 405 1440; x_wconf 85' lang='lat' dir='ltr'>quid</span> <span class='ocrx_word' id='word_1_99' title='bbox 457 1363 868 1442; x_wconf 84' lang='lat' dir='ltr'>superesset.</span> <span class='ocrx_word' id='word_1_100' title='bbox 948 1352 998 1419; x_wconf 91' lang='grc' dir='ltr'><strong>Ο</strong></span> <span class='ocrx_word' id='word_1_101' title='bbox 1050 1348 1575 1418; x_wconf 87' lang='lat' dir='ltr'>inaestimabilis</span> <span class='ocrx_word' id='word_1_102' title='bbox 1627 1349 2015 1436; x_wconf 87' lang='lat' dir='ltr'>pretiositas</span> <span class='ocrx_word' id='word_1_103' title='bbox 2069 1351 2529 1439; x_wconf 88' lang='lat' dir='ltr'>paupertatis,</span> <span class='ocrx_word' id='word_1_104' title='bbox 2584 1351 2788 1439; x_wconf 87' lang='lat' dir='ltr'>cujus</span> 
     </span>
     <span class='ocr_line' id='line_1_14' title="bbox 233 1437 2791 1509; baseline 0.001 -2"><span class='ocrx_word' id='word_1_105' title='bbox 233 1441 558 1509; x_wconf 82' lang='lat' dir='ltr'>miranda</span> <span class='ocrx_word' id='word_1_106' title='bbox 604 1439 854 1509; x_wconf 87' lang='lat' dir='ltr'>virtute</span> <span class='ocrx_word' id='word_1_107' title='bbox 901 1459 1098 1507; x_wconf 90' lang='lat' dir='ltr'>mens</span> <span class='ocrx_word' id='word_1_108' title='bbox 1146 1437 1433 1506; x_wconf 85' lang='lat' dir='ltr'>feritatis</span> <span class='ocrx_word' id='word_1_109' title='bbox 1483 1437 1883 1506; x_wconf 86' lang='lat' dir='ltr'>barbaricae</span> <span class='ocrx_word' id='word_1_110' title='bbox 1914 1438 1984 1506; x_wconf 91' lang='lat' dir='ltr'>in</span> <span class='ocrx_word' id='word_1_111' title='bbox 2022 1450 2281 1506; x_wconf 88' lang='lat' dir='ltr'>tantam</span> <span class='ocrx_word' id='word_1_112' title='bbox 2326 1438 2791 1509; x_wconf 86' lang='lat' dir='ltr'>miserationis</span> 
     </span>
     <span class='ocr_line' id='line_1_15' title="bbox 228 1526 2790 1615; baseline 0 -17"><span class='ocrx_word' id='word_1_113' title='bbox 228 1542 339 1599; x_wconf 86' lang='lat' dir='ltr'>est</span> <span class='ocrx_word' id='word_1_114' title='bbox 397 1530 762 1598; x_wconf 89' lang='lat' dir='ltr'>immutata</span> <span class='ocrx_word' id='word_1_115' title='bbox 810 1526 1276 1597; x_wconf 87' lang='lat' dir='ltr'>dulcedinem.</span> <span class='ocrx_word' id='word_1_116' title='bbox 1333 1527 1767 1596; x_wconf 89' lang='lat' dir='ltr'>Horrendum</span> <span class='ocrx_word' id='word_1_117' title='bbox 1835 1539 1937 1595; x_wconf 91' lang='lat' dir='ltr'>est</span> <span class='ocrx_word' id='word_1_118' title='bbox 1986 1526 2274 1615; x_wconf 89' lang='lat' dir='ltr'>proinde</span> <span class='ocrx_word' id='word_1_119' title='bbox 2316 1550 2394 1597; x_wconf 90' lang='lat' dir='ltr'>ac</span> <span class='ocrx_word' id='word_1_120' title='bbox 2447 1527 2790 1599; x_wconf 88' lang='lat' dir='ltr'>nefarium</span> 
     </span>
     <span class='ocr_line' id='line_1_16' title="bbox 231 1614 2781 1705; baseline 0 -18"><span class='ocrx_word' id='word_1_121' title='bbox 231 1618 490 1697; x_wconf 77' lang='lat' dir='ltr'>sceluS,</span> <span class='ocrx_word' id='word_1_122' title='bbox 550 1631 627 1688; x_wconf 85' lang='lat' dir='ltr'>ut.</span> <span class='ocrx_word' id='word_1_123' title='bbox 679 1618 857 1686; x_wconf 91' lang='lat' dir='ltr'>hanc</span> <span class='ocrx_word' id='word_1_124' title='bbox 893 1616 1339 1705; x_wconf 84' lang='lat' dir='ltr'>margaritam</span> <span class='ocrx_word' id='word_1_125' title='bbox 1395 1614 1693 1684; x_wconf 90' lang='lat' dir='ltr'>nobilem</span> <span class='ocrx_word' id='word_1_126' title='bbox 1747 1615 1849 1684; x_wconf 90' lang='lat' dir='ltr'>vir</span> <span class='ocrx_word' id='word_1_127' title='bbox 1911 1615 2334 1686; x_wconf 89' lang='lat' dir='ltr'>christianus</span> <span class='ocrx_word' id='word_1_128' title='bbox 2403 1618 2781 1698; x_wconf 84' lang='lat' dir='ltr'>conculcet,</span> 
     </span>
     <span class='ocr_line' id='line_1_17' title="bbox 234 1703 1878 1794; baseline 0 -22"><span class='ocrx_word' id='word_1_129' title='bbox 234 1729 447 1794; x_wconf 86' lang='lat' dir='ltr'>quam</span> <span class='ocrx_word' id='word_1_130' title='bbox 487 1719 677 1776; x_wconf 90' lang='lat' dir='ltr'>tanta</span> <span class='ocrx_word' id='word_1_131' title='bbox 718 1705 1154 1774; x_wconf 86' lang='lat' dir='ltr'>veneratione</span> <span class='ocrx_word' id='word_1_132' title='bbox 1192 1703 1432 1774; x_wconf 84' lang='lat' dir='ltr'>extulit</span> <span class='ocrx_word' id='word_1_133' title='bbox 1474 1709 1878 1774; x_wconf 79' lang='lat' dir='ltr'>saracenus,</span> 
     </span>
    </p>

    <p class='ocr_par' dir='ltr' id='par_1_4' title="bbox 237 1793 2796 3573">
     <span class='ocr_line' id='line_1_18' title="bbox 328 1793 2790 1883; baseline -0 -18"><span class='ocrx_word' id='word_1_134' title='bbox 328 1798 363 1882; x_wconf 66' lang='grc' dir='ltr'>ξ</span> <span class='ocrx_word' id='word_1_135' title='bbox 417 1800 578 1865; x_wconf 67' lang='lat'>26.</span> <span class='ocrx_word' id='word_1_136' title='bbox 650 1800 740 1863; x_wconf 92' lang='lat' dir='ltr'>Eo</span> <span class='ocrx_word' id='word_1_137' title='bbox 806 1808 1108 1883; x_wconf 81' lang='lat' dir='ltr'>tempore</span> <span class='ocrx_word' id='word_1_138' title='bbox 1178 1793 1545 1882; x_wconf 89' lang='lat' dir='ltr'>religiosus</span> <span class='ocrx_word' id='word_1_139' title='bbox 1611 1793 1894 1880; x_wconf 86' lang='lat' dir='ltr'>quidam</span> <span class='ocrx_word' id='word_1_140' title='bbox 1955 1793 2039 1862; x_wconf 89' lang='lat' dir='ltr'>de</span> <span class='ocrx_word' id='word_1_141' title='bbox 2109 1793 2362 1864; x_wconf 88' lang='lat' dir='ltr'>Ordine</span> <span class='ocrx_word' id='word_1_142' title='bbox 2408 1795 2790 1864; x_wconf 85' lang='lat' dir='ltr'>Crucifero-</span> 
     </span>
     <span class='ocr_line' id='line_1_19' title="bbox 242 1881 2791 1974; baseline -0 -23"><span class='ocrx_word' id='word_1_143' title='bbox 242 1906 398 1951; x_wconf 86' lang='lat' dir='ltr'>rum</span> <span class='ocrx_word' id='word_1_144' title='bbox 449 1884 524 1964; x_wconf 65' lang='lat'>⁸,</span> <span class='ocrx_word' id='word_1_145' title='bbox 580 1883 877 1952; x_wconf 86' lang='lat' dir='ltr'>Moricus</span> <span class='ocrx_word' id='word_1_146' title='bbox 948 1882 1278 1964; x_wconf 90' lang='lat' dir='ltr'>nomine,</span> <span class='ocrx_word' id='word_1_147' title='bbox 1334 1884 1403 1950; x_wconf 89' lang='lat' dir='ltr'>in</span> <span class='ocrx_word' id='word_1_148' title='bbox 1456 1881 1782 1972; x_wconf 87' lang='lat' dir='ltr'>hospitali</span> <span class='ocrx_word' id='word_1_149' title='bbox 1831 1882 2133 1972; x_wconf 76' lang='lat' dir='ltr'>quodam</span> <span class='ocrx_word' id='word_1_150' title='bbox 2197 1905 2406 1974; x_wconf 90' lang='lat' dir='ltr'>prope</span> <span class='ocrx_word' id='word_1_151' title='bbox 2453 1885 2791 1954; x_wconf 84' lang='lat' dir='ltr'>Assisium</span> 
     </span>
     <span class='ocr_line' id='line_1_20' title="bbox 243 1970 2792 2061; baseline 0 -20"><span class='ocrx_word' id='word_1_152' title='bbox 243 1974 578 2061; x_wconf 86' lang='lat' dir='ltr'>languore</span> <span class='ocrx_word' id='word_1_153' title='bbox 629 1985 764 2041; x_wconf 91' lang='lat' dir='ltr'>tam</span> <span class='ocrx_word' id='word_1_154' title='bbox 817 1971 1031 2061; x_wconf 90' lang='lat' dir='ltr'>gravi,</span> <span class='ocrx_word' id='word_1_155' title='bbox 1090 1985 1367 2059; x_wconf 87' lang='lat' dir='ltr'>tamque</span> <span class='ocrx_word' id='word_1_156' title='bbox 1418 1970 1682 2060; x_wconf 86' lang='lat' dir='ltr'>prolixo</span> <span class='ocrx_word' id='word_1_157' title='bbox 1715 1970 2062 2052; x_wconf 90' lang='lat' dir='ltr'>laborans,</span> <span class='ocrx_word' id='word_1_158' title='bbox 2106 1972 2352 2059; x_wconf 82' lang='lat' dir='ltr'>utjam</span> <span class='ocrx_word' id='word_1_159' title='bbox 2390 1973 2593 2042; x_wconf 89' lang='lat' dir='ltr'>morti</span> <span class='ocrx_word' id='word_1_160' title='bbox 2621 1971 2792 2041; x_wconf 88' lang='lat' dir='ltr'>foret</span> 
     </span>
     <span class='ocr_line' id='line_1_21' title="bbox 242 2059 2793 2150; baseline 0.001 -22"><span class='ocrx_word' id='word_1_161' title='bbox 242 2061 690 2148; x_wconf 85' lang='lat' dir='ltr'>adjudicatus</span> <span class='ocrx_word' id='word_1_162' title='bbox 730 2083 767 2129; x_wconf 91' lang='lat' dir='ltr'>a</span> <span class='ocrx_word' id='word_1_163' title='bbox 805 2059 1114 2139; x_wconf 79' lang='lat' dir='ltr'>mediciS,</span> <span class='ocrx_word' id='word_1_164' title='bbox 1159 2062 1315 2129; x_wconf 80' lang='lat' dir='ltr'>Viro</span> <span class='ocrx_word' id='word_1_165' title='bbox 1367 2059 1482 2128; x_wconf 92' lang='lat' dir='ltr'>Dei</span> <span class='ocrx_word' id='word_1_166' title='bbox 1519 2059 1809 2148; x_wconf 81' lang='lat' dir='ltr'>supplex</span> <span class='ocrx_word' id='word_1_167' title='bbox 1844 2059 2088 2141; x_wconf 82' lang='lat' dir='ltr'>factuS,</span> <span class='ocrx_word' id='word_1_168' title='bbox 2130 2082 2252 2150; x_wconf 89' lang='lat' dir='ltr'>per</span> <span class='ocrx_word' id='word_1_169' title='bbox 2300 2062 2636 2130; x_wconf 91' lang='lat' dir='ltr'>nuncium</span> <span class='ocrx_word' id='word_1_170' title='bbox 2675 2083 2793 2150; x_wconf 92' lang='lat' dir='ltr'>po·</span> 
     </span>
     <span class='ocr_line' id='line_1_22' title="bbox 241 2148 2786 2240; baseline -0 -22"><span class='ocrx_word' id='word_1_171' title='bbox 241 2149 546 2218; x_wconf 88' lang='lat' dir='ltr'>stulabat</span> <span class='ocrx_word' id='word_1_172' title='bbox 592 2150 949 2240; x_wconf 84' lang='lat' dir='ltr'>instanter,</span> <span class='ocrx_word' id='word_1_173' title='bbox 996 2162 1073 2217; x_wconf 91' lang='lat' dir='ltr'>ut</span> <span class='ocrx_word' id='word_1_174' title='bbox 1109 2172 1228 2239; x_wconf 88' lang='lat' dir='ltr'>pro</span> <span class='ocrx_word' id='word_1_175' title='bbox 1260 2171 1330 2218; x_wconf 89' lang='lat' dir='ltr'>se</span> <span class='ocrx_word' id='word_1_176' title='bbox 1362 2148 1446 2217; x_wconf 93' lang='lat' dir='ltr'>ad</span> <span class='ocrx_word' id='word_1_177' title='bbox 1482 2149 1850 2218; x_wconf 90' lang='lat' dir='ltr'>Dominum</span> <span class='ocrx_word' id='word_1_178' title='bbox 1907 2149 2322 2219; x_wconf 87' lang='lat' dir='ltr'>intercedere</span> <span class='ocrx_word' id='word_1_179' title='bbox 2355 2149 2786 2240; x_wconf 83' lang='lat' dir='ltr'>dignaretur.</span> 
     </span>
     <span class='ocr_line' id='line_1_23' title="bbox 237 2235 2792 2330; baseline 0 -24"><span class='ocrx_word' id='word_1_180' title='bbox 237 2239 360 2307; x_wconf 89' lang='lat' dir='ltr'>Cui</span> <span class='ocrx_word' id='word_1_181' title='bbox 413 2239 656 2308; x_wconf 89' lang='lat' dir='ltr'>beatus</span> <span class='ocrx_word' id='word_1_182' title='bbox 710 2243 903 2307; x_wconf 91' lang='lat' dir='ltr'>Pater</span> <span class='ocrx_word' id='word_1_183' title='bbox 952 2238 1248 2329; x_wconf 83' lang='lat' dir='ltr'>benigne</span> <span class='ocrx_word' id='word_1_184' title='bbox 1297 2237 1707 2316; x_wconf 88' lang='lat' dir='ltr'>assentiens,</span> <span class='ocrx_word' id='word_1_185' title='bbox 1764 2235 2070 2307; x_wconf 87' lang='lat' dir='ltr'>oratione</span> <span class='ocrx_word' id='word_1_186' title='bbox 2129 2239 2532 2328; x_wconf 90' lang='lat' dir='ltr'>praemissa,</span> <span class='ocrx_word' id='word_1_187' title='bbox 2590 2239 2792 2330; x_wconf 91' lang='lat' dir='ltr'>panis</span> 
     </span>
     <span class='ocr_line' id='line_1_24' title="bbox 246 2326 2791 2416; baseline 0.001 -22"><span class='ocrx_word' id='word_1_188' title='bbox 246 2329 463 2398; x_wconf 89' lang='lat' dir='ltr'>micas</span> <span class='ocrx_word' id='word_1_189' title='bbox 513 2328 796 2416; x_wconf 84' lang='lat' dir='ltr'>accepit,</span> <span class='ocrx_word' id='word_1_190' title='bbox 834 2340 1089 2408; x_wconf 77' lang='lat' dir='ltr'>etcum</span> <span class='ocrx_word' id='word_1_191' title='bbox 1141 2327 1289 2396; x_wconf 92' lang='lat' dir='ltr'>oleo</span> <span class='ocrx_word' id='word_1_192' title='bbox 1338 2340 1619 2416; x_wconf 88' lang='lat' dir='ltr'>accepto</span> <span class='ocrx_word' id='word_1_193' title='bbox 1654 2327 1736 2395; x_wconf 89' lang='lat' dir='ltr'>de</span> <span class='ocrx_word' id='word_1_194' title='bbox 1773 2326 2116 2416; x_wconf 87' lang='lat' dir='ltr'>lampade,</span> <span class='ocrx_word' id='word_1_195' title='bbox 2156 2349 2332 2414; x_wconf 91' lang='lat' dir='ltr'>quae</span> <span class='ocrx_word' id='word_1_196' title='bbox 2364 2349 2594 2414; x_wconf 88' lang='lat' dir='ltr'>coram</span> <span class='ocrx_word' id='word_1_197' title='bbox 2645 2328 2791 2396; x_wconf 81' lang='lat' dir='ltr'>Vir-</span> 
     </span>
     <span class='ocr_line' id='line_1_25' title="bbox 242 2415 2796 2506; baseline 0 -22"><span class='ocrx_word' id='word_1_198' title='bbox 242 2416 431 2506; x_wconf 83' lang='lat' dir='ltr'>ginis</span> <span class='ocrx_word' id='word_1_199' title='bbox 464 2415 746 2486; x_wconf 88' lang='lat' dir='ltr'>ardebat</span> <span class='ocrx_word' id='word_1_200' title='bbox 778 2415 1001 2497; x_wconf 89' lang='lat' dir='ltr'>altari,</span> <span class='ocrx_word' id='word_1_201' title='bbox 1041 2418 1524 2503; x_wconf 83' lang='lat' dir='ltr'>commiscenS‚</span> <span class='ocrx_word' id='word_1_202' title='bbox 1561 2415 1763 2503; x_wconf 88' lang='lat' dir='ltr'>quasi</span> <span class='ocrx_word' id='word_1_203' title='bbox 1802 2415 2151 2504; x_wconf 86' lang='lat' dir='ltr'>quoddam</span> <span class='ocrx_word' id='word_1_204' title='bbox 2188 2416 2637 2486; x_wconf 87' lang='lat' dir='ltr'>electuarium</span> <span class='ocrx_word' id='word_1_205' title='bbox 2673 2438 2796 2506; x_wconf 90' lang='lat' dir='ltr'>per</span> 
     </span>
     <span class='ocr_line' id='line_1_26' title="bbox 242 2505 2792 2586; baseline -0 -12"><span class='ocrx_word' id='word_1_206' title='bbox 242 2528 499 2575; x_wconf 90' lang='lat' dir='ltr'>manus</span> <span class='ocrx_word' id='word_1_207' title='bbox 554 2505 841 2575; x_wconf 85' lang='lat' dir='ltr'>fratrum</span> <span class='ocrx_word' id='word_1_208' title='bbox 906 2506 1291 2575; x_wconf 86' lang='lat' dir='ltr'>infirmanti</span> <span class='ocrx_word' id='word_1_209' title='bbox 1318 2506 1756 2586; x_wconf 76' lang='lat' dir='ltr'>transmisit,</span> <span class='ocrx_word' id='word_1_210' title='bbox 1814 2505 2095 2576; x_wconf 84' lang='lat' dir='ltr'>dicens:</span> <span class='ocrx_word' id='word_1_211' title='bbox 2143 2507 2549 2576; x_wconf 86' lang='lat' dir='ltr'>Medicinam</span> <span class='ocrx_word' id='word_1_212' title='bbox 2612 2507 2792 2575; x_wconf 91' lang='lat' dir='ltr'>hanc</span> 
     </span>
     <span class='ocr_line' id='line_1_27' title="bbox 238 2593 2792 2695; baseline 0 -33"><span class='ocrx_word' id='word_1_213' title='bbox 238 2593 433 2664; x_wconf 83' lang='lat' dir='ltr'>fratri</span> <span class='ocrx_word' id='word_1_214' title='bbox 471 2608 703 2664; x_wconf 92' lang='lat' dir='ltr'>nostro</span> <span class='ocrx_word' id='word_1_215' title='bbox 752 2593 1005 2664; x_wconf 87' lang='lat' dir='ltr'>deferte</span> <span class='ocrx_word' id='word_1_216' title='bbox 1056 2594 1328 2675; x_wconf 75' lang='lat' dir='ltr'>Norico,</span> <span class='ocrx_word' id='word_1_217' title='bbox 1368 2616 1503 2681; x_wconf 92' lang='lat' dir='ltr'>qua</span> <span class='ocrx_word' id='word_1_218' title='bbox 1553 2594 1782 2695; x_wconf 90' lang='lat' dir='ltr'>ipsum</span> <span class='ocrx_word' id='word_1_219' title='bbox 1822 2594 2069 2665; x_wconf 85' lang='lat' dir='ltr'>Christi</span> <span class='ocrx_word' id='word_1_220' title='bbox 2134 2596 2352 2666; x_wconf 92' lang='lat' dir='ltr'>virtus</span> <span class='ocrx_word' id='word_1_221' title='bbox 2386 2617 2521 2665; x_wconf 90' lang='lat' dir='ltr'>non</span> <span class='ocrx_word' id='word_1_222' title='bbox 2564 2596 2792 2664; x_wconf 92' lang='lat' dir='ltr'>solum</span> 
     </span>
     <span class='ocr_line' id='line_1_28' title="bbox 241 2683 2793 2772; baseline 0 -21"><span class='ocrx_word' id='word_1_223' title='bbox 241 2683 485 2772; x_wconf 89' lang='lat' dir='ltr'>plenae</span> <span class='ocrx_word' id='word_1_224' title='bbox 546 2684 824 2753; x_wconf 86' lang='lat' dir='ltr'>sanitati</span> <span class='ocrx_word' id='word_1_225' title='bbox 890 2684 1221 2764; x_wconf 87' lang='lat' dir='ltr'>restituet,</span> <span class='ocrx_word' id='word_1_226' title='bbox 1268 2696 1719 2753; x_wconf 82' lang='lat' dir='ltr'>verumetiam</span> <span class='ocrx_word' id='word_1_227' title='bbox 1781 2683 2146 2761; x_wconf 88' lang='lat' dir='ltr'>robustum</span> <span class='ocrx_word' id='word_1_228' title='bbox 2190 2683 2588 2754; x_wconf 89' lang='lat' dir='ltr'>bellatorem</span> <span class='ocrx_word' id='word_1_229' title='bbox 2631 2684 2793 2752; x_wconf 82' lang='lat' dir='ltr'>effe-</span> 
     </span>
     <span class='ocr_line' id='line_1_29' title="bbox 237 2772 2792 2861; baseline 0 -21"><span class='ocrx_word' id='word_1_230' title='bbox 237 2785 454 2852; x_wconf 89' lang='lat' dir='ltr'>ctum,</span> <span class='ocrx_word' id='word_1_231' title='bbox 495 2773 665 2842; x_wconf 82' lang='lat' dir='ltr'>aciei</span> <span class='ocrx_word' id='word_1_232' title='bbox 704 2785 977 2841; x_wconf 84' lang='lat' dir='ltr'>nostrae</span> <span class='ocrx_word' id='word_1_233' title='bbox 1014 2784 1524 2861; x_wconf 81' lang='lat' dir='ltr'>perseveranter</span> <span class='ocrx_word' id='word_1_234' title='bbox 1559 2772 1915 2861; x_wconf 88' lang='lat' dir='ltr'>adjunget.</span> <span class='ocrx_word' id='word_1_235' title='bbox 1972 2773 2210 2841; x_wconf 90' lang='lat' dir='ltr'>Statim</span> <span class='ocrx_word' id='word_1_236' title='bbox 2261 2784 2490 2841; x_wconf 89' lang='lat' dir='ltr'>autem</span> <span class='ocrx_word' id='word_1_237' title='bbox 2535 2785 2612 2841; x_wconf 92' lang='lat' dir='ltr'>ut</span> <span class='ocrx_word' id='word_1_238' title='bbox 2669 2794 2792 2840; x_wconf 89' lang='lat' dir='ltr'>an-</span> 
     </span>
     <span class='ocr_line' id='line_1_30' title="bbox 240 2860 2792 2951; baseline 0 -22"><span class='ocrx_word' id='word_1_239' title='bbox 240 2860 534 2930; x_wconf 90' lang='lat' dir='ltr'>tidotum</span> <span class='ocrx_word' id='word_1_240' title='bbox 575 2861 775 2942; x_wconf 92' lang='lat' dir='ltr'>illud,</span> <span class='ocrx_word' id='word_1_241' title='bbox 810 2863 1036 2931; x_wconf 89' lang='lat' dir='ltr'>Sancti</span> <span class='ocrx_word' id='word_1_242' title='bbox 1069 2861 1363 2951; x_wconf 90' lang='lat' dir='ltr'>Spiritus</span> <span class='ocrx_word' id='word_1_243' title='bbox 1393 2860 1876 2930; x_wconf 88' lang='lat' dir='ltr'>adinventione</span> <span class='ocrx_word' id='word_1_244' title='bbox 1902 2860 2314 2941; x_wconf 88' lang='lat' dir='ltr'>confectum,</span> <span class='ocrx_word' id='word_1_245' title='bbox 2355 2881 2557 2950; x_wconf 86' lang='lat' dir='ltr'>aeger</span> <span class='ocrx_word' id='word_1_246' title='bbox 2585 2861 2792 2929; x_wconf 88' lang='lat' dir='ltr'>homo</span> 
     </span>
     <span class='ocr_line' id='line_1_31' title="bbox 240 2949 2795 3040; baseline -0 -21"><span class='ocrx_word' id='word_1_247' title='bbox 240 2950 561 3039; x_wconf 89' lang='lat' dir='ltr'>gustavit,</span> <span class='ocrx_word' id='word_1_248' title='bbox 618 2973 831 3021; x_wconf 86' lang='lat' dir='ltr'>sanus</span> <span class='ocrx_word' id='word_1_249' title='bbox 881 2972 1283 3040; x_wconf 83' lang='lat' dir='ltr'>exsurgens,</span> <span class='ocrx_word' id='word_1_250' title='bbox 1336 2963 1598 3019; x_wconf 88' lang='lat' dir='ltr'>tantum</span> <span class='ocrx_word' id='word_1_251' title='bbox 1638 2951 1888 3019; x_wconf 88' lang='lat' dir='ltr'>mentis</span> <span class='ocrx_word' id='word_1_252' title='bbox 1926 2961 1991 3018; x_wconf 88' lang='lat' dir='ltr'>et</span> <span class='ocrx_word' id='word_1_253' title='bbox 2020 2949 2329 3039; x_wconf 91' lang='lat' dir='ltr'>corporis</span> <span class='ocrx_word' id='word_1_254' title='bbox 2362 2971 2402 3017; x_wconf 88' lang='lat' dir='ltr'>a</span> <span class='ocrx_word' id='word_1_255' title='bbox 2437 2953 2568 3018; x_wconf 90' lang='lat' dir='ltr'>Deo</span> <span class='ocrx_word' id='word_1_256' title='bbox 2612 2950 2795 3039; x_wconf 92' lang='lat' dir='ltr'>vigo-</span> 
     </span>
     <span class='ocr_line' id='line_1_32' title="bbox 240 3037 2796 3129; baseline 0 -22"><span class='ocrx_word' id='word_1_257' title='bbox 240 3060 385 3107; x_wconf 90' lang='lat' dir='ltr'>rem</span> <span class='ocrx_word' id='word_1_258' title='bbox 422 3039 763 3117; x_wconf 88' lang='lat' dir='ltr'>obtinuit,</span> <span class='ocrx_word' id='word_1_259' title='bbox 802 3051 878 3108; x_wconf 88' lang='lat' dir='ltr'>ut</span> <span class='ocrx_word' id='word_1_260' title='bbox 911 3039 1117 3128; x_wconf 89' lang='lat' dir='ltr'>paulo</span> <span class='ocrx_word' id='word_1_261' title='bbox 1169 3052 1321 3129; x_wconf 90' lang='lat' dir='ltr'>post</span> <span class='ocrx_word' id='word_1_262' title='bbox 1369 3040 1507 3108; x_wconf 87' lang='lat' dir='ltr'>Viri</span> <span class='ocrx_word' id='word_1_263' title='bbox 1548 3038 1769 3109; x_wconf 90' lang='lat' dir='ltr'>sancti</span> <span class='ocrx_word' id='word_1_264' title='bbox 1819 3037 2245 3127; x_wconf 88' lang='lat' dir='ltr'>Religionem</span> <span class='ocrx_word' id='word_1_265' title='bbox 2298 3038 2682 3128; x_wconf 88' lang='lat' dir='ltr'>ingressus,</span> <span class='ocrx_word' id='word_1_266' title='bbox 2728 3051 2796 3108; x_wconf 89' lang='lat' dir='ltr'>et</span> 
     </span>
     <span class='ocr_line' id='line_1_33' title="bbox 238 3127 2794 3217; baseline -0 -21"><span class='ocrx_word' id='word_1_267' title='bbox 238 3128 449 3196; x_wconf 89' lang='lat' dir='ltr'>unica</span> <span class='ocrx_word' id='word_1_268' title='bbox 497 3139 763 3197; x_wconf 89' lang='lat' dir='ltr'>tantum</span> <span class='ocrx_word' id='word_1_269' title='bbox 821 3130 1206 3216; x_wconf 86' lang='lat' dir='ltr'>operiretur</span> <span class='ocrx_word' id='word_1_270' title='bbox 1270 3127 1604 3207; x_wconf 77' lang='lat' dir='ltr'>tunicula,</span> <span class='ocrx_word' id='word_1_271' title='bbox 1646 3127 1777 3196; x_wconf 90' lang='lat' dir='ltr'>sub</span> <span class='ocrx_word' id='word_1_272' title='bbox 1826 3149 1965 3214; x_wconf 90' lang='lat' dir='ltr'>qua</span> <span class='ocrx_word' id='word_1_273' title='bbox 2005 3127 2209 3216; x_wconf 92' lang='lat' dir='ltr'>longo</span> <span class='ocrx_word' id='word_1_274' title='bbox 2265 3137 2570 3217; x_wconf 87' lang='lat' dir='ltr'>tempore</span> <span class='ocrx_word' id='word_1_275' title='bbox 2635 3127 2794 3196; x_wconf 88' lang='lat' dir='ltr'>lori-</span> 
     </span>
     <span class='ocr_line' id='line_1_34' title="bbox 239 3214 2791 3305; baseline 0 -21"><span class='ocrx_word' id='word_1_276' title='bbox 239 3238 394 3284; x_wconf 89' lang='lat' dir='ltr'>cam</span> <span class='ocrx_word' id='word_1_277' title='bbox 447 3217 759 3305; x_wconf 90' lang='lat' dir='ltr'>portabat</span> <span class='ocrx_word' id='word_1_278' title='bbox 791 3216 877 3285; x_wconf 89' lang='lat' dir='ltr'>ad</span> <span class='ocrx_word' id='word_1_279' title='bbox 914 3238 1219 3298; x_wconf 88' lang='lat' dir='ltr'>carnem,</span> <span class='ocrx_word' id='word_1_280' title='bbox 1259 3229 1322 3286; x_wconf 90' lang='lat' dir='ltr'>et</span> <span class='ocrx_word' id='word_1_281' title='bbox 1370 3216 1606 3286; x_wconf 90' lang='lat' dir='ltr'>crudis</span> <span class='ocrx_word' id='word_1_282' title='bbox 1640 3215 1999 3285; x_wconf 84' lang='lat' dir='ltr'>dumtaxat</span> <span class='ocrx_word' id='word_1_283' title='bbox 2038 3214 2347 3298; x_wconf 81' lang='lat' dir='ltr'>cibariiS,</span> <span class='ocrx_word' id='word_1_284' title='bbox 2387 3215 2645 3295; x_wconf 80' lang='lat' dir='ltr'>herbiS,</span> <span class='ocrx_word' id='word_1_285' title='bbox 2686 3215 2791 3285; x_wconf 91' lang='lat' dir='ltr'>vel</span> 
     </span>
     <span class='ocr_line' id='line_1_35' title="bbox 245 3303 2794 3394; baseline 0.001 -22"><span class='ocrx_word' id='word_1_286' title='bbox 245 3304 767 3394; x_wconf 87' lang='lat' dir='ltr'>leguminibus,</span> <span class='ocrx_word' id='word_1_287' title='bbox 820 3304 1299 3393; x_wconf 85' lang='lat' dir='ltr'>fructibusque</span> <span class='ocrx_word' id='word_1_288' title='bbox 1346 3317 1750 3388; x_wconf 83' lang='lat' dir='ltr'>contentuS,</span> <span class='ocrx_word' id='word_1_289' title='bbox 1821 3326 1943 3393; x_wconf 89' lang='lat' dir='ltr'>per</span> <span class='ocrx_word' id='word_1_290' title='bbox 1993 3303 2193 3393; x_wconf 89' lang='lat' dir='ltr'>plura</span> <span class='ocrx_word' id='word_1_291' title='bbox 2244 3317 2634 3394; x_wconf 89' lang='lat' dir='ltr'>temporum</span> <span class='ocrx_word' id='word_1_292' title='bbox 2684 3305 2794 3374; x_wconf 90' lang='lat' dir='ltr'>lu-</span> 
     </span>
     <span class='ocr_line' id='line_1_36' title="bbox 244 3392 2795 3485; baseline 0.001 -24"><span class='ocrx_word' id='word_1_293' title='bbox 244 3407 386 3462; x_wconf 87' lang='lat' dir='ltr'>stra</span> <span class='ocrx_word' id='word_1_294' title='bbox 430 3414 552 3461; x_wconf 90' lang='lat' dir='ltr'>nec</span> <span class='ocrx_word' id='word_1_295' title='bbox 602 3415 849 3483; x_wconf 88' lang='lat' dir='ltr'>panem</span> <span class='ocrx_word' id='word_1_296' title='bbox 904 3407 1232 3485; x_wconf 85' lang='lat' dir='ltr'>gustaret,</span> <span class='ocrx_word' id='word_1_297' title='bbox 1279 3416 1404 3463; x_wconf 86' lang='lat' dir='ltr'>nec</span> <span class='ocrx_word' id='word_1_298' title='bbox 1463 3394 1730 3474; x_wconf 89' lang='lat' dir='ltr'>vinum,</span> <span class='ocrx_word' id='word_1_299' title='bbox 1789 3392 1981 3463; x_wconf 88' lang='lat' dir='ltr'>fortis</span> <span class='ocrx_word' id='word_1_300' title='bbox 2033 3407 2257 3464; x_wconf 89' lang='lat' dir='ltr'>tamen</span> <span class='ocrx_word' id='word_1_301' title='bbox 2311 3407 2376 3464; x_wconf 90' lang='lat' dir='ltr'>et</span> <span class='ocrx_word' id='word_1_302' title='bbox 2424 3393 2795 3464; x_wconf 91' lang='lat' dir='ltr'>incolumis</span> 
     </span>
     <span class='ocr_line' id='line_1_37' title="bbox 248 3484 1584 3573; baseline -0.001 -23"><span class='ocrx_word' id='word_1_303' title='bbox 248 3484 718 3573; x_wconf 79' lang='lat' dir='ltr'>perseverans.</span> <span class='ocrx_word' id='word_1_304' title='bbox 1575 3540 1584 3549; x_wconf 86' lang='lat'>.</span> 
     </span>
    </p>

    <p class='ocr_par' dir='ltr' id='par_1_5' title="bbox 247 3570 2802 4372">
     <span class='ocr_line' id='line_1_38' title="bbox 337 3570 2799 3661; baseline 0 -21"><span class='ocrx_word' id='word_1_305' title='bbox 337 3573 373 3657; x_wconf 64' lang='grc' dir='ltr'>ξ</span> <span class='ocrx_word' id='word_1_306' title='bbox 429 3575 573 3641; x_wconf 67' lang='lat'>2¹2.</span> <span class='ocrx_word' id='word_1_307' title='bbox 628 3572 1101 3641; x_wconf 75' lang='lat' dir='ltr'>crescentibus</span> <span class='ocrx_word' id='word_1_308' title='bbox 1150 3592 1425 3659; x_wconf 87' lang='lat' dir='ltr'>quoque</span> <span class='ocrx_word' id='word_1_309' title='bbox 1473 3570 1801 3640; x_wconf 89' lang='lat' dir='ltr'>virtutum</span> <span class='ocrx_word' id='word_1_310' title='bbox 1855 3570 2119 3640; x_wconf 91' lang='lat' dir='ltr'>meritis</span> <span class='ocrx_word' id='word_1_311' title='bbox 2161 3571 2227 3640; x_wconf 91' lang='lat' dir='ltr'>in</span> <span class='ocrx_word' id='word_1_312' title='bbox 2268 3571 2575 3661; x_wconf 87' lang='lat' dir='ltr'>parvulis</span> <span class='ocrx_word' id='word_1_313' title='bbox 2609 3572 2799 3642; x_wconf 85' lang='lat' dir='ltr'>Chri-</span> 
     </span>
     <span class='ocr_line' id='line_1_39' title="bbox 250 3659 2794 3751; baseline 0.002 -23"><span class='ocrx_word' id='word_1_314' title='bbox 250 3660 359 3739; x_wconf 89' lang='lat' dir='ltr'>sti,</span> <span class='ocrx_word' id='word_1_315' title='bbox 396 3659 566 3728; x_wconf 86' lang='lat' dir='ltr'>odor</span> <span class='ocrx_word' id='word_1_316' title='bbox 601 3660 952 3749; x_wconf 89' lang='lat' dir='ltr'>opinionis</span> <span class='ocrx_word' id='word_1_317' title='bbox 984 3660 1204 3730; x_wconf 90' lang='lat' dir='ltr'>bonae</span> <span class='ocrx_word' id='word_1_318' title='bbox 1252 3661 1796 3746; x_wconf 88' lang='lat' dir='ltr'>circumquaque</span> <span class='ocrx_word' id='word_1_319' title='bbox 1845 3660 2166 3741; x_wconf 79' lang='lat' dir='ltr'>diffusus,</span> <span class='ocrx_word' id='word_1_320' title='bbox 2213 3662 2296 3730; x_wconf 90' lang='lat' dir='ltr'>ad</span> <span class='ocrx_word' id='word_1_321' title='bbox 2335 3662 2794 3751; x_wconf 82' lang='lat' dir='ltr'>praesentiam</span> 
     </span>
     <span class='ocr_line' id='line_1_40' title="bbox 252 3746 2796 3840; baseline 0.001 -24"><span class='ocrx_word' id='word_1_322' title='bbox 252 3748 471 3817; x_wconf 86' lang='lat' dir='ltr'>sancti</span> <span class='ocrx_word' id='word_1_323' title='bbox 517 3746 736 3818; x_wconf 90' lang='lat' dir='ltr'>Patris</span> <span class='ocrx_word' id='word_1_324' title='bbox 782 3748 1144 3818; x_wconf 91' lang='lat' dir='ltr'>videndam</span> <span class='ocrx_word' id='word_1_325' title='bbox 1176 3804 1190 3829; x_wconf 91' lang='lat'>,</span> <span class='ocrx_word' id='word_1_326' title='bbox 1233 3749 1570 3836; x_wconf 89' lang='lat' dir='ltr'>plurimos</span> <span class='ocrx_word' id='word_1_327' title='bbox 1619 3770 1653 3817; x_wconf 89' lang='lat' dir='ltr'>e</span> <span class='ocrx_word' id='word_1_328' title='bbox 1704 3747 1996 3818; x_wconf 88' lang='lat' dir='ltr'>diversis</span> <span class='ocrx_word' id='word_1_329' title='bbox 2047 3748 2291 3818; x_wconf 89' lang='lat' dir='ltr'>mundi</span> <span class='ocrx_word' id='word_1_330' title='bbox 2343 3750 2655 3840; x_wconf 87' lang='lat' dir='ltr'>partibus</span> <span class='ocrx_word' id='word_1_331' title='bbox 2696 3762 2796 3818; x_wconf 86' lang='lat' dir='ltr'>at-</span> 
     </span>
     <span class='ocr_line' id='line_1_41' title="bbox 247 3835 2795 3925; baseline 0 -20"><span class='ocrx_word' id='word_1_332' title='bbox 247 3837 579 3907; x_wconf 80' lang='lat' dir='ltr'>trahebat.</span> <span class='ocrx_word' id='word_1_333' title='bbox 634 3842 817 3906; x_wconf 91' lang='lat' dir='ltr'>Inter</span> <span class='ocrx_word' id='word_1_334' title='bbox 863 3860 1037 3925; x_wconf 91' lang='lat' dir='ltr'>quos</span> <span class='ocrx_word' id='word_1_335' title='bbox 1084 3837 1368 3924; x_wconf 90' lang='lat' dir='ltr'>quidam</span> <span class='ocrx_word' id='word_1_336' title='bbox 1423 3835 1839 3907; x_wconf 87' lang='lat' dir='ltr'>secularium</span> <span class='ocrx_word' id='word_1_337' title='bbox 1878 3838 2277 3907; x_wconf 86' lang='lat' dir='ltr'>cantionum</span> <span class='ocrx_word' id='word_1_338' title='bbox 2329 3839 2649 3908; x_wconf 87' lang='lat' dir='ltr'>curiosus</span> <span class='ocrx_word' id='word_1_339' title='bbox 2684 3838 2795 3906; x_wconf 91' lang='lat' dir='ltr'>in-</span> 
     </span>
     <span class='ocr_line' id='line_1_42' title="bbox 250 3925 2796 4027; baseline 0.001 -36"><span class='ocrx_word' id='word_1_340' title='bbox 250 3939 507 4008; x_wconf 87' lang='lat' dir='ltr'>ventor,</span> <span class='ocrx_word' id='word_1_341' title='bbox 559 3927 679 4013; x_wconf 93' lang='lat' dir='ltr'>qui</span> <span class='ocrx_word' id='word_1_342' title='bbox 730 3926 817 3996; x_wconf 88' lang='lat' dir='ltr'>ab</span> <span class='ocrx_word' id='word_1_343' title='bbox 848 3931 1266 4027; x_wconf 86' lang='lat' dir='ltr'>Imperatore</span> <span class='ocrx_word' id='word_1_344' title='bbox 1315 3925 1534 3995; x_wconf 89' lang='lat' dir='ltr'>fuerat</span> <span class='ocrx_word' id='word_1_345' title='bbox 1566 3938 1957 4006; x_wconf 89' lang='lat' dir='ltr'>coronatus,</span> <span class='ocrx_word' id='word_1_346' title='bbox 1997 3939 2061 3995; x_wconf 89' lang='lat' dir='ltr'>et</span> <span class='ocrx_word' id='word_1_347' title='bbox 2102 3926 2261 3994; x_wconf 91' lang='lat' dir='ltr'>inde</span> <span class='ocrx_word' id='word_1_348' title='bbox 2297 3931 2434 3996; x_wconf 80' lang='lat' dir='ltr'>Rex</span> <span class='ocrx_word' id='word_1_349' title='bbox 2470 3948 2796 3996; x_wconf 90' lang='lat' dir='ltr'>versuum</span> 
     </span>
     <span class='ocr_line' id='line_1_43' title="bbox 250 4014 2794 4105; baseline -0 -22"><span class='ocrx_word' id='word_1_350' title='bbox 250 4015 478 4086; x_wconf 90' lang='lat' dir='ltr'>dictus</span> <span class='ocrx_word' id='word_1_351' title='bbox 512 4070 527 4097; x_wconf 93' lang='lat'>,</span> <span class='ocrx_word' id='word_1_352' title='bbox 582 4015 807 4085; x_wconf 88' lang='lat' dir='ltr'>virum</span> <span class='ocrx_word' id='word_1_353' title='bbox 876 4020 987 4084; x_wconf 87' lang='lat' dir='ltr'>Dei</span> <span class='ocrx_word' id='word_1_354' title='bbox 1051 4028 1586 4105; x_wconf 87' lang='lat' dir='ltr'>contemptorem</span> <span class='ocrx_word' id='word_1_355' title='bbox 1650 4015 2116 4085; x_wconf 88' lang='lat' dir='ltr'>mundialium</span> <span class='ocrx_word' id='word_1_356' title='bbox 2170 4015 2360 4084; x_wconf 90' lang='lat' dir='ltr'>adire</span> <span class='ocrx_word' id='word_1_357' title='bbox 2409 4014 2794 4105; x_wconf 89' lang='lat' dir='ltr'>proposuit.</span> 
     </span>
     <span class='ocr_line' id='line_1_44' title="bbox 251 4103 2798 4194; baseline 0 -21"><span class='ocrx_word' id='word_1_358' title='bbox 251 4109 555 4192; x_wconf 86' lang='lat' dir='ltr'>Cumque</span> <span class='ocrx_word' id='word_1_359' title='bbox 608 4104 693 4173; x_wconf 91' lang='lat' dir='ltr'>ad</span> <span class='ocrx_word' id='word_1_360' title='bbox 757 4116 1060 4173; x_wconf 90' lang='lat' dir='ltr'>castrum</span> <span class='ocrx_word' id='word_1_361' title='bbox 1109 4105 1336 4174; x_wconf 89' lang='lat' dir='ltr'>Sancti</span> <span class='ocrx_word' id='word_1_362' title='bbox 1387 4104 1690 4174; x_wconf 85' lang='lat' dir='ltr'>Severini</span> <span class='ocrx_word' id='word_1_363' title='bbox 1738 4126 1897 4174; x_wconf 90' lang='lat' dir='ltr'>eum</span> <span class='ocrx_word' id='word_1_364' title='bbox 1957 4103 2466 4193; x_wconf 90' lang='lat' dir='ltr'>praedicantem</span> <span class='ocrx_word' id='word_1_365' title='bbox 2505 4105 2798 4194; x_wconf 90' lang='lat' dir='ltr'>reperis-</span> 
     </span>
     <span class='ocr_line' id='line_1_45' title="bbox 254 4192 2798 4283; baseline 0 -23"><span class='ocrx_word' id='word_1_366' title='bbox 254 4206 349 4261; x_wconf 88' lang='lat' dir='ltr'>set</span> <span class='ocrx_word' id='word_1_367' title='bbox 397 4192 466 4261; x_wconf 90' lang='lat' dir='ltr'>in</span> <span class='ocrx_word' id='word_1_368' title='bbox 520 4193 932 4264; x_wconf 89' lang='lat' dir='ltr'>monasterio</span> <span class='ocrx_word' id='word_1_369' title='bbox 995 4192 1345 4280; x_wconf 90' lang='lat' dir='ltr'>quodam,</span> <span class='ocrx_word' id='word_1_370' title='bbox 1409 4193 1583 4263; x_wconf 84' lang='lat' dir='ltr'>facta</span> <span class='ocrx_word' id='word_1_371' title='bbox 1651 4215 1866 4262; x_wconf 90' lang='lat' dir='ltr'>manu</span> <span class='ocrx_word' id='word_1_372' title='bbox 1935 4193 2206 4262; x_wconf 88' lang='lat' dir='ltr'>Domini</span> <span class='ocrx_word' id='word_1_373' title='bbox 2263 4215 2473 4283; x_wconf 89' lang='lat' dir='ltr'>super</span> <span class='ocrx_word' id='word_1_374' title='bbox 2515 4214 2644 4274; x_wconf 78' lang='lat' dir='ltr'>se,</span> <span class='ocrx_word' id='word_1_375' title='bbox 2701 4192 2798 4261; x_wconf 90' lang='lat' dir='ltr'>vi-</span> 
     </span>
     <span class='ocr_line' id='line_1_46' title="bbox 249 4279 2802 4372; baseline 0 -23"><span class='ocrx_word' id='word_1_376' title='bbox 249 4279 348 4349; x_wconf 89' lang='lat' dir='ltr'>dit</span> <span class='ocrx_word' id='word_1_377' title='bbox 394 4281 714 4352; x_wconf 90' lang='lat' dir='ltr'>eumdem</span> <span class='ocrx_word' id='word_1_378' title='bbox 781 4281 1015 4352; x_wconf 87' lang='lat' dir='ltr'>Crucis</span> <span class='ocrx_word' id='word_1_379' title='bbox 1077 4281 1324 4352; x_wconf 86' lang='lat' dir='ltr'>Christi</span> <span class='ocrx_word' id='word_1_380' title='bbox 1374 4282 1918 4372; x_wconf 87' lang='lat' dir='ltr'>praedicatorem</span> <span class='ocrx_word' id='word_1_381' title='bbox 1985 4281 2468 4363; x_wconf 89' lang='lat' dir='ltr'>Franciscum,</span> <span class='ocrx_word' id='word_1_382' title='bbox 2524 4281 2802 4351; x_wconf 91' lang='lat' dir='ltr'>duobus</span> 
     </span>
    </p>
   </div>
   <div class='ocr_carea' id='block_1_3' title="bbox 301 4408 2342 4460">
    <p class='ocr_par' dir='ltr' id='par_1_6' title="bbox 301 4408 2342 4460">
     <span class='ocr_line' id='line_1_47' title="bbox 301 4408 2342 4460; baseline 0 -12"><span class='ocrx_word' id='word_1_383' title='bbox 301 4408 323 4429; x_wconf 75' lang='lat'>¹¹</span> <span class='ocrx_word' id='word_1_384' title='bbox 350 4409 596 4449; x_wconf 80' lang='lat' dir='ltr'>Extinctus</span> <span class='ocrx_word' id='word_1_385' title='bbox 617 4412 687 4450; x_wconf 81' lang='lat' dir='ltr'>est</span> <span class='ocrx_word' id='word_1_386' title='bbox 710 4409 756 4449; x_wconf 82' lang='lat' dir='ltr'>tn</span> <span class='ocrx_word' id='word_1_387' title='bbox 780 4408 917 4450; x_wconf 75' lang='lat' dir='ltr'>Italia</span> <span class='ocrx_word' id='word_1_388' title='bbox 937 4408 1285 4451; x_wconf 70' lang='lat' dir='ltr'>cruciferorum</span> <span class='ocrx_word' id='word_1_389' title='bbox 1306 4411 1428 4451; x_wconf 82' lang='lat' dir='ltr'>Ordo</span> <span class='ocrx_word' id='word_1_390' title='bbox 1453 4410 1509 4451; x_wconf 76' lang='lat' dir='ltr'>ab</span> <span class='ocrx_word' id='word_1_391' title='bbox 1531 4410 1791 4451; x_wconf 73' lang='lat' dir='ltr'>Alexandro</span> <span class='ocrx_word' id='word_1_392' title='bbox 1815 4410 1938 4460; x_wconf 74' lang='lat' dir='ltr'>Papa</span> <span class='ocrx_word' id='word_1_393' title='bbox 1959 4409 2059 4459; x_wconf 73' lang='lat' dir='ltr'>vn,</span> <span class='ocrx_word' id='word_1_394' title='bbox 2082 4418 2204 4451; x_wconf 79' lang='lat' dir='ltr'>anno</span> <span class='ocrx_word' id='word_1_395' title='bbox 2225 4409 2342 4451; x_wconf 74' lang='lat'>1656.</span> 
     </span>
    </p>
   </div>
   <div class='ocr_carea' id='block_1_4' title="bbox 409 4470 2643 4552">
    <p class='ocr_par' dir='ltr' id='par_1_7' title="bbox 409 4470 2643 4552">
     <span class='ocr_line' id='line_1_48' title="bbox 409 4470 2643 4552; baseline 0.002 -5"><span class='ocrx_word' id='word_1_396' title='bbox 409 4492 649 4549; x_wconf 77' lang='lat' dir='ltr'>surius</span> <span class='ocrx_word' id='word_1_397' title='bbox 681 4521 703 4535; x_wconf 91' lang='lat'>-</span> <span class='ocrx_word' id='word_1_398' title='bbox 744 4490 914 4551; x_wconf 78' lang='lat' dir='ltr'>Vitae</span> <span class='ocrx_word' id='word_1_399' title='bbox 943 4487 1043 4552; x_wconf 85' lang='lat' dir='ltr'>SS.</span> <span class='ocrx_word' id='word_1_400' title='bbox 1083 4521 1105 4535; x_wconf 93' lang='lat'><strong>·</strong></span> <span class='ocrx_word' id='word_1_401' title='bbox 1138 4470 1271 4552; x_wconf 72' lang='lat' dir='ltr'>Vol.</span> <span class='ocrx_word' id='word_1_402' title='bbox 1306 4488 1374 4550; x_wconf 86' lang='lat' dir='ltr'>X.</span> <span class='ocrx_word' id='word_1_403' title='bbox 2605 4486 2643 4546; x_wconf 82' lang='grc'><strong>9</strong></span> 
     </span>
    </p>
   </div>
  </div>
 </body>
</html>
