3347 4999
232 295 416 362 OCT.
477 297 559 361 46
1023 315 1102 362 mi
1150 316 1204 363 s.
1259 315 1456 364 GALLO
1502 316 1644 363 Ami.
1697 315 1774 362 m·
1819 315 2002 365 coiis.
2559 299 2687 364 473

230 411 297 468 et
338 399 730 489 Episcopus
762 420 918 468 cum
965 397 1152 469 Clero
1200 399 1596 488 huiusmodi
1639 401 2014 471 orationem
2056 399 2280 470 dedit:
2337 423 2372 467 «
2406 404 2603 481 Deus,
2657 401 2777 488 qui

232 509 362 577 pei·
399 489 773 577 potentiam
825 488 1197 574 majestatis
1248 501 1403 558 tuae
1450 489 1706 576 ubique
1746 501 1925 559 totus
1978 510 2072 569 eS,
2129 510 2251 578 pro
2297 490 2499 578 cujus
2546 512 2777 560 amore

229 577 352 645 Vir
388 578 521 645 iste
555 576 831 663 reliquit
872 577 1159 667 patriam
1202 598 1424 657 suam,
1463 590 1539 646 ut
1587 590 1946 678 praecepta
1986 589 2099 646 tua
2147 592 2618 648 conservaret:
2672 578 2777 648 fac

229 687 500 756 corpus
554 666 706 752 ejus
760 663 846 733 ab
913 665 1022 734 his
1079 666 1277 752 equis
1343 664 1699 735 indomitis
1742 665 1900 735 ferri
1953 666 2023 734 in
2073 666 2325 746 locum,
2394 687 2598 752 quem
2663 680 2777 738 tua

230 754 564 824 voluntas
593 753 852 823 meritis
885 753 1104 842 ipsius
1137 754 1488 844 praevidit.
1515 756 1873 842 »JCumque
1901 755 2094 824 finita
2130 765 2306 824 esset
2335 754 2572 835 orati0,
2604 776 2778 825 cun—

230 843 330 913 cti
365 842 492 930 qui
525 843 831 921 aderant,
859 846 1067 911 Amen
1108 843 1629 932 responderunt.

326 934 366 1019 §
399 935 575 1003 81).
616 936 1005 1019 congruum
1042 931 1330 1011 videtur,
1366 932 1438 999 iri
1474 932 1600 1001 hoc
1634 931 1781 1001 loco
1817 944 2109 1002 retexere
2144 931 2556 1002 miraculum
2591 930 2772 1018 quod

234 1021 583 1090 Dominus
618 1020 793 1088 inter
820 1019 927 1090 sui
966 1019 1374 1091 confessoris
1410 1021 1731 1107 exequias
1762 1021 2078 1090 exhibere
2116 1020 2442 1111 dignatus
2473 1032 2596 1090 est:
2640 1041 2776 1106 quo

234 1108 512 1196 liquido
559 1108 825 1177 cunctis
882 1109 1307 1190 ostenderet,
1373 1131 1640 1178 servum
1685 1131 1890 1179 suum
1946 1131 2176 1179 secum
2241 1109 2567 1178 veraciter
2612 1122 2777 1178 tunc

233 1199 493 1279 vivere,
527 1197 694 1266 dum
731 1198 960 1266 carnis
1000 1197 1208 1286 hujus
1241 1218 1509 1267 carcere
1544 1197 1897 1267 liberatur.
1952 1203 2107 1267 Erat
2138 1197 2234 1267 ibi
2267 1197 2550 1284 quidam
2592 1218 2777 1265 men-

233 1287 469 1366 dicus,
510 1297 692 1355 tanta
744 1306 863 1385 per
911 1307 1150 1354 omnes
1192 1288 1654 1357 membrorum
1704 1287 2073 1376 juncturas
2119 1285 2466 1356 debilitate
2505 1300 2777 1355 contra-

234 1388 422 1455 ctuS,
479 1388 557 1444 ut
605 1385 879 1463 penitus
927 1374 1104 1443 inter
1149 1373 1319 1443 alias
1368 1397 1531 1444 suae
1588 1375 2006 1444 infirmitatis
2056 1373 2401 1445 molestias
2434 1429 2450 1456 ‚
2505 1374 2778 1444 incessu

285 1463 500 1533 edum
551 1464 829 1532 careret.
885 1462 1082 1543 Huic,
1135 1462 1302 1532 dum
1349 1464 1701 1553 presbyter
1750 1463 2157 1533 indumenta
2196 1463 2334 1533 Viri
2385 1463 2499 1532 Dei
2546 1462 2777 1533 distri·

232 1487 482 1622 Eueret
511 1550 952 1641 pauperibuS‚
983 1552 1241 1642 caligas
1269 1552 1421 1639 ejus
1456 1574 1611 1622 cum
1649 1552 2129 1621 calceamentis
2152 1551 2360 1621 dedit.
2402 1552 2778 1637 Statimque

235 1639 496 1710 debilis
537 1660 658 1730 pro
697 1652 976 1729 accepto
1037 1662 1356 1720 munere,
1401 1662 1676 1710 summo
1732 1640 2029 1729 repletus
2090 1641 2367 1732 gaudio,
2425 1654 2502 1709 ut
2546 1660 2777 1709 sacras

234 1729 570 1799 cruribus
616 1740 682 1797 et
732 1728 982 1817 plantis
1030 1729 1285 1818 aptavit
1322 1729 1622 1810 exuviaS,
1672 1751 1791 1818 per
1823 1751 2060 1799 omnes
2100 1741 2372 1798 artuum
2411 1750 2777 1828 compages

237 1829 525 1917 repente
575 1817 841 1887 solutus
886 1830 1022 1897 est;
1074 1829 1138 1886 et
1186 1818 1492 1899 exiliens,
1548 1840 1707 1888 voce
1739 1817 2058 1887 clamavit
2091 1817 2374 1908 ingenti,
2420 1828 2484 1887 et
2521 1829 2777 1906 gratias

233 1918 381 1996 egit
432 1905 713 1974 Domino
752 1917 816 1974 et
852 1907 1043 1976 beato
1074 1906 1287 1985 Gallo,
1321 1928 1439 2007 per
1460 1907 1663 1996 cujus
1694 1907 1932 1976 merita
1966 1905 2299 1975 redditam
2337 1906 2468 1975 sibi
2504 1904 2775 1976 videbat

238 1994 633 2063 sanitatem.
687 1994 938 2063 Videris
971 2005 1194 2064 autem
1221 2001 1600 2096 Episcopus
1624 2005 1689 2064 et
1720 1995 2090 2082 cunctiqui
2127 1994 2433 2075 aderant,
2464 1994 2776 2063 sanitatis

233 2081 456 2169 hujus
505 2083 944 2162 miraculum,
974 2084 1395 2152 unanimiter
1442 2083 1998 2173 glorificaverunt
2048 2089 2282 2165 Deum,
2336 2096 2539 2169 atque
2583 2082 2773 2152 dixe-

242 2183 435 2240 runt:
469 2193 502 2236 «
542 2170 892 2240 Manifesta
926 2172 1171 2242 virtute
1197 2171 1522 2262 dignatus
1547 2185 1647 2243 est
1683 2172 2010 2242 Dominus
2043 2171 2242 2242 hodie
2273 2170 2556 2261 gloriam
2588 2172 2775 2241 Servi

240 2259 356 2329 sui
383 2259 578 2328 nobis
595 2259 1027 2330 ostendere.»
1046 2260 1629 2347 Dederuntitaque
1654 2262 1741 2342 ei,
1772 2261 1890 2348 qui
1910 2274 2191 2330 sanatus
2208 2259 2451 2339 fuerat,
2470 2282 2768 2341 cereum,

237 2358 307 2415 et
347 2359 751 2436 prosecutus
797 2360 897 2418 est
935 2348 1147 2418 funus
1176 2371 1332 2418 cum
1368 2362 1630 2419 caetero
1669 2349 1948 2450 populo.
1983 2355 2123 2419 Hoc
2151 2349 2451 2438 primum
2491 2349 2769 2439 signum

242 2449 400 2525 post
433 2437 793 2507 transitum
829 2438 982 2525 ejus
1016 2438 1345 2509 Dominus
1378 2437 1460 2507 ad
1499 2459 1900 2508 memoriam
1941 2437 2130 2510 illius
2158 2436 2549 2509 declaravit.

332 2527 368 2612 ξ
415 2530 561 2596 8¹.
615 2531 800 2596 Inter
829 2526 1102 2596 easdem
1144 2548 1413 2614 quoque
1454 2528 1629 2598 beati
1665 2527 1960 2598 Pastoris
2007 2528 2350 2614 exequias,
2403 2525 2592 2596 aliud
2638 2548 2772 2596 non

240 2613 585 2690 mediocre
640 2615 1016 2685 sanctitatis
1063 2616 1210 2704 ejus
1260 2615 1594 2685 indicium
1646 2617 1991 2706 apparuit.
2047 2617 2300 2686 Habuit
2348 2615 2458 2684 Vir
2497 2616 2608 2684 Dei
2659 2637 2775 2684 ca-

240 2702 530 2793 psellam
582 2702 666 2772 de
711 2704 896 2774 corio
943 2703 1215 2785 factam,
1268 2703 1631 2794 diligenter
1679 2719 2021 2775 seratam:
2075 2705 2277 2805 cujus
2336 2702 2592 2772 clavem
2644 2703 2774 2773 sub

238 2805 378 2860 tam
429 2791 621 2880 vigili
668 2792 977 2863 custodia
1028 2793 1172 2881 ipse
1223 2794 1545 2873 retinuit,
1597 2807 1675 2862 ut
1724 2793 1959 2863 nullus
2013 2792 2514 2880 discipulorum
2566 2791 2762 2879 ejus,

235 2880 580 2967 quamdiu
628 2881 926 2961 vixerat,
979 2880 1143 2969 quid
1216 2883 1402 2951 intus
1462 2896 1845 2952 servaretur
1876 2936 1891 2961 ,
1944 2901 2352 2973 cognoscere
2413 2880 2769 2969 potuisset.

236 2973 433 3038 Hanc
473 2981 699 3040 autem
732 2991 812 3040 ex
845 2970 989 3039 suis
1021 2970 1329 3040 humeris
1362 2970 1767 3059 pendentem
1808 2970 1981 3040 ferre
2020 2969 2302 3047 solebat,
2333 2973 2773 3055 quocumque

234 3055 641 3128 ambulavit.
694 3064 770 3127 At
814 3059 935 3128 ubi
985 3058 1069 3128 de
1102 3060 1234 3127 vita
1268 3059 1605 3150 migravit,
1652 3071 1929 3149 sumpta
1975 3057 2163 3127 clave
2195 3070 2616 3146 aperuerunt
2662 3079 2774 3126 ca-

236 3143 578 3236 psellam,
656 3160 721 3216 et
782 3148 1188 3216 invenerunt
1237 3147 1303 3216 in
1368 3169 1446 3216 ea
1494 3146 1796 3216 cilicium
1871 3146 2219 3215 modicum
2257 3199 2273 3226 ,
2349 3157 2412 3213 et
2459 3158 2772 3216 catenam

237 3255 509 3303 aeream
562 3236 901 3325 sanguine
949 3235 1374 3324 adspersam.
1446 3236 1699 3304 Deinde
1748 3256 2000 3324 corpus
2048 3234 2489 3325 inspicientes
2555 3234 2775 3324 magi-

237 3322 387 3402 stri,
441 3322 850 3392 invenerunt
897 3323 1122 3394 locum
1174 3337 1495 3404 catenae,
1558 3324 1680 3392 ubi
1742 3324 2018 3414 saepius
2066 3322 2412 3413 praecingi
2463 3322 2769 3406 solebat,

237 3431 657 3496 carnemque
708 3413 926 3500 ipsam
975 3413 1043 3480 i'n
1101 3411 1265 3481 locis
1311 3424 1605 3499 quatuor
1652 3412 2065 3501 profundius
2121 3424 2357 3481 catena
2406 3410 2768 3493 sulcatam,

240 3498 411 3570 adeo
460 3511 536 3568 ut
567 3499 650 3567 de
683 3501 938 3569 eisdem
976 3500 1378 3571 vulneribus
1426 3522 1630 3570 cruor
1676 3500 2072 3579 decurrens,
2127 3500 2432 3570 cilicium
2470 3522 2591 3591 per
2628 3500 2777 3570 loca

240 3587 641 3690 perfuderit.
697 3593 1092 3658 Posuerunt.
1123 3602 1349 3658 autem
1385 3588 1753 3679 capsellam
1806 3611 1964 3660 cum
2006 3589 2232 3659 cilicio
2271 3588 2357 3658 ad
2392 3600 2597 3679 caput
2624 3589 2776 3678 ejus

240 3698 311 3745 in
347 3676 697 3758 feretrum,
729 3690 794 3746 et
826 3676 910 3746 de
962 3689 1354 3747 ortaverunt
1391 3699 1550 3747 cum
1591 3699 1874 3767 corpore
1913 3678 1996 3748 ad
2040 3679 2265 3748 locum
2312 3677 2765 3758 monumenti,

127 3861 132 3864 .
241 3778 305 3836 et
355 3764 864 3855 suspenderunt
961 3788 1077 3834 aec
1135 3766 1262 3835 tria
1314 3766 1860 3837 mortificationis
1924 3768 2074 3856 ejus
2122 3765 2380 3835 indicia
2423 3765 2619 3853 juxta
2667 3777 2774 3835 tu-

243 3854 510 3923 mulum
562 3853 647 3923 ad
696 3866 904 3944 caput
949 3854 1138 3941 ejus:
1192 3876 1313 3945 per
1358 3877 1534 3943 quae
1598 3855 1923 3945 deinceps
1972 3854 2055 3925 ad
2123 3854 2577 3926 ostensionem
2629 3875 2773 3924 me-

241 3942 530 4012 ritorum
567 3943 810 4032 ipsius,
850 3942 1188 4033 plurimas
1223 3945 1553 4014 Dominus
1593 3945 1876 4014 virtutes
1911 3945 2019 4034 pie
2049 3943 2541 4030 quaerentibus
2586 3943 2774 4013 exhi-

244 4029 414 4100 buit.
470 4037 615 4114 Qua
663 4054 741 4101 ex
790 4053 862 4102 re
907 4031 1283 4122 intelligere
1333 4055 1729 4124 possumne,
1783 4034 1945 4120 quia
1992 4032 2173 4102 idem
2224 4032 2339 4100 Vir
2384 4031 2512 4101 etsi
2544 4052 2582 4099 a
2620 4053 2774 4121 per-

242 4134 549 4189 secutore
581 4121 942 4210 sanguinis
974 4121 1305 4191 effusione
1339 4144 1472 4192 non
1504 4135 1605 4192 est
1637 4121 2037 4191 immolatus
2063 4120 2507 4209 semetipsum
2543 4131 2771 4190 tamen

241 4207 528 4277 offerens
571 4211 856 4280 Domino
890 4210 1180 4278 hostiam
1233 4211 1454 4279 vivam
1508 4211 1575 4278 in
1632 4211 1908 4280 odorem
1954 4208 2330 4288 suavitatis,
2384 4221 2447 4278 et
2494 4230 2772 4278 crucem

241 4315 434 4364 suam
482 4296 745 4379 tollens,
813 4298 1253 4386 quotidieque
1303 4299 1712 4369 Salvatorem
1763 4311 2062 4377 secutus,
2110 4297 2420 4388 martyrii
2472 4297 2771 4366 laborem

238 4395 302 4451 et
352 4384 648 4473 palmam
701 4388 1049 4458 confessor
1094 4387 1383 4479 adeptus
1427 4401 1549 4459 est.
