3347 4999
736 321 837 387 '74
1333 341 1411 387 na
1458 340 1514 387 s.
1569 338 1885 388 usercam
1931 311 2198 391 nomsr
2240 341 2439 391 nrisc.
2850 326 3024 394 OCT.
3083 328 3177 392 24

624 423 861 493 animo
921 423 1207 504 audivit,
1261 424 1488 493 sciens
1535 446 1573 493 a
1635 425 1921 494 Domino
1968 424 2231 496 dictum
2296 426 2380 495 ad
2442 427 2834 518 Apostolos:
2877 429 3011 509 Qui
3053 452 3179 499 vos

625 513 842 593 audit,
888 535 991 581 me
1037 513 1278 582 audit:
1330 523 1391 582 et
1440 515 1565 604 qui
1605 537 1719 584 vos
1764 516 2042 605 spernit,
2095 537 2199 583 me
2243 517 2495 605 spernit
2525 516 2714 605 (Luc.
2753 522 2846 599 x).

711 603 748 687 ξ
794 605 887 672 Β.
939 606 1083 671 Non
1136 600 1354 671 multo
1400 615 1627 671 autem
1703 603 2057 692 interjecto
2115 616 2417 693 tempore
2491 609 2728 676 Comes
2789 607 3176 698 Lojescon,

624 688 821 758 valde
868 689 1150 777 quidem
1201 690 1596 781 opulentus,
1648 691 1765 761 sed
1820 691 2175 783 septennio
2218 691 2364 781 jam
2417 691 2609 783 lepra
2649 693 2971 776 inlectus,
3019 693 3177 763 fru-

624 792 764 848 stra
813 778 882 846 in
940 777 1246 849 medicos
1297 780 1568 870 magnis
1615 781 1912 871 erogatis
1963 780 2298 871 pecuniis,
2341 781 2462 869 qui
2508 805 2753 852 curare
2812 806 2972 854 eum
3026 805 3176 853 non

626 879 977 957 poterant:
1023 867 1145 938 ubi
1176 868 1243 937 in
1297 867 1550 950 insula,
1612 869 1681 938 in
1738 890 1877 956 qua
1927 869 2345 951 morabatur,
2405 869 2920 942 celeberrimam
2973 894 3173 942 com-

629 957 802 1047 perit
850 956 1025 1025 beati
1070 956 1375 1046 Maglorii
1410 956 1663 1027 famam
1715 981 1874 1029 cum
1925 958 2346 1044 quibusdam
2380 981 2418 1030 e
2451 960 2598 1030 suis
2631 961 2814 1030 venit
2845 960 2929 1030 ad
2975 983 3170 1040 eum,

626 1067 876 1136 rogans
910 1057 985 1115 ut
1029 1044 1205 1117 fusis
1237 1045 1322 1115 ad
1370 1046 1732 1116 Dominum
1798 1047 2142 1137 precibus,
2198 1046 2401 1118 saciat
2450 1048 2866 1120 medicinam
2919 1049 3172 1119 morbo

629 1148 764 1204 tam
819 1133 1084 1204 infesto.
1138 1134 1231 1204 Ad
1280 1156 1485 1222 quem
1539 1136 1640 1204 vir
1691 1136 1838 1205 Dei:
1891 1159 1926 1202 «
1965 1136 2258 1218 Quinam
2290 1191 2307 1216 ,
2362 1136 2623 1224 inquit,
2695 1137 2848 1208 fieri
2915 1151 3167 1227 potest.

622 1237 699 1292 ut
746 1223 1154 1293 immundus
1200 1237 1392 1295 curet
1448 1223 1949 1295 immundum?
1995 1229 2135 1314 Ego
2193 1246 2468 1326 quoque
2537 1226 2950 1297 immundus
3001 1247 3164 1296 sum

626 1332 932 1402 corpore.
975 1335 1010 1378 ›>
1072 1312 1325 1381 Indixit
1375 1333 1529 1381 vero
1594 1312 1994 1384 triduanum
2044 1313 2106 1382 ei
2144 1313 2526 1403 jejunium,
2580 1327 2647 1383 et
2696 1317 2842 1405 ipse
2888 1335 3173 1403 quoque

626 1423 787 1471 cum
821 1400 1237 1486 quibusdam
1287 1400 1761 1472 sacerdotibus
1792 1414 1856 1472 et
1889 1401 2156 1481 Levitis,
2194 1402 2672 1504 religiosisque
2721 1404 2883 1474 viris
2933 1404 3175 1474 triduo

617 1489 979 1579 jejunavit.
1016 1494 1107 1559 Eo
1144 1503 1376 1560 exacto
1413 1489 1706 1591 jejunio,
1760 1490 2089 1560 adhibitis
2140 1490 2421 1573 litanim,
2465 1491 2663 1579 jubet
2700 1514 2859 1564 eum
2915 1493 2986 1561 in
3039 1514 3173 1562 cu·

630 1600 788 1668 pam
855 1578 1345 1650 balneatoriam
1415 1577 1678 1660 inferri,
1732 1601 2119 1666 manusque
2168 1579 2228 1648 ei
2292 1580 2677 1671 imponenS,
2729 1581 3029 1652 sublatis
3098 1581 3169 1649 in

627 1665 895 1737 coelum
946 1667 1187 1748 oculiS,
1240 1667 1442 1737 dicit:
1498 1691 1533 1734 «
1596 1668 1879 1738 Domine
1921 1669 2093 1738 Jesu
2163 1668 2446 1750 Christe,
2501 1691 2622 1760 per
2664 1692 2873 1757 quem
2923 1670 3170 1739 omnia

628 1755 803 1826 sacta
852 1769 1036 1836 sunt,
1072 1757 1191 1843 qui
1239 1762 1543 1827 Naaman
1587 1778 1707 1847 per
1754 1756 2155 1846 prophetam
2190 1770 2384 1829 tuum
2425 1759 2490 1828 in
2531 1759 2833 1829 ‚Iordane
2868 1759 3173 1828 flumine

629 1868 668 1914 a
718 1844 907 1935 lepra
961 1844 1356 1926 mundasti,
1408 1845 1529 1932 qui
1569 1859 1845 1937 propter
1891 1858 2278 1936 peccatores
2325 1846 2692 1918 salvandos
2737 1869 2775 1917 e
2821 1847 3038 1917 coelis
3093 1847 3168 1916 in

632 1948 846 2004 terras
894 1933 1358 2016 descendisti,
1428 1956 1564 2004 non
1616 1956 1736 2024 pro
1796 1934 2412 2022 justificationibus
2478 1937 2769 2018 nustria,
2845 1936 2964 2007 sed
3040 1957 3172 2024 pro

634 2021 1195 2094 miserationibus
1257 2025 1395 2093 tuis
1465 2022 1704 2093 multis
1766 2024 2117 2094 hominem
2183 2023 2387 2094 istum
2456 2026 2577 2111 qui
2636 2025 2720 2095 ad
2802 2047 2913 2095 me
2981 2024 3174 2093 venit

633 2125 818 2180 tuam
869 2112 1153 2212 cupiens
1218 2111 1511 2201 experiri
1559 2110 2035 2189 clementiam,
2089 2111 2174 2182 ad
2238 2112 2510 2182 laudern
2561 2127 2625 2183 et
2685 2113 2981 2205 gloriam
3035 2135 3166 2183 no-

635 2200 842 2268 minis
884 2214 979 2269 tui
1036 2221 1285 2290 purges
1333 2224 1373 2270 a
1425 2200 1638 2290 lepra,
1696 2213 1770 2271 ut
1814 2222 2076 2281 omnes,
2128 2201 2250 2289 qui
2308 2200 2372 2270 id
2419 2200 2733 2283 viderint,
2790 2216 2852 2272 te
2899 2201 3170 2271 collau-

631 2287 832 2357 dent:
887 2289 1008 2375 qui
1057 2290 1225 2358 vivis
1270 2303 1334 2358 et
1393 2310 1641 2378 regnas
1687 2312 1845 2359 cum
1892 2295 2022 2360 Deo
2078 2295 2270 2359 Patre
2315 2303 2381 2359 et
2419 2294 2666 2362 Sancto
2727 2291 2990 2382 Spiritu
3043 2311 3168 2379 per

634 2375 901 2445 infinita
972 2376 1200 2447 secula
1277 2376 1694 2458 seculorum,
1746 2383 1978 2448 Amen.
2035 2402 2070 2445 »
2129 2383 2307 2448 Haec
2354 2401 2515 2449 cum
2566 2379 2889 2461 dixisset,
2945 2395 3174 2449 manu‘

633 2487 755 2535 sua
809 2477 1020 2536 totum
1071 2466 1221 2554 ejus
1267 2487 1520 2556 corpus
1579 2468 1968 2556 attingens,
2029 2467 2197 2538 adeo
2257 2468 2346 2541 ab
2405 2489 2485 2538 eo
2548 2468 2807 2559 lepram
2878 2489 3165 2538 omnem
3282 2518 3286 2525 .

638 2555 1043 2644 profligavit,
1093 2568 1168 2625 ut
1211 2577 1331 2624 nec
1378 2554 1656 2626 cicatrix
1706 2556 1986 2644 quidem
2028 2557 2172 2629 ulla
2220 2572 2671 2647 permaneret,
2717 2571 2783 2629 et
2814 2579 2975 2628 caro
3007 2557 3168 2644 ejus

638 2643 851 2713 instar
902 2644 1092 2733 pueri
1132 2645 1619 2714 restitueretur.
1668 2650 1759 2714 Ea
1795 2659 1930 2716 tam
1966 2647 2319 2736 repentina
2350 2658 2415 2716 et
2451 2645 2862 2718 admiranda
2895 2646 3173 2715 curatio

628 2732 885 2819 quibus
933 2733 1155 2803 verbis
1201 2732 1537 2804 celebrata
1585 2746 1649 2803 et
1701 2734 2088 2824 praedicata
2138 2735 2224 2806 sit
2262 2736 2349 2805 ab
2391 2734 2529 2805 illis
2567 2736 2689 2823 qui
2748 2735 3071 2805 viderunt
3103 2748 3171 2804 et

630 2821 1023 2902 audierunt,
1066 2844 1187 2893 uos
1221 2824 1385 2891 satis
1431 2822 1773 2913 explicare
1810 2846 1940 2893 non
1990 2844 2382 2913 possumus

642 2944 647 2953 ⁴
716 2914 752 2997 ἓ
798 2915 873 2982 ¹2.
914 2916 1081 2979 Tum
1137 2933 1289 2980 vero
1338 2917 1573 2983 Comes
1612 2913 1923 3000 Lojescon
1974 2911 2060 2981 ad
2117 2913 2270 3001 ejus
2314 2912 2518 3003 pedes
2564 2912 2959 2993 advolutuS,
3021 2934 3161 2982 non

629 2999 776 3067 sine
816 3000 1138 3088 lacrymis
1190 3022 1311 3088 pro
1345 3012 1530 3070 tanto
1567 3023 1850 3071 munere
1912 3005 2042 3070 Deo
2079 3013 2145 3070 et
2196 3001 2293 3070 illi
2349 3002 2607 3090 gratias
2652 3002 2816 3091 egit.
2873 3001 3156 3079 Multae.

631 3101 707 3157 ut
752 3086 1079 3168 diximus,
1121 3110 1285 3177 opes
1333 3105 1397 3158 et
1439 3090 1902 3179 possessiones
1930 3090 1994 3159 ei
2022 3103 2236 3161 erant:
2274 3111 2311 3158 e
2340 3090 2595 3176 quibus
2633 3104 2879 3160 terram
2917 3112 3172 3177 quam-

629 3177 786 3244 dam
840 3176 1033 3246 beato
1081 3178 1407 3267 Maglorio
1472 3177 1682 3257 dedit,
1729 3178 1844 3248 sed
1898 3192 2157 3269 partem
2217 3177 2405 3249 illius
2451 3178 2812 3248 dimidiam
2865 3179 3004 3249 sibi
3058 3200 3167 3247 re-

630 3286 931 3335 servans.
986 3270 1060 3334 In
1094 3287 1173 3335 ea
1225 3280 1401 3336 terra
1444 3266 1700 3337 multae
1760 3281 1955 3337 erant
2000 3289 2157 3338 aves
2211 3267 2512 3357 pulcrae,
2556 3280 2623 3335 et
2673 3268 3167 3358 magnitudine

628 3352 1069 3422 admiranda:
1125 3355 1370 3444 ingens
1415 3376 1689 3442 quoque
1751 3369 2115 3445 proventus
2182 3356 2472 3446 piscium
2537 3376 2619 3424 ex
2681 3356 2843 3426 sinu
2911 3356 3154 3425 maris.

631 3445 795 3510 Cum
850 3455 1073 3511 autem
1127 3444 1368 3513 beatus
1416 3445 1785 3533 Maglorius
1846 3444 2287 3535 perlustraret
2350 3466 2501 3514 eam
2571 3457 2878 3534 partem,
2945 3465 3154 3545 quam

631 3535 868 3599 Comes
914 3530 972 3599 ei
1035 3530 1321 3620 largitus
1371 3546 1536 3611 erat,
1588 3556 1747 3602 aves
1798 3546 1863 3603 et
1913 3534 2130 3624 pisces
2177 3554 2416 3603 omnes
2470 3531 2755 3603 alterius
2809 3544 3026 3623 patris
3070 3530 3155 3602 ad

634 3619 854 3708 ipsius
888 3619 1264 3708 portionem
1300 3643 1375 3691 se
1424 3622 1942 3693 transtulerunt.
1981 3622 2161 3693 Tulit
2210 3622 2274 3691 id
2316 3621 2602 3712 indigne
2639 3644 2808 3691 uxor
2847 3621 3162 3701 Comitis,

633 3710 1075 3795 hortaturque
1105 3731 1290 3790 eum,
1347 3723 1420 3778 ut
1469 3709 1644 3781 beati
1697 3712 1831 3779 Viri
1883 3712 2257 3802 portionem
2309 3710 2441 3782 sibi
2497 3709 2815 3790 vindicet,
2871 3710 3165 3779 alteram

629 3798 689 3866 ei
745 3797 1104 3884 relinquat.
1165 3798 1345 3867 Facit
1406 3798 1542 3879 ille,
1602 3799 1782 3887 quod
1851 3800 2100 3870 mulier
2154 3799 2464 3889 improba
2516 3800 2771 3871 suasit:
2834 3798 2952 3868 sed
3004 3819 3169 3868 ecce

633 3901 906 3978 repente
955 3909 1111 3956 aves
1159 3900 1223 3956 et
1291 3889 1510 3977 pisces
1566 3910 1803 3958 omnes
1876 3888 2159 3959 redeunt
2205 3889 2290 3957 ad
2342 3888 2517 3958 beati
2583 3888 2723 3957 Viri
2783 3887 3172 3977 possessio·

628 3997 809 4045 nem.
864 3976 935 4045 Id
975 3977 1413 4067 conspicatus
1442 3982 1700 4057 ComeS,
1737 3977 1991 4048 ductus
2025 3978 2461 4068 poenitentia,
2497 3989 2863 4063 utramque
2898 3989 3171 4066 partem

632 4077 956 4155 perpetuo
1001 4066 1422 4136 retinendam
1475 4065 1577 4134 illi
1624 4067 1952 4156 assignat,
2000 4089 2288 4154 moxque
2320 4088 2479 4137 aves
2507 4077 2573 4135 et
2608 4064 2831 4154 pisces
2867 4064 3170 4154 pristina

629 4176 756 4222 sua
822 4154 1173 4226 domicilia
1222 4156 1290 4223 in
1355 4169 1641 4241 utraque
1707 4168 2042 4246 repetunt,
2095 4156 2196 4226 uti
2261 4169 2460 4225 antea
2508 4154 2636 4225 sub
2690 4154 2839 4243 ipso
2901 4154 3173 4224 Comite

629 4258 1145 4314 consueverant.
1192 4244 1357 4332 Ejus
1386 4245 1481 4314 rei
1532 4243 1717 4314 sama
1757 4244 1991 4333 procul
2029 4243 2303 4326 diffusa,
2357 4243 2687 4314 omnibus
2727 4264 2862 4312 non
2916 4241 3178 4313 imme-

632 4332 763 4400 rito
797 4353 1084 4422 magnae
1131 4333 1566 4403 admirationi
1620 4333 1771 4403 fuit.
1826 4339 2029 4403 Porro
2066 4354 2147 4402 ea
2189 4333 2253 4402 in
2313 4347 2486 4404 terra
2537 4332 2653 4400 Vir
2705 4344 2986 4401 sanctus
3051 4353 3176 4401 ec-

628 4419 908 4490 clesiam
959 4420 1269 4491 condidit
1315 4435 1380 4491 et
1427 4421 1796 4512 collegium
1862 4423 2403 4515 monachorum,
2475 4442 2648 4509 quos
2710 4420 2853 4495 illic
2918 4418 3180 4490 babuit
