3347 4999
726 347 853 412 ⁴62
1498 360 1581 412 nn
1627 365 1685 411 s.
1740 363 2084 413 ramensco
2130 364 2314 413 coar.
2913 346 3114 413 OCT.
3169 349 3212 413 4

635 447 979 518 allocutus
1028 461 1169 519 est:
1223 472 1259 514 «
1303 452 1515 531 Ecce,
1568 447 1776 519 frater
1837 449 2086 539 hospes
2117 505 2132 529 ,
2189 451 2327 521 tuis
2397 450 2618 520 victus
2686 450 3022 540 precibus
3054 504 3074 532 ,
3137 464 3212 520 ut

636 537 1153 618 manducarem,
1208 537 1493 607 domum
1547 551 1734 607 tuam
1786 540 2056 609 intravi.
2112 540 2277 608 Meis
2325 560 2512 609 nunc
2560 540 2690 609 cito
2743 541 3039 608 monitis
3092 561 3212 614 ac,-

632 627 932 713 quiesce,
986 629 1313 714 quoniam
1356 648 1487 695 non
1526 627 1662 708 hic,
1719 627 1831 697 sed
1884 628 2047 698 alibi
2090 627 2568 698 manducabis.
2622 628 2967 697 Confitere
3005 650 3208 698 nunc

632 728 909 805 peccata
961 727 1099 796 tua,
1159 737 1355 784 verae
1413 717 1872 805 poenitentiae
1946 717 2179 786 dolore
2237 717 2611 797 contritus,
2667 738 2792 786 nec
2844 717 2914 785 in
2976 729 3043 785 te
3101 739 3208 785 re·-

632 817 906 873 maneat
943 805 1343 891 quicquam,
1387 804 1570 891 quod
1624 805 1921 874 veridica
1945 806 2372 875 consessione
2404 827 2538 875 non
2583 807 2873 907 pandas.
2928 805 3210 876 Reddet

631 892 753 961 tibi
801 895 1137 962 Dominus
1187 892 1388 962 hodie
1438 893 1651 962 vicem
1684 948 1698 974 ,
1769 895 2094 981 quoniam
2153 909 2338 965 tanta
2384 895 2743 965 devotlone
2798 916 2974 965 suos
3028 917 3206 984 pau-

630 1002 828 1071 peres
858 981 1249 1072 suscepisti.
1286 1005 1323 1048 »
1372 983 1723 1068 Acquievit
1754 984 2083 1054 continuo
2131 984 2233 1052 vir
2283 983 2396 1053 ille
2446 984 2886 1056 sermonibus
2923 985 3199 1065 Sancti,

630 1070 953 1157 socioque
1001 1071 1223 1160 ipsius
1271 1072 1589 1140 universa
1641 1087 1918 1160 peccata
1968 1072 2034 1140 in
2087 1072 2516 1143 confessione
2555 1072 2908 1163 detegenS,
2952 1073 3205 1162 dispo-

629 1160 770 1228 suit
801 1160 1085 1228 domum
1123 1181 1348 1240 suam,
1404 1172 1469 1229 et
1515 1159 1599 1229 ad
1653 1175 1939 1230 mortem
1978 1162 2491 1252 suscipiendam
2544 1183 2638 1243 se,
2691 1175 3045 1249 quantum
3091 1184 3202 1230 va-

630 1247 781 1329 luit,
836 1249 1290 1336 praeparavit.
1336 1253 1769 1318 Intraverunt
1835 1249 2110 1319 tandem
2163 1272 2507 1331 mensam,
2560 1264 2624 1320 et
2681 1250 3202 1340 incipientibus

630 1335 787 1406 aliis
825 1336 1268 1418 manducare,
1323 1337 1574 1426 hospes
1614 1337 1841 1407 subito
1875 1361 1906 1408 s
1963 1339 2195 1408 iritum
2246 1339 2607 1421 exhalavit,
2642 1339 2840 1429 juxta
2890 1340 3198 1408 verbum

628 1424 934 1495 hominis
985 1426 1100 1494 Dei
1152 1426 1507 1516 repentina
1558 1439 1772 1496 morte
1821 1450 1905 1497 su
1960 1427 2163 1496 latus.
2209 1430 2455 1517 Sicque
2493 1427 2906 1510 factumest,
2952 1428 3200 1519 hospi·

628 1515 909 1584 talitatis
958 1515 1179 1605 gratia
1226 1526 1679 1604 promerente,
1719 1528 1794 1585 ut
1834 1517 2028 1604 juxta
2079 1517 2361 1587 verbum
2405 1518 2730 1598 veritatiS,
2765 1517 3194 1608 prophetam

628 1604 1016 1692 recipienS,
1072 1603 1454 1673 mercedem
1514 1605 1886 1693 prophetae
1932 1606 2310 1696 acciperet,
2364 1606 2530 1676 dum
2598 1628 2718 1697 per
2764 1608 3003 1675 sancti
3056 1607 3198 1674 Viri

626 1693 1305 1781 praenunciationem
1378 1693 1848 1782 propheticam
1925 1694 2123 1763 miles
2208 1696 2323 1763 ille
2371 1695 2656 1765 devotus
2720 1695 2855 1764 sibi
2936 1714 3195 1767 contra

626 1781 866 1851 mortis
915 1781 1400 1850 subitationem
1456 1781 1774 1871 providit,
1830 1797 2172 1871 quatenus
2209 1785 2423 1854 armis
2475 1784 2934 1874 poenitentiae
2993 1807 3197 1874 prae-

626 1871 962 1951 munituS,
1010 1881 1409 1960 perpetuam
1461 1870 1977 1942 damnationem
2027 1872 2363 1952 evaderet,
2397 1885 2463 1942 et
2511 1874 2580 1941 in
2623 1886 2902 1942 aeterna
2955 1873 3198 1942 taber-

625 1958 877 2028 nacula
908 1958 1241 2027 introiret.

714 2050 749 2134 ξ
797 2051 944 2118 28.
1000 2052 1230 2116 Frater
1273 2047 1584 2134 quidam,
1639 2052 1774 2118 Deo
1807 2048 2093 2119 devotus
2123 2062 2187 2118 et
2223 2049 2486 2120 famulo
2522 2050 2792 2131 Christi,
2826 2049 3194 2137 frequenti

624 2136 1035 2225 cogitatione
1084 2138 1395 2206 versabat
1442 2137 1512 2204 in
1584 2150 1901 2225 pectore,
1958 2161 2258 2229 superna
2328 2138 2470 2208 fore
2529 2140 2748 2230 gratia
2816 2138 3185 2228 dignum,

622 2246 827 2312 quem
881 2226 994 2293 Vir
1054 2238 1332 2294 sanctus
1392 2225 1717 2295 familiari
1777 2227 2349 2317 complecteretur
2405 2230 2690 2298 affectu:
2750 2249 2962 2315 quem
3025 2250 3190 2297 vero

629 2324 981 2399 tamquam
1035 2327 1430 2383 extraneum
1486 2328 1851 2404 reputaret,
1908 2331 2090 2386 extra
2130 2338 2494 2387 numerum
2545 2316 2916 2386 electorum
2977 2339 3193 2407 repu-

622 2401 908 2470 tandum
947 2424 983 2470 a
1023 2407 1174 2471 Deo.
1223 2407 1387 2472 Cum
1430 2404 1640 2493 igitur
1667 2406 2103 2495 cogitationis
2135 2406 2345 2496 hujus
2375 2406 2688 2475 crebrius
2718 2418 3012 2475 vexatus
3049 2407 3186 2475 im·

623 2488 878 2581 pulsu,
950 2491 1088 2560 Viri
1156 2493 1268 2561 Dei
1314 2492 1849 2563 familiaritatem
1911 2495 2348 2565 vehementer
2392 2508 2699 2585 optaret3
2755 2516 2881 2564 nec
2938 2507 3184 2564 tamen

621 2579 847 2649 cordis
897 2581 1003 2649 sui
1046 2594 1377 2650 secretum
1417 2582 1744 2655 revelaret
1777 2583 2009 2657 alicui,
2051 2583 2394 2654 advocans
2426 2607 2586 2654 eum
2628 2585 2713 2654 ad
2749 2606 2824 2654 se
2863 2583 3188 2655 dulciter

619 2671 816 2737 Pater
861 2669 1060 2757 pius,
1124 2670 1223 2739 sic
1271 2669 1613 2739 allocutus
1651 2684 1800 2741 est:
1855 2695 1889 2739 «
1927 2673 2126 2742 Nulla
2177 2688 2236 2743 te
2286 2674 2512 2743 turbet
2564 2696 2644 2743 co
2698 2674 2887 2742 itatio
2927 2727 2942 2752 ,
3025 2674 3179 2753 fili,

618 2757 945 2844 quoniam
990 2771 1051 2827 te
1096 2759 1532 2828 carissimum
1587 2760 1850 2829 habens
1911 2761 2087 2831 inter
2151 2762 2516 2852 praecipue
2566 2765 2656 2831 mi
2719 2764 2737 2830 i
2784 2782 2990 2832 caros
3029 2817 3045 2841 ,
3102 2762 3188 2832 li-

616 2846 856 2916 benter
904 2847 1022 2916 tibi
1075 2869 1333 2917 munus
1384 2870 1574 2917 meae
1628 2849 2118 2919 familiaritatis
2164 2864 2228 2920 et
2288 2850 2675 2921 dilectionis
2724 2851 3092 2940 impendo.
3146 2876 3186 2919 s

616 2936 901 3004 Miratus
935 2936 1179 3005 exinde
1218 2935 1447 3017 frater,
1495 2936 1854 3025 factusque
1903 2938 2207 3011 devotior
2251 2961 2327 3009 ex
2393 2940 2631 3010 devoto
2663 2995 2678 3020 ,
2744 2962 2877 3008 non
2934 2941 3176 3011 solum

612 3023 683 3092 in
722 3045 1024 3093 amorem
1076 3025 1286 3094 crevit
1325 3026 1641 3097 Hominis
1677 3028 1919 3107 sancti,
1962 3029 2403 3097 verumetiam
2445 3050 2563 3118 per
2596 3029 2895 3118 Spiritus
2934 3033 3178 3099 Sancti

614 3113 874 3202 gratiae
926 3135 1181 3183 munus
1241 3113 1442 3185 donis
1490 3128 1589 3184 est
1640 3116 2022 3203 majoribus
2085 3118 2507 3187 cumulatus.
2573 3122 2740 3187 Cum
2801 3131 3046 3188 autem
3100 3121 3174 3188 in

614 3212 846 3269 monte
894 3214 1196 3270 maneret
1257 3201 1581 3273 Alvernae
1629 3204 1802 3273 cella
1854 3205 2210 3288 reclusus,
2263 3229 2448 3276 unus
2495 3228 2533 3275 e
2581 3207 2833 3286 sociiS,
2909 3229 3182 3297 magno

614 3288 976 3370 desiderio,
1030 3290 1353 3380 cupiebat
1408 3292 1658 3363 habere
1708 3294 1792 3363 de
1841 3294 2064 3375 verbis
2116 3295 2383 3363 Domini
2433 3294 2712 3382 aliquod
2765 3295 2903 3364 scri
2962 3308 3166 3378 tum,

615 3388 830 3446 manu
880 3378 1101 3466 ipsius
1150 3378 1441 3450 breviter
1487 3396 1919 3453 annotatum.
1974 3390 2256 3453 Gravem
2308 3384 2519 3465 enim,
2573 3406 2710 3472 qua
2750 3405 2918 3454 vexa
2970 3399 3165 3465 atur,

612 3467 1080 3547 tentationem,
1130 3488 1265 3536 non
1307 3471 1557 3550 carnis.
1615 3473 1731 3540 sed
1785 3473 2116 3572 spiritus,
2165 3494 2246 3542 ex
2297 3472 2425 3542 hoc
2473 3474 2793 3543 credebat
2839 3474 3174 3555 evadere,

609 3554 731 3623 vel¹
764 3568 943 3625 certe
992 3554 1210 3625 levius
1258 3556 1455 3628 ferre.
1509 3559 1652 3627 Tali
1700 3560 2041 3629 destderio
2091 3560 2467 3651 languenS,
2522 3562 2938 3632 anxiabatur
2983 3564 3176 3632 inte·

608 3643 778 3723 rius,
836 3645 999 3732 quia
1049 3647 1459 3716 verecundia
1510 3647 1753 3729 victus,
1807 3649 2177 3720 reverendo
2224 3652 2404 3721 Patri
2468 3672 2609 3721 rem
2668 3651 2973 3741 pandere
3026 3674 3174 3721 non

607 3733 927 3803 audebat.
986 3733 1113 3803 Sed
1149 3736 1260 3806 cui
1298 3736 1502 3807 homo
1542 3757 1676 3806 non
1714 3736 1906 3819 dixit,
1943 3738 2229 3827 spiritus
2276 3739 2619 3809 revelavit.
2664 3741 2930 3809 Portari
2965 3763 3174 3811 nam·

604 3842 740 3907 que
787 3824 919 3892 sibi
962 3823 1174 3910 jussit
1222 3847 1260 3894 a
1306 3824 1511 3895 fratre
1561 3826 1910 3915 praedicto
1965 3840 2424 3897 atramentum
2476 3840 2542 3898 et
2588 3829 2896 3899 chartam
2939 3884 2955 3909 ,
3013 3830 3178 3900 lau-

602 3909 862 3998 desque
912 3912 1181 3983 Domini
1222 3915 1418 4002 juxta
1467 3914 1698 3986 fratris
1744 3915 2166 3987 desiderium
2223 3918 2505 4007 propria
2555 3938 2770 3988 manu
2820 3919 3162 4008 scripsit,

599 4011 665 4067 et
711 4000 959 4071 ultimo
1007 4001 1551 4073 benedictionem
1603 4005 1850 4095 ipsiuS,
1903 4005 2184 4077 dicens:
2240 4028 2276 4073 «
2313 4007 2559 4096 Accipe
2597 4006 2724 4075 tibi
2760 4006 3166 4078 chartulam

599 4086 827 4170 istam,
885 4103 949 4159 et
997 4112 1080 4159 us
1133 4113 1218 4160 ue
1266 4093 1350 4161 ad
1402 4092 1583 4162 diem
1637 4094 1877 4162 mortis
1929 4107 2083 4164 tuae
2130 4094 2481 4165 custodias
2529 4094 2923 4185 diligenter.
2971 4120 3012 4162 »
3041 4103 3178 4167 Ac-

595 4196 673 4246 ce
727 4179 777 4248 it
823 4178 1030 4248 frater
1125 4202 1335 4250 onum
1391 4181 1561 4251 illud
1613 4194 1974 4272 optatum;
2025 4196 2090 4253 et
2139 4183 2366 4253 statim
2418 4184 2644 4253 omnis
2689 4184 2807 4255 illa
2865 4188 3162 4257 tentatio

594 4288 629 4333 e
686 4280 961 4357 ugatur.
1021 4272 1341 4340 Servatur
1388 4270 1634 4353 littera,
1676 4285 1742 4341 et
1780 4293 1941 4341 cum
1978 4272 2048 4340 in
2088 4286 2434 4361 posterum
2467 4273 2788 4344 miranda
2820 4276 3155 4358 effecerit,

592 4356 922 4427 virtutum
962 4359 1309 4429 Francisci
1338 4360 1807 4431 testimonium
1838 4359 1989 4430 fuit.
2039 4366 2269 4432 Frater
2293 4362 2577 4449 quidam
2608 4376 2774 4443 erat,
2803 4377 3164 4450 quantum

588 4467 630 4517 a
676 4444 842 4519 foris
891 4447 1294 4533 videbatur,
1349 4450 1706 4521 sanctitate
1755 4449 2194 4542 praeclaruS,
2250 4451 2768 4522 conversatione
2819 4453 3164 4544 insigniS,
