3347 4999
163 310 344 376 OCT.
396 312 484 377 25
809 330 887 376 ns
935 330 1026 377 ss.
1080 327 1493 378 CHRYSANTHO
1541 331 1615 376 cr
1665 331 1856 376 naam
1906 329 2094 376 usur.
2501 314 2618 377 ’701

159 428 269 481 est
305 427 371 482 et
421 413 737 483 alacriter
779 415 1212 494 subeundus,
1276 427 1352 483 ut
1402 436 1585 483 mors
1644 427 1922 483 aeterna
1962 414 2233 484 vitetur.
2274 414 2465 497 Quod
2505 415 2561 485 si
2598 415 2718 485 do-

168 498 348 571 lores
400 502 535 582 isti,
587 503 709 590 qui
772 525 932 573 cum
995 501 1197 572 hodie
1245 503 1406 583 sint,
1463 524 1617 572 cras
1659 525 1795 572 non
1845 514 2071 582 erunt,
2124 525 2283 572 cum
2342 503 2545 573 hodie
2597 527 2719 573 na·

169 604 481 672 scantur,
524 612 680 661 cras
736 591 1271 681 extinguentur,
1332 591 1421 660 ita
1474 591 1740 661 molesti
1791 605 1994 672 sunt;
2058 602 2319 678 quanto
2380 591 2481 660 illi
2529 614 2720 663 acer·

175 677 407 749 biores
471 680 805 770 putandi,
860 681 1118 766 quibus
1196 680 1434 750 nullus
1497 680 1908 769 proponitur
1982 679 2204 751 finis?
2282 680 2456 763 Quid
2535 683 2717 769 quod

160 769 481 857 exempla
523 791 653 839 non
706 768 958 838 desunt
1004 789 1270 849 eorum,
1324 769 1446 856 qui
1485 767 2007 838 convalescendi
2043 770 2252 837 causa
2306 791 2400 850 se,
2453 791 2716 857 suaque

172 855 465 929 medicis
504 857 790 939 dedunt,
845 879 1053 945 seque
1092 872 1157 926 et
1192 858 1404 928 secari
1465 871 1529 927 et
1587 858 1696 926 uri
1755 858 2180 947 permittunt,
2219 871 2283 926 et
2323 858 2565 946 pocula
2607 881 2723 929 su-

169 959 374 1015 munt
434 946 897 1028 amarissima,
956 947 1332 1034 mortisque
1383 959 1570 1016 metu
1625 968 1747 1016 nec
1804 946 2343 1016 amaritudinem
2379 947 2713 1027 sentiunt,

170 1053 296 1102 nec
349 1035 582 1126 ignem
636 1034 1120 1117 reformidant,
1185 1057 1307 1105 nec
1366 1034 1621 1104 ferrum
1678 1036 2045 1105 recusant?
2092 1035 2283 1118 Quod
2350 1034 2407 1104 si
2455 1033 2722 1105 fallacis

163 1133 233 1189 et
266 1122 585 1194 incertae.
623 1124 825 1193 istius
866 1125 1039 1193 vitae
1093 1123 1410 1206 studiosi,
1465 1145 1602 1212 quo
1657 1136 1945 1193 mortem
1981 1123 2324 1206 differant,
2359 1136 2425 1193 et
2457 1123 2617 1194 ferri
2659 1137 2722 1195 et

92 1267 95 1272 .
167 1207 190 1275 i
246 1211 354 1282 nis
385 1212 733 1282 molestias
759 1213 1127 1295 sustinent,
1165 1226 1230 1282 et
1258 1235 1491 1282 amara
1526 1211 1860 1282 hauriunt
1897 1212 2423 1282 medicamenta:
2461 1227 2722 1300 quanto

166 1318 207 1365 a
236 1303 473 1373 acrius
502 1302 904 1372 acerbitates
941 1301 1098 1371 illae
1146 1314 1307 1380 sunt
1346 1300 1815 1392 perferendae,
1851 1323 2029 1388 quae
2081 1323 2206 1370 nos
2261 1302 2588 1393 exiguum
2634 1302 2716 1372 ad

166 1398 446 1479 tempus
480 1390 794 1460 cruciant
843 1404 907 1460 et
960 1404 1301 1479 premunt,
1355 1401 1432 1460 ut
1467 1390 1534 1458 in
1592 1403 1999 1479 perpetuum
2037 1389 2498 1460 extollamus?
2545 1413 2722 1478 quae

166 1497 410 1549 amara
469 1480 668 1551 nobis
727 1491 1062 1549 tormenta
1112 1479 1479 1558 adhibent,
1532 1492 1611 1548 ut
1676 1478 2097 1567 sempiterna
2147 1478 2516 1549 dulcedine
2567 1503 2722 1571 per-

168 1560 533 1637 fruamur?
579 1589 757 1655 quae
798 1568 995 1638 breve
1056 1570 1382 1655 praebent
1428 1565 1860 1647 incendium,
1927 1580 2003 1636 ut
2053 1580 2461 1658 perpetuum
2529 1568 2723 1638 refri-

166 1655 439 1742 gerium
474 1660 972 1743 assequamur?
1005 1661 1182 1727 Haec
1240 1656 1353 1726 Dei
1404 1661 1734 1746 Martyres
1782 1655 2322 1737 consideranteS,
2356 1668 2431 1726 ut
2480 1656 2563 1726 de
2597 1657 2722 1727 ho·

162 1742 398 1815 stibus
443 1745 794 1815 victoriam
831 1758 1279 1835 reportarent,
1316 1745 1549 1815 omnia
1583 1744 2034 1814 acerbitatum
2087 1757 2721 1833 tormentorumque

165 1852 427 1919 genera
464 1833 916 1924 pertulerunt.
966 1839 1007 1903 S
1060 1834 1344 1904 erabant
1376 1834 1587 1916 enim,
1623 1856 1697 1903 se
1745 1833 1928 1903 brevi
1978 1834 2113 1904 vita
2162 1832 2519 1923 gloriaque
2559 1857 2720 1904 con·

167 1927 465 2012 tempta,
539 1936 886 1993 aeternam
964 1922 1006 1992 il
1041 1944 1150 1992 am
1225 1936 1698 1993 assecuturos:
1774 1936 1840 1992 et
1908 1921 2239 1992 vitaturos
2311 1936 2715 2024 perpetuum

169 2006 435 2165 ignem,
490 2012 547 2080 si
597 2012 1091 2101 temporarium
1137 2010 1324 2082 hunc
1414 2010 1834 2080 ertulissent.
1873 2012 2101 2100 Hujus
2137 2033 2261 2081 nos
2311 2024 2469 2082 item
2525 2033 2719 2081 verae

170 2118 217 2184 g
249 2101 439 2169 oriae
485 2100 749 2191 cupidi,
791 2100 1131 2170 mundum
1176 2123 1342 2170 mun
1402 2100 1559 2186 ique
1598 2098 2015 2187 cupiditates
2049 2103 2608 2171 contemnamus:
2657 2112 2722 2170 et

169 2205 354 2270 quae
403 2212 441 2257 a
476 2189 743 2259 Sanctis
781 2202 970 2279 gesta
1013 2202 1199 2268 sunt,
1260 2188 1545 2257 minime
1591 2187 1889 2258 obscura
1917 2187 2051 2257 fide
2089 2187 2557 2259 celebremus:
2613 2188 2719 2257 in—

165 2275 555 2363 primisque
615 2291 1010 2347 sanctorum
1080 2283 1456 2366 Martyrum
1508 2276 1922 2366 chrysanthi
1969 2290 2035 2346 et
2085 2277 2323 2347 Dariae
2358 2278 2716 2348 historiam

171 2384 310 2432 non
367 2367 601 2434 minus
635 2363 800 2445 illis,
853 2366 972 2452 qui
1023 2365 1350 2435 credituri
1403 2377 1589 2448 sunt,
1643 2387 1853 2452 quam
1908 2365 2130 2446 nobiS,
2184 2367 2303 2454 qui
2340 2366 2712 2445 credimus,

170 2453 636 2539 profuturam,
695 2476 865 2544 pura
907 2467 1131 2524 mente
1175 2455 1722 2526 conscribamus.
2271 2520 2276 2527 .

263 2544 432 2627 §2
486 2544 601 2611 Vir
658 2543 942 2630 quidam
1011 2544 1546 2625 Alexandrinus,
1616 2544 1683 2612 in
1754 2543 2026 2614 civitate
2092 2566 2216 2614 sua
2284 2543 2575 2615 illustris
2640 2567 2717 2614 ac

170 2631 522 2721 princeps»,
576 2632 978 2718 ordinisque
1028 2633 1385 2713 Senatorii,
1453 2633 1731 2703 nomine
1786 2632 2165 2714 Polemius,
2221 2638 2505 2702 Romam
2556 2656 2713 2702 cum

166 2716 320 2790 filio
368 2743 494 2791 suo
534 2720 962 2810 chrysantho
1000 2722 1357 2791 concessit.
1405 2723 1536 2804 Qui
1582 2745 1624 2791 a
1668 2725 1928 2810 Senatu
1978 2727 2286 2791 Romano
2334 2721 2554 2790 amice
2603 2744 2718 2792 su-

166 2824 475 2900 sceptuS,
529 2811 987 2897 maximisque
1034 2810 1417 2881 honoribus
1462 2812 1550 2881 ab
1598 2815 2019 2900 Imperatore
2067 2810 2484 2881 Numeriano
2516 2810 2550 2845 '⁶
2597 2831 2719 2879 au-

163 2907 348 2979 ctus,
406 2899 646 2969 sellam
681 2899 753 2970 in
803 2903 1057 2969 Senatu
1106 2906 1574 2970 Romanorum
1626 2899 1949 2968 obtinuit.
1988 2898 2115 2968 Hic
2165 2897 2385 2967 filium
2431 2898 2714 2967 unicum

169 2984 709 3076 chrysanthum,
765 3009 969 3075 quem
1022 2987 1414 3079 disciplinis
1461 2987 1790 3057 omnibus
1836 2986 2293 3056 imbuendum
2334 3000 2713 3071 curaverat,

164 3075 747 3166 Philosophorum
816 3077 1047 3147 studio
1097 3077 1403 3147 tradidit.
1459 3082 1617 3145 Erat
1662 3087 1891 3145 autem
1950 3074 2354 3146 adolescens
2403 3075 2719 3165 ingenio-

164 3183 336 3245 sus,
388 3179 454 3234 et
519 3165 602 3235 ad
680 3165 1088 3236 discendum
1164 3166 1593 3256 aptissimus.
1660 3169 1968 3246 Quantae
2029 3177 2256 3233 autem
2312 3164 2719 3255 prudentiae

164 3249 402 3333 fuerit,
441 3276 548 3322 res
590 3254 742 3344 ipsa
790 3254 1149 3324 indicabit.
1206 3258 1372 3325 Cum
1422 3253 1607 3322 enim
1659 3274 1865 3322 omne
1898 3252 2311 3343 scriptorum
2355 3275 2575 3342 genus
2613 3252 2720 3321 di-

168 3337 464 3431 ligenter
501 3343 961 3428 conquireret,
1019 3342 1264 3412 incidit
1304 3343 1373 3411 in
1426 3340 1641 3411 libros
1688 3342 2241 3432 Evangeliorum.
2292 3343 2558 3424 Quibus
2605 3364 2719 3412 ac-

158 3443 409 3498 curate
443 3429 782 3519 perlectiS,
821 3431 921 3500 sic
956 3431 1104 3520 ipse
1151 3452 1412 3500 secum:
1452 3452 1488 3497 «
1526 3431 1817 3499 Tamdiu
1859 3445 1922 3500 te
1955 3430 2221 3512 decuit,
2270 3431 2713 3520 Chrysanthe‚

167 3516 608 3587 tenebrarum
646 3517 856 3588 libros
886 3518 1215 3600 evolvere,
1261 3518 1489 3606 quoad
1528 3519 1832 3590 veritatis
1875 3520 2110 3589 lumen
2165 3521 2532 3589 invenireS.
2573 3525 2714 3590 Non

164 3620 274 3678 est
321 3619 550 3675 autem
612 3607 966 3696 sapientis,
1024 3629 1147 3677 nec
1198 3607 1582 3698 prudentiS,
1637 3621 1716 3678 ut
1763 3631 1799 3677 a
1850 3607 2112 3678 lumine
2162 3630 2439 3679 rursum
2493 3608 2578 3677 ad
2623 3622 2720 3677 te-

165 3696 420 3766 nebras
472 3696 854 3765 revertaris.
908 3695 1232 3767 Perderes
1279 3697 1463 3766 enim
1503 3697 1795 3779 laboreS,
1849 3718 2024 3784 quos
2074 3697 2464 3787 suscepisti,
2515 3698 2573 3766 si
2625 3695 2721 3765 la-

165 3783 417 3855 borum
468 3783 770 3854 fructum
822 3786 1177 3874 abjiceres.
1232 3789 1345 3855 Est
1384 3798 1610 3856 autem
1665 3785 1980 3856 laborum
2020 3785 2308 3867 fructus,
2362 3785 2550 3873 quia
2586 3790 2719 3854 Deo

161 3874 661 3958 quaerentibus
701 3872 930 3944 datur.
973 3875 1080 3945 Sic
1114 3876 1296 3944 enim
1345 3875 1680 3965 praecipit
1725 3880 1929 3955 DeuS,
1984 3874 2570 3962 quemadmodum
2625 3872 2720 3942 le-

164 3963 369 4050 gisti:
448 3964 806 4046 Quaerite,
881 3974 942 4032 et
1009 3966 1358 4034 inveniens
1420 3964 1607 4054 (Luc.
1682 3963 1785 4053 11).
1854 3965 2313 4046 Quamobrem
2394 3963 2454 4031 si
2525 3961 2711 4050 quod

159 4051 518 4136 quaesisti,
573 4065 778 4138 atque
828 4050 1173 4134 invenisti,
1226 4052 1636 4139 reliqueriS,
1698 4052 2093 4123 amentibus
2145 4074 2225 4121 ac
2280 4050 2510 4121 stultis
2571 4051 2708 4122 eris

162 4136 563 4211 hominibus
629 4138 902 4212 similis.
960 4140 1275 4210 Studiose
1342 4141 1555 4231 igitur
1608 4141 2104 4231 complectere,
2161 4140 2344 4227 quod
2415 4153 2550 4209 toto
2609 4151 2714 4209 est

162 4227 395 4297 animo
453 4229 1078 4318 complectendum.
1146 4230 1428 4311 Omnia,
1498 4251 1678 4317 quae
1739 4231 1975 4320 gravia
2029 4229 2457 4316 molestaque
2520 4240 2709 4310 sunt,

158 4313 421 4385 desere.
474 4323 794 4408 Magnam
849 4319 1200 4409 jacturam
1252 4318 1487 4401 facies,
1561 4319 1697 4387 nisi
1767 4318 1861 4400 id,
1944 4318 2129 4406 quod
2203 4332 2297 4388 tot
2361 4318 2715 4389 laboribus

211 4440 240 4468 ⁴
268 4440 579 4485 Numerianus
600 4446 770 4486 Οιεειι·
789 4446 1089 4487 renuntiatus
1108 4447 1183 4487 est
1201 4456 1323 4487 anno
1341 4448 1441 4491 2823
1462 4456 1584 4487 anno
1605 4424 1824 4497 seeluentt
1841 4443 2093 4498 importum
2115 4444 2344 4491 obtinuit.
