3347 4999
782 127 911 189 390
1424 141 1502 187 niz
1549 141 1603 187 s.
1660 138 2030 187 annuntiabo
2079 140 2324 186 naama.
2380 140 2478 186 nr.
2911 121 3079 187 OCT.
3125 125 3187 189 ll

692 226 851 295 inde
900 226 1035 294 huc
1085 224 1541 304 advenienteS,
1596 224 1833 313 ajunt,
1886 229 1954 293 B.
2019 222 2353 293 Switliuni
2405 223 2610 293 vitam
2670 223 3023 294 miraculis
3073 224 3190 314 ple·
3239 254 3240 279 1

691 335 875 395 nam,
915 312 982 382 iii
1032 313 1340 383 ecclesiis
1400 314 1588 383 illius
1648 328 1864 382 terrae
1918 312 2458 400 circumquaque
2521 312 2848 402 scriptam
2900 315 3183 402 reperiri,

689 426 866 491 quae
914 414 1008 472 tot
1054 403 1394 489 tantisque
1427 402 1751 471 virtutum
1802 401 2285 488 doctrinaeque
2340 401 2768 490 splenduerit
2833 402 3184 480 miraculis,

688 506 767 562 ut
810 492 1013 561 etiam
1064 492 1214 580 ipsa
1266 513 1398 559 non
1450 490 1793 579 impotens
1856 491 1943 559 sit
2006 490 2471 559 testimonium
2532 490 3016 560 commendare
3063 513 3188 579 ger·

692 602 938 650 manae
985 580 1383 649 sanctitatis
1441 581 1735 669 Legitur,
1776 579 2124 666 inquiunt,
2163 578 2348 666 apud
2383 601 2507 648 nos
2548 578 2726 648 idem
2765 579 2877 648 Dei
2913 578 3187 649 famulus

689 693 728 738 a
776 670 1123 759 primaeva
1170 680 1385 737 aetate
1416 668 1682 738 cunctis
1718 668 1828 737 Dei
1881 668 2436 749 charismatibuS,
2474 689 2612 736 una
2642 689 2804 737 cum
2839 666 3184 737 litterarum

692 758 866 827 disci
923 757 1083 827 linis
1130 757 1443 846 apprime
1512 756 1864 839 imbutuS‚
1937 755 2308 825 universis:
2366 756 2649 845 insuper
2714 755 2998 825 caelibis
3043 755 3184 825 vitae

691 868 857 915 mun
917 846 1052 915 itiis
1094 846 1458 936 praecipue
1506 844 1938 915 candidatus.
1977 850 2050 914 Et
2098 844 2414 931 quamvis
2449 844 2714 915 nullius
2757 867 2832 914 se
2876 857 3182 934 pateretur

687 947 1027 1025 expertein
1078 934 1288 1003 videri
1326 935 1617 1016 virtutis,
1675 933 2180 1002 misericordiae
2230 946 2455 1002 tamen
2493 934 2877 1003 visceribus
2928 933 3182 1002 maxime

690 1025 1052 1093 notabatur
1084 1024 1398 1112 insignis.
1435 1023 1773 1093 Omnibus
1804 1021 2082 1109 quidem
2122 1022 2590 1092 necessitatem
2629 1022 3044 1112 patientibus
3069 1035 3180 1090 sta·

692 1112 808 1180 tim
841 1134 963 1202 pro
983 1133 1190 1219 posse
1238 1112 1458 1181 sactus
1509 1123 1609 1181 est
1668 1113 1966 1180 omnibus
2017 1111 2391 1201 proximus.
2447 1110 2573 1181 Sed
2649 1133 2732 1179 ne
2784 1109 3016 1180 multis
3078 1110 3180 1176 iin-

689 1222 1058 1282 moremur,
1102 1200 1287 1269 unde
1323 1222 1541 1291 pauca
1592 1200 2062 1290 promisimus,
2104 1200 2360 1286 quique
2401 1199 2485 1268 ad
2536 1199 2693 1280 alia,
2726 1199 2925 1287 juxta
2971 1221 3178 1288 propo·

688 1288 922 1369 situm,
984 1290 1208 1379 potius
1240 1288 1671 1370 festinainuS‚
1711 1288 2004 1375 qualiter
2042 1287 2222 1356 idem
2264 1288 2375 1356 Dei
2409 1288 2691 1371 electuS,
2738 1301 2876 1357 tam
2931 1288 2996 1355 in
3053 1309 3177 1377 pra-

688 1378 887 1459 ctica,
941 1400 1146 1464 quam
1191 1378 1257 1445 in
1305 1377 2161 1447 theoricaconversatione
2215 1376 2575 1466 perfectus,
2631 1398 2753 1466 pei·
2804 1375 3052 1465 gradus
3084 1380 3175 1443 Ec·

689 1466 1111 1537 clesiasticos
1175 1467 1255 1535 ad
1296 1467 1744 1557 Episcopatus
1806 1466 2132 1535 honorem
2202 1466 2529 1535 canonice
2577 1466 2664 1534 sit
2724 1476 3071 1555 provectus
3124 1462 3171 1529 in

689 1555 982 1634 civitate,
1039 1577 1215 1642 quae
1265 1555 1520 1624 dicitur
1573 1554 1977 1644 Wirziburg,
2035 1568 2097 1623 et
2156 1553 2448 1640 qualiter
2478 1555 2794 1623 eamdem
2849 1552 3169 1622 Ecclesiam

690 1643 1024 1714 doctrinis
1071 1655 1134 1713 et
1165 1643 1497 1733 exemplis
1553 1643 2013 1723 illustraverit,
2076 1655 2282 1729 utque
2332 1644 2415 1711 de
2457 1643 2666 1728 hujus
2710 1642 2952 1712 mundi
3000 1654 3172 1709 trans·

689 1731 869 1801 latus
908 1733 1270 1823 angustiiS‚
1308 1731 1744 1801 villicationis
1776 1754 1941 1801 suae
1993 1731 2368 1800 mercedem
2423 1731 2646 1802 fidelis
2688 1731 3106 1820 dispensator
3125 1738 3169 1794 et

687 1821 993 1910 prudens
1027 1833 1460 1898 consecutus,
1493 1822 1559 1887 in
1591 1819 1922 1921 gaudium
1968 1820 2235 1888 Domini
2273 1820 2375 1889 sui
2424 1821 2817 1889 intraverit:
2874 1820 3051 1896 haec,
3095 1815 3170 1882 in-

686 1932 923 1996 quam,
983 1910 1213 1978 omnia
1262 1909 1380 1995 qui
1451 1907 1720 1996 plenius
1772 1930 1968 1977 nosse
2018 1910 2240 1997 cupit,
2309 1908 2492 1995 apud
2573 1908 2946 1978 Ecclesiam
2996 1904 3164 1977 illarii.

690 2020 899 2084 quam
940 1998 1129 2077 rexit,
1173 1997 1504 2088 indagare
1552 1998 1820 2067 valebit.
1867 1996 2173 2066 Tradunt
2217 1997 2416 2065 etiam
2474 1996 2837 2076 nonnulli,
2892 1996 3010 2064 hoc
3055 2012 3168 2088 ger-

689 2107 931 2155 manos
970 2086 1212 2155 fratres
1264 2085 1733 2156 Burchardum
1784 2098 1849 2155 et
1898 2086 2356 2164 swithunum,
2406 2086 2638 2175 magni
2685 2082 3012 2154 Bonifacii
3054 2085 3170 2168 Epi·

688 2175 877 2330 ¹scopi
933 2197 1064 2297 non
1124 2174 1344 2244 solum
1397 2186 1918 2253 conterraneos,
1973 2174 2088 2243 sed
2145 2174 2348 2244 etiam
2414 2195 2621 2243 carne
2667 2170 3167 2261 consanguineos

719 2284 901 2332 uisse
979 2317 992 2331 .

779 2353 814 2438 ἓ
867 2355 953 2420 2.
1008 2351 1423 2421 Venerabilis
1471 2363 1698 2419 autem
1748 2349 2186 2420 Burcbardus
2235 2364 2368 2419 tam
2468 2350 2884 2431 raeclaram,
2939 2361 3164 2431 tamque

690 2438 1106 2528 praecelsam
1152 2461 1315 2510 suae
1365 2442 1723 2531 prosapiae
1755 2439 2220 2530 genealogiam
2260 2440 2398 2509 hau
2452 2462 2804 2528 quaquam
2846 2457 3070 2529 passus
3094 2442 3165 2499 est

690 2550 959 2598 morum
1013 2551 1296 2599 suorum
1332 2529 1602 2598 nebulis
1634 2530 2004 2610 obfuscari3
2050 2529 2162 2598 sed
2217 2531 2443 2618 potius
2489 2530 2577 2599 ab
2622 2530 2798 2618 ipsis
2841 2527 3166 2620 primaevae

689 2618 928 2687 aetatis
978 2618 1204 2700 anniS,
1260 2619 1615 2708 probitatis
1664 2618 1815 2687 luce
1860 2619 1999 2707 jam
2052 2618 2526 2707 splendescere
2576 2619 2960 2707 incipiens,
3008 2607 3159 2698 quid,

692 2705 890 2775 illum
932 2707 1373 2795 praeveniens
1425 2706 1894 2775 misericordia
1948 2707 2080 2786 Dei,
2117 2708 2182 2774 in
2226 2718 2572 2796 posterum
2618 2707 2683 2775 in
2729 2729 2810 2775 eo
2860 2714 3166 2796 operatura

689 2807 866 2865 esset
905 2796 1294 2884 omnigenis
1325 2796 1686 2864 conatibus
1728 2807 2234 2884 repraesentare
2272 2795 2649 2864 videbatur.
2689 2795 2999 2864 Traditus
3024 2805 3165 2887 enim

689 2905 849 2952 cum
888 2883 1125 2953 fuisset
1172 2907 1212 2953 a
1263 2884 1598 2974 religiosis
1633 2884 2057 2974 parentibuS,
2099 2897 2172 2953 ut
2207 2882 2403 2952 facile
2451 2883 2774 2965 creditur,
2819 2879 3165 2975 litteris-im-

686 2971 1030 3053 buendus,
1088 2973 1195 3041 vix
1249 2995 1410 3042 eum
1480 2973 1848 3059 quisquam
1908 2972 2005 3041 vel
2081 2994 2438 3060 nunquam
2516 2974 2762 3062 reperit
2837 2963 3166 3062 puerilibus

687 3060 1036 3130 addictum
1105 3061 1533 3141 levitatibus;
1587 3061 1704 3130 sed
1755 3071 1873 3130 aut
1934 3061 2183 3132 studiis
2243 3060 2647 3130 liberalibus
2710 3058 3160 3148 intendentem,

691 3160 811 3218 aut
857 3149 1300 3219 ecclesiarum
1356 3150 1596 3219 limina
1649 3163 1996 3230 terentem,
2038 3173 2160 3219 seu
2191 3149 2612 3237 quibuslibet
2653 3149 2811 3219 aliis
2860 3149 3054 3218 bonae
3088 3157 3168 3205 in·

692 3237 894 3306 diciis
935 3238 1440 3307 immorantem.
1496 3240 1710 3308 Crevit
1757 3240 1959 3308 etiam
2011 3239 2077 3307 in
2127 3261 2204 3307 eo
2243 3261 2401 3308 cum
2452 3239 2758 3327 corporis
2811 3238 3169 3323 incremento

690 3324 1185 3405 misericordia,
1241 3339 1313 3395 ut
1355 3326 1439 3395 de
1487 3328 1712 3418 seipso
1762 3332 1830 3396 B.
1883 3329 2011 3398 Job
2062 3339 2388 3406 testatur;
2452 3339 2516 3395 et
2571 3339 2646 3396 ut
2696 3328 2786 3396 ita
2829 3325 3056 3397 dicam,
3115 3331 3167 3378 ¹ss

690 3412 985 3501 eleganti
1015 3414 1244 3482 carnis
1278 3416 1581 3498 materia,
1618 3416 1950 3517 paulatim
1997 3416 2325 3485 virtutum
2363 3438 2513 3485 com
2568 3416 2740 3485 osito
2772 3411 3163 3505 formabatur-

691 3500 867 3583 Quid
902 3501 1167 3571 multa?
1216 3503 1322 3571 Sic
1379 3503 1669 3660 jeijuniis
1719 3523 1784 3577 et
1828 3504 2323 3594 eleemosynis,
2382 3505 2514 3595 vigi
2553 3505 2636 3574 iis
2692 3516 2756 3573 et
2795 3492 3167 3573 orationibus

695 3611 832 3657 non
886 3591 1115 3660 minus
1151 3591 1439 3680 spiritua
1472 3611 1543 3661 es
1595 3594 1956 3679 nequitiaS,
1996 3615 2202 3679 quam
2240 3593 2467 3663 carnis
2496 3593 2850 3662 illecebras
2873 3598 3168 3679 compres-

694 3678 806 3758 sit,
860 3678 1074 3749 donec
1112 3680 1377 3750 dudum
1433 3703 1552 3771 per
1600 3682 1931 3772 Spiritum
1983 3687 2309 3751 Sanctum
2418 3681 2693 3762 lantata,
2748 3694 2928 3750 tanta
2982 3676 3043 3741 iri
3078 3663 3167 3734 illo

693 3788 963 3836 morum
1013 3769 1308 3839 adolevit
1357 3771 1697 3849 honestas,
1742 3781 1814 3839 ut
1851 3771 1997 3859 jam
2031 3770 2202 3840 illud
2242 3793 2331 3839 un
2390 3771 2547 3857 ique
2606 3770 2967 3860 perfectum
3012 3769 3169 3854 etfff·

693 3869 931 3925 natum
987 3859 1098 3927 Dei
1149 3857 1483 3949 templum
1537 3859 1628 3927 nil
1667 3860 1846 3928 intra
1878 3881 1948 3927 se
1978 3859 2316 3929 caducum
2361 3859 2595 3929 haberi
2628 3859 3001 3930 sustineret.
3030 3849 3166 3944 ῌιΰῦ

697 3943 1282 4043 deliberationem,
1337 3968 1543 4033 quam
1584 3947 1847 4017 Christo
1889 3949 2267 4038 inspirante
2313 3960 2751 4036 conceperat,
2804 3935 3164 4038 spiritalium

693 4053 999 4104 virorum
1046 4036 1335 4105 consilio
1410 4037 1812 4117 roborabat,
1867 4049 1931 4106 et
1982 4049 2218 4107 eontra
2283 4036 2458 4106 male
2503 4035 2916 4106 blandientis
2970 4014 3164 4124 mlussdl
3239 4073 3240 4084 κ

696 4118 1034 4193 lenocinia
1065 4124 1428 4194 obfirmata
1461 4125 1677 4195 animi
1727 4127 2083 4207 sententia,
2125 4137 2269 4195 tum
2320 4125 2577 4195 divitiis
2615 4137 2680 4195 et
2730 4113 3160 4212 voluptatibus,
3239 4175 3240 4188 2

747 4248 773 4275 ¹⁸
805 4249 895 4290 Sed
913 4250 1090 4299 absque
1106 4251 1424 4293 fundamento.
