3347 4999
211 348 394 414 OCT.
446 349 531 412 28
1094 364 1173 409 nc
1221 363 1277 409 s.
1332 360 1642 409 Faununo
1691 362 1881 408 naar.
2550 345 2678 410 737

221 451 640 529 infirmatur,
702 447 891 518 salus
941 447 1386 528 vulneratur,
1444 447 1575 515 vita
1626 445 1938 516 moritur.
1994 450 2272 535 Propter
2326 445 2452 515 hoc
2510 450 2771 538 quippe

214 541 341 627 qui
378 553 522 607 erat
554 538 701 608 sine
740 537 962 616 initio,
1015 558 1093 604 ex
1139 549 1447 604 materno
1479 548 1705 605 ortum
1744 534 1998 603 habere
2030 532 2356 624 dignatus
2394 547 2495 605 est
2527 550 2761 607 utero:

226 642 301 698 ut
349 628 537 697 illius
584 624 945 695 humilitas
980 637 1214 693 nostra
1269 625 1459 693 fieret
1500 622 1916 695 sublimitas.
1972 627 2148 692 Crux
2202 623 2354 724 ejus
2396 638 2621 694 nostra
2682 627 2768 695 vi-

219 717 460 796 ctoria,
505 737 686 786 mors
736 713 927 782 illius
967 726 1197 783 nostra
1246 712 1438 782 salus
1470 727 1534 780 et
1585 714 1741 781 vita.
1789 717 1864 780 In
1917 712 2045 780 hoc
2091 710 2390 798 denique
2445 715 2771 802 apparuit

224 806 438 874 Filius
477 805 611 883 Dei,
668 817 743 873 ut
791 802 1079 871 solveret
1110 823 1317 890 opera
1352 800 1634 872 diaboli.
1676 805 2096 890 congressus
2144 823 2306 889 ergo
2343 822 2501 869 cum
2560 802 2771 873 levia-

226 895 389 964 than
428 914 656 974 carne,
710 912 917 978 quam
971 890 1311 970 induerat,
1366 891 1649 959 hamum
1703 889 2084 958 divinitatis
2131 889 2449 958 latentem
2504 890 2769 967 inesca-

228 984 345 1063 vit,
385 983 620 1069 sicque
672 980 993 1060 moriens,
1032 979 1320 1060 bostem,
1375 978 1541 1048 dum
1581 1000 1652 1046 se
1689 978 1933 1047 vicisse
1971 978 2295 1060 crederet,
2353 981 2760 1067 prostravit,

227 1087 615 1156 tartaroque
649 1067 963 1169 spoliato,
995 1069 1205 1137 victor
1245 1067 1630 1137 resurrexit:
1684 1066 2045 1154 coelosque
2077 1066 2572 1149 conscendenS,
2613 1068 2758 1138 adi-

227 1177 372 1232 tum
411 1159 608 1228 nobis
644 1169 839 1236 vitae,
895 1178 1099 1243 quem
1154 1158 1352 1247 ignea
1403 1156 1653 1224 clausit
1701 1169 1905 1242 atque
1967 1156 2302 1226 versatilis
2361 1157 2764 1249 rhomphea,

230 1249 575 1321 reseravit.
635 1246 811 1315 Hinc
864 1245 1394 1334 praedicationis
1432 1244 1853 1334 Apostolicae
1908 1246 2039 1314 sub
2092 1245 2356 1314 Christo
2411 1267 2566 1314 vero
2631 1245 2771 1315 sole

232 1360 351 1430 per
398 1337 633 1407 orbem
671 1333 994 1404 rutilante
1028 1333 1317 1423 fulgore,
1369 1332 1513 1403 zelo
1558 1332 1813 1402 ductus
1873 1333 2194 1423 princeps
2250 1333 2466 1403 seculi
2530 1334 2766 1424 hujuS‚

230 1449 391 1497 vasa
431 1424 652 1495 doluit
687 1444 853 1492 suae
899 1423 1313 1511 captivitatis
1348 1422 1626 1504 auferri,
1666 1421 2023 1513 spoliaque
2071 1421 2418 1491 distribui.

317 1519 353 1603 ξ
398 1519 481 1586 8.
537 1513 867 1582 Efferatus
903 1511 1132 1598 itaque
1168 1512 1677 1599 persecutiones
1716 1511 2108 1590 commovit,
2170 1510 2425 1600 proelia
2464 1512 2766 1581 concita-

228 1605 344 1673 vit.
390 1602 578 1673 Unde
616 1614 910 1690 potestas
953 1613 1220 1670 terrena
1260 1601 1707 1689 conspiranS,
1752 1611 1991 1670 contra
2044 1600 2290 1670 Christi
2350 1621 2597 1670 nomen
2664 1622 2772 1669 ar-

232 1708 481 1772 matur,
535 1689 1029 1780 persecutionis
1079 1691 1279 1759 turbo
1340 1703 1734 1779 grassatur,
1805 1687 2029 1758 fidelis
2089 1688 2383 1775 quisque
2434 1709 2554 1778 pro
2610 1688 2773 1757 fidei

228 1803 424 1850 verae
485 1777 914 1850 confessione
974 1791 1334 1848 mactatur.
1404 1777 1770 1866 Imperiale
1830 1799 1946 1866 per
1987 1790 2200 1846 totum
2251 1777 2484 1845 orbem
2564 1778 2773 1848 nimis

231 1872 519 1960 urgebat
581 1867 912 1946 edictum,
987 1888 1231 1936 nomen
1313 1865 1627 1936 funditus
1673 1866 1999 1956 extirpari
2048 1865 2538 1935 Christianum.
2598 1871 2770 1956 Lege

233 1957 721 2049 promulgatur
770 1954 1094 2045 publica,
1151 1955 1404 2026 sanciri
1465 1955 1890 2024 delatoribus
1951 1954 2293 2043 praemia:
2349 1953 2771 2024 Christianos

232 2070 387 2117 vero
419 2045 910 2124 sacrificantes,
947 2045 1353 2114 muneribus
1378 2056 1444 2112 et
1478 2043 1857 2112 honoribus
1897 2042 2351 2131 amplissimis
2383 2042 2765 2112 cumulari:

234 2137 333 2205 vel
378 2137 445 2205 in
483 2135 745 2203 Christo
789 2145 1316 2233 perseveranteS,
1375 2155 1495 2221 pro
1547 2132 1924 2219 majestatis
1975 2132 2198 2222 regiae
2231 2145 2631 2222 contemptu
2658 2153 2775 2200 va-

233 2227 356 2295 riis
391 2238 458 2293 et
488 2221 846 2308 exquisitis
884 2221 1308 2290 cruciatibus
1353 2220 1769 2290 mortificari.
1823 2225 1991 2289 Tum
2031 2241 2185 2289 vero
2210 2241 2494 2309 corpora
2537 2231 2775 2289 sancta

236 2313 494 2404 passim
539 2310 929 2397 rapiuntur,
962 2309 1369 2388 caeduntur,
1407 2309 1563 2410 igne
1595 2320 2015 2388 cremantur,
2055 2309 2485 2378 membratim
2529 2308 2775 2378 discer-

239 2414 522 2492 puntur,
557 2397 781 2467 modis
830 2398 1156 2467 omnibus
1184 2397 1556 2467 crudeliter
1587 2397 2008 2467 afficiuntur.
2042 2403 2270 2484 Neque
2305 2419 2457 2467 vero
2484 2397 2776 2468 artubus

230 2487 645 2564 exanimatis
707 2485 1145 2575 parcebatur:
1214 2485 1679 2569 laniabantur,
1736 2485 2303 2567 incendebantur,
2354 2488 2775 2578 spargeban-

236 2594 371 2658 tur,
428 2598 551 2646 nec
600 2575 838 2645 saltem
884 2575 1156 2665 sepeliri
1206 2576 1633 2651 sinebantur.
1669 2590 1735 2646 et
1764 2577 2022 2664 quibus
2070 2598 2191 2667 per
2222 2576 2564 2646 Christum
2604 2575 2775 2647 coeli

231 2666 749 2757 aperiebantur,
802 2665 889 2733 ab
943 2663 1340 2734 infidelibus
1372 2668 1765 2735 communis
1799 2665 2111 2733 omnium
2149 2665 2520 2734 viventium
2566 2677 2780 2733 mater

241 2772 420 2828 terra
470 2753 870 2844 negabatur.
924 2757 1108 2822 Inter
1177 2753 1343 2823 haec
1395 2753 1675 2824 millena
1745 2753 2150 2823 discrimina
2207 2765 2483 2842 tyrones
2531 2752 2777 2822 Christi

241 2846 510 2915 malunt
556 2842 800 2922 occidi,
840 2863 1045 2928 quam
1087 2842 1307 2912 vinci:
1346 2864 1641 2929 quorum
1706 2841 1921 2912 virilis
1975 2842 2359 2910 constantia
2425 2839 2780 2931 infatigata

241 2956 513 3024 semper
558 2930 941 3020 triumphat
1010 2932 1535 3021 perseverantia.
1587 2936 1731 3000 Hoc
1776 2942 1879 3001 est
1942 2944 2335 2999 sanctorum
2403 2934 2776 3018 Martyrum

233 3043 608 3093 >commune
642 3019 1037 3099 consilium,
1085 3042 1455 3089 commune
1488 3018 2007 3100 commercium,
2041 3031 2477 3088 contemnere
2509 3017 2779 3107 fugien-
2880 3030 2883 3031 ’

240 3112 355 3192 tia,
393 3131 795 3199 comparare
847 3109 1358 3198 permanentia:
1414 3108 1633 3176 vivere
1686 3106 2063 3188 moriendo,
2106 3129 2189 3177 ne
2240 3107 2624 3176 moriantur
2680 3107 2781 3175 vi-

235 3200 499 3269 vendo:
535 3210 599 3267 et
631 3197 842 3267 semel
880 3195 1230 3265 moriendo
1267 3217 1538 3296 semper
1565 3196 1808 3275 vivere,
1844 3217 2051 3281 quam
2089 3194 2452 3285 paululum
2488 3194 2780 3264 vivendo

239 3285 726 3378 perpetualiter
762 3286 1059 3355 interire.
1087 3289 1229 3354 Hoc
1262 3297 1386 3364 est,
1429 3306 1711 3370 inquam
1751 3289 2182 3366 Sanctorum,
2218 3305 2589 3354 commune
2618 3305 2781 3373 pru-

233 3377 545 3461 densque
578 3373 971 3453 consilium,
1029 3374 1155 3441 hoc
1196 3394 1566 3442 commune
1598 3371 1895 3460 felixque
1943 3374 2465 3443 commercium.
2515 3378 2777 3443 Horum

239 3464 706 3534 sufferentiam
763 3462 1005 3530 miram
1044 3483 1201 3530 cum
1258 3461 1691 3550 principibus
1732 3461 1880 3532 s'uis
1925 3461 2231 3532 mundus
2280 3461 2646 3543 inhorruit,
2709 3462 2781 3530 in

235 3573 536 3640 quorum
567 3549 894 3620 cordibus
917 3550 1064 3638 Jam
1107 3548 1439 3620 vilescens
1485 3551 1690 3619 aruit:
1728 3550 1850 3638 qui
1900 3572 2024 3619 nec
2059 3550 2553 3622 blandimentis
2608 3550 2783 3620 mol-

240 3641 608 3718 liebantur,
665 3659 788 3708 nec
838 3639 1195 3708 tormentis
1243 3639 1600 3708 acerrimis
1640 3638 2161 3729 frangebantur.

331 3738 368 3810 ἓ
416 3732 513 3798 9.
566 3732 793 3814 Neque
843 3747 999 3796 vero
1029 3727 1095 3795 in
1136 3726 1264 3796 hoc
1317 3728 1673 3816 procinctu
1702 3727 2052 3797 Dominico
2092 3728 2221 3798 soli
2270 3728 2783 3797 coronabantur

237 3819 394 3898 viri;
438 3816 732 3887 feminae
757 3835 1031 3903 quoque
1078 3814 1235 3885 licet
1263 3838 1429 3886 sexu
1476 3816 1731 3906 fragili,
1784 3816 2018 3886 animo
2052 3828 2279 3887 tamen
2327 3815 2786 3906 agonizabant

239 3908 468 3977 virili:
521 3904 638 3975 sed
688 3915 755 3973 et
803 3904 1103 3994 virgines
1152 3904 1460 3985 tenellae,
1517 3904 1689 3975 dum
1739 3904 2071 3974 lascivum
2124 3906 2429 3996 gestiunt
2477 3904 2786 3993 corporis

242 4017 481 4068 sexum
533 3995 835 4072 domare,
891 4005 1175 4062 cruento
1207 4016 1331 4063 cor
1382 4014 1499 4063 ore
1532 3993 1871 4075 seculum,
1911 3994 2178 4063 Christo
2224 3993 2624 4075 auxiliante,
2664 3992 2789 4061 do·

244 4106 503 4155 muere.
557 4087 670 4151 Est
718 4082 945 4168 itaque
991 4102 1243 4151 corona
1291 4082 1693 4172 goriosior,
1747 4082 1868 4152 ubi
1919 4103 2122 4152 sexus
2180 4081 2569 4152 infirmior:
2621 4081 2790 4169 quia

242 4174 461 4242 virilis
493 4171 773 4242 animus
823 4171 891 4238 in
928 4169 1203 4241 feminis
1261 4171 1484 4258 majas
1530 4170 1796 4259 aliquid
1848 4170 2054 4252 facit,
2110 4170 2389 4259 quando
2437 4170 2568 4240 sub
2619 4192 2788 4262 pon·

237 4261 404 4331 dere
439 4260 784 4353 passionis
830 4257 1168 4350 fragilitas
1216 4258 1512 4329 feminea
1564 4281 1698 4329 non
1742 4259 1995 4329 deficit.
2051 4260 2271 4330 Gemit
2318 4274 2545 4328 autem
2601 4281 2788 4330 nunc

235 4372 404 4419 cum
457 4350 605 4421 suis
643 4347 1059 4419 satellitibus
1107 4347 1354 4418 horum
1407 4347 1699 4437 pedibus
1748 4360 2131 4438 prostratus
2180 4348 2529 4429 inimicuS,
2582 4367 2783 4436 quOS,

243 4450 325 4509 ut
371 4437 750 4520 videbatur,
799 4436 1260 4528 ignominiose
1310 4438 1701 4519 morienteS,
1746 4450 1849 4509 est
1881 4459 1951 4509 se
1990 4438 2234 4510 vicisse
2266 4436 2570 4528 gavisus:
2607 4437 2795 4509 dolet

409 4559 648 4616 surius
675 4586 702 4604 ·
741 4554 909 4617 Vitae
933 4554 1038 4618 SS.
1073 4586 1099 4602 ·
1130 4550 1264 4618 Vol.
1290 4553 1365 4621 X.
2559 4553 2635 4616 47
