<?xml version="1.0" encoding="UTF-8"?>
<!DOCTYPE html PUBLIC "-//W3C//DTD XHTML 1.0 Transitional//EN"
    "http://www.w3.org/TR/xhtml1/DTD/xhtml1-transitional.dtd">
<html xmlns="http://www.w3.org/1999/xhtml" xml:lang="en" lang="en">
 <head>
  <title>
</title>
<meta http-equiv="Content-Type" content="text/html;charset=utf-8" />
  <meta name='ocr-system' content='tesseract 3.04.00' />
  <meta name='ocr-capabilities' content='ocr_page ocr_carea ocr_par ocr_line ocrx_word'/>
</head>
<body>
  <div class='ocr_page' id='page_1' title='image "./historiaeseuvit03lippgoog_0635.png"; bbox 0 0 3347 4999; ppageno 0'>
   <div class='ocr_carea' id='block_1_1' title="bbox 209 371 2622 437">
    <p class='ocr_par' dir='ltr' id='par_1_1' title="bbox 209 371 2622 437">
     <span class='ocr_line' id='line_1_1' title="bbox 209 371 2622 437; baseline -0.001 0"><span class='ocrx_word' id='word_1_1' title='bbox 209 372 382 437; x_wconf 85' lang='lat' dir='ltr'><strong>OCT.</strong></span> <span class='ocrx_word' id='word_1_2' title='bbox 438 371 520 434; x_wconf 68' lang='lat'>⁴8</span> <span class='ocrx_word' id='word_1_3' title='bbox 1036 389 1112 433; x_wconf 75' lang='lat' dir='ltr'>na</span> <span class='ocrx_word' id='word_1_4' title='bbox 1160 387 1215 433; x_wconf 88' lang='lat' dir='ltr'>S.</span> <span class='ocrx_word' id='word_1_5' title='bbox 1268 386 1425 434; x_wconf 62' lang='lat' dir='ltr'>Luca</span> <span class='ocrx_word' id='word_1_6' title='bbox 1472 387 1893 436; x_wconf 71' lang='lat' dir='ltr'>avANGELisrA</span> <span class='ocrx_word' id='word_1_7' title='bbox 2509 372 2622 437; x_wconf 71' lang='lat'>534</span> 
     </span>
    </p>
   </div>
   <div class='ocr_carea' id='block_1_2' title="bbox 203 470 2838 4573">
    <p class='ocr_par' dir='ltr' id='par_1_2' title="bbox 203 470 2798 2526">
     <span class='ocr_line' id='line_1_2' title="bbox 207 470 2720 561; baseline -0 -18"><span class='ocrx_word' id='word_1_8' title='bbox 207 474 360 543; x_wconf 83' lang='lat' dir='ltr'>aliis</span> <span class='ocrx_word' id='word_1_9' title='bbox 407 471 691 561; x_wconf 80' lang='lat' dir='ltr'>degebat</span> <span class='ocrx_word' id='word_1_10' title='bbox 739 470 1094 560; x_wconf 77' lang='lat' dir='ltr'>ApostoliS,</span> <span class='ocrx_word' id='word_1_11' title='bbox 1151 472 1314 539; x_wconf 92' lang='lat' dir='ltr'>dum</span> <span class='ocrx_word' id='word_1_12' title='bbox 1369 485 1635 542; x_wconf 89' lang='lat' dir='ltr'>nostrae</span> <span class='ocrx_word' id='word_1_13' title='bbox 1687 471 2116 543; x_wconf 87' lang='lat' dir='ltr'>mortalitatis</span> <span class='ocrx_word' id='word_1_14' title='bbox 2162 472 2387 543; x_wconf 89' lang='lat' dir='ltr'>adhuc</span> <span class='ocrx_word' id='word_1_15' title='bbox 2446 473 2720 543; x_wconf 82' lang='lat' dir='ltr'>infirma</span> 
     </span>
     <span class='ocr_line' id='line_1_3' title="bbox 210 559 2722 653; baseline 0 -23"><span class='ocrx_word' id='word_1_16' title='bbox 210 562 564 653; x_wconf 87' lang='lat' dir='ltr'>perferret;</span> <span class='ocrx_word' id='word_1_17' title='bbox 620 560 905 629; x_wconf 85' lang='lat' dir='ltr'>Paulum</span> <span class='ocrx_word' id='word_1_18' title='bbox 958 560 1088 629; x_wconf 83' lang='lat' dir='ltr'>sibi</span> <span class='ocrx_word' id='word_1_19' title='bbox 1137 559 1537 630; x_wconf 80' lang='lat' dir='ltr'>familiarem</span> <span class='ocrx_word' id='word_1_20' title='bbox 1576 561 1754 642; x_wconf 86' lang='lat' dir='ltr'>fecit,</span> <span class='ocrx_word' id='word_1_21' title='bbox 1790 585 1949 630; x_wconf 91' lang='lat' dir='ltr'>cum</span> <span class='ocrx_word' id='word_1_22' title='bbox 1984 560 2241 631; x_wconf 87' lang='lat' dir='ltr'>calcato</span> <span class='ocrx_word' id='word_1_23' title='bbox 2289 585 2365 631; x_wconf 88' lang='lat' dir='ltr'>ac</span> <span class='ocrx_word' id='word_1_24' title='bbox 2419 575 2722 650; x_wconf 90' lang='lat' dir='ltr'>potenter</span> 
     </span>
     <span class='ocr_line' id='line_1_4' title="bbox 204 649 2715 741; baseline 0 -21"><span class='ocrx_word' id='word_1_25' title='bbox 204 672 436 720; x_wconf 88' lang='lat' dir='ltr'>everso</span> <span class='ocrx_word' id='word_1_26' title='bbox 498 649 732 718; x_wconf 86' lang='lat' dir='ltr'>mortis</span> <span class='ocrx_word' id='word_1_27' title='bbox 800 650 1128 739; x_wconf 90' lang='lat' dir='ltr'>imperio,</span> <span class='ocrx_word' id='word_1_28' title='bbox 1203 662 1520 739; x_wconf 87' lang='lat' dir='ltr'>paternae</span> <span class='ocrx_word' id='word_1_29' title='bbox 1596 650 1966 737; x_wconf 84' lang='lat' dir='ltr'>majestatis</span> <span class='ocrx_word' id='word_1_30' title='bbox 2041 650 2214 720; x_wconf 90' lang='lat' dir='ltr'>solio</span> <span class='ocrx_word' id='word_1_31' title='bbox 2281 652 2715 741; x_wconf 77' lang='lat' dir='ltr'>praesideret.</span> 
     </span>
     <span class='ocr_line' id='line_1_5' title="bbox 204 737 2726 831; baseline -0 -21"><span class='ocrx_word' id='word_1_32' title='bbox 204 742 376 810; x_wconf 91' lang='lat' dir='ltr'>Hinc</span> <span class='ocrx_word' id='word_1_33' title='bbox 423 750 544 818; x_wconf 90' lang='lat' dir='ltr'>est,</span> <span class='ocrx_word' id='word_1_34' title='bbox 597 737 776 826; x_wconf 90' lang='lat' dir='ltr'>quod</span> <span class='ocrx_word' id='word_1_35' title='bbox 840 738 956 807; x_wconf 86' lang='lat' dir='ltr'>ait:</span> <span class='ocrx_word' id='word_1_36' title='bbox 999 744 1237 808; x_wconf 87' lang='lat' dir='ltr'>Notum</span> <span class='ocrx_word' id='word_1_37' title='bbox 1275 739 1452 808; x_wconf 86' lang='lat' dir='ltr'>vobis</span> <span class='ocrx_word' id='word_1_38' title='bbox 1497 742 1698 829; x_wconf 83' lang='lat' dir='ltr'>sacz&#39;0,</span> <span class='ocrx_word' id='word_1_39' title='bbox 1741 742 2011 829; x_wconf 78' lang='lat' dir='ltr'>fratres,</span> <span class='ocrx_word' id='word_1_40' title='bbox 2052 743 2497 829; x_wconf 59' lang='lat' dir='ltr'>evangelium,</span> <span class='ocrx_word' id='word_1_41' title='bbox 2550 742 2726 831; x_wconf 85' lang='lat' dir='ltr'>quod</span> 
     </span>
     <span class='ocr_line' id='line_1_6' title="bbox 204 829 2725 919; baseline 0 -21"><span class='ocrx_word' id='word_1_42' title='bbox 204 830 740 919; x_wconf 72' lang='lat' dir='ltr'>evanqelizatum</span> <span class='ocrx_word' id='word_1_43' title='bbox 789 838 883 895; x_wconf 86' lang='lat' dir='ltr'>est</span> <span class='ocrx_word' id='word_1_44' title='bbox 930 851 972 897; x_wconf 94' lang='lat' dir='ltr'>a</span> <span class='ocrx_word' id='word_1_45' title='bbox 1004 851 1128 908; x_wconf 92' lang='lat' dir='ltr'>me,</span> <span class='ocrx_word' id='word_1_46' title='bbox 1167 830 1330 910; x_wconf 86' lang='lat' dir='ltr'>quia</span> <span class='ocrx_word' id='word_1_47' title='bbox 1360 852 1488 897; x_wconf 86' lang='lat' dir='ltr'>non</span> <span class='ocrx_word' id='word_1_48' title='bbox 1535 840 1629 897; x_wconf 89' lang='lat' dir='ltr'>est</span> <span class='ocrx_word' id='word_1_49' title='bbox 1687 829 2048 898; x_wconf 84' lang='lat' dir='ltr'>secundum</span> <span class='ocrx_word' id='word_1_50' title='bbox 2087 830 2461 898; x_wconf 79' lang='lat' dir='ltr'>hom-inem.-</span> <span class='ocrx_word' id='word_1_51' title='bbox 2513 852 2725 919; x_wconf 83' lang='lat' dir='ltr'>neque</span> 
     </span>
     <span class='ocr_line' id='line_1_7' title="bbox 205 917 2724 1010; baseline -0.001 -21"><span class='ocrx_word' id='word_1_52' title='bbox 205 922 377 989; x_wconf 87' lang='lat' dir='ltr'>enim</span> <span class='ocrx_word' id='word_1_53' title='bbox 404 940 521 1008; x_wconf 73' lang='lat' dir='ltr'>eqo</span> <span class='ocrx_word' id='word_1_54' title='bbox 560 918 641 986; x_wconf 85' lang='lat' dir='ltr'>ab</span> <span class='ocrx_word' id='word_1_55' title='bbox 675 917 933 986; x_wconf 80' lang='lat' dir='ltr'>homine</span> <span class='ocrx_word' id='word_1_56' title='bbox 966 919 1192 1007; x_wconf 81' lang='lat' dir='ltr'>accepi</span> <span class='ocrx_word' id='word_1_57' title='bbox 1222 918 1418 999; x_wconf 80' lang='lat' dir='ltr'>illud,</span> <span class='ocrx_word' id='word_1_58' title='bbox 1448 941 1656 1010; x_wconf 85' lang='lat' dir='ltr'>neque</span> <span class='ocrx_word' id='word_1_59' title='bbox 1695 918 1922 998; x_wconf 87' lang='lat' dir='ltr'>didici,</span> <span class='ocrx_word' id='word_1_60' title='bbox 1959 919 2074 988; x_wconf 88' lang='lat' dir='ltr'>sed</span> <span class='ocrx_word' id='word_1_61' title='bbox 2101 942 2222 1009; x_wconf 80' lang='lat' dir='ltr'>per</span> <span class='ocrx_word' id='word_1_62' title='bbox 2251 920 2724 988; x_wconf 75' lang='lat' dir='ltr'><em>revelationem</em></span> 
     </span>
     <span class='ocr_line' id='line_1_8' title="bbox 203 1005 2727 1098; baseline -0 -20"><span class='ocrx_word' id='word_1_63' title='bbox 203 1011 360 1078; x_wconf 83' lang='lat' dir='ltr'>Jesu</span> <span class='ocrx_word' id='word_1_64' title='bbox 397 1008 648 1078; x_wconf 81' lang='lat' dir='ltr'>Christi</span> <span class='ocrx_word' id='word_1_65' title='bbox 686 1006 866 1095; x_wconf 86' lang='lat' dir='ltr'><em>(Gal.</em></span> <span class='ocrx_word' id='word_1_66' title='bbox 912 1005 985 1094; x_wconf 92' lang='lat'>1).</span> <span class='ocrx_word' id='word_1_67' title='bbox 1038 1006 1332 1093; x_wconf 83' lang='lat' dir='ltr'>Ideoque</span> <span class='ocrx_word' id='word_1_68' title='bbox 1367 1007 1523 1077; x_wconf 91' lang='lat' dir='ltr'>licet</span> <span class='ocrx_word' id='word_1_69' title='bbox 1554 1007 1770 1077; x_wconf 90' lang='lat' dir='ltr'>sancti</span> <span class='ocrx_word' id='word_1_70' title='bbox 1805 1007 2102 1098; x_wconf 73' lang='lat' dir='ltr'>Apostoli</span> <span class='ocrx_word' id='word_1_71' title='bbox 2166 1029 2283 1097; x_wconf 91' lang='lat' dir='ltr'>per</span> <span class='ocrx_word' id='word_1_72' title='bbox 2340 1007 2727 1097; x_wconf 83' lang='lat' dir='ltr'>corporales</span> 
     </span>
     <span class='ocr_line' id='line_1_9' title="bbox 205 1095 2728 1187; baseline -0.002 -18"><span class='ocrx_word' id='word_1_73' title='bbox 205 1099 482 1169; x_wconf 90' lang='lat' dir='ltr'>obtutus</span> <span class='ocrx_word' id='word_1_74' title='bbox 512 1111 761 1165; x_wconf 88' lang='lat' dir='ltr'>cuncta</span> <span class='ocrx_word' id='word_1_75' title='bbox 801 1095 1162 1164; x_wconf 85' lang='lat' dir='ltr'>Salvatoris</span> <span class='ocrx_word' id='word_1_76' title='bbox 1213 1096 1420 1165; x_wconf 82' lang='lat' dir='ltr'>nostri</span> <span class='ocrx_word' id='word_1_77' title='bbox 1470 1110 1657 1187; x_wconf 84' lang='lat' dir='ltr'>gesta</span> <span class='ocrx_word' id='word_1_78' title='bbox 1720 1098 2202 1186; x_wconf 78' lang='lat' dir='ltr'>perspexerint,</span> <span class='ocrx_word' id='word_1_79' title='bbox 2263 1096 2328 1164; x_wconf 92' lang='lat' dir='ltr'>in</span> <span class='ocrx_word' id='word_1_80' title='bbox 2399 1097 2588 1166; x_wconf 90' lang='lat' dir='ltr'>nullo</span> <span class='ocrx_word' id='word_1_81' title='bbox 2632 1109 2728 1167; x_wconf 89' lang='lat' dir='ltr'>ta-</span> 
     </span>
     <span class='ocr_line' id='line_1_10' title="bbox 210 1184 2728 1274; baseline -0.001 -17"><span class='ocrx_word' id='word_1_82' title='bbox 210 1210 362 1258; x_wconf 91' lang='lat' dir='ltr'>men</span> <span class='ocrx_word' id='word_1_83' title='bbox 405 1186 578 1254; x_wconf 88' lang='lat' dir='ltr'>beati</span> <span class='ocrx_word' id='word_1_84' title='bbox 635 1185 818 1254; x_wconf 88' lang='lat' dir='ltr'>Pauli</span> <span class='ocrx_word' id='word_1_85' title='bbox 885 1205 1307 1274; x_wconf 86' lang='lat' dir='ltr'>praecessere</span> <span class='ocrx_word' id='word_1_86' title='bbox 1342 1186 1675 1267; x_wconf 84' lang='lat' dir='ltr'>notitiam,</span> <span class='ocrx_word' id='word_1_87' title='bbox 1716 1185 1880 1255; x_wconf 87' lang='lat' dir='ltr'>dum</span> <span class='ocrx_word' id='word_1_88' title='bbox 1928 1185 2107 1256; x_wconf 90' lang='lat' dir='ltr'>idem</span> <span class='ocrx_word' id='word_1_89' title='bbox 2148 1185 2334 1255; x_wconf 90' lang='lat' dir='ltr'>hunc</span> <span class='ocrx_word' id='word_1_90' title='bbox 2397 1185 2481 1255; x_wconf 93' lang='lat' dir='ltr'>de</span> <span class='ocrx_word' id='word_1_91' title='bbox 2541 1184 2728 1255; x_wconf 91' lang='lat' dir='ltr'>coelo</span> 
     </span>
     <span class='ocr_line' id='line_1_11' title="bbox 213 1273 2727 1377; baseline -0.001 -31"><span class='ocrx_word' id='word_1_92' title='bbox 213 1277 525 1377; x_wconf 76' lang='lat' dir='ltr'>Magister</span> <span class='ocrx_word' id='word_1_93' title='bbox 560 1273 900 1352; x_wconf 81' lang='lat' dir='ltr'>instruxit,</span> <span class='ocrx_word' id='word_1_94' title='bbox 940 1274 1059 1361; x_wconf 93' lang='lat' dir='ltr'>qui</span> <span class='ocrx_word' id='word_1_95' title='bbox 1108 1286 1261 1343; x_wconf 88' lang='lat' dir='ltr'>ante</span> <span class='ocrx_word' id='word_1_96' title='bbox 1294 1297 1452 1344; x_wconf 91' lang='lat' dir='ltr'>cum</span> <span class='ocrx_word' id='word_1_97' title='bbox 1508 1274 1646 1345; x_wconf 87' lang='lat' dir='ltr'>illis</span> <span class='ocrx_word' id='word_1_98' title='bbox 1697 1275 1763 1342; x_wconf 92' lang='lat' dir='ltr'>in</span> <span class='ocrx_word' id='word_1_99' title='bbox 1809 1287 1986 1344; x_wconf 90' lang='lat' dir='ltr'>terra</span> <span class='ocrx_word' id='word_1_100' title='bbox 2041 1275 2485 1365; x_wconf 84' lang='lat' dir='ltr'>corporaliter</span> <span class='ocrx_word' id='word_1_101' title='bbox 2532 1274 2727 1344; x_wconf 89' lang='lat' dir='ltr'>habi-</span> 
     </span>
     <span class='ocr_line' id='line_1_12' title="bbox 212 1362 2725 1453; baseline -0.003 -17"><span class='ocrx_word' id='word_1_102' title='bbox 212 1378 392 1436; x_wconf 80' lang='lat' dir='ltr'>tavit.</span> <span class='ocrx_word' id='word_1_103' title='bbox 460 1363 646 1433; x_wconf 90' lang='lat' dir='ltr'>Unde</span> <span class='ocrx_word' id='word_1_104' title='bbox 684 1376 807 1444; x_wconf 88' lang='lat' dir='ltr'>est,</span> <span class='ocrx_word' id='word_1_105' title='bbox 859 1363 1042 1450; x_wconf 91' lang='lat' dir='ltr'>quod</span> <span class='ocrx_word' id='word_1_106' title='bbox 1103 1362 1186 1431; x_wconf 87' lang='lat' dir='ltr'>ad</span> <span class='ocrx_word' id='word_1_107' title='bbox 1255 1364 1633 1433; x_wconf 86' lang='lat' dir='ltr'>Corinthios</span> <span class='ocrx_word' id='word_1_108' title='bbox 1700 1385 1815 1453; x_wconf 91' lang='lat' dir='ltr'>per</span> <span class='ocrx_word' id='word_1_109' title='bbox 1863 1365 2461 1453; x_wconf 87' lang='lat' dir='ltr'>interrogationem</span> <span class='ocrx_word' id='word_1_110' title='bbox 2523 1364 2725 1433; x_wconf 86' lang='lat' dir='ltr'>dicit:</span> 
     </span>
     <span class='ocr_line' id='line_1_13' title="bbox 210 1454 2730 1541; baseline -0.002 -15"><span class='ocrx_word' id='word_1_111' title='bbox 210 1462 349 1526; x_wconf 87' lang='lat' dir='ltr'>Non</span> <span class='ocrx_word' id='word_1_112' title='bbox 388 1477 535 1522; x_wconf 88' lang='lat' dir='ltr'>sum</span> <span class='ocrx_word' id='word_1_113' title='bbox 568 1454 966 1541; x_wconf 77' lang='lat' dir='ltr'>Apostolus?</span> <span class='ocrx_word' id='word_1_114' title='bbox 1010 1457 1233 1522; x_wconf 82' lang='lat' dir='ltr'>Nonne</span> <span class='ocrx_word' id='word_1_115' title='bbox 1277 1458 1504 1522; x_wconf 88' lang='lat' dir='ltr'>Jesum</span> <span class='ocrx_word' id='word_1_116' title='bbox 1539 1455 1887 1522; x_wconf 86' lang='lat' dir='ltr'>Dominum</span> <span class='ocrx_word' id='word_1_117' title='bbox 1934 1464 2231 1522; x_wconf 83' lang='lat' dir='ltr'>nostrum</span> <span class='ocrx_word' id='word_1_118' title='bbox 2263 1454 2407 1523; x_wconf 86' lang='lat' dir='ltr'>vidi</span> <span class='ocrx_word' id='word_1_119' title='bbox 2426 1455 2458 1520; x_wconf 74' lang='lat' dir='ltr'><em>P</em></span> <span class='ocrx_word' id='word_1_120' title='bbox 2505 1458 2730 1524; x_wconf 81' lang='lat' dir='ltr'>Nonne</span> 
     </span>
     <span class='ocr_line' id='line_1_14' title="bbox 212 1543 2733 1637; baseline -0.002 -22"><span class='ocrx_word' id='word_1_121' title='bbox 212 1567 373 1637; x_wconf 77' lang='lat' dir='ltr'>opus</span> <span class='ocrx_word' id='word_1_122' title='bbox 433 1565 651 1611; x_wconf 86' lang='lat' dir='ltr'>meum</span> <span class='ocrx_word' id='word_1_123' title='bbox 720 1566 829 1611; x_wconf 81' lang='lat' dir='ltr'>vos</span> <span class='ocrx_word' id='word_1_124' title='bbox 868 1543 1021 1610; x_wconf 86' lang='lat' dir='ltr'>estis</span> <span class='ocrx_word' id='word_1_125' title='bbox 1088 1544 1155 1610; x_wconf 86' lang='lat' dir='ltr'>in</span> <span class='ocrx_word' id='word_1_126' title='bbox 1204 1543 1534 1612; x_wconf 73' lang='lat' dir='ltr'>Domino?</span> <span class='ocrx_word' id='word_1_127' title='bbox 1568 1543 1662 1632; x_wconf 85' lang='lat' dir='ltr'>(l.</span> <span class='ocrx_word' id='word_1_128' title='bbox 1732 1547 1875 1613; x_wconf 81' lang='lat' dir='ltr'>Cor.</span> <span class='ocrx_word' id='word_1_129' title='bbox 1927 1547 2042 1627; x_wconf 84' lang='lat' dir='ltr'>1x).</span> <span class='ocrx_word' id='word_1_130' title='bbox 2099 1546 2227 1612; x_wconf 88' lang='lat' dir='ltr'>Deo</span> <span class='ocrx_word' id='word_1_131' title='bbox 2275 1543 2504 1630; x_wconf 86' lang='lat' dir='ltr'>itaque</span> <span class='ocrx_word' id='word_1_132' title='bbox 2553 1563 2733 1612; x_wconf 88' lang='lat' dir='ltr'>reve-</span> 
     </span>
     <span class='ocr_line' id='line_1_15' title="bbox 215 1630 2733 1722; baseline -0.001 -19"><span class='ocrx_word' id='word_1_133' title='bbox 215 1634 416 1712; x_wconf 88' lang='lat' dir='ltr'>lante,</span> <span class='ocrx_word' id='word_1_134' title='bbox 453 1631 536 1700; x_wconf 90' lang='lat' dir='ltr'>ad</span> <span class='ocrx_word' id='word_1_135' title='bbox 580 1644 834 1701; x_wconf 88' lang='lat' dir='ltr'>tantam</span> <span class='ocrx_word' id='word_1_136' title='bbox 890 1630 1187 1721; x_wconf 79' lang='lat' dir='ltr'>pervenit</span> <span class='ocrx_word' id='word_1_137' title='bbox 1226 1631 1547 1701; x_wconf 85' lang='lat' dir='ltr'>scientiae</span> <span class='ocrx_word' id='word_1_138' title='bbox 1600 1630 2120 1721; x_wconf 87' lang='lat' dir='ltr'>plenitudinem,</span> <span class='ocrx_word' id='word_1_139' title='bbox 2174 1644 2378 1719; x_wconf 90' lang='lat' dir='ltr'>atque</span> <span class='ocrx_word' id='word_1_140' title='bbox 2435 1632 2527 1701; x_wconf 89' lang='lat' dir='ltr'>ita</span> <span class='ocrx_word' id='word_1_141' title='bbox 2584 1653 2733 1722; x_wconf 90' lang='lat' dir='ltr'>per-</span> 
     </span>
     <span class='ocr_line' id='line_1_16' title="bbox 213 1720 2733 1810; baseline -0.001 -18"><span class='ocrx_word' id='word_1_142' title='bbox 213 1724 463 1793; x_wconf 91' lang='lat' dir='ltr'>ductus</span> <span class='ocrx_word' id='word_1_143' title='bbox 511 1733 611 1791; x_wconf 90' lang='lat' dir='ltr'>est</span> <span class='ocrx_word' id='word_1_144' title='bbox 669 1721 739 1790; x_wconf 89' lang='lat' dir='ltr'>in</span> <span class='ocrx_word' id='word_1_145' title='bbox 808 1741 1078 1790; x_wconf 91' lang='lat' dir='ltr'>omnem</span> <span class='ocrx_word' id='word_1_146' title='bbox 1154 1720 1594 1810; x_wconf 89' lang='lat' dir='ltr'>Evangelicae</span> <span class='ocrx_word' id='word_1_147' title='bbox 1655 1720 1930 1810; x_wconf 90' lang='lat' dir='ltr'>regulae</span> <span class='ocrx_word' id='word_1_148' title='bbox 2000 1720 2370 1802; x_wconf 89' lang='lat' dir='ltr'>veritatem,</span> <span class='ocrx_word' id='word_1_149' title='bbox 2441 1735 2513 1790; x_wconf 93' lang='lat' dir='ltr'>ut</span> <span class='ocrx_word' id='word_1_150' title='bbox 2574 1743 2733 1790; x_wconf 90' lang='lat' dir='ltr'>cum</span> 
     </span>
     <span class='ocr_line' id='line_1_17' title="bbox 215 1809 2737 1913; baseline -0.002 -31"><span class='ocrx_word' id='word_1_151' title='bbox 215 1833 451 1883; x_wconf 89' lang='lat' dir='ltr'>omnes</span> <span class='ocrx_word' id='word_1_152' title='bbox 528 1822 997 1899; x_wconf 88' lang='lat' dir='ltr'>superessent,</span> <span class='ocrx_word' id='word_1_153' title='bbox 1067 1809 1534 1899; x_wconf 80' lang='lat' dir='ltr'>Apostolorum</span> <span class='ocrx_word' id='word_1_154' title='bbox 1599 1810 1990 1900; x_wconf 88' lang='lat' dir='ltr'>magisterio</span> <span class='ocrx_word' id='word_1_155' title='bbox 2055 1832 2189 1879; x_wconf 89' lang='lat' dir='ltr'>non</span> <span class='ocrx_word' id='word_1_156' title='bbox 2256 1821 2503 1913; x_wconf 79' lang='lat' dir='ltr'>egeret.</span> <span class='ocrx_word' id='word_1_157' title='bbox 2562 1810 2737 1878; x_wconf 91' lang='lat' dir='ltr'>Hinc</span> 
     </span>
     <span class='ocr_line' id='line_1_18' title="bbox 215 1898 2737 2001; baseline -0.001 -31"><span class='ocrx_word' id='word_1_158' title='bbox 215 1914 339 1982; x_wconf 90' lang='lat' dir='ltr'>est,</span> <span class='ocrx_word' id='word_1_159' title='bbox 374 1899 553 1987; x_wconf 89' lang='lat' dir='ltr'>quod</span> <span class='ocrx_word' id='word_1_160' title='bbox 620 1898 703 1968; x_wconf 90' lang='lat' dir='ltr'>ad</span> <span class='ocrx_word' id='word_1_161' title='bbox 756 1898 1024 1968; x_wconf 84' lang='lat' dir='ltr'>Galatas</span> <span class='ocrx_word' id='word_1_162' title='bbox 1059 1898 1246 1968; x_wconf 86' lang='lat' dir='ltr'>dicit:</span> <span class='ocrx_word' id='word_1_163' title='bbox 1291 1904 1453 1970; x_wconf 89' lang='lat' dir='ltr'>Cum</span> <span class='ocrx_word' id='word_1_164' title='bbox 1500 1910 1724 1968; x_wconf 88' lang='lat' dir='ltr'>autem</span> <span class='ocrx_word' id='word_1_165' title='bbox 1754 1900 2016 2001; x_wconf 76' lang='lat' dir='ltr'>placuit</span> <span class='ocrx_word' id='word_1_166' title='bbox 2057 1901 2140 1980; x_wconf 85' lang='lat' dir='ltr'>ei,</span> <span class='ocrx_word' id='word_1_167' title='bbox 2194 1924 2309 1989; x_wconf 81' lang='lat' dir='ltr'>qui</span> <span class='ocrx_word' id='word_1_168' title='bbox 2355 1922 2458 1968; x_wconf 91' lang='lat' dir='ltr'>me</span> <span class='ocrx_word' id='word_1_169' title='bbox 2521 1922 2737 1990; x_wconf 73' lang='lat' dir='ltr'>seqre·</span> 
     </span>
     <span class='ocr_line' id='line_1_19' title="bbox 215 1990 2737 2083; baseline -0.001 -25"><span class='ocrx_word' id='word_1_170' title='bbox 215 1992 532 2083; x_wconf 70' lang='lat' dir='ltr'>9avite&lt;12</span> <span class='ocrx_word' id='word_1_171' title='bbox 575 1998 763 2057; x_wconf 83' lang='lat' dir='ltr'>utero</span> <span class='ocrx_word' id='word_1_172' title='bbox 838 1990 1073 2056; x_wconf 86' lang='lat' dir='ltr'>matris</span> <span class='ocrx_word' id='word_1_173' title='bbox 1120 2011 1328 2067; x_wconf 87' lang='lat' dir='ltr'>meae,</span> <span class='ocrx_word' id='word_1_174' title='bbox 1406 1998 1467 2057; x_wconf 90' lang='lat' dir='ltr'>et</span> <span class='ocrx_word' id='word_1_175' title='bbox 1528 1999 1788 2058; x_wconf 79' lang='lat' dir='ltr'>vocavit</span> <span class='ocrx_word' id='word_1_176' title='bbox 1833 2013 1954 2078; x_wconf 83' lang='lat' dir='ltr'>per</span> <span class='ocrx_word' id='word_1_177' title='bbox 2018 1990 2318 2079; x_wconf 73' lang='lat' dir='ltr'>qratiam</span> <span class='ocrx_word' id='word_1_178' title='bbox 2382 2011 2606 2068; x_wconf 89' lang='lat' dir='ltr'>suam,</span> <span class='ocrx_word' id='word_1_179' title='bbox 2664 1998 2737 2056; x_wconf 82' lang='lat' dir='ltr'>ut</span> 
     </span>
     <span class='ocr_line' id='line_1_20' title="bbox 215 2078 2736 2168; baseline -0.001 -19"><span class='ocrx_word' id='word_1_180' title='bbox 215 2082 546 2149; x_wconf 76' lang='lat' dir='ltr'>revelaret</span> <span class='ocrx_word' id='word_1_181' title='bbox 590 2079 809 2166; x_wconf 73' lang='lat' dir='ltr'>filium</span> <span class='ocrx_word' id='word_1_182' title='bbox 876 2100 1072 2146; x_wconf 83' lang='lat' dir='ltr'>suum</span> <span class='ocrx_word' id='word_1_183' title='bbox 1119 2080 1190 2146; x_wconf 86' lang='lat' dir='ltr'>in</span> <span class='ocrx_word' id='word_1_184' title='bbox 1261 2100 1364 2146; x_wconf 92' lang='lat' dir='ltr'>me</span> <span class='ocrx_word' id='word_1_185' title='bbox 1396 2133 1411 2158; x_wconf 91' lang='lat'>,</span> <span class='ocrx_word' id='word_1_186' title='bbox 1463 2088 1538 2147; x_wconf 85' lang='lat' dir='ltr'>ut</span> <span class='ocrx_word' id='word_1_187' title='bbox 1578 2079 2118 2168; x_wconf 62' lang='lat' dir='ltr'>evangelizarem</span> <span class='ocrx_word' id='word_1_188' title='bbox 2165 2079 2363 2147; x_wconf 84' lang='lat' dir='ltr'>illum</span> <span class='ocrx_word' id='word_1_189' title='bbox 2409 2078 2736 2168; x_wconf 63' lang='lat' dir='ltr'>gentibus,</span> 
     </span>
     <span class='ocr_line' id='line_1_21' title="bbox 221 2167 2798 2259; baseline -0 -21"><span class='ocrx_word' id='word_1_190' title='bbox 221 2169 525 2238; x_wconf 86' lang='lat' dir='ltr'>continuo</span> <span class='ocrx_word' id='word_1_191' title='bbox 572 2190 701 2236; x_wconf 87' lang='lat' dir='ltr'>non</span> <span class='ocrx_word' id='word_1_192' title='bbox 748 2167 1058 2257; x_wconf 84' lang='lat' dir='ltr'>acquievi</span> <span class='ocrx_word' id='word_1_193' title='bbox 1102 2169 1295 2236; x_wconf 86' lang='lat' dir='ltr'>carni</span> <span class='ocrx_word' id='word_1_194' title='bbox 1331 2178 1393 2236; x_wconf 87' lang='lat' dir='ltr'>et</span> <span class='ocrx_word' id='word_1_195' title='bbox 1429 2168 1769 2256; x_wconf 71' lang='lat' dir='ltr'>sanquini‚</span> <span class='ocrx_word' id='word_1_196' title='bbox 1823 2190 2033 2259; x_wconf 83' lang='lat' dir='ltr'>neque</span> <span class='ocrx_word' id='word_1_197' title='bbox 2079 2168 2237 2236; x_wconf 86' lang='lat' dir='ltr'>veni</span> <span class='ocrx_word' id='word_1_198' title='bbox 2261 2168 2741 2258; x_wconf 64' lang='lat' dir='ltr'>«lerosolymam</span> <span class='ocrx_word' id='word_1_199' title='bbox 2793 2231 2798 2237; x_wconf 89' lang='lat'><em>.</em></span> 
     </span>
     <span class='ocr_line' id='line_1_22' title="bbox 221 2254 2739 2348; baseline 0 -23"><span class='ocrx_word' id='word_1_200' title='bbox 221 2257 313 2326; x_wconf 78' lang='lat' dir='ltr'>acl</span> <span class='ocrx_word' id='word_1_201' title='bbox 352 2266 789 2325; x_wconf 83' lang='lat' dir='ltr'>antecessores</span> <span class='ocrx_word' id='word_1_202' title='bbox 836 2278 1011 2325; x_wconf 89' lang='lat' dir='ltr'>meos</span> <span class='ocrx_word' id='word_1_203' title='bbox 1042 2259 1402 2348; x_wconf 66' lang='lat' dir='ltr'>Apostolos,</span> <span class='ocrx_word' id='word_1_204' title='bbox 1459 2254 1744 2338; x_wconf 89' lang='lat' dir='ltr'>Quando</span> <span class='ocrx_word' id='word_1_205' title='bbox 1784 2269 2006 2325; x_wconf 88' lang='lat' dir='ltr'>autem</span> <span class='ocrx_word' id='word_1_206' title='bbox 2044 2256 2218 2337; x_wconf 84' lang='lat' dir='ltr'>ierit,</span> <span class='ocrx_word' id='word_1_207' title='bbox 2270 2279 2308 2325; x_wconf 89' lang='lat' dir='ltr'>a</span> <span class='ocrx_word' id='word_1_208' title='bbox 2361 2257 2536 2325; x_wconf 90' lang='lat' dir='ltr'>eruit</span> <span class='ocrx_word' id='word_1_209' title='bbox 2583 2277 2739 2325; x_wconf 91' lang='lat' dir='ltr'>cum</span> 
     </span>
     <span class='ocr_line' id='line_1_23' title="bbox 223 2344 2742 2436; baseline 0 -22"><span class='ocrx_word' id='word_1_210' title='bbox 223 2344 606 2435; x_wconf 88' lang='lat' dir='ltr'>subjungit:</span> <span class='ocrx_word' id='word_1_211' title='bbox 647 2345 894 2414; x_wconf 80' lang='lat' dir='ltr'>Deinde</span> <span class='ocrx_word' id='word_1_212' title='bbox 924 2356 1070 2436; x_wconf 87' lang='lat' dir='ltr'>post</span> <span class='ocrx_word' id='word_1_213' title='bbox 1102 2367 1307 2414; x_wconf 85' lang='lat' dir='ltr'>annos</span> <span class='ocrx_word' id='word_1_214' title='bbox 1363 2355 1493 2414; x_wconf 85' lang='lat' dir='ltr'>tres</span> <span class='ocrx_word' id='word_1_215' title='bbox 1520 2347 1676 2414; x_wconf 83' lang='lat' dir='ltr'>veni</span> <span class='ocrx_word' id='word_1_216' title='bbox 1705 2347 2191 2436; x_wconf 78' lang='lat' dir='ltr'>Jerosolymam</span> <span class='ocrx_word' id='word_1_217' title='bbox 2220 2348 2293 2415; x_wconf 85' lang='lat' dir='ltr'>vi</span> <span class='ocrx_word' id='word_1_218' title='bbox 2338 2369 2445 2415; x_wconf 87' lang='lat' dir='ltr'>ere</span> <span class='ocrx_word' id='word_1_219' title='bbox 2477 2351 2742 2415; x_wconf 80' lang='lat' dir='ltr'>Petrum</span> 
     </span>
     <span class='ocr_line' id='line_1_24' title="bbox 219 2432 1355 2526; baseline -0.003 -20"><span class='ocrx_word' id='word_1_220' title='bbox 219 2435 401 2526; x_wconf 87' lang='lat' dir='ltr'>(Gal.</span> <span class='ocrx_word' id='word_1_221' title='bbox 453 2432 542 2524; x_wconf 88' lang='lat'>1):</span> <span class='ocrx_word' id='word_1_222' title='bbox 590 2433 837 2514; x_wconf 86' lang='lat' dir='ltr'>videre,</span> <span class='ocrx_word' id='word_1_223' title='bbox 889 2455 1021 2504; x_wconf 90' lang='lat' dir='ltr'>non</span> <span class='ocrx_word' id='word_1_224' title='bbox 1072 2433 1355 2505; x_wconf 82' lang='lat' dir='ltr'>discere.</span> 
     </span>
    </p>

    <p class='ocr_par' dir='ltr' id='par_1_3' title="bbox 223 2522 2838 4573">
     <span class='ocr_line' id='line_1_25' title="bbox 310 2522 2739 2616; baseline -0.001 -19"><span class='ocrx_word' id='word_1_225' title='bbox 310 2528 346 2612; x_wconf 64' lang='grc' dir='ltr'>ξ</span> <span class='ocrx_word' id='word_1_226' title='bbox 390 2528 482 2597; x_wconf 70' lang='grc'>3.</span> <span class='ocrx_word' id='word_1_227' title='bbox 534 2524 659 2594; x_wconf 92' lang='lat' dir='ltr'>Sed</span> <span class='ocrx_word' id='word_1_228' title='bbox 708 2523 889 2594; x_wconf 87' lang='lat' dir='ltr'>dicat</span> <span class='ocrx_word' id='word_1_229' title='bbox 927 2522 1215 2611; x_wconf 86' lang='lat' dir='ltr'>aliquis:</span> <span class='ocrx_word' id='word_1_230' title='bbox 1270 2524 1392 2593; x_wconf 90' lang='lat' dir='ltr'>Hic</span> <span class='ocrx_word' id='word_1_231' title='bbox 1451 2546 1673 2595; x_wconf 88' lang='lat' dir='ltr'>sermo</span> <span class='ocrx_word' id='word_1_232' title='bbox 1726 2547 1855 2594; x_wconf 90' lang='lat' dir='ltr'>non</span> <span class='ocrx_word' id='word_1_233' title='bbox 1917 2529 2166 2597; x_wconf 89' lang='lat' dir='ltr'>Lucam</span> <span class='ocrx_word' id='word_1_234' title='bbox 2211 2524 2739 2616; x_wconf 88' lang='lat' dir='ltr'>Evangelistam,</span> 
     </span>
     <span class='ocr_line' id='line_1_26' title="bbox 223 2612 2743 2705; baseline -0.002 -19"><span class='ocrx_word' id='word_1_235' title='bbox 223 2615 401 2686; x_wconf 88' lang='lat' dir='ltr'>sicut</span> <span class='ocrx_word' id='word_1_236' title='bbox 451 2613 873 2704; x_wconf 88' lang='lat' dir='ltr'>promiserat,</span> <span class='ocrx_word' id='word_1_237' title='bbox 948 2613 1272 2702; x_wconf 91' lang='lat' dir='ltr'>loquitur,</span> <span class='ocrx_word' id='word_1_238' title='bbox 1345 2612 1462 2682; x_wconf 90' lang='lat' dir='ltr'>sed</span> <span class='ocrx_word' id='word_1_239' title='bbox 1531 2614 1599 2682; x_wconf 90' lang='lat' dir='ltr'>in</span> <span class='ocrx_word' id='word_1_240' title='bbox 1673 2614 1863 2685; x_wconf 89' lang='lat' dir='ltr'>Pauli</span> <span class='ocrx_word' id='word_1_241' title='bbox 1915 2613 2210 2705; x_wconf 76' lang='lat' dir='ltr'>Apostoli</span> <span class='ocrx_word' id='word_1_242' title='bbox 2277 2614 2743 2704; x_wconf 90' lang='lat' dir='ltr'>disputatione</span> 
     </span>
     <span class='ocr_line' id='line_1_27' title="bbox 224 2701 2741 2804; baseline 0 -32"><span class='ocrx_word' id='word_1_243' title='bbox 224 2716 553 2774; x_wconf 88' lang='lat' dir='ltr'>versatur.</span> <span class='ocrx_word' id='word_1_244' title='bbox 614 2708 857 2773; x_wconf 88' lang='lat' dir='ltr'>Verum</span> <span class='ocrx_word' id='word_1_245' title='bbox 902 2701 1124 2792; x_wconf 89' lang='lat' dir='ltr'>plane,</span> <span class='ocrx_word' id='word_1_246' title='bbox 1182 2723 1302 2772; x_wconf 92' lang='lat' dir='ltr'>nec</span> <span class='ocrx_word' id='word_1_247' title='bbox 1350 2724 1722 2804; x_wconf 87' lang='lat' dir='ltr'>possumus</span> <span class='ocrx_word' id='word_1_248' title='bbox 1760 2702 2058 2773; x_wconf 82' lang='lat' dir='ltr'>diffiteri.</span> <span class='ocrx_word' id='word_1_249' title='bbox 2113 2701 2240 2772; x_wconf 91' lang='lat' dir='ltr'>Sed</span> <span class='ocrx_word' id='word_1_250' title='bbox 2281 2725 2442 2772; x_wconf 89' lang='lat' dir='ltr'>cum</span> <span class='ocrx_word' id='word_1_251' title='bbox 2500 2703 2741 2773; x_wconf 86' lang='lat' dir='ltr'>beatus</span> 
     </span>
     <span class='ocr_line' id='line_1_28' title="bbox 229 2791 2742 2881; baseline -0.001 -19"><span class='ocrx_word' id='word_1_252' title='bbox 229 2799 439 2862; x_wconf 87' lang='lat' dir='ltr'>Lucas</span> <span class='ocrx_word' id='word_1_253' title='bbox 497 2791 802 2881; x_wconf 88' lang='lat' dir='ltr'>ejusdem</span> <span class='ocrx_word' id='word_1_254' title='bbox 865 2791 1161 2881; x_wconf 83' lang='lat' dir='ltr'>Apostoli</span> <span class='ocrx_word' id='word_1_255' title='bbox 1223 2791 1620 2862; x_wconf 81' lang='lat' dir='ltr'>individuus</span> <span class='ocrx_word' id='word_1_256' title='bbox 1658 2814 1886 2863; x_wconf 90' lang='lat' dir='ltr'>comes</span> <span class='ocrx_word' id='word_1_257' title='bbox 1932 2791 2245 2872; x_wconf 87' lang='lat' dir='ltr'>extiterit,</span> <span class='ocrx_word' id='word_1_258' title='bbox 2285 2805 2489 2879; x_wconf 87' lang='lat' dir='ltr'>atque</span> <span class='ocrx_word' id='word_1_259' title='bbox 2523 2791 2611 2861; x_wconf 89' lang='lat' dir='ltr'>ab</span> <span class='ocrx_word' id='word_1_260' title='bbox 2661 2811 2742 2859; x_wconf 91' lang='lat' dir='ltr'>eo</span> 
     </span>
     <span class='ocr_line' id='line_1_29' title="bbox 223 2879 2743 2971; baseline -0 -21"><span class='ocrx_word' id='word_1_261' title='bbox 223 2881 539 2951; x_wconf 85' lang='lat' dir='ltr'>didicerit</span> <span class='ocrx_word' id='word_1_262' title='bbox 574 2903 776 2951; x_wconf 88' lang='lat' dir='ltr'>omne</span> <span class='ocrx_word' id='word_1_263' title='bbox 822 2881 1001 2970; x_wconf 90' lang='lat' dir='ltr'>quod</span> <span class='ocrx_word' id='word_1_264' title='bbox 1061 2880 1355 2971; x_wconf 90' lang='lat' dir='ltr'>scripsit,</span> <span class='ocrx_word' id='word_1_265' title='bbox 1400 2881 1517 2951; x_wconf 91' lang='lat' dir='ltr'>ubi</span> <span class='ocrx_word' id='word_1_266' title='bbox 1568 2882 1969 2970; x_wconf 85' lang='lat' dir='ltr'>dignitatem</span> <span class='ocrx_word' id='word_1_267' title='bbox 2025 2879 2483 2971; x_wconf 90' lang='lat' dir='ltr'>praeceptoris</span> <span class='ocrx_word' id='word_1_268' title='bbox 2515 2880 2743 2970; x_wconf 82' lang='lat' dir='ltr'>expri-</span> 
     </span>
     <span class='ocr_line' id='line_1_30' title="bbox 228 2968 2747 3059; baseline -0.002 -19"><span class='ocrx_word' id='word_1_269' title='bbox 228 2971 505 3048; x_wconf 87' lang='lat' dir='ltr'>mimus,</span> <span class='ocrx_word' id='word_1_270' title='bbox 577 2971 840 3039; x_wconf 91' lang='lat' dir='ltr'>alumni</span> <span class='ocrx_word' id='word_1_271' title='bbox 891 2992 1162 3058; x_wconf 87' lang='lat' dir='ltr'>quoque</span> <span class='ocrx_word' id='word_1_272' title='bbox 1231 2970 1670 3059; x_wconf 89' lang='lat' dir='ltr'>praeconium</span> <span class='ocrx_word' id='word_1_273' title='bbox 1727 2993 1858 3040; x_wconf 90' lang='lat' dir='ltr'>non</span> <span class='ocrx_word' id='word_1_274' title='bbox 1928 2983 2254 3041; x_wconf 84' lang='lat' dir='ltr'>tacemus.</span> <span class='ocrx_word' id='word_1_275' title='bbox 2320 2974 2396 3037; x_wconf 91' lang='lat' dir='ltr'>Et</span> <span class='ocrx_word' id='word_1_276' title='bbox 2446 2968 2747 3039; x_wconf 88' lang='lat' dir='ltr'>doctoris</span> 
     </span>
     <span class='ocr_line' id='line_1_31' title="bbox 227 3057 2749 3150; baseline -0.001 -21"><span class='ocrx_word' id='word_1_277' title='bbox 227 3060 378 3130; x_wconf 89' lang='lat' dir='ltr'>laus</span> <span class='ocrx_word' id='word_1_278' title='bbox 442 3059 775 3129; x_wconf 88' lang='lat' dir='ltr'>redundat</span> <span class='ocrx_word' id='word_1_279' title='bbox 840 3060 907 3128; x_wconf 92' lang='lat' dir='ltr'>in</span> <span class='ocrx_word' id='word_1_280' title='bbox 949 3060 1393 3148; x_wconf 90' lang='lat' dir='ltr'>discipulum,</span> <span class='ocrx_word' id='word_1_281' title='bbox 1462 3060 1628 3130; x_wconf 90' lang='lat' dir='ltr'>dum</span> <span class='ocrx_word' id='word_1_282' title='bbox 1680 3057 2123 3150; x_wconf 87' lang='lat' dir='ltr'>Evangelicae</span> <span class='ocrx_word' id='word_1_283' title='bbox 2174 3057 2471 3128; x_wconf 89' lang='lat' dir='ltr'>veritatis</span> <span class='ocrx_word' id='word_1_284' title='bbox 2537 3058 2749 3127; x_wconf 89' lang='lat' dir='ltr'>histo-</span> 
     </span>
     <span class='ocr_line' id='line_1_32' title="bbox 228 3147 2749 3238; baseline -0.001 -21"><span class='ocrx_word' id='word_1_285' title='bbox 228 3150 427 3227; x_wconf 86' lang='lat' dir='ltr'>riam,</span> <span class='ocrx_word' id='word_1_286' title='bbox 469 3170 676 3235; x_wconf 89' lang='lat' dir='ltr'>quam</span> <span class='ocrx_word' id='word_1_287' title='bbox 715 3148 827 3217; x_wconf 92' lang='lat' dir='ltr'>ille</span> <span class='ocrx_word' id='word_1_288' title='bbox 887 3148 1221 3218; x_wconf 88' lang='lat' dir='ltr'>divinitus</span> <span class='ocrx_word' id='word_1_289' title='bbox 1255 3148 1517 3228; x_wconf 90' lang='lat' dir='ltr'>didicit,</span> <span class='ocrx_word' id='word_1_290' title='bbox 1563 3149 1672 3218; x_wconf 91' lang='lat' dir='ltr'>hic</span> <span class='ocrx_word' id='word_1_291' title='bbox 1730 3170 1809 3217; x_wconf 84' lang='lat' dir='ltr'>ex</span> <span class='ocrx_word' id='word_1_292' title='bbox 1856 3149 2007 3238; x_wconf 90' lang='lat' dir='ltr'>ejus</span> <span class='ocrx_word' id='word_1_293' title='bbox 2046 3169 2161 3217; x_wconf 91' lang='lat' dir='ltr'>ore</span> <span class='ocrx_word' id='word_1_294' title='bbox 2205 3147 2613 3237; x_wconf 87' lang='lat' dir='ltr'>percipiens,</span> <span class='ocrx_word' id='word_1_295' title='bbox 2673 3147 2749 3215; x_wconf 78' lang='lat' dir='ltr'>fi-</span> 
     </span>
     <span class='ocr_line' id='line_1_33' title="bbox 226 3236 2753 3327; baseline -0.001 -21"><span class='ocrx_word' id='word_1_296' title='bbox 226 3237 465 3307; x_wconf 87' lang='lat' dir='ltr'>deliter</span> <span class='ocrx_word' id='word_1_297' title='bbox 494 3237 810 3326; x_wconf 88' lang='lat' dir='ltr'>apicibus</span> <span class='ocrx_word' id='word_1_298' title='bbox 849 3238 1168 3307; x_wconf 80' lang='lat' dir='ltr'>exaravit.</span> <span class='ocrx_word' id='word_1_299' title='bbox 1223 3242 1526 3320; x_wconf 88' lang='lat' dir='ltr'>Quantae</span> <span class='ocrx_word' id='word_1_300' title='bbox 1572 3259 1734 3327; x_wconf 87' lang='lat' dir='ltr'>ergo</span> <span class='ocrx_word' id='word_1_301' title='bbox 1767 3236 2147 3326; x_wconf 81' lang='lat' dir='ltr'>dignitatiS,</span> <span class='ocrx_word' id='word_1_302' title='bbox 2201 3249 2632 3324; x_wconf 84' lang='lat' dir='ltr'>quantaeque</span> <span class='ocrx_word' id='word_1_303' title='bbox 2666 3236 2753 3304; x_wconf 89' lang='lat' dir='ltr'>sit</span> 
     </span>
     <span class='ocr_line' id='line_1_34' title="bbox 227 3324 2748 3415; baseline -0.001 -20"><span class='ocrx_word' id='word_1_304' title='bbox 227 3326 662 3396; x_wconf 86' lang='lat' dir='ltr'>excellentiae</span> <span class='ocrx_word' id='word_1_305' title='bbox 711 3326 946 3396; x_wconf 88' lang='lat' dir='ltr'>beatus</span> <span class='ocrx_word' id='word_1_306' title='bbox 998 3331 1234 3407; x_wconf 79' lang='lat' dir='ltr'>LucaS,</span> <span class='ocrx_word' id='word_1_307' title='bbox 1300 3326 1367 3393; x_wconf 91' lang='lat' dir='ltr'>in</span> <span class='ocrx_word' id='word_1_308' title='bbox 1438 3326 1568 3395; x_wconf 92' lang='lat' dir='ltr'>hoc</span> <span class='ocrx_word' id='word_1_309' title='bbox 1620 3326 1884 3414; x_wconf 90' lang='lat' dir='ltr'>liquido</span> <span class='ocrx_word' id='word_1_310' title='bbox 1951 3324 2512 3415; x_wconf 86' lang='lat' dir='ltr'>deprehenditur,</span> <span class='ocrx_word' id='word_1_311' title='bbox 2587 3325 2748 3412; x_wconf 89' lang='lat' dir='ltr'>quia</span> 
     </span>
     <span class='ocr_line' id='line_1_35' title="bbox 228 3413 2838 3501; baseline -0.001 -16"><span class='ocrx_word' id='word_1_312' title='bbox 228 3437 386 3485; x_wconf 88' lang='lat' dir='ltr'>cum</span> <span class='ocrx_word' id='word_1_313' title='bbox 426 3419 689 3483; x_wconf 87' lang='lat' dir='ltr'>Marcus</span> <span class='ocrx_word' id='word_1_314' title='bbox 736 3437 776 3482; x_wconf 90' lang='lat' dir='ltr'>a</span> <span class='ocrx_word' id='word_1_315' title='bbox 816 3415 1008 3483; x_wconf 89' lang='lat' dir='ltr'>beato</span> <span class='ocrx_word' id='word_1_316' title='bbox 1053 3420 1239 3484; x_wconf 89' lang='lat' dir='ltr'>Petro</span> <span class='ocrx_word' id='word_1_317' title='bbox 1280 3413 1583 3495; x_wconf 82' lang='lat' dir='ltr'>edoctuS,</span> <span class='ocrx_word' id='word_1_318' title='bbox 1648 3429 1713 3484; x_wconf 85' lang='lat' dir='ltr'>et</span> <span class='ocrx_word' id='word_1_319' title='bbox 1754 3415 2129 3485; x_wconf 89' lang='lat' dir='ltr'>Matthaeus</span> <span class='ocrx_word' id='word_1_320' title='bbox 2171 3428 2370 3501; x_wconf 90' lang='lat' dir='ltr'>atque</span> <span class='ocrx_word' id='word_1_321' title='bbox 2425 3422 2748 3493; x_wconf 78' lang='lat' dir='ltr'>JoanneS‚</span> <span class='ocrx_word' id='word_1_322' title='bbox 2833 3417 2838 3420; x_wconf 47' lang='lat'><strong>⁴</strong></span> 
     </span>
     <span class='ocr_line' id='line_1_36' title="bbox 229 3503 2752 3603; baseline -0.001 -30"><span class='ocrx_word' id='word_1_323' title='bbox 229 3504 348 3591; x_wconf 89' lang='lat' dir='ltr'>qui</span> <span class='ocrx_word' id='word_1_324' title='bbox 385 3504 824 3593; x_wconf 86' lang='lat' dir='ltr'>Evangelium</span> <span class='ocrx_word' id='word_1_325' title='bbox 861 3503 1393 3593; x_wconf 90' lang='lat' dir='ltr'>descripserunt,</span> <span class='ocrx_word' id='word_1_326' title='bbox 1439 3503 1914 3595; x_wconf 86' lang='lat' dir='ltr'>Redemptoris</span> <span class='ocrx_word' id='word_1_327' title='bbox 1964 3504 2179 3573; x_wconf 90' lang='lat' dir='ltr'>nostri</span> <span class='ocrx_word' id='word_1_328' title='bbox 2232 3517 2418 3603; x_wconf 80' lang='lat' dir='ltr'>gesta</span> <span class='ocrx_word' id='word_1_329' title='bbox 2456 3505 2520 3573; x_wconf 90' lang='lat' dir='ltr'>in</span> <span class='ocrx_word' id='word_1_330' title='bbox 2579 3517 2752 3573; x_wconf 87' lang='lat' dir='ltr'>terra</span> 
     </span>
     <span class='ocr_line' id='line_1_37' title="bbox 231 3591 2757 3683; baseline -0.001 -20"><span class='ocrx_word' id='word_1_331' title='bbox 231 3593 619 3672; x_wconf 84' lang='lat' dir='ltr'>didicerint,</span> <span class='ocrx_word' id='word_1_332' title='bbox 674 3591 798 3660; x_wconf 88' lang='lat' dir='ltr'>iste</span> <span class='ocrx_word' id='word_1_333' title='bbox 858 3592 1044 3662; x_wconf 91' lang='lat' dir='ltr'>solus</span> <span class='ocrx_word' id='word_1_334' title='bbox 1090 3593 1197 3682; x_wconf 93' lang='lat' dir='ltr'>(ut</span> <span class='ocrx_word' id='word_1_335' title='bbox 1254 3592 1348 3660; x_wconf 89' lang='lat' dir='ltr'>ita</span> <span class='ocrx_word' id='word_1_336' title='bbox 1414 3591 1683 3683; x_wconf 85' lang='lat' dir='ltr'>loquar)</span> <span class='ocrx_word' id='word_1_337' title='bbox 1752 3593 1876 3665; x_wconf 91' lang='lat' dir='ltr'>hoc</span> <span class='ocrx_word' id='word_1_338' title='bbox 1935 3592 2376 3683; x_wconf 79' lang='lat' dir='ltr'>Evangelium</span> <span class='ocrx_word' id='word_1_339' title='bbox 2458 3594 2757 3664; x_wconf 87' lang='lat' dir='ltr'>scribere</span> 
     </span>
     <span class='ocr_line' id='line_1_38' title="bbox 235 3679 2756 3770; baseline -0.001 -18"><span class='ocrx_word' id='word_1_340' title='bbox 235 3682 505 3763; x_wconf 90' lang='lat' dir='ltr'>meruit,</span> <span class='ocrx_word' id='word_1_341' title='bbox 550 3680 729 3768; x_wconf 91' lang='lat' dir='ltr'>quod</span> <span class='ocrx_word' id='word_1_342' title='bbox 771 3680 854 3750; x_wconf 93' lang='lat' dir='ltr'>de</span> <span class='ocrx_word' id='word_1_343' title='bbox 901 3680 1086 3750; x_wconf 91' lang='lat' dir='ltr'>coelo</span> <span class='ocrx_word' id='word_1_344' title='bbox 1119 3679 1492 3760; x_wconf 90' lang='lat' dir='ltr'>descendit,</span> <span class='ocrx_word' id='word_1_345' title='bbox 1545 3681 1711 3751; x_wconf 92' lang='lat' dir='ltr'>dum</span> <span class='ocrx_word' id='word_1_346' title='bbox 1751 3682 2011 3753; x_wconf 90' lang='lat' dir='ltr'>scilicet</span> <span class='ocrx_word' id='word_1_347' title='bbox 2059 3683 2187 3751; x_wconf 90' lang='lat' dir='ltr'>hoc</span> <span class='ocrx_word' id='word_1_348' title='bbox 2230 3683 2522 3770; x_wconf 85' lang='lat' dir='ltr'>Spiritus</span> <span class='ocrx_word' id='word_1_349' title='bbox 2588 3687 2756 3752; x_wconf 88' lang='lat' dir='ltr'>San-</span> 
     </span>
     <span class='ocr_line' id='line_1_39' title="bbox 233 3769 2753 3861; baseline -0.001 -19"><span class='ocrx_word' id='word_1_350' title='bbox 233 3785 385 3842; x_wconf 89' lang='lat' dir='ltr'>ctus</span> <span class='ocrx_word' id='word_1_351' title='bbox 419 3770 619 3840; x_wconf 89' lang='lat' dir='ltr'>Paulo</span> <span class='ocrx_word' id='word_1_352' title='bbox 652 3769 934 3840; x_wconf 89' lang='lat' dir='ltr'>coelitus</span> <span class='ocrx_word' id='word_1_353' title='bbox 971 3769 1308 3850; x_wconf 83' lang='lat' dir='ltr'>revelavit,</span> <span class='ocrx_word' id='word_1_354' title='bbox 1346 3784 1410 3839; x_wconf 89' lang='lat' dir='ltr'>et</span> <span class='ocrx_word' id='word_1_355' title='bbox 1448 3772 1878 3860; x_wconf 87' lang='lat' dir='ltr'>postmodum</span> <span class='ocrx_word' id='word_1_356' title='bbox 1917 3793 2036 3861; x_wconf 91' lang='lat' dir='ltr'>per</span> <span class='ocrx_word' id='word_1_357' title='bbox 2065 3770 2385 3841; x_wconf 89' lang='lat' dir='ltr'>eumdem</span> <span class='ocrx_word' id='word_1_358' title='bbox 2436 3771 2753 3850; x_wconf 85' lang='lat' dir='ltr'>Paulum,</span> 
     </span>
     <span class='ocr_line' id='line_1_40' title="bbox 232 3860 2758 3950; baseline -0.002 -20"><span class='ocrx_word' id='word_1_359' title='bbox 232 3860 431 3948; x_wconf 88' lang='lat' dir='ltr'>quasi</span> <span class='ocrx_word' id='word_1_360' title='bbox 495 3882 612 3950; x_wconf 92' lang='lat' dir='ltr'>per</span> <span class='ocrx_word' id='word_1_361' title='bbox 672 3881 1005 3948; x_wconf 80' lang='lat' dir='ltr'>organum</span> <span class='ocrx_word' id='word_1_362' title='bbox 1052 3881 1281 3936; x_wconf 89' lang='lat' dir='ltr'>suum,</span> <span class='ocrx_word' id='word_1_363' title='bbox 1342 3860 1531 3928; x_wconf 91' lang='lat' dir='ltr'>beato</span> <span class='ocrx_word' id='word_1_364' title='bbox 1581 3865 1800 3930; x_wconf 91' lang='lat' dir='ltr'>Lucae</span> <span class='ocrx_word' id='word_1_365' title='bbox 1842 3861 2151 3929; x_wconf 86' lang='lat' dir='ltr'>Christus</span> <span class='ocrx_word' id='word_1_366' title='bbox 2201 3860 2524 3929; x_wconf 86' lang='lat' dir='ltr'>innotuit.</span> <span class='ocrx_word' id='word_1_367' title='bbox 2583 3861 2758 3928; x_wconf 90' lang='lat' dir='ltr'>Hinc</span> 
     </span>
     <span class='ocr_line' id='line_1_41' title="bbox 234 3947 2766 4040; baseline -0.002 -20"><span class='ocrx_word' id='word_1_368' title='bbox 234 3963 357 4031; x_wconf 88' lang='lat' dir='ltr'>est,</span> <span class='ocrx_word' id='word_1_369' title='bbox 392 3949 568 4037; x_wconf 90' lang='lat' dir='ltr'>quod</span> <span class='ocrx_word' id='word_1_370' title='bbox 610 3949 752 4038; x_wconf 90' lang='lat' dir='ltr'>ipse</span> <span class='ocrx_word' id='word_1_371' title='bbox 800 3947 1053 4017; x_wconf 88' lang='lat' dir='ltr'>Paulus</span> <span class='ocrx_word' id='word_1_372' title='bbox 1101 3948 1238 4016; x_wconf 87' lang='lat' dir='ltr'>ait:</span> <span class='ocrx_word' id='word_1_373' title='bbox 1310 3953 1411 4017; x_wconf 77' lang='lat' dir='ltr'>An</span> <span class='ocrx_word' id='word_1_374' title='bbox 1458 3953 1991 4040; x_wconf 68' lang='lat' dir='ltr'>emperi&#39;mentum</span> <span class='ocrx_word' id='word_1_375' title='bbox 2053 3951 2380 4040; x_wconf 84' lang='lat' dir='ltr'>quaeritis</span> <span class='ocrx_word' id='word_1_376' title='bbox 2421 3952 2588 4039; x_wconf 81' lang='lat' dir='ltr'>ejus,</span> <span class='ocrx_word' id='word_1_377' title='bbox 2645 3950 2766 4040; x_wconf 89' lang='lat' dir='ltr'>qui</span> 
     </span>
     <span class='ocr_line' id='line_1_42' title="bbox 238 4036 2759 4130; baseline -0.001 -22"><span class='ocrx_word' id='word_1_378' title='bbox 238 4043 308 4108; x_wconf 83' lang='lat' dir='ltr'>in</span> <span class='ocrx_word' id='word_1_379' title='bbox 349 4063 450 4107; x_wconf 91' lang='lat' dir='ltr'>me</span> <span class='ocrx_word' id='word_1_380' title='bbox 485 4039 781 4130; x_wconf 80' lang='lat' dir='ltr'>loq-uitur</span> <span class='ocrx_word' id='word_1_381' title='bbox 831 4038 1183 4108; x_wconf 75' lang='lat' dir='ltr'>Christus?</span> <span class='ocrx_word' id='word_1_382' title='bbox 1228 4036 1322 4126; x_wconf 75' lang='lat'>(2.</span> <span class='ocrx_word' id='word_1_383' title='bbox 1372 4042 1516 4108; x_wconf 83' lang='lat' dir='ltr'>Cor.</span> <span class='ocrx_word' id='word_1_384' title='bbox 1561 4038 1728 4127; x_wconf 80' lang='lat' dir='ltr'>xm).</span> <span class='ocrx_word' id='word_1_385' title='bbox 1788 4045 1872 4109; x_wconf 80' lang='lat' dir='ltr'>De</span> <span class='ocrx_word' id='word_1_386' title='bbox 1909 4037 2099 4107; x_wconf 88' lang='lat' dir='ltr'>coelo</span> <span class='ocrx_word' id='word_1_387' title='bbox 2132 4059 2294 4128; x_wconf 89' lang='lat' dir='ltr'>ergo</span> <span class='ocrx_word' id='word_1_388' title='bbox 2329 4038 2638 4106; x_wconf 78' lang='lat' dir='ltr'>Christus</span> <span class='ocrx_word' id='word_1_389' title='bbox 2695 4039 2759 4106; x_wconf 89' lang='lat' dir='ltr'>in</span> 
     </span>
     <span class='ocr_line' id='line_1_43' title="bbox 240 4126 2767 4218; baseline -0 -22"><span class='ocrx_word' id='word_1_390' title='bbox 240 4127 525 4196; x_wconf 84' lang='lat' dir='ltr'>Paulum</span> <span class='ocrx_word' id='word_1_391' title='bbox 594 4140 933 4216; x_wconf 90' lang='lat' dir='ltr'>gestorum</span> <span class='ocrx_word' id='word_1_392' title='bbox 1006 4148 1289 4198; x_wconf 90' lang='lat' dir='ltr'>suorum</span> <span class='ocrx_word' id='word_1_393' title='bbox 1341 4141 1767 4197; x_wconf 88' lang='lat' dir='ltr'>sacramenta</span> <span class='ocrx_word' id='word_1_394' title='bbox 1835 4127 2160 4218; x_wconf 88' lang='lat' dir='ltr'>profudit,</span> <span class='ocrx_word' id='word_1_395' title='bbox 2221 4126 2598 4213; x_wconf 85' lang='lat' dir='ltr'>eademque</span> <span class='ocrx_word' id='word_1_396' title='bbox 2650 4148 2767 4217; x_wconf 87' lang='lat' dir='ltr'>per</span> 
     </span>
     <span class='ocr_line' id='line_1_44' title="bbox 242 4215 2767 4296; baseline -0.001 -11"><span class='ocrx_word' id='word_1_397' title='bbox 242 4216 527 4286; x_wconf 84' lang='lat' dir='ltr'>Paulum</span> <span class='ocrx_word' id='word_1_398' title='bbox 580 4216 647 4284; x_wconf 90' lang='lat' dir='ltr'>in</span> <span class='ocrx_word' id='word_1_399' title='bbox 700 4215 1217 4294; x_wconf 86' lang='lat' dir='ltr'>Lucam,.velut</span> <span class='ocrx_word' id='word_1_400' title='bbox 1279 4218 1487 4284; x_wconf 62' lang='lat' dir='ltr'>aureli</span> <span class='ocrx_word' id='word_1_401' title='bbox 1537 4216 1768 4285; x_wconf 85' lang='lat' dir='ltr'>fistula</span> <span class='ocrx_word' id='word_1_402' title='bbox 1820 4216 2186 4295; x_wconf 87' lang='lat' dir='ltr'>mediante,</span> <span class='ocrx_word' id='word_1_403' title='bbox 2235 4215 2629 4296; x_wconf 87' lang='lat' dir='ltr'>transfudit,</span> <span class='ocrx_word' id='word_1_404' title='bbox 2697 4228 2767 4283; x_wconf 90' lang='lat' dir='ltr'>ut</span> 
     </span>
     <span class='ocr_line' id='line_1_45' title="bbox 242 4304 2771 4395; baseline -0 -21"><span class='ocrx_word' id='word_1_405' title='bbox 242 4305 403 4374; x_wconf 88' lang='lat' dir='ltr'>huic</span> <span class='ocrx_word' id='word_1_406' title='bbox 466 4305 656 4375; x_wconf 89' lang='lat' dir='ltr'>beato</span> <span class='ocrx_word' id='word_1_407' title='bbox 706 4305 848 4374; x_wconf 89' lang='lat' dir='ltr'>viro</span> <span class='ocrx_word' id='word_1_408' title='bbox 901 4326 1032 4373; x_wconf 89' lang='lat' dir='ltr'>nou</span> <span class='ocrx_word' id='word_1_409' title='bbox 1100 4304 1438 4374; x_wconf 89' lang='lat' dir='ltr'>immerito</span> <span class='ocrx_word' id='word_1_410' title='bbox 1517 4327 1897 4395; x_wconf 81' lang='lat' dir='ltr'>congruere</span> <span class='ocrx_word' id='word_1_411' title='bbox 1981 4304 2333 4386; x_wconf 89' lang='lat' dir='ltr'>videatur,</span> <span class='ocrx_word' id='word_1_412' title='bbox 2389 4305 2569 4392; x_wconf 89' lang='lat' dir='ltr'>quod</span> <span class='ocrx_word' id='word_1_413' title='bbox 2655 4327 2771 4394; x_wconf 88' lang='lat' dir='ltr'>per</span> 
     </span>
     <span class='ocr_line' id='line_1_46' title="bbox 240 4393 2769 4475; baseline -0.002 -11"><span class='ocrx_word' id='word_1_414' title='bbox 240 4393 493 4464; x_wconf 85' lang='lat' dir='ltr'>Isaiam</span> <span class='ocrx_word' id='word_1_415' title='bbox 534 4394 819 4464; x_wconf 90' lang='lat' dir='ltr'>dicitur:</span> <span class='ocrx_word' id='word_1_416' title='bbox 878 4396 1138 4463; x_wconf 85' lang='lat' dir='ltr'>Primus</span> <span class='ocrx_word' id='word_1_417' title='bbox 1184 4394 1278 4462; x_wconf 83' lang='lat' dir='ltr'>ad</span> <span class='ocrx_word' id='word_1_418' title='bbox 1312 4395 1471 4462; x_wconf 89' lang='lat' dir='ltr'>Sion</span> <span class='ocrx_word' id='word_1_419' title='bbox 1529 4394 1723 4475; x_wconf 86' lang='lat' dir='ltr'>dicet,</span> <span class='ocrx_word' id='word_1_420' title='bbox 1781 4400 1945 4464; x_wconf 89' lang='lat' dir='ltr'>Ecce</span> <span class='ocrx_word' id='word_1_421' title='bbox 1979 4396 2263 4464; x_wconf 84' lang='lat' dir='ltr'>adsum:</span> <span class='ocrx_word' id='word_1_422' title='bbox 2306 4406 2367 4464; x_wconf 85' lang='lat' dir='ltr'>et</span> <span class='ocrx_word' id='word_1_423' title='bbox 2395 4396 2769 4463; x_wconf 82' lang='lat' dir='ltr'>Jerusalem</span> 
     </span>
     <span class='ocr_line' id='line_1_47' title="bbox 238 4480 2770 4573; baseline -0.002 -19"><span class='ocrx_word' id='word_1_424' title='bbox 238 4484 739 4572; x_wconf 77' lang='lat' dir='ltr'>Evanqelistam</span> <span class='ocrx_word' id='word_1_425' title='bbox 813 4483 978 4552; x_wconf 84' lang='lat' dir='ltr'>dabo</span> <span class='ocrx_word' id='word_1_426' title='bbox 1022 4484 1143 4573; x_wconf 89' lang='lat' dir='ltr'>(Is.</span> <span class='ocrx_word' id='word_1_427' title='bbox 1221 4481 1371 4570; x_wconf 77' lang='lat' dir='ltr'>xm).</span> <span class='ocrx_word' id='word_1_428' title='bbox 1435 4480 1730 4569; x_wconf 86' lang='lat' dir='ltr'>Ideoque</span> <span class='ocrx_word' id='word_1_429' title='bbox 1805 4505 1939 4553; x_wconf 89' lang='lat' dir='ltr'>non</span> <span class='ocrx_word' id='word_1_430' title='bbox 2012 4505 2182 4554; x_wconf 87' lang='lat' dir='ltr'>casu</span> <span class='ocrx_word' id='word_1_431' title='bbox 2213 4539 2229 4564; x_wconf 94' lang='lat'>,</span> <span class='ocrx_word' id='word_1_432' title='bbox 2306 4484 2423 4553; x_wconf 84' lang='lat' dir='ltr'>sed</span> <span class='ocrx_word' id='word_1_433' title='bbox 2476 4482 2770 4572; x_wconf 87' lang='lat' dir='ltr'>Spiritus</span> 
     </span>
    </p>
   </div>
  </div>
 </body>
</html>
