3347 4999
138 360 319 427 OCT.
378 361 404 423 4
1062 380 1139 426 ns
1189 381 1242 426 s.
1301 380 1544 426 nAvoxE
1593 350 1775 427 cox'r.
2518 368 2601 431 55

142 479 609 538 murmurare,
647 468 711 527 et
746 458 978 527 nescio
1008 480 1184 545 quae
1222 459 1585 529 maledicta
1617 461 1687 528 in
1731 472 2043 529 sanctum
2086 461 2312 530 virum
2348 484 2688 533 evomere:

138 549 530 637 permissus
556 546 900 629 diaboluS,
942 549 1059 634 qui
1096 547 1550 618 dolebatfana
1583 548 1795 629 dirui,
1837 562 1902 618 et
1933 550 2257 619 ecclesias
2286 555 2689 621 Sanctorum

131 637 341 726 erigi,
389 636 736 705 bominem
776 636 1089 705 vehiculo
1125 637 1631 725 proturbatum,
1680 638 1862 707 mole
1910 637 2210 727 desuper
2256 641 2584 729 ponderis
2634 654 2702 710 et

122 726 613 815 jumentorum
659 725 949 794 incursu
988 724 1318 813 relinquit
1354 737 1729 799 mortuum.
1771 731 2104 797 Evocatus
2140 727 2467 817 populus,
2501 729 2704 798 cada-

133 836 258 883 ver
293 814 802 884 conclamatum
845 815 1002 882 navi
1040 814 1408 904 imponunt
1448 835 1585 883 non
1637 815 1786 883 sine
1835 816 2313 885 miseratione:
2358 829 2423 885 et
2462 818 2533 885 in
2586 817 2707 887 do-

136 925 340 1059 πιῑῖῐῐ]
397 924 592 971 suam
655 902 1011 993 perduct0,
1051 902 1237 973 aliud
1294 902 1390 971 nil
1439 915 1584 972 erat
1630 903 1813 991 quod
1866 904 2267 994 cogitarent,
2307 906 2444 974 nisi
2479 906 2564 974 de
2598 929 2704 976 se-

191 1014 238 1060 u
280 1014 421 1060 cro.

138 1014 185 1082 p
232 1083 275 1167 ξ
326 1085 470 1152 18.
526 1079 652 1149 Ubi
687 1079 752 1147 id
807 1080 1059 1148 Bavoni
1094 1079 1502 1148 nunciatum
1553 1091 1677 1161 est,
1733 1092 1878 1150 tum
1932 1102 2088 1149 vero
2129 1080 2382 1161 dolere,
2445 1082 2705 1151 tristari

136 1183 206 1238 et
250 1168 730 1258 ingemiscere,
771 1181 1035 1238 reatum
1079 1190 1286 1238 suurn
1337 1190 1688 1250 accusare,
1744 1168 1877 1237 sibi
1927 1168 2233 1239 defuncti
2284 1172 2707 1262 sanguinem

140 1260 546 1347 imputare:
592 1270 657 1326 et
688 1258 844 1326 totis
884 1257 967 1326 ad
1009 1262 1217 1325 Deum
1268 1279 1641 1326 conversus
1692 1257 2112 1329 visceribus:
2169 1280 2205 1325 «
2245 1260 2388 1347 Eja,
2431 1263 2552 1339 ait,
2587 1264 2713 1329 Do-

144 1347 367 1426 mine,
423 1368 552 1415 cur
599 1359 1001 1437 recepturus
1049 1346 1350 1414 animam
1394 1347 1570 1435 ejuS‚
1623 1346 1859 1415 celasti
1915 1352 2070 1415 me?
2108 1370 2144 1413 »
2196 1347 2397 1417 Jubet
2455 1348 2706 1417 dehinc

138 1435 446 1505 cadaver
489 1434 572 1503 ad
617 1456 688 1503 se
720 1434 985 1515 inferri,
1027 1446 1091 1502 et
1124 1433 1361 1503 clauso
1399 1435 1597 1514 ostio,
1637 1448 1940 1504 caeteros
1974 1437 2300 1518 amoveri,
2339 1437 2487 1526 ipse
2519 1437 2709 1506 solus

148 1546 370 1624 super
417 1523 800 1592 exanimem
852 1522 1159 1592 extendi:
1213 1524 1516 1612 seipsum
1568 1524 1639 1592 in
1693 1524 2168 1593 holocaustum
2206 1525 2588 1614 imponere,
2641 1538 2707 1594 et

148 1598 399 1703 adipes
463 1613 908 1702 pacificorum
968 1617 1100 1681 Deo
1149 1611 1470 1681 adolere:
1543 1612 1947 1702 appendens
2015 1613 2273 1682 scilicet
2328 1614 2713 1705 thymiama

149 1701 489 1771 orationis
520 1701 590 1768 in
625 1723 794 1770 auro
828 1702 1166 1791 pretiosae
1198 1700 1383 1783 fidei,
1418 1722 1553 1787 qua
1586 1701 1843 1771 sciebat
1889 1702 2125 1770 omnia
2175 1703 2528 1792 possibilia
2563 1725 2711 1772 cre-

150 1790 344 1859 denti
394 1790 641 1879 (Marci
674 1789 793 1879 lx).
849 1790 968 1858 Vix
1016 1790 1223 1858 trium
1275 1789 1600 1858 horarum
1654 1791 1957 1881 spatium
2011 1790 2509 1872 intercesserat,
2559 1814 2712 1861 ora-

155 1880 417 1947 tionem
480 1878 771 1946 necdum
829 1879 1328 1958 terminaverat,
1384 1901 1544 1948 cum
1588 1900 1776 1948 mors
1825 1878 2041 1969 legem
2097 1881 2231 1968 pati
2294 1894 2549 1961 coacta,
2607 1902 2714 1950 re-

155 1968 383 2036 stituit
432 1987 632 2052 quem
694 1980 1035 2057 rapuerat,
1090 1966 1369 2036 Artinus
1429 1967 1652 2058 surgit
1699 1977 1764 2036 et
1824 1967 2156 2037 ambulat.
2218 1969 2319 2037 Fit
2378 1969 2707 2059 strepitus

160 2053 449 2144 populi:
502 2055 729 2123 omnis
783 2069 988 2135 aetas,
1042 2055 1270 2125 omnis
1321 2077 1522 2124 sexus
1571 2056 1966 2125 concutitur
2013 2057 2310 2127 novitate
2359 2057 2706 2137 miraculi,

158 2157 228 2211 et
262 2145 331 2211 in
369 2164 484 2211 ore
522 2144 832 2212 omnium
870 2156 1066 2213 sonat
1105 2143 1257 2213 laus
1294 2145 1430 2213 Dei.
1479 2144 1724 2214 Mirum
1769 2146 2267 2234 spectaculum,
2304 2159 2368 2216 et
2399 2147 2481 2215 ad
2514 2146 2712 2216 robo-

160 2231 420 2301 randos
467 2233 811 2301 nascentis
857 2231 1186 2302 ecclesiae
1220 2232 1400 2301 filios
1448 2255 1873 2322 congruum:
1929 2234 2051 2321 qui
2097 2232 2167 2302 i‘n
2222 2235 2432 2324 liujus
2484 2256 2712 2305 resur·

156 2321 467 2389 rectione
514 2321 832 2410 speciali,
904 2323 1328 2412 cogebantur
1378 2343 1512 2390 non
1570 2322 1908 2392 haesitare
1955 2322 2040 2391 de
2105 2345 2228 2391 sua
2277 2337 2342 2392 et
2396 2324 2710 2393 omnium

148 2409 665 2478 resurrectione
697 2410 1026 2501 generali.
1066 2415 1221 2478 Erat
1251 2410 1452 2480 etiarn
1488 2409 1556 2478 in
1595 2423 1831 2479 sancto
1863 2411 2007 2479 viro
2042 2411 2506 2503 praedicabile
2538 2411 2711 2481 illud

151 2498 419 2567 intueri
457 2553 471 2578 ,
523 2498 704 2585 quod
756 2522 915 2569 cum
992 2499 1063 2568 in
1131 2498 1283 2589 ejus
1333 2498 1607 2568 laudem
1677 2499 1905 2570 omnis
1962 2523 2128 2582 vox,
2185 2503 2412 2571 omnis
2471 2502 2710 2592 lingua

166 2600 599 2669 consonaret,
633 2599 819 2657 tanta
842 2610 913 2657 se
947 2588 1198 2676 abjecit
1230 2588 1640 2671 humilitate,
1667 2601 1746 2658 ut
1780 2591 2162 2660 resuscitati
2197 2604 2474 2672 statum,
2507 2612 2714 2662 suum

168 2688 519 2765 reputaret
565 2699 831 2758 casum,
870 2677 925 2746 si
980 2676 1076 2745 vel
1123 2677 1289 2746 levis
1339 2690 1581 2746 ventus
1629 2700 1838 2747 aurae
1889 2679 2244 2768 popularis
2293 2681 2578 2748 intraret
2626 2676 2712 2746 ad

165 2765 583 2853 tangendam
636 2766 935 2834 radicem
989 2765 1427 2835 humilitatis.
1464 2766 1678 2853 Cujus
1724 2768 1907 2836 enim
1951 2781 2271 2847 mentem,
2311 2768 2515 2854 cujus
2564 2765 2713 2834 ani·

163 2875 360 2922 mum
412 2854 498 2922 ad
551 2867 684 2922 tam
725 2855 1057 2923 mirificae
1092 2854 1360 2924 virtutis
1395 2855 1666 2945 insigne
1700 2878 1834 2925 non
1870 2869 2263 2925 concuteret
2290 2858 2490 2925 turbo
2531 2854 2719 2924 favo-

170 2942 415 3011 rabilis
473 2942 811 3033 procellae
842 2998 857 3025 ,
911 2943 1048 3013 nisi
1096 2944 1217 3030 qui
1266 2945 1549 3012 domum
1603 2967 1799 3013 suam
1851 2944 2319 3014 constituisset
2368 2946 2434 3012 in
2474 2943 2722 3013 funda-

169 3044 407 3100 mento
456 3030 733 3121 petrae?
778 3037 971 3102 Petra
1022 3045 1248 3101 autem
1285 3045 1428 3101 erat
1460 3033 1792 3102 Christus.
1836 3039 1910 3101 In
1950 3032 2155 3118 cujus
2196 3054 2469 3101 summo
2517 3034 2725 3101 cacu-

167 3121 361 3189 mine
393 3142 551 3189 cum
591 3121 1048 3208 requiesceret
1085 3122 1188 3188 vir
1237 3133 1539 3202 sanctuS,
1580 3122 1782 3190 firma
1835 3120 1956 3188 niti
1994 3120 2245 3203 radice,
2303 3121 2473 3189 nihil
2528 3121 2612 3191 de
2653 3141 2724 3189 se

171 3230 654 3298 praesumere:
721 3222 934 3278 totum
994 3209 1174 3297 quod
1226 3224 1393 3291 erat,
1458 3210 1610 3297 ejus
1658 3210 1918 3300 gratiae
1980 3209 2390 3279 attribuere:
2443 3221 2508 3279 et
2563 3230 2724 3278 cum

166 3297 585 3366 exaltaretur
630 3310 817 3367 extra
872 3321 981 3379 se,
1053 3298 1121 3366 in
1193 3320 1265 3368 se
1315 3311 1540 3368 tamen
1594 3297 1950 3366 humiliari
2005 3320 2527 3386 usquequaque.
2594 3297 2724 3379 Qui

171 3387 417 3454 merita
464 3391 866 3456 Sanctorum
921 3386 1308 3477 ponderant
1358 3409 1436 3455 ex
1486 3387 1733 3455 virtute
1785 3386 2306 3468 miraculorum,
2362 3387 2464 3456 vel
2522 3386 2724 3457 istius

169 3475 648 3544 aestimatione
697 3476 1018 3545 miraculi
1049 3476 1430 3546 concedant
1466 3487 1773 3544 nostrum
1811 3480 2145 3545 Bavonem
2190 3477 2447 3546 sanctis
2494 3475 2721 3544 omni-

170 3564 306 3632 bus
349 3564 508 3650 jure
546 3565 973 3654 comparari:
1030 3566 1098 3633 in
1146 3564 1496 3655 prophetis
1544 3563 1729 3632 Eliae
1763 3558 2019 3653 parem,
2060 3565 2280 3635 Eliseo
2320 3564 2716 3652 aequalem:

172 3652 243 3721 in
282 3651 619 3740 Apostolis
652 3658 845 3722 Petro
868 3675 1001 3722 non
1034 3653 1452 3732 inferiorem,
1483 3652 1743 3721 Joanne
1767 3654 2149 3723 concedant
2183 3676 2318 3724 non
2355 3655 2720 3733 minorem,

172 3762 380 3828 quem
406 3741 565 3830 jure
599 3743 854 3811 sanctis
885 3742 1213 3812 omnibus
1246 3744 1315 3810 in
1354 3741 1566 3810 unius
1604 3742 2122 3812 resuscitatione
2158 3743 2411 3813 mortui
2443 3761 2724 3829 compa-

176 3829 477 3898 randum
541 3830 1011 3901 aestimamus.
1068 3830 1175 3900 Illi
1226 3831 1461 3921 plures
1510 3830 2037 3912 suscitaverunt,
2089 3832 2217 3901 iste
2276 3853 2524 3901 unum.
2589 3828 2733 3919 Ipsi

171 3917 357 4006 quod
408 3917 599 3987 illius
648 3917 855 3988 faecis
903 3920 1189 4010 cogebat
1238 3919 1649 3989 necessitas:
1702 3920 1852 4001 iste,
1909 3919 2091 4008 quod
2147 3921 2355 4009 hujus
2405 3918 2734 4008 temporis

173 4008 533 4096 expetebat
565 4007 948 4077 humilitas.
992 4009 1255 4078 Etenim
1292 4008 1350 4078 si
1382 4007 1464 4076 ad
1501 4008 1807 4080 hominis
1842 4009 2255 4099 respicimus
2287 4008 2639 4087 meritum,
2671 4018 2736 4076 et

176 4096 300 4184 qui
339 4095 627 4185 plantat,
668 4110 733 4165 et
781 4098 899 4184 qui
951 4097 1151 4187 rigat,
1209 4097 1382 4166 nihil
1434 4111 1595 4167 sunt
1628 4098 1889 4185 absque
1936 4119 2039 4179 en,
2079 4099 2195 4184 qui
2238 4096 2356 4165 dat
2407 4103 2581 4166 Deus
2628 4096 2740 4163 in-

176 4198 634 4254 crementum.
703 4190 972 4254 Rursus
1006 4240 1022 4267 ,
1076 4187 1134 4256 si
1193 4187 1528 4256 miracula
1577 4187 1872 4256 velimus
1933 4186 2019 4255 de
2074 4205 2365 4254 numero
2415 4205 2732 4286 pensare,

180 4284 445 4363 poterat
477 4274 716 4361 utique
765 4274 1141 4344 multorum
1173 4275 1505 4345 cadavera
1554 4274 1817 4344 orando
1858 4274 2217 4355 suscitare,
2254 4274 2374 4361 qui
2410 4294 2738 4343 mnume-

185 4383 296 4430 ras
331 4384 552 4449 usque
584 4363 787 4433 hodie
835 4364 1128 4445 animm,
1170 4363 1468 4453 pondere
1564 4373 1954 4433 eccatorum
2009 4377 2341 4445 mortuas,
2379 4375 2443 4432 et
2482 4362 2740 4449 quatri-

186 4449 417 4518 duano
454 4451 521 4518 in
558 4451 809 4522 foetore
858 4452 1187 4543 sepultaS,
1223 4467 1452 4530 amoto
1547 4451 2002 4542 esperationis
2051 4451 2304 4544 lapide,
2352 4473 2488 4521 non
2520 4458 2746 4520 cessat
