3347 4999
239 336 414 403 OCT.
469 336 549 399 ’17
1126 352 1204 397 na
1250 347 1305 395 s.
1360 350 1653 397 nssnwioa
1703 350 1893 397 unm
2559 335 2675 399 494

240 452 441 526 atque
505 437 595 505 ita
654 435 993 505 Christum
1050 435 1115 502 in
1175 434 1649 524 pauperibu5‚
1717 446 2062 521 tamquam
2139 435 2558 523 specialibus
2624 436 2777 524 ejus

240 526 520 606 amiciS,
583 524 984 597 honorabat.
1039 524 1312 592 Petebat
1379 521 1796 610 quandoque
1848 545 1968 613 per
2017 544 2316 592 sororem
2380 524 2476 593 vel
2540 546 2775 594 mona-

246 614 447 685 cham
501 635 623 704 pro
673 634 1060 703 pauperum
1113 610 1489 680 levamento
1531 634 1570 679 a
1623 633 1861 680 mensa
1912 610 2317 681 monialium
2369 612 2594 681 afferri
2646 612 2781 682 sibi

239 704 623 793 fragmenta
658 703 876 792 panis,
921 722 1041 801 pro
1074 699 1329 787 quibus
1367 699 1479 768 illa
1523 698 1850 769 reddebat
1889 700 2106 770 sorori
2136 721 2216 767 ea
2248 701 2639 789 apportanti
2672 702 2774 770 in-

241 808 467 882 tegros
517 813 729 880 panes
779 789 1006 860 simila
1065 790 1271 858 ineos.
1310 788 1715 859 Monasteria
1768 786 2269 879 religiosorum,
2311 789 2778 876 possessiones

239 881 669 961 habentium,
725 901 927 968 saepe
979 877 1021 946 li
1080 876 1245 946 erali
1293 876 1590 963 quadam
1646 877 1891 966 pietate
1941 877 2212 945 visitare
2248 877 2530 957 solebat,
2571 893 2635 946 et
2665 900 2779 946 ex-

241 984 345 1039 tra
397 983 590 1059 septa
635 989 872 1037 eorum
923 966 1201 1056 degem,
1258 966 1560 1046 cavebat,
1616 988 1702 1034 nc
1748 965 1911 1052 quid
1958 965 2308 1035 molestiae
2362 980 2482 1035 aut
2587 988 2780 1034 rava-

242 1058 452 1128 minis
481 1069 826 1147 caperent,
865 1077 986 1124 nec
1020 1076 1440 1142 quemquam
1468 1076 1503 1123 e
1535 1056 1681 1125 suis
1709 1054 1973 1124 sinebat
1993 1055 2364 1141 quicquam
2394 1078 2472 1124 ex
2501 1054 2542 1122 il
2579 1076 2778 1124 orum

242 1147 450 1217 rebus
499 1168 620 1237 per
669 1146 802 1213 vim
854 1144 1273 1235 contingere.
1318 1147 1395 1213 Et
1437 1144 1600 1230 quia
1649 1143 1840 1213 cibos
1872 1142 2346 1232 religiosorum
2383 1143 2773 1224 hominum,

243 1247 639 1306 sanctorum
677 1231 1085 1324 Angelorum
1139 1254 1364 1303 escam
1418 1232 1723 1321 putabat,
1765 1231 2103 1322 fragmina
2155 1254 2414 1321 panum
2452 1255 2489 1301 a
2541 1253 2777 1302 mona-

242 1324 530 1394 chorum
583 1337 647 1392 et
696 1321 1192 1391 monacharum
1249 1321 1503 1392 mensis
1558 1319 1885 1401 collecta,
1961 1343 2000 1389 a
2048 1320 2385 1390 mendicis
2446 1342 2718 1407 quoque
2759 1375 2774 1401 ‚

241 1414 500 1500 quibus
547 1434 626 1481 ea
674 1410 1042 1489 dabantur,
1100 1409 1312 1509 pretio
1362 1409 1762 1490 redimebat,
1798 1422 1863 1479 et
1903 1410 2304 1498 priusquam
2341 1409 2499 1478 inde
2524 1408 2774 1489 ederet,

243 1502 463 1572 multa
493 1499 729 1571 oscula
752 1500 878 1568 *eis
910 1498 1374 1589 imprimebat.
1414 1502 1719 1584 Cumque
1770 1497 1978 1567 nollet
2010 1496 2130 1567 diu
2166 1519 2396 1567 carere
2434 1496 2780 1586 ejusmodi

244 1612 634 1681 pauperum
666 1586 917 1677 epulis,
969 1608 1146 1674 quae
1208 1587 1268 1655 ei
1316 1586 1553 1655 dulces
1601 1600 1830 1668 erant,
1870 1585 2045 1655 duas
2108 1606 2444 1676 pauperes
2491 1585 2782 1656 feminas

243 1680 461 1770 pretio
510 1676 955 1755 conduxerat,
1024 1690 1095 1744 ut
1128 1674 1411 1744 alternis
1441 1674 1993 1745 hebdomadibus
2025 1673 2107 1743 ad
2150 1688 2408 1763 portam
2445 1673 2781 1744 Lubensis

244 1766 641 1838 monasterii
690 1766 723 1800 *
772 1763 1196 1846 accederent,
1230 1778 1297 1833 et
1333 1763 1662 1851 quicquid
1714 1764 1894 1834 casei
1942 1778 2005 1833 et
2055 1764 2251 1853 panis
2284 1785 2320 1831 a
2359 1784 2595 1833 mensa
2640 1785 2785 1832 mo-

244 1857 622 1926 nachorum
679 1875 800 1943 pro
848 1853 1282 1942 eleemosyna
1316 1853 1765 1942 accepissent,
1804 1851 1937 1942 ipsi
1968 1865 2431 1942 apportarent,
2496 1873 2615 1941 pro
2663 1850 2784 1920 de-

246 1945 429 2015 liciis
482 1942 652 2013 illud
708 1942 1089 2012 habiturae.
1155 1947 1205 2011 A
1252 1963 1494 2011 mensa
1540 1941 1784 2023 etiam,
1837 1940 1921 2010 ad
1971 1962 2179 2028 quam
2233 1940 2577 2022 monachi,
2630 1939 2785 2029 ipsa

246 2033 595 2103 interdum
646 2052 763 2101 eos
826 2031 1175 2110 invitante,
1230 2030 1420 2100 cibos
1467 2042 1930 2119 sumpserant,
1993 2030 2335 2119 praecisas
2375 2030 2575 2119 panis
2622 2051 2781 2098 cru-

250 2136 391 2192 stas
440 2121 542 2189 vel
598 2119 968 2209 particulas
1016 2120 1101 2189 ab
1150 2118 1289 2188 illis
1338 2117 1610 2188 relictas
1656 2118 2045 2209 colligebat,
2096 2132 2161 2187 et
2211 2132 2560 2205 tamquam
2611 2122 2782 2187 San-

246 2224 514 2280 ctorum
569 2208 941 2296 Reliquias,
1011 2207 1383 2277 admodum
1453 2220 1832 2277 reverenter
1881 2229 2003 2297 pro
2050 2206 2205 2276 cibo
2253 2229 2378 2297 suo
2426 2228 2782 2277 conserva—

245 2299 385 2368 bat.
468 2297 755 2368 Malebat
801 2297 982 2366 cnim
1035 2319 1191 2365 cum
1247 2318 1547 2397 paupere
1609 2300 1854 2366 Lazaro
1920 2295 2251 2367 buccellis
2301 2295 2776 2365 mendicorum

246 2386 462 2457 refici,
504 2408 714 2472 quam
755 2384 1068 2455 delicatis
1108 2385 1406 2473 panibus
1452 2398 1517 2453 et
1563 2384 1738 2454 cibis
1801 2385 2121 2465 saturari,
2174 2385 2409 2454 animo
2469 2384 2776 2453 retinens

247 2475 527 2545 verbum
589 2473 782 2545 illius
854 2474 1295 2545 Chananaeae
1347 2472 1654 2543 mulieris
1706 2495 1996 2564 magnae
2045 2473 2256 2556 fidei,
2313 2473 2514 2543 etiam
2572 2471 2776 2543 catel-

247 2564 350 2635 los
381 2564 578 2635 edere
629 2564 715 2633 de
769 2564 965 2633 micis
1016 2585 1190 2650 quae
1246 2563 1497 2633 cadant
1549 2562 1633 2632 de
1684 2564 1940 2634 mensis
1975 2562 2415 2634 dominorum
2453 2584 2766 2631 suorum.

247 2659 683 2725 Persuaserat
729 2654 910 2722 enim
964 2651 1120 2733 sibi,
1176 2674 1514 2741 pauperes
1546 2674 1810 2734 omnes,
1855 2665 1920 2723 et
1955 2652 2352 2741 praesertim
2383 2650 2766 2741 religiosos,

246 2764 396 2812 esse
448 2764 611 2811 suos
673 2740 1016 2823 dominoS,
1076 2762 1211 2810 non
1253 2740 1531 2827 quidem
1573 2740 1854 2823 divitiis,
1928 2740 2042 2812 sed
2095 2740 2494 2810 sanctitate:
2550 2739 2781 2825 itaque

250 2830 629 2900 delectabat
674 2851 823 2899 eam
875 2829 1053 2900 vesci
1104 2829 1414 2916 reliquiis
1455 2828 1767 2899 ciborum
1806 2885 1822 2909 ‚
1874 2829 2130 2916 quibus
2197 2828 2297 2898 illi
2355 2828 2464 2897 usi
2527 2838 2778 2897 essent.

252 2919 500 2989 Christi
550 2940 825 3006 quoque
886 2918 1158 3000 catuliS,
1200 2918 1266 2987 id
1337 2931 1482 3000 est,
1546 2941 1698 3000 vere
1742 2917 2130 2987 humilibus
2177 2930 2241 2986 et
2294 2914 2779 3006 pauperculiS,

248 3009 510 3078 mundo
558 3007 924 3098 despectiS,
962 3007 1190 3094 quoad
1245 3020 1493 3095 posset,
1534 3028 1681 3077 sese
1715 3006 2144 3076 conformare
2194 3005 2507 3094 cupiens,
2545 3002 2785 3073 crebro

246 3098 336 3166 ab
387 3097 523 3166 illis
572 3118 745 3182 quos
793 3097 1184 3166 accuratius
1245 3095 1516 3176 alebat,
1568 3095 1882 3165 ciborum
1954 3093 2279 3181 reliquias
2346 3091 2787 3161 emendicare

252 3208 388 3255 non
442 3185 744 3254 erubuit.
790 3190 950 3254 Eam
1004 3206 1160 3255 vero
1208 3184 1695 3265 humilitatem,
1733 3204 1941 3270 quam
2003 3181 2070 3251 in
2134 3182 2268 3251 vita
2318 3203 2442 3253 sua
2482 3179 2788 3251 studiose

247 3274 485 3352 coluit,
525 3274 655 3342 sub
708 3286 993 3342 mortem
1046 3295 1322 3360 quoque
1370 3285 1622 3342 sectata
1669 3275 1792 3341 est.
1840 3275 2006 3341 Cum
2048 3270 2231 3340 enim
2273 3282 2416 3340 tum
2469 3283 2787 3360 ageretur

249 3362 335 3431 de
384 3361 532 3430 loco
568 3361 963 3451 sepulturae
989 3362 1162 3450 ejuS‚
1201 3361 1321 3430 illa
1362 3361 1627 3451 petebat
1660 3359 2016 3430 humiliter
2045 3359 2113 3428 in
2156 3359 2514 3429 communi
2548 3379 2788 3427 mona-

248 3449 534 3520 charum
572 3449 1001 3530 coemeteriO,
1055 3462 1173 3519 aut
1219 3462 1399 3519 certe
1455 3450 1523 3517 in
1570 3447 1966 3518 humillimo
1998 3447 2324 3518 ecclesiae
2380 3447 2551 3527 loco,
2592 3468 2788 3536 sepe-

247 3538 389 3619 liri,
443 3559 580 3625 qua
644 3536 729 3606 de
775 3560 845 3606 re
897 3537 1166 3607 dicetur
1234 3536 1412 3606 infra
1465 3537 1688 3627 capite
1744 3536 1829 3606 de
1890 3536 2139 3626 spiritu
2198 3535 2618 3637 prophetiae.
2687 3540 2787 3605 Ita

250 3627 371 3697 illa
418 3641 483 3696 et
532 3626 763 3695 vivens
810 3638 875 3694 et
924 3626 1239 3696 moriens·
1273 3639 1663 3697 constanter
1710 3624 2008 3696 inhaesit
2059 3626 2125 3694 in
2178 3639 2342 3696 vesti
2398 3625 2480 3694 iis
2512 3623 2781 3705 Christi,

251 3716 585 3787 dicentis:
624 3715 869 3784 Discite
902 3737 944 3784 α
972 3738 1100 3795 me,
1133 3717 1299 3806 quia
1328 3717 1511 3784 micis
1539 3726 1687 3784 sum
1717 3726 1781 3784 et
1811 3715 2088 3784 humilis
2120 3716 2311 3784 corde
2370 3714 2606 3783 Macch.
2644 3712 2779 3802 Μ).

339 3813 377 3887 ἓ
442 3810 575 3877 11.
667 3802 1066 3873 Patientiam
1128 3824 1402 3891 quoque
1465 3802 1877 3873 humilitatis
1937 3803 2254 3873 comitem
2312 3815 2376 3871 et
2433 3801 2783 3884 amicam,

252 3892 583 3963 omnibus
627 3892 1081 3960 necessariam
1127 3891 1512 3962 volentibus
1563 3892 1911 3981 possidere
1960 3891 2230 3961 animas
2265 3912 2447 3974 suaS‚
2483 3902 2560 3958 ut
2601 3889 2793 3959 Chri-

253 3996 403 4053 stus
451 3982 567 4062 ait,
625 3979 1154 4070 diligentissime
1203 3981 1651 4062 conservavit,
1709 3980 1885 4050 nulli
1936 4001 2243 4066 unquam
2290 3978 2618 4060 irascenS‚
2674 3989 2796 4049 aut

251 4070 518 4140 duriter
567 4068 1016 4158 respondens3
1069 4068 1184 4138 sed
1235 4092 1475 4140 omnes
1522 4069 1811 4140 comiter
1856 4067 2217 4226 aprpellans
2278 4080 2343 4137 et
2402 4067 2785 4155 alloquens,

252 4159 476 4228 verbis
525 4157 1001 4229 consolatoriis
1049 4158 1320 4227 cunctis
1355 4180 1425 4228 se
1463 4157 1830 4247 praebebat
1859 4180 1892 4226 a
1951 4156 2201 4227 abilem
2236 4177 2532 4245 semper,
2567 4178 2790 4240 quan-

256 4260 403 4316 tum
456 4246 733 4334 quidem
788 4247 890 4316 las
937 4260 1134 4328 esset,
1189 4246 1509 4337 religiosa
1559 4247 1948 4317 maturitate
1999 4248 2284 4317 servata.
2321 4245 2647 4342 Quisquis
2680 4245 2793 4314 ille

309 4408 335 4431 ¹·
353 4408 578 4467 ‘Lubense
596 4408 935 4452 monasterium
954 4410 1203 4452 fundatum
1222 4411 1327 4458 trit,
1351 4411 1475 4453 circa
1494 4421 1668 4452 annum
1691 4410 1804 4457 10:30.
1825 4421 1850 4450 a
1870 4407 2095 4452 casimiro
2116 4410 2150 4455 1,
2173 4406 2392 4452 Poloniae
2409 4418 2532 4460 rege,
2555 4409 2636 4458 qui
2655 4414 2793 4449 antea

254 4459 418 4502 Otdmi
437 4463 479 4502 S.
504 4464 746 4505 Benedicti
768 4474 873 4507 seue
893 4464 1153 4506 addixerat.
