3347 4999
181 347 358 413 OCT.
411 347 483 410 3⁴
853 364 932 409 nn
970 365 1027 410 s.
1070 363 1457 410 wotrsanoo
1497 364 1595 409 ar.
1634 362 2050 411 nuisronzn.
2503 346 2641 410 753

179 450 252 518 in
303 447 655 528 coenobio,
713 448 876 528 sive,
929 459 1007 515 ut
1053 459 1293 515 auctor
1343 445 1682 533 loquitur,
1752 446 1824 514 in
1874 445 2177 515 claustro
2233 446 2598 529 sederent,
2667 458 2739 518 et

180 537 454 607 lectioni
506 536 1029 616 incumberent;
1098 549 1668 624 peramanterque
1727 555 1844 604 eos
1907 533 2332 614 hortabatur,
2405 558 2490 605 ne
2557 537 2738 606 inte-

180 626 385 697 rioris
450 625 752 696 hominis
809 624 1074 693 cultum
1125 635 1191 692 et
1238 624 1576 713 spiritalia
1650 623 1972 692 exercitia
2041 623 2507 713 negligerent,
2564 629 2726 695 cum

180 715 514 785 haberent
560 713 889 794 carnalia,
926 727 989 783 et
1027 734 1203 799 quae
1250 712 1520 802 corpori
1561 711 2013 782 sustentando
2056 711 2471 783 sufficerent.
2526 718 2604 782 In
2643 714 2732 783 iis

182 826 343 874 vero
388 802 716 873 omnibus
765 802 1070 891 seipsum
1101 802 1202 871 eis
1246 800 1612 891 praebebat
1659 801 2079 890 exemplum,
2134 801 2303 871 adeo
2343 815 2417 871 ut
2467 802 2603 891 jam
2647 803 2734 872 ab

182 894 515 964 omnibus
563 913 696 960 non
749 891 1066 971 clericuS,
1113 889 1227 960 sed
1261 891 1643 959 monachus
1683 889 2051 960 diceretur.
2099 894 2364 959 Interea
2398 891 2736 961 Henricus

184 981 801 1071 ArchiepiscopuS,
848 980 1136 1069 jubente
1188 978 1450 1049 Othone
1500 983 1956 1068 Imperatore,
2011 983 2297 1048 Romam
2351 979 2734 1069 proficisci-

186 1084 322 1150 tur,
358 1084 423 1139 et
453 1091 612 1139 cum
648 1067 1082 1156 aliquamdiu
1108 1067 1252 1137 illic
1293 1080 1600 1136 moratus
1632 1080 1833 1148 esset,
1874 1066 2251 1137 admodum
2288 1067 2733 1138 incommoda

183 1160 409 1249 coepit
459 1158 768 1228 laborare
817 1155 1229 1226 valetudine.
1283 1161 1589 1243 Cumque
1629 1177 1820 1245 spem
1864 1157 2376 1246 recuperandae
2409 1157 2727 1226 sanitatis

184 1248 569 1339 abjecisset,
624 1250 1113 1336 Imperatorem
1163 1244 1247 1314 ad
1299 1266 1371 1314 se
1404 1244 1784 1325 accersivit,
1825 1267 2069 1332 resque
2116 1245 2293 1314 beati
2341 1243 2728 1335 wolfgangi

186 1337 249 1407 ei
306 1357 678 1426 exponens,
732 1335 994 1424 rogavit
1040 1356 1225 1416 eum,
1280 1347 1356 1403 ut
1417 1334 1726 1404 Treviros
1777 1334 2033 1404 litteras
2082 1333 2421 1415 mitteret,
2473 1334 2642 1421 quib
2700 1357 2732 1405 s

185 1426 516 1496 omnibus
575 1423 1046 1504 interdiceret,
1105 1443 1187 1492 ne
1233 1443 1440 1509 quam
1492 1422 1820 1513 injuriam
1888 1444 2082 1491 servo
2135 1422 2247 1491 Dei
2315 1422 2724 1513 irrogaren.

188 1519 403 1600 Atque
451 1513 540 1582 ita
581 1512 696 1582 ille
732 1518 986 1582 Romae
1034 1512 1349 1580 decessit.

279 1606 316 1689 ξ
362 1606 442 1673 S.
497 1607 661 1671 Cum
714 1617 939 1670 autem
1000 1601 1229 1670 obitus
1275 1601 1426 1690 ejus
1479 1600 1782 1669 nuncius
1830 1599 2139 1669 Treviros
2199 1598 2454 1671 allatus
2502 1613 2725 1682 esset,

188 1693 433 1761 beatus
484 1688 928 1780 Wolfgangus
981 1691 1201 1779 primo
1249 1688 1531 1777 quidem
1580 1709 1857 1757 summo
1896 1689 2113 1757 animi
2164 1688 2398 1758 dolore
2447 1689 2732 1759 affectus

188 1794 328 1849 est:
384 1779 498 1848 sed
551 1778 800 1847 deinde
862 1780 1169 1868 seipsum
1225 1777 1567 1847 consolari
1613 1791 1680 1847 et
1743 1777 2155 1847 confirmare
2226 1778 2494 1867 coepit,
2548 1777 2733 1865 quod

187 1890 366 1956 quae
429 1868 850 1958 jampridem
913 1867 997 1936 de
1047 1866 1292 1936 mundi
1340 1879 1740 1955 contemptu
1787 1865 1973 1955 apud
2025 1887 2097 1935 se
2151 1867 2538 1947 statuisset,
2598 1867 2727 1936 hac

187 1958 418 2027 oblata
473 1956 1007 2046 opportunitate,
1061 1956 1130 2023 in
1185 1977 1326 2024 rem
1375 1954 1687 2025 conferre
1749 1966 1997 2043 posset.
2071 1959 2434 2041 Postquam
2519 1955 2733 2044 igitur

187 2046 376 2135 apud
428 2068 497 2115 se
528 2045 924 2115 deliberavit
968 2044 1188 2113 redire
1224 2045 1292 2112 in
1331 2044 1647 2133 patriam,
1694 2047 1943 2124 Bruno,
1999 2044 2572 2132 Archiepiscopus
2606 2048 2726 2113 Co-

194 2134 551 2216 loniensis,
606 2135 722 2221 qui
776 2146 917 2202 tum
969 2133 1173 2201 etiam
1232 2133 1562 2201 ducatum
1615 2132 2095 2222 Lotharingiae
2152 2131 2726 2214 administrabat,

190 2245 351 2293 eum
403 2223 489 2292 ad
541 2245 612 2293 se
668 2225 960 2290 accitum
1013 2221 1198 2311 apud
1250 2243 1322 2289 se
1370 2221 1659 2290 retinere
1711 2232 1998 2290 conatus
2054 2233 2187 2301 est,
2252 2221 2624 2291 liberaliter
2671 2222 2735 2291 ei

194 2312 605 2401 promittens
651 2331 925 2379 omnem
970 2309 1497 2389 humanitatem,
1550 2320 1754 2395 atque
1800 2310 2005 2378 etiam
2070 2310 2389 2401 Episcopi
2437 2310 2734 2401 dignita-

197 2413 356 2469 tem.
412 2399 538 2468 Sed
591 2399 693 2467 vir
728 2412 1008 2469 sanctus
1059 2399 1315 2486 majora
1363 2410 1427 2467 et
1465 2397 1685 2466 ardua
1740 2398 1971 2467 animo
2019 2412 2444 2481 consectans,
2498 2421 2579 2468 ea
2629 2421 2732 2468 re-

193 2487 503 2558 cusavit:
558 2486 912 2575 aliquanto
961 2487 1233 2556 iuterim
1297 2501 1599 2577 tempore
1650 2485 1867 2556 nihilo
1919 2486 2151 2557 minus
2202 2488 2491 2558 haerens
2545 2488 2731 2578 apud

194 2575 424 2657 illum,
473 2577 558 2645 de
604 2598 741 2664 quo
794 2589 1023 2666 postea
1071 2577 1309 2646 crebro
1358 2577 1505 2666 ipse
1553 2576 1802 2646 referre
1850 2575 2131 2656 solebat,
2185 2600 2338 2646 raro
2376 2574 2456 2647 se'
2492 2599 2735 2664 quem-

191 2687 406 2752 quam
460 2667 648 2734 omni
704 2665 1033 2755 probitate
1068 2670 1115 2734 E
1173 2666 1404 2755 iscopo
1447 2666 1748 2734 Brunoni
1788 2687 2018 2754 parem
2062 2666 2522 2755 conspexisse.
2574 2664 2735 2735 Obi-

194 2766 298 2823 ter
343 2768 568 2823 autem
607 2754 720 2823 hic
760 2754 1088 2824 observari
1151 2777 1266 2823 um
1304 2755 1506 2835 venit,
1551 2753 2135 2844 quapersectione
2174 2755 2318 2842 jam
2364 2766 2507 2822 tum
2540 2774 2734 2843 prae-

191 2843 383 2913 ditus
414 2841 617 2913 fuerit
652 2844 892 2912 beatus
934 2841 1404 2933 WolfganguS,
1438 2844 1552 2912 cui
1581 2858 1715 2912 tam
1752 2841 1979 2930 ampla
2027 2843 2364 2931 promissa
2391 2854 2457 2910 et
2492 2839 2735 2910 mundi

191 2927 416 3020 hujus
465 2932 906 3022 prosperitas,
978 2933 1333 3018 multaque
1379 2931 1556 3012 alia,
1608 2952 1786 3018 quae
1851 2929 2131 3020 longum
2185 2931 2272 2999 sit
2319 2951 2737 3000 commemo-

197 3042 373 3101 rare,
430 3021 612 3090 ultro
660 3020 882 3091 oblata
926 3043 1083 3090 cum
1137 3020 1448 3101 fuissent,
1507 3019 1707 3107 plane
1756 3030 2065 3088 recusata
2103 3032 2265 3088 sunt
2299 3020 2384 3088 ab
2430 3018 2568 3088 illo.
2603 3024 2738 3087 Ma-

196 3131 376 3199 gnae
422 3110 607 3179 enim
657 3109 927 3180 virtutis
960 3123 1025 3177 et
1075 3110 1296 3179 meriti
1347 3121 1447 3177 est
1497 3108 1755 3177 isthaec
1805 3108 2036 3177 omnia
2087 3107 2497 3195 relinquere,
2550 3120 2616 3176 et
2665 3108 2735 3176 in

196 3199 328 3266 hoc
393 3198 627 3268 seculo
685 3198 1141 3268 voluntariam
1193 3195 1556 3287 complecti
1611 3208 2106 3285 paupertatem.
2163 3197 2475 3265 Sentiens
2528 3197 2740 3286 igitur

193 3283 539 3376 gloriosus
585 3287 1156 3376 Archiepiscopus
1202 3290 1431 3355 Bruno
1482 3286 1704 3355 virum
1759 3285 1871 3353 Dei
1940 3286 2251 3354 arctioris
2302 3287 2474 3354 vitae
2526 3285 2737 3355 teneri

194 3373 564 3454 desideri0,
606 3376 948 3462 peramice
980 3388 1044 3442 et
1090 3373 1652 3464 gratulabundus
1684 3395 1843 3443 eum
1884 3395 2005 3463 pro
2053 3396 2180 3443 suo
2213 3375 2548 3444 arbitratu
2595 3397 2636 3443 a
2669 3394 2741 3445 se

197 3463 517 3552 permisit
563 3463 774 3532 abire.

287 3553 324 3638 ξ
371 3556 464 3622 fl.
523 3552 814 3620 Veniens
851 3572 1014 3640 ergo
1060 3550 1179 3619 ille
1212 3550 1523 3632 domum,
1566 3574 1605 3620 a
1644 3551 1960 3641 cognatis
1987 3565 2051 3620 et
2084 3552 2329 3621 amicis
2378 3572 2743 3641 peraman-

197 3652 303 3709 ter
349 3651 672 3728 acceptus
720 3652 843 3719 est,
877 3639 990 3708 sed
1047 3640 1138 3709 ita
1190 3652 1441 3721 tamen,
1497 3652 1572 3709 ut
1603 3639 1786 3709 velut
1833 3639 2003 3709 alter
2036 3641 2308 3730 Ulysses
2349 3642 2416 3709 in
2453 3644 2745 3729 Syrenes

197 3729 528 3799 incidisse
575 3727 945 3797 videretur.
1000 3730 1467 3799 Hortabantur
1527 3729 1713 3797 enim
1783 3741 1848 3798 et
1896 3729 2349 3799 obsecrabant
2406 3750 2563 3798 eum
2625 3750 2745 3816 pa-

201 3832 429 3888 rentes
463 3830 529 3887 et
561 3817 933 3907 propinqui
982 3839 1246 3899 omneS,
1305 3818 1632 3907 potiorem
1672 3817 1735 3886 ei
1787 3818 2211 3888 substantiae
2253 3817 2755 3888 haereditariae

201 3908 581 3997 portionem
636 3906 1061 3998 pollicentes,
1106 3929 1190 3975 ne
1241 3908 1427 3997 ipsos
1477 3906 1841 3987 desereret,
1895 3906 2389 3995 dicebantque:

596 4013 749 4074 Cum
776 4016 856 4075 sis
887 4021 1253 4075 cunctorum
1285 4031 1418 4093 spes
1446 4016 1839 4091 solamenque
1872 4024 2140 4089 tuorum,

594 4095 798 4173 Atque
829 4095 1047 4155 domus
1080 4104 1321 4155 nostrae
1361 4098 1450 4155 vis
1481 4099 1682 4156 omnis
1709 4094 2033 4156 adhaereat
2065 4098 2126 4156 in
2160 4101 2240 4168 te,

599 4173 690 4236 Ne
720 4178 925 4251 procul
960 4176 1103 4236 hinc
1131 4174 1336 4247 abeaS,
1370 4190 1448 4235 ne
1482 4190 1608 4245 noS‚
1643 4175 1884 4247 dilecte,
1916 4174 2252 4251 relinquas:

593 4253 748 4315 Nam
783 4255 888 4315 tibi
923 4261 1135 4315 cuncta
1168 4255 1404 4326 damus,
1436 4254 1659 4333 qulbus
1694 4255 1754 4314 in
1792 4257 1911 4314 vita
1945 4263 2032 4316 est
2064 4270 2213 4331 opus
2246 4256 2376 4315 ista.

204 4353 335 4418 Nec
373 4348 676 4432 deerant,
728 4351 849 4438 qui
907 4350 1017 4422 his
1065 4350 1550 4441 adjungerent,
1605 4350 1860 4440 scripta
1911 4351 2141 4420 divina
2190 4353 2451 4442 jubere,
2506 4365 2584 4421 ut
2629 4374 2755 4442 pa-

205 4438 518 4507 rentibus
577 4462 724 4510 mos
781 4453 1084 4530 geratur.
1156 4440 1279 4510 Sed
1354 4440 1677 4532 egregius
1725 4441 1970 4511 Christi
2042 4440 2236 4511 miles
2288 4440 2520 4511 surdis
2587 4441 2759 4513 haec

366 4560 608 4616 surius
636 4587 665 4603 -
707 4559 870 4619 Vuae
904 4558 1008 4621 SS.
1040 4592 1062 4604 -
1091 4558 1218 4620 Vol.
1250 4558 1321 4619 X.
1372 4607 1378 4613 .
2528 4560 2606 4624 48
