3347 4999
704 289 832 353 366
1519 307 1597 353 nn
1646 308 1700 353 s.
1749 306 2040 354 nomano
2089 307 2249 354 REGE
2554 268 2572 281 ⁰
2854 286 3024 353 OCT.
3087 288 3180 353 ⁴3

619 405 889 470 mente,
948 412 1078 459 non
1132 412 1383 460 carne:
1452 390 1568 459 ille
1635 392 1921 461 maritus
1974 404 2244 471 mente,
2313 413 2447 461 non
2498 411 2725 480 opere.
2779 394 3181 460 Perseverat

618 482 792 549 inter
839 501 954 548 eos
1005 480 1153 549 sine
1199 492 1358 549 actu
1405 479 1610 567 conju
1666 479 1759 549 ali
1808 480 2196 572 conjugalis
2230 480 2539 559 affectuS,
2575 492 2640 547 et
2674 479 2825 547 sine
2872 478 3177 548 deflora-

617 570 799 639 tione
850 568 1284 658 virginitatiS,
1338 582 1563 637 castae
1616 502 2007 637 §flectionis
2055 569 2437 659 amplexus.
2493 567 2816 658 Diligitur
2855 567 2989 648 ille,
3046 568 3176 637 sed

617 679 748 726 non
784 658 1299 747 corrumpitur:
1343 657 1466 725 dili
1522 657 1659 727 itur
1694 656 1836 738 illa,
1880 679 2000 727 nec
2035 658 2370 747 tangitur;
2409 670 2472 725 et
2503 657 2703 743 quasi
2749 678 2919 724 nova
2958 678 3178 742 quae-

614 747 770 816 dam
823 745 1074 835 Abisag
1122 768 1348 835 regem
1401 768 1476 814 ca
1511 746 1714 814 efacit
1752 767 1983 815 amore
2014 801 2028 825 ,
2092 746 2207 815 sed
2272 767 2404 815 non
2464 745 2776 824 dissolvit
2827 745 3171 826 libidine;

615 835 870 904 mulcet
907 834 1071 903 obse
1121 835 1281 916 uiis,
1322 835 1436 903 sed
1475 835 1838 903 desideriis
1874 856 2007 903 non
2042 834 2327 905 emollit.

703 926 739 1011 ἓ
786 926 866 995 S.
923 928 1065 1006 Qua
1121 946 1231 992 am
1286 945 1440 992 vero
1489 923 1599 991 die
1638 928 2063 993 Pentecostes
2097 979 2112 1003 ,
2156 946 2313 993 cum
2362 945 2475 993 rex
2523 922 2778 992 divinis
2812 922 3179 992 interesset

615 1012 988 1101 mysteriis,
1031 1013 1193 1081 hora
1243 1012 1642 1082 elevationis
1681 1013 1989 1103 corporis
2035 1012 2281 1082 Christi
2326 1012 2554 1083 subito
2593 1033 2708 1080 rex
2743 1009 2939 1080 vultu
2986 1011 3176 1080 bila-

614 1102 778 1180 rior,
832 1116 895 1170 et
942 1102 1231 1170 erectior
1260 1100 1504 1180 oculiS,
1554 1101 1620 1168 in
1670 1101 1888 1170 risum
1933 1101 2280 1171 modicum
2321 1156 2336 1181 ‚
2393 1104 2659 1170 servata
2699 1112 2925 1168 tamen
2977 1102 3176 1190 regia

614 1189 944 1280 gravitate
976 1245 991 1271 ,
1044 1188 1470 1260 dissolvitur.
1539 1190 1766 1258 Mirari
1823 1190 1941 1276 qui
1982 1189 2316 1270 aderant,
2370 1200 2791 1280 coeperunt;
2845 1209 2967 1256 nec
3016 1190 3178 1257 sine

612 1300 845 1358 causa,
900 1300 1057 1347 cum
1114 1291 1381 1366 praeter
1413 1278 1984 1347 consuetudinem
2025 1279 2090 1347 id
2126 1280 2188 1349 ei
2219 1278 2554 1348 accidisse
2587 1278 2919 1347 sciebant.
2967 1282 3175 1347 Pera-

611 1369 738 1436 ctis
787 1379 1013 1436 autern
1053 1368 1413 1436 Missarum
1455 1365 1834 1445 solemniis,
1889 1389 2168 1436 causam
2221 1369 2405 1437 risus
2445 1368 2782 1436 instanter
2813 1365 3176 1437 adstantes

612 1456 744 1525 sibi
779 1455 1028 1546 exponi
1078 1468 1340 1545 petunt.
1398 1456 1544 1534 Ille,
1600 1468 1676 1525 ut
1722 1468 1865 1525 erat
1916 1457 2130 1526 mirae
2186 1456 2652 1545 simplicitatis
2686 1510 2701 1536 ,
2755 1453 3176 1544 simpliciter

611 1545 1152 1631 quaerentibus,
1209 1543 1615 1634 simpliciter
1677 1545 1911 1613 omnia
1960 1545 2371 1626 confitetur,
2425 1545 2712 1614 dicens:
2765 1567 2801 1609 «
2841 1545 3174 1614 Convenit

615 1634 822 1702 Danis
861 1656 1018 1703 cum
1060 1655 1215 1723 rege
1250 1655 1373 1703 suo
1408 1634 1772 1720 antiquum
1817 1632 2087 1703 facinus
2124 1636 2391 1715 iterare,
2429 1647 2492 1702 et
2522 1636 2728 1721 quam
2769 1632 2972 1702 nobis
3011 1655 3172 1723 pro-

612 1723 779 1812 pitia
818 1722 1144 1791 divinitas
1179 1722 1423 1812 largita
1470 1735 1593 1801 est,
1651 1721 1970 1790 infestare
2001 1723 2323 1809 quietem.
2382 1727 2454 1792 In
2497 1721 2962 1812 percussione,
3008 1722 3171 1808 qui-

610 1812 765 1879 dem
814 1825 1067 1889 nostra,
1109 1832 1246 1897 qua
1286 1810 1634 1900 castigans
1673 1811 2035 1901 castigavit
2070 1834 2194 1880 nos
2231 1812 2583 1891 DominuS,
2624 1811 3023 1901 ignorantes
3050 1811 3169 1878 Dei

603 1899 984 1987 justitiam,
1029 1910 1093 1967 et
1144 1921 1340 1967 suam
1398 1898 1796 1968 extollentes
1830 1902 2174 1979 virtutem,
2227 1900 2594 1969 dixerunt:
2652 1906 2889 1968 Manus
2935 1910 3172 1969 nostra

610 1993 904 2067 eoecelsa,
960 1998 1023 2056 et
1055 2009 1185 2056 non
1215 1990 1534 2057 Dominus
1578 1991 1739 2078 fecit
1789 1990 1953 2058 haec
1985 1992 2211 2059 omnia
2260 1995 2480 2073 (Deut.
2524 1989 2752 2077 xxxu).
2791 1987 2968 2069 Quia
3008 2010 3166 2058 vero

613 2082 789 2149 Deus
841 2076 1153 2165 patribus
1188 2077 1439 2146 nostris
1488 2078 1729 2158 iratus,
1772 2082 2115 2147 Danorum
2158 2101 2279 2147 nos
2312 2077 2592 2147 tradidit
2645 2077 2982 2167 potestati,
3016 2078 3168 2147 suis

610 2165 677 2233 id
719 2165 982 2234 viribus
1024 2164 1445 2264 trib-uenteS,
1502 2165 1702 2235 facile
1756 2166 1886 2235 hoc
1926 2167 2151 2257 ipsum
2203 2181 2268 2238 et
2318 2188 2501 2236 nunc
2551 2166 2700 2235 fieri
2735 2186 2932 2255 posse
2981 2165 3168 2234 arbi-

611 2266 927 2333 trantur3
984 2266 1359 2323 nescientes
1407 2255 1571 2341 quia
1602 2254 1722 2342 qui
1761 2256 2074 2345 percutit,
2113 2257 2129 2323 i
2186 2278 2257 2325 se
2288 2268 2352 2324 et
2383 2268 2617 2335 sanat3
2668 2266 2734 2323 et
2770 2253 2890 2340 qui
2929 2256 3167 2323 morti-

611 2342 811 2419 ficat,
875 2342 1020 2431 ipse
1067 2355 1132 2410 et
1181 2342 1510 2427 vivificat;
1561 2356 1626 2411 et
1671 2344 1789 2430 qui
1839 2344 2033 2413 ducit
2080 2366 2114 2412 a
2218 2343 2493 2422 inferos,
2549 2344 2697 2434 ipse
2755 2356 2820 2410 et
2867 2342 3160 2411 reducit.

610 2431 830 2522 Igitur
860 2451 970 2499 rex
1027 2432 1299 2511 Daniae,
1352 2444 1584 2501 coacto
1635 2432 1704 2501 in
1754 2454 1972 2502 unum
2024 2434 2347 2512 exercitu,
2401 2432 2732 2502 hodierna
2780 2431 2893 2499 die
2945 2433 3166 2501 ventis

611 2542 734 2611 pro
782 2534 932 2589 voto
975 2520 1305 2590 flantibus
1341 2543 1547 2589 naves
1579 2522 1803 2609 parari
1843 2523 2199 2612 praecipit.
2249 2524 2395 2591 Jam
2445 2544 2648 2590 naves
2684 2521 2873 2600 veliS‚
2913 2534 2978 2589 et
3016 2521 3163 2590 vela

605 2609 825 2678 ventis
855 2608 1128 2678 fuerant
1160 2610 1656 2686 committenda
1687 2633 1701 2677 ε
1746 2624 1811 2680 et
1839 2633 1951 2681 rex
1987 2613 2272 2699 iniquus
2301 2612 2388 2680 ob
2422 2610 2707 2679 nimiam
2755 2610 3159 2698 superbiam

606 2699 804 2785 quasi
857 2698 1304 2785 semetipsum
1350 2719 1483 2766 non
1537 2699 1911 2781 sustinens,
1963 2700 2130 2769 dum
2183 2699 2267 2768 de
2300 2699 2558 2789 scapha
2600 2700 2670 2768 in
2715 2719 2954 2767 navem
2997 2720 3164 2768 con—

607 2787 931 2856 scendere
982 2786 1224 2867 vellet,
1282 2786 1454 2877 pede
1504 2786 1698 2877 lapso
1765 2788 1941 2857 inter
2005 2800 2418 2875 utramque,
2494 2788 2561 2856 in
2619 2809 2805 2856 mare
2852 2788 3158 2870 corruit;

605 2889 668 2944 et
717 2875 943 2944 statim
988 2876 1283 2965 abyssus
1333 2875 1606 2946 vallavit
1651 2898 1835 2957 eum,
1888 2891 1953 2946 et
2001 2876 2289 2967 pelagus
2335 2877 2927 2967 cooperuitcaput
2957 2876 3154 2963 ejus3

606 2965 839 3051 sicque
889 2980 1105 3034 morte
1154 2968 1283 3033 sua
1317 2978 1689 3052 utrumque
1726 2965 2088 3055 populum,
2127 2971 2471 3035 Danorum
2522 2966 2783 3035 scilicet
2813 2977 2877 3034 et
2911 2964 3164 3055 Anglo-

602 3076 786 3136 rum,
826 3076 865 3122 a
909 3067 1185 3142 peccato
1220 3054 1475 3144 pariter
1520 3066 1585 3122 et
1635 3054 1941 3144 periculo
1983 3054 2317 3124 liberavit.
2373 3059 2451 3123 Et
2498 3076 2697 3144 spero
2747 3055 2816 3122 in
2871 3054 3163 3124 Domino

610 3147 744 3211 Deo
798 3163 946 3210 meo
994 3155 1059 3210 et
1107 3142 1175 3210 in
1239 3142 1647 3212 dulcissima
1711 3148 1919 3211 Matre
1978 3143 2127 3234 ejus
2161 3197 2177 3224 ,
2251 3143 2433 3229 quod
2507 3142 2937 3233 temporibus
2982 3143 3162 3213 meis

609 3228 883 3299 nullum
938 3230 1218 3300 habebit
1249 3244 1539 3314 conatus
1569 3253 1808 3300 eorum
1851 3234 2191 3303 effectum.
2231 3235 2412 3301 Haec
2452 3245 2614 3301 sunt
2651 3252 2853 3318 quae,
2893 3230 3161 3302 Christo

605 3318 971 3392 revelante,
1010 3315 1295 3408 cognovi
1333 3375 1347 3398 ,
1408 3333 1474 3388 et
1510 3320 1679 3398 vidi,
1725 3332 1789 3389 et
1828 3322 1973 3401 risi,
2025 3334 2088 3391 et
2135 3321 2415 3411 gavisus
2449 3342 2630 3390 sum.
2678 3322 2916 3390 Risum
2966 3320 3156 3388 enim

607 3406 780 3474 mihi
839 3406 998 3476 fecit
1060 3408 1431 3483 Dominus.
1484 3421 1549 3477 et
1607 3411 2031 3497 quicumque
2079 3410 2398 3490 audierit,
2450 3408 2825 3479 corridebit
2873 3408 3069 3476 mihi.
3121 3433 3159 3474 »

603 3500 940 3565 Notantur
989 3509 1259 3585 tempus
1306 3510 1369 3564 et
1415 3497 1631 3566 hora:
1689 3500 2055 3568 mittuntur
2105 3499 2341 3568 nuncii
2392 3499 2461 3566 in
2517 3499 2750 3584 Dania,
2812 3512 2875 3567 et
2909 3498 3162 3567 >omnia

602 3605 779 3671 quae
840 3583 1235 3654 beatissimo
1288 3586 1423 3675 regi
1475 3587 1764 3656 coelitus
1835 3589 2157 3657 nunciata
2206 3587 2521 3668 fuerant,
2575 3609 2734 3656 vera
2789 3599 2854 3655 et
2913 3584 3162 3656 eadem

602 3672 769 3742 hora
823 3672 1160 3743 accidisse
1196 3688 1459 3765 reperta
1492 3688 1679 3744 sunt.

689 3765 726 3845 ,Q
774 3767 868 3831 9.
916 3763 1456 3832 Succedentibus
1509 3764 1736 3850 itaque
1788 3765 2158 3855 prosperis,
2214 3787 2326 3833 rex
2381 3766 2512 3834 voti
2555 3765 2663 3834 sui
2716 3785 3160 3850 nequaquam

601 3850 880 3928 oblitus,
939 3854 1322 3941 recogitans
1353 3866 1611 3939 quanta
1653 3853 1781 3921 sibi
1827 3854 2059 3923 fecerit
2108 3854 2461 3933 DominuS,
2508 3854 2672 3941 quia
2707 3852 2948 3921 ditavit
2997 3875 3162 3943 ege—

602 3961 796 4018 num,
852 3940 1251 4009 sublimavit
1303 3941 1635 4011 humilem
1672 3995 1688 4021 ,
1752 3942 2125 4032 inglorium
2178 3944 2569 4023 coronavit,
2625 3955 2821 4032 parat
2872 3941 3166 4011 reddere

601 4041 750 4097 vota
787 4051 935 4108 sua,
978 4043 1169 4118 parat
1218 4043 1562 4121 sumptus,
1653 4044 1800 4100 arat
1839 4032 2151 4100 donaria.
2197 4033 2461 4101 Vocatis
2501 4045 2727 4100 autem
2767 4031 2958 4119 regni
2998 4052 3164 4117 pro-

600 4117 899 4196 ceribuS,
939 4117 1181 4186 habuit
1227 4141 1384 4188 cum
1437 4121 1535 4187 eis
1633 4142 1668 4187 e
1701 4133 1881 4189 statu
1915 4121 2133 4209 regni,
2174 4121 2272 4189 vel
2316 4121 2398 4189 de
2440 4143 2562 4191 sua
2600 4120 3161 4221 peregrinatione

599 4227 1015 4285 sermonem,
1062 4207 1341 4277 dicens:
1397 4231 1430 4272 «
1472 4213 1612 4276 Non
1646 4210 1896 4277 excidit
1947 4211 2161 4288 vobis,
2218 4210 2561 4296 quomodo
2605 4206 3033 4278 irruentibus
3086 4210 3152 4278 in

600 4294 1088 4363 haereditatem
1144 4309 1444 4364 nostram
1498 4297 1816 4367 Barbaris
1851 4353 1865 4379 ,
1923 4297 2083 4366 sacti
2134 4320 2375 4367 sumus
2409 4299 2858 4387 opprobrium
2905 4298 3158 4369 vicinis

601 4383 905 4465 nostris,
960 4384 1408 4454 subsannatio
1457 4398 1520 4455 et
1568 4385 1801 4456 illusio
1867 4387 1974 4458 his
2023 4387 2144 4474 qui
2194 4387 2261 4455 in
2313 4388 2609 4458 circuitu
2678 4398 2913 4458 nostro
2962 4404 3152 4459 sunt.
