3347 4999
166 288 341 353 OCT.
399 286 482 350 ⁴3
1077 303 1154 348 na
1203 303 1258 351 s.
1311 301 1603 350 nnuAano
1656 303 1814 349 anea
2497 288 2624 353 369

170 389 463 479 Scripsit
519 388 750 474 itaque
798 408 1004 456 senex
1043 386 1279 455 omnia
1327 386 1600 466 audita,
1658 400 1723 455 et
1757 387 1924 476 Regi
1971 387 2239 456 direxit.
2294 389 2542 459 Eadem
2593 414 2718 462 au-

166 490 299 547 tem
348 478 556 557 hora,
611 477 781 545 lecto
833 481 1050 565 Papae
1099 475 1427 565 rescripto
1458 530 1473 555 ‚
1539 474 1718 544 beati
1768 475 1952 544 senis
2005 477 2236 565 apices
2309 478 2707 549 recitantur.

164 572 357 637 Tunc
409 571 546 635 Rex
595 565 812 634 laetus
857 577 920 634 et
967 564 1237 644 alacriS,
1293 563 1656 654 pecuniam
1707 585 1916 650 quam
1952 563 2036 631 ad
2093 585 2248 653 pere
2305 565 2711 638 rinationem

166 668 550 745 paraverat,
598 653 1021 743 pauperibus
1068 653 1443 732 distribuit,
1485 665 1549 721 et
1602 652 2096 722 monasterium
2149 674 2225 720 ae
2283 653 2555 724 ificavit.

255 747 292 831 ξ
340 750 494 818 12.
550 747 880 831 Tempore
926 763 1061 828 quo
1112 763 1226 810 rex
1274 741 1704 810 Ethelbertus
1729 741 1785 821 ²⁴,
1822 741 1941 827 qui
1990 741 2296 830 regnavit
2344 742 2411 809 in
2455 745 2709 826 cantia,

169 832 615 922 praedicante
664 831 859 899 beato
898 830 1279 920 Augustino
1328 828 1487 899 fidei
1555 841 1986 899 sacramenta
2034 851 2232 898 susce
2285 841 2449 911 erat,
2505 854 2717 921 nepos

168 922 319 1009 ejus
391 920 738 1000 SebertuS,
792 919 912 1004 qui
960 918 1413 988 orientalibus
1471 918 1706 1008 Anglis
1767 917 2108 1008 praefuit,
2171 918 2213 986 fi
2270 940 2412 1000 em,
2477 921 2714 990 eodem

170 1011 514 1100 Episcopo
562 1008 1096 1097 evangelizante,
1150 1007 1475 1098 suscepit.
1528 1009 1652 1076 Hic
1693 1006 2084 1087 Londoniis,
2130 1028 2307 1093 quae
2366 1009 2554 1097 regni
2607 1010 2718 1079 sui

166 1111 379 1187 caput
441 1098 848 1176 habebatur,
904 1097 1083 1165 intra
1135 1117 1369 1166 muros
1417 1096 1778 1166 ecclesiam
1834 1095 2012 1164 beati
2085 1095 2276 1164 Pauli
2317 1095 2711 1180 fabricavit,

166 1200 233 1255 et
271 1186 654 1276 episcopali
724 1186 1003 1266 bonore,
1058 1183 1390 1254 Mellitum
1450 1184 1849 1274 episcopum
1913 1183 2277 1254 instituens
2335 1185 2710 1256 honoravit.

174 1280 371 1344 Extra
411 1296 646 1344 muros
679 1296 832 1343 vero
874 1273 943 1340 in
994 1272 1401 1342 occidentali
1454 1285 1665 1362 parte,
1705 1274 1773 1340 in
1825 1272 2083 1341 honore
2133 1272 2310 1342 beati
2361 1275 2537 1343 Petri
2579 1297 2719 1344 mo-

173 1365 555 1433 nasterium
593 1362 866 1452 insigne
895 1361 1233 1441 fundavit,
1272 1375 1336 1431 et
1373 1361 1607 1431 multis
1641 1360 2195 1451 possessionibus
2221 1361 2479 1430 ditavit.
2517 1368 2719 1433 Nocte

176 1466 435 1532 autem,
492 1451 989 1520 dedicationem
1025 1450 1334 1539 ejusdem
1362 1448 1689 1519 ecclesiae
1721 1448 2188 1540 praecedente,
2225 1449 2542 1539 piscatori
2576 1453 2720 1521 cui·

168 1541 331 1610 dam
387 1541 793 1609 Thamensis
822 1539 889 1574 ’μ’
938 1539 1154 1619 fluvii,
1199 1539 1318 1624 qui
1360 1538 1537 1607 idem
1595 1539 2085 1607 monasterium
2125 1539 2567 1627 praeterfluit,
2608 1540 2720 1611 ul-

174 1631 410 1699 teriori
464 1629 616 1717 ripa
654 1628 722 1696 in
762 1628 1003 1697 babitu
1034 1627 1393 1718 peregrino
1428 1628 1668 1697 beatus
1702 1633 1937 1698 Petrus
1978 1647 2339 1716 apparenS,
2382 1629 2713 1717 promissa

171 1718 514 1798 mercede,
573 1716 926 1805 transponi
966 1737 1037 1784 se
1069 1716 1155 1785 ab
1203 1715 1438 1786 eodem
1470 1728 1535 1785 et
1586 1716 1799 1805 petiit,
1844 1729 1908 1784 et
1955 1715 2353 1804 promeruit.
2390 1721 2719 1806 Egressus

165 1821 401 1877 autem
449 1806 533 1875 de
568 1805 908 1885 navicula,
953 1804 1338 1883 ecclesiam,
1396 1803 1730 1892 piscatore
1763 1816 2120 1884 cernente,
2174 1804 2585 1893 ingreditur.
2643 1813 2720 1876 Et

166 1917 325 1966 ecce
377 1894 613 1966 subito
662 1893 779 1962 lux
837 1893 1148 1962 coelestis
1194 1892 1517 1973 emicuit,
1577 1893 1888 1980 miroque
1936 1891 2302 1980 splendore
2364 1893 2720 1965 illustrans

171 1984 437 2064 omnia,
493 1994 758 2052 noctem
809 1983 1137 2052 convertit
1172 1981 1240 2049 in
1275 1981 1480 2050 diem.
1528 1981 1757 2051 Adfuit
1790 2003 1950 2050 cum
1986 1980 2301 2070 Apostolo
2353 1982 2719 2053 multitudo

169 2073 434 2141 civium
471 2092 929 2161 supernorum
970 2070 1533 2160 ingredientium,
1577 2069 2008 2157 melodiaque
2040 2069 2354 2138 coelestis
2387 2071 2715 2154 insonuit,

173 2160 561 2230 indicibilis
610 2158 840 2229 odoris
887 2159 983 2227 fra
1044 2159 1261 2228 rantia
1313 2180 1515 2227 nares
1586 2157 2061 2247 perfundebat.
2131 2159 2429 2227 Peractis
2490 2173 2718 2230 autem

168 2251 507 2319 omnibus
553 2269 729 2334 quae
762 2247 845 2315 ad
896 2270 1011 2317 ecc
1043 2249 1223 2316 esiae
1271 2246 1769 2316 dedicationem
1812 2256 2141 2336 spectant,
2197 2247 2579 2329 solemniis,
2614 2272 2721 2318 re-

172 2337 271 2406 dit
300 2338 383 2407 ad
435 2337 837 2426 piscatorem
880 2338 1172 2424 piscium
1211 2337 1508 2426 piscator
1533 2335 1854 2425 egregius
1883 2335 2270 2403 hominum.
2308 2340 2519 2418 Quem
2551 2337 2720 2407 dum

175 2424 392 2495 divini
451 2425 739 2495 luminis
787 2423 1051 2515 fulgore
1108 2424 1569 2516 perterritum,
1623 2436 1690 2492 et
1748 2423 2119 2492 alienatum
2184 2445 2354 2513 pene
2404 2426 2722 2496 sensibus

176 2517 571 2605 reperisset,
647 2513 901 2582 blanda
970 2513 1434 2584 consolatione
1491 2513 1715 2582 reddit
1781 2513 2129 2582 hominem
2183 2512 2352 2593 sibi,
2407 2514 2721 2584 animum

177 2604 457 2674 rationi.
493 2602 962 2693 Ingredientes
993 2603 1330 2694 ‚cymbam
1379 2602 1588 2671 simul
1614 2614 1901 2688 uterque
1953 2601 2271 2691 piscator,
2329 2602 2422 2670 ait
2460 2608 2716 2673 Petrus:

179 2715 214 2758 «
252 2692 584 2779 Nunquid
652 2689 1192 2781 pulmentarium
1244 2713 1379 2760 non
1458 2691 1788 2761 habesi»
1847 2696 1922 2758 Et
1977 2689 2113 2768 ille,
2172 2692 2717 2776 «Inconsultae‚

176 2781 431 2868 inquit,
506 2780 679 2849 lucis
779 2779 1121 2848 erfusione
1163 2779 1508 2868 stupidus,
1566 2792 1629 2847 et
1684 2779 2182 2868 exspectatione
2233 2779 2332 2846 tui
2378 2778 2715 2861 detentuS,

178 2871 349 2939 nihil
409 2869 582 2958 cepi,
641 2890 710 2937 se
813 2869 1219 2956 promissam
1272 2891 1311 2936 a
1362 2881 1422 2937 te
1471 2867 1852 2936 mercedem
1892 2888 2178 2936 securus
2225 2870 2627 2957 exspectavi.
2685 2892 2721 2936 »

178 2958 269 3026 Ad
320 2959 493 3027 haec
541 2956 901 3047 Apostolus
950 2958 1078 3025 ait:
1136 2980 1170 3022 «
1208 2962 1383 3026 Laxa
1436 2978 1618 3025 nunc
1671 2956 1839 3025 retia
1880 2956 1947 3022 in
1993 2967 2375 3044 capturam.
2418 2980 2453 3022 »
2500 2958 2727 3027 Paruit

178 3045 552 3136 imperanti
606 3046 922 3135 piscator,
976 3058 1040 3115 et
1090 3067 1244 3114 mox
1294 3045 1601 3135 implevit
1640 3057 1774 3112 rete
1831 3043 2124 3132 piscium
2181 3044 2477 3113 maxima
2545 3046 2724 3115 mul-

186 3135 428 3205 titudo.
470 3138 720 3204 Omnes
769 3146 963 3202 erant
994 3134 1303 3223 ejusdem
1334 3134 1603 3223 generis
1644 3134 1892 3221 pisceS,
1933 3145 2199 3220 praeter
2237 3154 2457 3201 unum
2512 3133 2724 3203 mirae

184 3223 615 3293 enormitatis
654 3223 986 3292 esocium.
1041 3223 1306 3304 Quibus
1354 3222 1437 3290 ad
1475 3222 1695 3310 ripam
1739 3219 2079 3300 extractiS,
2126 3220 2296 3288 dixit
2334 3225 2381 3289 A
2433 3224 2719 3292 ostolus:

191 3335 219 3377 ι
252 3318 452 3382 Hunc
499 3312 618 3398 qui
681 3333 843 3401 prae
897 3312 1181 3380 caeteris
1235 3312 1445 3400 pretio
1502 3324 1565 3380 et
1606 3307 2086 3409 magnitudine
2138 3330 2375 3397 praece
2406 3310 2505 3390 lit,
2562 3311 2726 3380 Mel-

187 3399 328 3480 lito,
382 3422 463 3470 ex
513 3421 662 3468 mea
713 3411 923 3490 parte,
994 3399 1181 3468 defer
1252 3400 1555 3489 piscem,
1639 3419 1984 3487 episcopo.
2052 3402 2178 3466 Pro
2231 3399 2503 3468 nautica
2570 3422 2724 3470 vero

189 3488 523 3569 mercede,
578 3500 842 3557 caetera
892 3488 1012 3558 tibi
1064 3487 1247 3557 tolle.

273 3580 309 3664 ξ
358 3581 504 3648 13.
560 3599 595 3642 «
648 3577 872 3665 Hujus
906 3576 1175 3665 generis
1216 3575 1414 3663 copia
1460 3574 1852 3645 abundabis
1904 3575 1969 3643 in
2023 3575 2159 3644 vita
2207 3587 2355 3656 tua,
2409 3587 2473 3645 et
2522 3577 2725 3668 longo

189 3676 494 3754 tempore
531 3675 679 3751 post
729 3678 788 3733 te
837 3665 1197 3765 progenies
1248 3678 1395 3732 tua:
1438 3676 1726 3744 tantum,
1769 3687 1851 3733 ne
1900 3664 2080 3733 ultra
2122 3663 2372 3753 piscari
2407 3665 2727 3737 audearis

188 3753 258 3820 in
293 3753 681 3823 celebritate
731 3754 1104 3822 Dominica.
1160 3757 1294 3842 Ego
1343 3775 1499 3821 sum
1551 3758 1810 3835 Petrus,
1864 3753 1984 3839 qui
2024 3753 2263 3838 loquor
2312 3767 2557 3837 tecum,
2603 3755 2728 3842 qui

186 3863 348 3910 cum
388 3842 555 3911 meis
603 3840 1004 3910 concivibus
1036 3854 1498 3911 constructam
1551 3841 1620 3909 in
1677 3863 1825 3910 meo
1875 3841 2158 3909 nomine
2205 3840 2566 3910 Basilicam
2613 3844 2729 3913 de·-

189 3927 435 4012 dicavi‚
473 3928 1069 4021 episcopalemque
1135 3929 1676 3998 benedictionem
1732 3952 1921 3999 meae
1990 3928 2558 3998 sanctificationis
2606 3955 2729 4002 au-

188 4019 494 4088 ctoritate
565 4017 905 4107 praeveni.
994 4018 1108 4086 Dic
1157 4039 1319 4105 ergo
1371 4018 1721 4106 pontifici,
1773 4039 1950 4105 quae
2001 4017 2232 4085 vidisti
2280 4030 2345 4086 et
2414 4019 2722 4090 audisti:

191 4117 444 4192 tuoque
478 4105 775 4177 sermoni
826 4106 1024 4193 signa
1062 4107 1437 4195 parietibus
1486 4107 1826 4196 impressa
1882 4105 2352 4174 testimonium
2407 4108 2728 4196 perhibe-

184 4191 386 4262 ·bunt.
440 4192 887 4284 supersedeat
926 4193 1138 4283 igitur
1170 4194 1636 4275 dedicatione;
1694 4194 2054 4284 suppleat,
2102 4193 2285 4280 quod
2336 4194 2723 4278 omisimuS,

244 4353 348 4446 καί
354 4356 585 4449 aggeus-213
593 4355 834 4459 &igauna
854 4355 1012 4407 (Kame),
1034 4365 1155 4396 anno
1175 4358 1252 4396 857
1265 4369 1278 4403 ;
1296 4354 1488 4407 Angit„
1513 4359 1669 4398 autom
1692 4368 1833 4407 regno
1859 4356 2042 4408 potitus
2061 4363 2134 4402 est
2156 4369 2277 4400 imno
2297 4361 2388 4402 860.

350 4490 587 4547 surius
618 4519 642 4532 ·
679 4488 845 4549 Vitae
874 4490 988 4550 SS.
1024 4521 1044 4535 -
1076 4488 1204 4550 Vol.
1236 4488 1310 4553 X.
2495 4492 2574 4553 24
