3347 4999
736 325 864 386 :368
1546 340 1625 385 nn
1675 339 1730 384 s.
1785 337 2077 383 numano
2123 338 2284 384 naon
2878 320 3054 384 ocT.
3125 322 3198 386 ¹3

644 424 983 494 concessit
1032 422 1253 501 nobis,
1284 421 1564 491 dicens:
1601 428 2065 511 Quaecumque
2095 424 2374 491 solveris
2405 445 2609 512 super
2656 436 2933 501 terram,
2964 427 3194 492 soluta

646 525 839 583 erunt
887 524 948 581 et
984 515 1052 581 in
1100 514 1300 581 coelis
1343 512 1610 599 (naeth.
1668 514 1826 599 xvi).
1885 510 2132 578 Deinde
2183 511 2649 599 praecipimus
2696 511 2822 580 tibi
2872 513 3005 581 sub
3073 534 3198 581 no-

648 602 834 671 mine
866 615 1139 670 sanctae
1195 600 1623 670 obedientiae
1668 613 1736 669 et
1785 600 2262 689 poenitentiae,
2322 612 2400 668 ut
2445 621 2820 689 expensas,
2864 622 3040 687 quas
3109 601 3195 670 ad

646 690 773 759 iter
810 690 991 760 istud
1032 711 1418 778 paraveraS,
1476 690 1900 778 pauperibus
1936 691 2053 757 ero
2183 744 2198 769 ,
2242 701 2308 756 et
2345 688 2754 758 coenobium
2811 690 3195 760 monacho-

645 800 798 847 rum
865 780 932 847 in
999 780 1259 848 honore
1306 779 1526 847 sancti
1596 779 1769 847 Petri
1822 784 2067 865 Aposto
2098 800 2295 846 orum
2376 778 2716 868 principis
2763 792 2884 848 aut
2933 801 3196 849 novum

642 869 1045 946 constituas,
1084 881 1205 937 aut
1237 879 1578 936 vetustum
1624 865 1952 935 emendes
1995 880 2061 935 et
2099 888 2380 956 augeaS,
2451 879 2517 936 et
2560 866 3049 936 sufficientiam
3105 870 3202 937 vi-

641 957 975 1026 ctualium
1008 956 1337 1025 fratribus
1362 955 1446 1022 de
1481 957 1617 1025 tuis
1652 955 1985 1025 reditibus
2023 957 2407 1025 constituas
2440 979 2457 1017 ε
2496 969 2841 1042 quatenus
2882 956 3050 1024 dum
3093 957 3198 1027 illi

644 1046 923 1115 assidue
970 1045 1141 1114 inibi
1194 1050 1405 1114 Deum
1473 1044 1926 1124 laudaverint,
1978 1057 2042 1114 et
2092 1045 2360 1114 Sanctis
2416 1057 2755 1134 augeatur
2815 1043 3078 1135 gloria,
3137 1060 3204 1116 et

646 1135 770 1204 tibi
821 1133 1276 1224 indulgentia.
1316 1133 1436 1203 Cui
1487 1132 1635 1202 loco
1681 1132 2012 1219 quicquid
2063 1132 2463 1211 contuleris.
2522 1133 2621 1202 vel
2682 1132 3008 1203 collatum
3063 1148 3200 1217 est,

643 1223 746 1292 vel
795 1223 1205 1303 conseretur,
1258 1236 1334 1292 ut
1384 1238 1609 1291 ratum
1650 1221 1762 1301 sit,
1803 1222 2187 1309 Apostolica
2233 1223 2638 1292 auctoritate
2691 1223 3196 1313 praecipimus,

642 1325 709 1381 et
748 1326 824 1382 ut
856 1334 1130 1402 semper
1178 1311 1507 1381 habitatio
1543 1311 2037 1380 monachorum
2090 1311 2199 1389 sit,
2256 1324 2320 1379 et
2362 1311 2536 1380 nulli
2590 1310 2808 1381 laicae
2862 1333 3204 1402 personae

644 1401 781 1470 nisi
824 1403 964 1491 regi
1006 1400 1384 1470 subdatur:
1437 1413 1502 1469 et
1532 1421 2013 1486 quaecumque
2055 1400 2297 1489 privile
2351 1401 2415 1469 ia
2471 1400 2567 1469 ibi
2618 1401 3039 1470 constituere
3088 1425 3204 1471 vo-

645 1489 859 1559 lueris
891 1490 977 1559 ad
1014 1491 1342 1559 honorem
1396 1489 1505 1558 Dei
1572 1488 2022 1578 pertinentia,
2091 1510 2302 1557 conce
2359 1491 2541 1559 imus
2587 1503 2653 1558 et
2708 1490 3202 1561 robustissima

645 1579 1047 1648 auctoritate
1078 1578 1599 1656 confirinamuS,
1656 1592 1721 1646 et
1760 1577 1827 1645 in
1875 1577 2011 1647 fine
2052 1575 2376 1648 fractores
2422 1599 2660 1647 eorum
2712 1590 2990 1648 aeterna
3058 1602 3202 1649 ma—

647 1667 1011 1737 ledictione
1049 1667 1492 1736 damnamus,
1528 1690 1564 1731 »

733 1760 768 1843 §
820 1763 947 1831 11.
1004 1755 1543 1846 Responsalibus
1576 1767 1806 1824 autem
1859 1754 2038 1843 regis
2072 1768 2136 1823 et
2171 1754 2414 1824 litteris
2449 1754 2799 1825 Pontificis
2830 1756 3196 1825 oraculum

642 1845 931 1915 coeleste
977 1845 1349 1914 concurrit.
1394 1849 1550 1912 Erat
1596 1843 1779 1911 onim
1834 1844 1934 1912 vir
1963 1843 2248 1930 quidam
2286 1844 2354 1912 in
2398 1842 2660 1934 Anglia‚
2717 1849 2850 1913 Deo
2898 1844 3199 1915 dilectus

644 1948 708 2003 et
750 1934 1173 2014 hominibuS,
1210 1933 1353 2018 qui,
1417 1932 1485 2001 in
1538 1955 1749 2021 specu
1809 1933 2256 2002 subterraneo
2299 1932 2536 2001 multis
2582 1933 2791 2003 annis
2848 1933 3195 2016 inclusus,

646 2044 932 2092 suorum
967 2036 1112 2092 erat
1148 2022 1546 2092 meritorum
1591 2021 1956 2110 stipendiis
1995 2021 2141 2110 jam
2181 2021 2472 2090 vicinus
2514 2022 2691 2090 Huic
2746 2027 2993 2091 Petrus
3028 2028 3198 2112 Apo-

645 2112 865 2181 stolus
903 2112 968 2180 in
1009 2112 1266 2180 visione
1322 2110 1538 2180 noctis
1595 2110 1949 2190 assistenS,
1987 2109 2121 2179 ait:
2177 2133 2212 2176 «
2249 2116 2386 2179 Rex
2435 2108 2800 2179 Eduardus
2858 2134 2982 2201 pro
3019 2126 3196 2192 voto,

644 2222 784 2286 quo
818 2223 889 2269 se
935 2223 1093 2269 cum
1130 2200 1360 2268 adbuc
1418 2198 1749 2268 exultaret
1788 2198 2267 2278 adstrinxerat,
2327 2220 2446 2287 pro
2495 2201 2693 2289 regni
2755 2200 2960 2268 etiam
3035 2223 3201 2291 pace

647 2310 1172 2377 pauperumque
1202 2288 1601 2357 necessitate
1639 2309 1972 2377 preceque
2002 2285 2361 2367 sollicituS,
2399 2293 2781 2357 Romanam
2816 2288 3201 2360 Ecclesiam

646 2376 731 2444 de
764 2377 1087 2446 omnibus
1113 2376 1404 2446 credidit
1436 2375 1955 2447 consulendam.
1991 2377 2260 2446 Noverit
2289 2398 2464 2465 ergo
2492 2399 2563 2445 se
2598 2399 2750 2445 mea
2785 2378 3200 2448 auctoritate

646 2466 734 2536 ab
768 2465 893 2535 hac
920 2465 1335 2557 obligatione
1368 2464 1696 2545 solutum,
1737 2479 1803 2535 et
1849 2464 1932 2535 de
1961 2465 2294 2536 coenobio
2328 2466 2410 2535 ad
2453 2465 2584 2534 mei
2625 2465 2929 2535 nominis
2981 2468 3199 2537 bono·

626 2576 789 2628 „rem
821 2555 1306 2635 construendO,
1361 2576 1399 2622 a
1451 2577 1724 2624 summo
1775 2555 2097 2624 Pontifice
2147 2556 2536 2645 suscepisse
2598 2555 3034 2624 mandatum.
3089 2563 3203 2625 In-

645 2658 1046 2714 cunctanter
1113 2644 1340 2730 itaque
1389 2642 1630 2713 litteris
1692 2644 2093 2732 Apostolicis
2156 2645 2360 2713 fidem
2444 2643 2737 2722 habeat,
2815 2647 3205 2734 praeceptis

645 2732 941 2814 obediat,
976 2732 1288 2802 consiliis
1320 2732 1734 2818 acquiescat.
1766 2737 1813 2801 Α
1842 2754 1948 2801 mc
1977 2733 2162 2802 enim
2199 2755 2520 2833 egressus
2560 2746 2662 2802 est
2694 2754 2945 2813 sermo,
2990 2756 3204 2820 quem

646 2821 777 2892 sibi
829 2822 1176 2909 quondam
1232 2835 1597 2911 patronum
1634 2821 1862 2911 elegit,
1921 2822 2064 2891 viae
2097 2834 2441 2901 comitem,
2473 2823 2734 2912 gratiae
2765 2821 3204 2912 largitorem.

646 2915 760 2980 Est
787 2925 1013 2980 autem
1070 2911 1238 2979 mihi
1295 2909 1487 2979 locus
1545 2909 1612 2977 in
1653 2910 2063 2980 occidentali
2114 2922 2303 3000 parte
2351 2910 2742 2979 Londoniae
2799 2932 2855 2990 a,
2900 2932 3012 2981 me
3064 2911 3206 2981 ele·

644 3012 819 3080 ctuS,
861 3000 1030 3069 mihi
1079 2999 1395 3078 dilectus,
1438 3020 1644 3085 quem
1678 2998 2027 3085 quondam
2069 2998 2236 3067 mihi
2290 2999 2587 3100 propriis
2640 2998 2967 3068 manibus
3037 3024 3214 3070 con-

646 3089 928 3169 secravi,
988 3091 1139 3158 mea
1175 3085 1525 3159 nobilitavi
1575 3089 1985 3177 praesentia,
2045 3087 2301 3159 divinis
2346 3104 2552 3167 etiam
2615 3087 2974 3158 miraculis
3038 3089 3214 3160 illu-

645 3178 874 3246 stravi.
914 3178 1251 3267 Tborneja
1302 3198 1548 3245 nomen
1589 3189 1691 3246 est
1725 3176 1880 3258 loci,
1925 3176 2042 3264 qui
2076 3177 2424 3264 quondam
2469 3179 2556 3246 ‘ob
2608 3191 2883 3266 peccata
2924 3178 3211 3267 populi,
3307 3233 3308 3238 η

646 3264 1098 3335 Barbarorum
1138 3265 1429 3335 traditus
1468 3277 1570 3334 est
1611 3266 1947 3354 potestati,
1993 3267 2479 3354 pauperrimus
2509 3287 2589 3334 ex
2623 3266 2856 3345 divite,
2901 3266 3210 3337 humilis

645 3374 726 3422 ex
767 3353 1073 3433 sublimi,
1105 3377 1183 3424 ex
1222 3353 1434 3424 nobili
1468 3353 1689 3426 factus
1718 3368 1820 3423 est
1858 3354 2424 3443 contemptibilis.
2463 3359 2662 3424 Hunc
2701 3377 2810 3423 me
2843 3376 2954 3423 rex
2991 3376 3216 3442 prae-

633 3441 939 3531 cipiente
982 3442 1055 3525 jn
1129 3442 1603 3512 habitaculum
1682 3444 2179 3513 monachorum
2256 3443 2590 3531 suscipiat
2668 3443 3149 3531 reparandum
3188 3501 3205 3526 ,

645 3528 1167 3600 sublimandum
1205 3530 1563 3611 aedificiis»,
1604 3532 2157 3620 possessionibus
2185 3531 2690 3621 ampliandum.
2739 3537 2880 3602 Non
2930 3533 3064 3601 erit
3101 3533 3209 3603 ibi

642 3618 855 3699 aliud,
914 3619 1045 3690 nisi
1082 3619 1329 3691 domus
1380 3619 1493 3688 Dei
1534 3631 1599 3688 et
1649 3633 1837 3708 porta
1870 3621 2063 3690 coeli.
2119 3622 2219 3691 Ibi
2271 3621 2601 3711 erigenda
2632 3633 2734 3691 est
2783 3620 3007 3700 scala,
3073 3644 3214 3710 per

645 3729 853 3794 quam
891 3708 1382 3778 descendentes
1408 3719 1474 3777 et
1506 3709 1953 3779 ascendentes
1985 3709 2235 3800 angeli,
2283 3731 2516 3797 preces
2548 3723 2613 3780 et
2647 3722 2795 3778 vota
2828 3709 3216 3779 hominum

647 3796 1008 3887 perferant,
1044 3810 1108 3867 et
1140 3796 1446 3867 deferant
1480 3796 1794 3885 gratiam.
1828 3798 1994 3868 Inde
2028 3798 2559 3868 ascendentibus
2596 3798 2913 3867 reserabo
2931 3798 3217 3886 januas

647 3886 973 3988 paradisi,
1031 3899 1103 3956 ut
1151 3909 1229 3956 ex
1260 3885 1509 3965 officiO,
1547 3886 1728 3972 quod
1785 3909 1978 3958 meus
2030 3887 2195 3955 mihi
2238 3888 2566 3957 Dominus
2614 3908 2692 3955 ac
2745 3884 3055 3956 Salvator
3094 3888 3215 3957 in-

536 3999 539 4002 *
637 3975 891 4062 junxit,
946 3990 1009 4045 et
1041 3976 1286 4066 ligatos
1319 3973 1697 4052 absolvam,
1736 3989 1799 4045 et
1848 3975 2198 4046 absolutos
2238 3976 2659 4065 suscipiam:
2700 3986 2766 4044 et
2826 3997 3040 4062 quam
3099 3979 3214 4046 eis

643 4062 969 4132 delictum
1021 4065 1423 4143 occluserat,
1461 4062 1862 4152 justificatis
1897 4078 2155 4154 portam
2196 4064 2455 4152 patriae
2487 4061 2797 4133 coelestis
2846 4064 3212 4154 aperiam.

646 4157 743 4220 Tu
772 4166 999 4221 autem
1042 4154 1297 4234 omnia,
1336 4174 1513 4241 quae
1560 4152 1816 4223 audisti
1858 4176 1897 4222 a
1956 4175 2055 4224 nie
2093 4165 2156 4223 et
2204 4152 2534 4233 didicisti,
2590 4152 2833 4223 litteris
2884 4153 3216 4236 tradenS,

645 4241 789 4330 regi
828 4241 1039 4323 mitte,
1080 4255 1177 4324 ut,
1213 4262 1495 4312 munere
1534 4240 1645 4311 Dei
1681 4242 2054 4334 duplicatO,
2080 4256 2145 4312 ct
2184 4241 2267 4311 de
2294 4240 2727 4311 absolutione
2762 4243 3106 4324 securior,
3152 4257 3227 4313 et

645 4331 991 4421 praecepti
1025 4332 1420 4401 executione
1452 4328 1777 4414 devotior,
1816 4333 1887 4400 in
1928 4333 2054 4401 mei
2092 4343 2318 4401 autem
2352 4330 2717 4401 dilectione
2755 4341 2822 4399 et
2858 4331 3226 4419 obsequio

645 4418 1027 4511 reperiatur
1075 4420 1570 4511 propensior.»
1623 4421 1744 4490 His
1792 4421 2018 4501 dictis,
2077 4420 2190 4492 lux
2239 4443 2402 4492 cum
2452 4418 2768 4509 loquente
2817 4418 3224 4511 disparuit.
