3347 4999
237 399 414 466 OCT.
465 399 539 465 24
995 417 1075 464 nn
1123 417 1178 464 s.
1217 415 1466 465 macno
1513 416 1665 465 uon.
1718 417 1794 465 m·
1840 416 2020 466 conr.
2560 403 2686 466 627

237 501 585 602 medium:
637 522 937 589 cumque
987 500 1160 570 nihil
1219 502 1633 592 cujusquam
1702 503 2058 593 proprium
2118 502 2206 573 sit
2267 503 2582 574 omnium
2622 526 2772 575 om-

237 611 355 660 nia
403 602 587 661 sunt.

326 682 363 766 ξ
409 684 568 754 ss).
621 684 775 750 «Re
827 700 1012 751 resso
1060 679 1142 749 ad
1195 680 1424 750 cubile
1471 680 1770 752 occurrit
1820 679 2105 751 mulier:
2161 680 2505 750 tristitiam
2556 683 2774 752 animi

237 768 432 838 vultu
490 768 781 839 dissimu
814 789 929 837 are
997 789 1129 837 non
1183 769 1398 858 potui.
1451 773 1703 858 Rogat,
1757 791 1883 839 cur
1952 770 2043 839 ita
2111 769 2541 839 exanimatus
2607 771 2764 841 sim.

231 857 438 927 Audit
483 880 752 940 causaS,
808 857 1116 927 hortatur
1152 856 1411 949 fugam.
1468 862 1624 927 Peto
1673 859 1926 928 silentii
1976 858 2208 939 fidem,
2263 880 2399 928 non
2440 880 2772 948 asperna-

236 956 379 1015 tur:
432 960 495 1016 et
531 947 689 1049 jugi
766 967 1052 1017 susurro
1118 946 1294 1016 inter
1356 968 1545 1048 spem
1606 957 1671 1016 et
1734 961 1989 1017 metum
2045 946 2252 1015 medii
2316 947 2763 1017 fluctuamus,

231 1039 440 1106 Erant
489 1037 658 1104 mihi
706 1035 776 1103 in
813 1057 1016 1125 grege
1063 1033 1201 1105 duo
1249 1035 1419 1104 hirci
1461 1035 1673 1105 mirae
1714 1035 2236 1138 magnitudinis,
2283 1036 2547 1118 Quibus
2587 1037 2767 1106 occi·
2805 1082 2813 1096 ·

233 1124 354 1204 siS,
408 1136 597 1195 utres
645 1124 862 1203 facio,
934 1146 1311 1210 eorumque
1372 1145 1615 1194 carnes
1687 1125 1930 1195 viatico
2004 1146 2360 1215 praeparo.
2416 1130 2493 1194 Et
2545 1125 2770 1215 primo

234 1213 525 1302 vesperi,
568 1212 972 1303 putantibus
1019 1212 1319 1283 dominis
1368 1235 1492 1284 nos
1527 1226 1786 1283 secreto
1812 1213 2143 1294 cubitare,
2178 1213 2572 1283 invadimus
2614 1216 2765 1295 iter,

235 1315 423 1371 utres
469 1312 533 1371 et
583 1313 808 1387 partes
868 1302 1181 1371 carnium
1296 1312 1618 1371 ortantes.
1689 1306 1994 1390 Cumque
2072 1302 2620 1392 pervenissemus
2684 1302 2767 1371 ad

233 1390 524 1460 fluvium
562 1390 752 1492 (nam
803 1389 1037 1460 decem
1068 1324 1375 1462 milligus
1422 1390 1706 1480 aberat),
1754 1391 2009 1462 inflatis
2057 1391 2548 1478 consensisque
2594 1391 2770 1460 utri-

233 1479 388 1560 bu5‚
442 1501 640 1567 aquis
709 1501 834 1548 nos
880 1478 1252 1559 credimuS,
1309 1479 1637 1569 paulatim
1706 1479 1999 1569 pedibus
2050 1479 2638 1570 subremigant‹·=s,
2694 1493 2770 1550 ut

233 1567 557 1638 deorsum
611 1588 735 1638 nos
760 1568 1048 1637 flumine
1096 1566 1459 1649 deferente,
1491 1582 1555 1638 et
1593 1568 1811 1638 multo
1860 1567 2158 1659 longius,
2202 1572 2769 1656 quam·conscen-'

233 1657 584 1737 deramuS,
641 1657 709 1725 in
762 1656 1042 1725 alteram
1091 1676 1215 1726 nos
1242 1671 1620 1744 exponente
1670 1657 1934 1746 ripam,
1995 1658 2354 1747 vestigium
2406 1668 2767 1744 sequentes

238 1744 620 1835 perderent.
677 1744 803 1816 Sed
854 1745 1030 1814 inter
1061 1744 1229 1814 haec
1277 1744 1697 1815 madefactae
1729 1766 1994 1827 carnes,
2046 1758 2112 1814 et
2157 1767 2235 1815 ex
2314 1757 2456 1815 arte
2505 1746 2762 1836 lapsae,

238 1835 345 1904 vix
394 1833 605 1904 tridui
660 1834 892 1903 cibum
964 1832 1486 1923 pollicebantur.
1541 1834 1851 1904 Bibimus
1922 1855 2138 1921 usque
2202 1768 2310 1903 acl)
2339 1835 2713 1904 satietatem
2748 1889 2763 1916 ,

232 1922 502 1993 futurae
552 1945 676 1992 nos
725 1922 838 1992 siti
885 1934 1390 2013 praeparantes.
1429 1923 1809 2003 currimus,
1851 1936 1999 2011 post
2035 1937 2297 2014 tergum
2349 1945 2622 2014 semper
2646 1922 2771 1993 ad-

233 2012 610 2099 spicimuS,
673 2025 739 2081 et
788 2011 1009 2100 magis
1077 2011 1392 2082 noctibus
1457 2032 1988 2101 promovemus,
2055 2033 2264 2099 quam
2314 2011 2605 2082 diebus:
2660 2011 2764 2081 vel

236 2112 514 2190 propter
559 2099 851 2169 insidias
883 2100 1015 2169 late
1065 2100 1456 2189 vagantium
1509 2104 2029 2180 Saracenorum,
2085 2100 2185 2170 vel
2234 2114 2514 2191 propter
2559 2101 2763 2171 ardo-

238 2210 377 2257 rem
420 2187 585 2258 solis
621 2188 939 2257 nimium.

322 2279 358 2364 ξ
404 2283 538 2351 11.
592 2299 628 2343 «
657 2282 947 2347 Pavesco
995 2276 1204 2345 miser
1249 2276 1450 2345 etiam
1506 2276 1824 2357 referens,
1855 2275 1980 2346 etsi
2016 2279 2151 2346 tota
2187 2289 2410 2347 mente
2451 2300 2761 2360 securu5‚

237 2377 372 2435 toto
424 2380 645 2435 tamen
704 2365 1498 2456 corpore.perhorresco.
1552 2369 1709 2436 Post
1761 2365 1941 2434 diem
1996 2387 2150 2435 vero
2202 2367 2499 2448 tertium,
2554 2367 2768 2438 dubio

235 2466 603 2545 prospectu
653 2453 888 2544 procul
925 2452 1354 2544 adspicimus
1382 2453 1558 2525 duos
1586 2454 1869 2526 camelis
1920 2454 2292 2527 insidentes
2344 2456 2572 2527 venire
2604 2459 2765 2526 con·

233 2543 426 2614 citos.
483 2544 860 2630 Statimque
918 2564 1112 2612 mens
1164 2543 1325 2612 mali
1391 2565 1758 2634 praesaga,
1817 2557 2055 2634 putare
2112 2544 2335 2634 coepit
2396 2544 2763 2617 dominum

233 2632 549 2702 meditari
585 2644 893 2713 mortem,
934 2631 1142 2701 solem
1177 2652 1454 2701 cernere
1483 2632 2005 2723 nigrescentem.
2047 2637 2358 2721 Dumque
2409 2634 2757 2715 timemus,

230 2733 296 2790 et
343 2720 645 2812 vestigiis
711 2743 830 2810 per
898 2742 1143 2790 arenas
1213 2741 1334 2790 nos
1403 2720 1707 2811 proditos
1773 2720 2266 2811 intelligimuS,
2337 2722 2617 2792 offertur
2678 2722 2765 2792 ad

229 2809 571 2878 dexteram
626 2831 896 2898 specus,
951 2808 1151 2898 longe
1212 2810 1342 2879 sub
1415 2822 1662 2879 terram
1739 2825 2123 2899 penetrans.
2179 2810 2397 2900 Igitur
2446 2811 2763 2881 timentes

229 2909 559 2968 venenata
605 2897 933 2967 animalia
995 2919 1152 2967 nam
1195 2897 1415 2968 solent
1444 2900 1737 2988 viperae,
1790 2898 2008 2988 reguli
2056 2911 2121 2967 et
2154 2898 2572 2987 scorpioneS‚
2609 2921 2765 2969 cae·

232 2998 505 3073 teraque
535 2986 943 3074 hujuscemo
998 2987 1043 3068 i,
1096 2985 1420 3056 fervorem
1474 2988 1638 3057 solis
1681 2986 2120 3067 declinantia,
2157 2988 2444 3058 umbras
2479 2988 2765 3077 petere),

229 3067 639 3146 in'travimus
685 3075 965 3162 quidem
1016 3074 1445 3163 speluncam,
1499 3076 1617 3146 sed
1668 3076 1895 3145 statim
1935 3076 2002 3144 in
2055 3076 2204 3165 ipso
2258 3075 2542 3146 introitu
2594 3077 2779 3147 sini-

229 3176 409 3234 strae
455 3185 579 3234 nos
627 3162 852 3233 foveae
885 3164 1257 3244 credimuS,
1313 3185 1745 3252 nequaquam
1799 3163 1978 3233 ultra
2041 3164 2595 3264 progredientes,
2652 3188 2774 3248 ne,

229 3251 395 3322 dum
449 3263 734 3321 mortem
784 3251 1135 3341 fugimus,
1193 3252 1634 3322 incurramus
1661 3252 1731 3321 in
1785 3263 2112 3321 mortem:
2165 3253 2478 3341 illudque
2529 3254 2776 3326 nobis--

227 3363 386 3411 cum
440 3352 872 3440 reputantes:
942 3340 1009 3409 Si
1039 3344 1236 3428 Juvat
1286 3341 1617 3412 Dominus
1665 3340 1988 3421 miseros,
2044 3341 2379 3412 habemus
2429 3342 2717 3413 salutem
2741 3366 2767 3424 ;ι

228 3427 287 3500 si
335 3426 626 3518 despicit
674 3440 1107 3528 peccatores,
1178 3428 1514 3498 habemus
1574 3429 1996 3518 sepulcrum.
2052 3431 2227 3514 Quid
2288 3443 2490 3522 putas
2551 3431 2783 3502 fuisse*

226 3516 427 3587 nobis
475 3516 715 3597 animi,
768 3516 934 3604 quid
989 3517 1301 3599 terroris,
1353 3539 1510 3586 cum
1563 3531 1720 3588 ante
1767 3540 2045 3608 specum
2099 3519 2283 3590 haud
2336 3520 2576 3610 procul
2627 3532 2766 3592 sta-

225 3618 379 3676 rent
424 3603 749 3673 dominus
795 3616 860 3674 et
906 3627 1317 3686 conservuS,
1370 3619 1435 3675 et
1496 3606 1778 3697 vestigio
1850 3606 2075 3677 indice
2125 3609 2271 3698 jam
2322 3609 2407 3677 ad
2467 3609 2785 3680 latebras-

228 3694 748 3785 pervenissent?
795 3698 846 3763 Ο
899 3694 1112 3763 multo
1224 3694 1444 3763 ravior
1480 3708 1898 3785 exspectata,
1965 3718 2171 3783 quam
2239 3695 2469 3778 illata,
2527 3699 2755 3767 morsl

223 3788 491 3854 Rursus
530 3804 687 3851 cum
740 3782 984 3852 timore
1014 3795 1079 3852 et
1126 3717 1356 3853 lazore
1395 3784 1635 3886 lingua
1686 3784 2002 3867 balbutit,
2056 3797 2120 3854 et
2176 3786 2374 3872 quasi
2417 3786 2761 3856 clamante

224 3871 552 3952 domino,
608 3872 858 3941 mutire
919 3893 1053 3940 non
1129 3872 1372 3943 audeo.
1440 3874 1639 3943 Mittit
1714 3895 1985 3943 servum
2024 3927 2043 3954 ,
2100 3887 2175 3943 ut
2226 3896 2349 3944 nos
2415 3874 2498 3943 de
2548 3896 2761 3965 specu

225 3961 471 4042 trahat;
518 3961 663 4050 ipse
694 3960 991 4031 camelos
1026 3973 1225 4043 tenet,
1267 3974 1355 4042 et,
1385 3963 1741 4053 evaginato
1772 3961 2024 4053 gladio,
2058 3975 2367 4032 nostrum
2419 3973 2763 4053 exspectat

226 4048 618 4120 adventum.

309 4139 344 4224 ξ
390 4145 527 4213 1².
582 4161 617 4204 «
651 4143 916 4208 Interea
950 4138 1171 4209 tribus
1209 4137 1421 4209 ferme
1455 4139 1553 4208 vel
1589 4153 1887 4228 quatuor
1923 4140 2177 4210 cubitis
2210 4141 2628 4231 introgresso
2657 4140 2759 4211 fa-

227 4225 436 4307 mulo,
483 4225 684 4298 nobis
736 4249 814 4297 ex
848 4226 1116 4298 occulto
1163 4240 1426 4318 tergum
1478 4228 1630 4316 ejus
1690 4229 2081 4299 videntibus
2126 4229 2333 4319 (nam
2397 4229 2760 4302 oculorum

223 4313 610 4413 istiusmodi
659 4329 906 4386 natura
951 4329 1074 4396 est,
1132 4330 1207 4387 ut
1257 4330 1408 4407 post
1454 4318 1664 4387 solem
1719 4319 2002 4388 umbras
2049 4319 2492 4400 intrantibuS,
2558 4341 2761 4391 caeca

224 4417 361 4472 sint
405 4405 688 4493 omnia),
730 4427 851 4475 vox
903 4427 1022 4496 per
1067 4418 1341 4476 antrum
1405 4419 1636 4477 sonat:
1690 4408 1897 4489 Exite,
1936 4407 2265 4491 furciferi,
2319 4410 2514 4489 exite,
2564 4409 2762 4478 mori·

226 4491 383 4562 turi.
410 4492 586 4575 Quid
628 4496 866 4567 statis?
894 4494 1072 4578 Quid
1117 4495 1533 4567 moramini?
1571 4496 1780 4567 Exite.
1814 4497 2144 4569 Domfnus
2177 4511 2392 4579 vocat,
2429 4498 2797 4589 patienter-
