3347 4999
148 327 374 394 OCT.
428 329 471 395 2
655 378 665 387 .
854 346 934 392 m:
980 345 1039 393 s.
1095 342 1490 393 montemalo
1539 344 1738 392 Emsc.
1792 346 1867 392 m
1914 346 2106 393 nur.
2580 329 2665 395 75

143 443 399 503 esset.
454 430 722 500 Indicto
770 428 986 520 igitur
1032 428 1299 519 jejunio
1348 440 1413 498 et
1462 429 1816 519 precibuS‚
1885 440 2020 501 tres
2072 429 2447 511 chartulas,
2509 453 2751 501 eorum

147 520 607 591 sententiam
659 519 1111 599 continentes,
1158 517 1358 587 altari
1393 518 1898 606 imposuerunt,
1939 531 2014 586 ut
2060 518 2346 607 expletis
2397 521 2744 609 precibuS,

146 610 537 678 Dominus
569 607 971 687 declararet,
1011 607 1123 676 cui
1162 607 1340 675 beati
1382 606 1706 694 martyris
1738 606 2229 696 corpusculum
2266 620 2442 677 esset
2470 608 2751 680 traden-

150 697 394 766 dum.
449 696 817 785 Completis
865 718 1027 785 ergo
1068 696 1413 784 precibus,
1449 707 1513 764 et
1555 695 1917 765 Missarum
1971 694 2327 765 solemniis
2359 697 2743 779 celebratiS‚

147 807 387 856 unus
434 808 513 855 ex
548 785 909 865 ministriS,
959 785 1159 874 jussu
1211 783 1610 873 pontificum
1647 782 1930 853 dubiam
1970 804 2253 853 manum
2294 785 2583 855 immisit
2616 787 2748 856 sub

150 873 437 944 altaris
490 873 779 963 pallam:
832 876 1051 959 eaque
1099 884 1385 942 retracta
1422 927 1437 954 ,
1491 871 1657 958 quid
1710 870 2057 962 agendum
2115 886 2338 954 esset,
2395 875 2742 964 apparuit.

148 963 255 1031 Id
317 963 692 1053 conspicati
726 983 968 1031 omnes
1001 962 1119 1048 qui
1163 961 1324 1030 huic
1358 959 1751 1050 spectaculo
1782 959 2089 1042 aderant,
2129 961 2747 1032 acclamaruntAn·

151 1052 422 1122 soaldi
472 1051 817 1141 pontificis
865 1072 1013 1120 esse
1051 1050 1383 1139 justiores
1432 1071 1666 1140 preces
1744 1048 2059 1118 chartula
2118 1061 2415 1119 extracta
2465 1051 2531 1121 id
2582 1051 2749 1124 satis

153 1141 619 1211 declarante.
682 1144 784 1209 Ita
831 1161 994 1229 ergo
1050 1139 1198 1209 sine
1244 1138 1389 1207 ulla
1449 1138 1902 1229 ambiguitate
1966 1138 2373 1208 confirmato
2423 1140 2742 1223 concilio,

154 1229 474 1300 cuidam
527 1228 671 1298 viro
738 1229 878 1310 Dei,
939 1227 1181 1297 Abbati
1228 1249 1354 1297 suo
1400 1227 1793 1317 Audulpho,
1845 1226 2011 1314 quia
2058 1248 2097 1295 a
2159 1240 2396 1297 sancto
2448 1243 2750 1318 martyre

155 1319 504 1388 nutritus
535 1317 779 1398 fuerat,
818 1316 1202 1387 Ansoaldus
1234 1317 1598 1405 praecepit,
1637 1329 1716 1385 ut
1748 1336 1963 1404 ocyus
2014 1337 2135 1404 pro
2185 1328 2420 1386 sancto
2461 1339 2748 1419 corpore

160 1408 799 1498 proficisceretur,
855 1419 921 1475 et
967 1427 1129 1475 cum
1179 1404 1409 1474 debita
1456 1405 1832 1473 reverentia
1891 1403 2064 1473 illud
2127 1427 2346 1492 usque
2394 1406 2478 1474 ad
2531 1411 2751 1476 Picta-

163 1497 429 1566 viense
473 1494 819 1586 (Poitievrs)
857 1494 1083 1563 solum
1139 1493 1575 1582 perduceret:
1628 1494 1753 1563 ubi
1800 1514 1949 1562 sese
1996 1492 2232 1563 divino
2285 1493 2502 1563 cultui
2558 1518 2749 1565 man-

168 1586 460 1674 ciparat
492 1639 507 1666 ,
563 1583 703 1653 illic
759 1583 909 1670 ejus
959 1583 1243 1652 lucerna
1291 1595 1618 1672 perpetuo
1658 1581 2006 1651 emicaret.
2062 1582 2242 1651 Fecit
2291 1582 2396 1651 vir
2446 1583 2559 1652 Dei
2607 1589 2747 1654 Au—

174 1673 509 1764 dulphus
540 1727 556 1753 ,
609 1683 686 1741 ut
737 1673 1117 1760 Episcopus
1165 1671 1560 1760 imperarat,
1598 1683 1664 1740 et
1700 1691 1984 1760 propere
2031 1669 2202 1739 abiit
2249 1670 2333 1740 ad
2390 1671 2615 1742 locum
2675 1674 2746 1741 in

175 1784 334 1851 quo
373 1774 692 1831 sanctum
743 1759 917 1829 illud
968 1759 1455 1850 corpusculum
1506 1759 1927 1847 quiescebat.

284 1853 322 1938 ξ
375 1856 520 1923 21.
580 1848 705 1918 Ubi
754 1847 822 1916 id
873 1848 1265 1929 audierunt,
1319 1849 1440 1936 qui
1488 1849 1557 1917 in
1592 1847 1893 1918 circuitu
1939 1846 2091 1936 ejus
2137 1847 2268 1918 loci
2312 1847 2738 1929 habitabant,

182 1951 345 2008 tum
400 1937 768 2017 monachi,
825 1948 970 2007 tum
1022 1936 1140 2006 alii
1188 1937 1551 2025 utriusque
1607 1959 1811 2007 sexus
1862 1936 2200 2017 homines,
2259 1959 2510 2028 magna
2543 1937 2748 2008 devo-

187 2028 382 2096 tione
418 2024 841 2116 compuncti,
884 2025 1240 2095 confestim
1276 2047 1353 2095 eo
1388 2025 1835 2096 advolarunt:
1887 2039 1952 2094 et
1987 2047 2148 2095 cum
2203 2049 2451 2115 magna
2487 2027 2738 2116 partim

190 2114 633 2195 laetantium,
681 2115 930 2205 partim
980 2115 1293 2184 flentium
1340 2116 1564 2194 turba,
1619 2114 1841 2184 sancti
1892 2115 2235 2203 martyriS,
2291 2126 2364 2183 ut
2414 2120 2549 2184 Rex
2592 2116 2747 2202 jus-

195 2217 416 2285 serat,
471 2203 619 2274 loco
674 2224 802 2272 suo
859 2216 1123 2273 motum
1165 2216 1266 2273 est
1310 2225 1587 2293 corpus.
1640 2208 1778 2273 Iter
1824 2214 2050 2272 autem
2104 2202 2245 2271 illis
2298 2201 2737 2285 sac'ientibuS,

194 2315 307 2361 res
369 2294 624 2382 passim
675 2291 1026 2381 divulgata
1088 2305 1233 2362 est:
1309 2306 1375 2361 et
1443 2313 1598 2361 ecce
1660 2292 1972 2378 undique
2020 2313 2147 2360 sua
2202 2306 2443 2381 sponte
2506 2292 2746 2362 dextra

194 2380 524 2468 laevaque
569 2392 942 2450 accurrunt
992 2380 1275 2471 plurimi
1313 2402 1394 2449 ex
1431 2381 1889 2463 monasteriiS,
1934 2379 2115 2449 villis
2155 2402 2234 2449 ac
2265 2381 2546 2450 viculis:
2598 2404 2741 2452 mo-

194 2470 428 2549 nachi,
481 2468 737 2551 clerici,
796 2468 978 2549 laici,
1038 2484 1197 2539 cum
1250 2469 1626 2552 Crucibus,
1684 2469 1941 2551 cereis,
1998 2468 2238 2539 suffitu
2297 2483 2361 2539 et
2415 2470 2748 2542 odoribus

199 2559 635 2629 suavissimis
679 2558 1056 2647 procedunt
1094 2559 1390 2638 obviam,
1434 2572 1617 2628 tanta
1649 2559 2010 2629 hominum
2064 2557 2471 2646 frequentia,
2524 2573 2601 2629 ut
2643 2560 2746 2629 v-ix

192 2648 563 2735 quisquam
598 2646 683 2716 ad
720 2646 1044 2716 feretrum
1098 2660 1323 2739 posset
1361 2648 1707 2730 accedere,
1760 2646 2252 2734 sublatumque
2300 2650 2367 2717 in
2420 2649 2749 2719 humeros

190 2748 487 2827 portare.
519 2741 864 2821 Quotquot
892 2736 1075 2805 enim
1102 2737 1334 2824 aliquo
1367 2736 1757 2806 laborarent
1786 2737 2048 2817 morbo,
2088 2737 2149 2805 si
2175 2735 2498 2806 feretrum
2531 2758 2747 2806 manu

187 2825 589 2926 contingere
640 2835 961 2914 possent,
1017 2825 1202 2895 illico
1249 2824 1719 2896 sanabantur:
1792 2847 1918 2895 nec
1982 2825 2309 2910 cuiquam
2363 2825 2745 2914 negabatur

192 2914 508 2984 sanitatis
574 2912 988 2983 beneficium
1023 2969 1038 2996 ,
1093 2914 1149 2983 si
1199 2937 1278 2984 ex
1311 2914 1447 2984 fide
1494 2915 1721 2985 feretri
1771 2913 2278 3004 operimentum
2312 2968 2333 2994 ,
2408 2927 2527 2982 aut
2592 2915 2746 3004 ejus

189 3001 509 3072 fimbrias
559 3002 913 3092 tetigisset.
1218 3065 1219 3068 ,

279 3092 314 3178 ξ
366 3097 524 3162 22.
582 3095 767 3160 Inter
815 3091 980 3159 haec
1031 3102 1304 3161 ventum
1356 3105 1458 3162 est
1492 3091 1561 3160 in
1611 3090 1846 3160 villam
1899 3089 2324 3160 Gaudiacum
2378 3093 2745 3160 Carnoten-

189 3178 286 3248 sis
330 3178 709 3268 (Char-tres)
760 3178 1124 3270 parochiae
1155 3233 1171 3261 ,
1216 3180 1336 3250 ubi
1387 3193 1533 3250 erat
1583 3179 1813 3270 puella
1853 3178 2168 3269 Radinga
2200 3232 2216 3260 ,
2272 3201 2451 3267 quae
2498 3179 2567 3247 in
2624 3203 2745 3270 pa-

189 3280 465 3336 rentum
515 3266 721 3336 domo
769 3281 1026 3357 septem
1078 3268 1284 3338 annis
1322 3269 1638 3359 jacuerat
1685 3289 1912 3347 caeca,
1972 3281 2162 3337 muta
2207 3278 2273 3336 et
2337 3267 2738 3357 paralytica.

193 3355 411 3425 Allata
469 3376 624 3425 vero
672 3379 712 3425 a
763 3355 1164 3447 parentibus
1224 3356 1309 3426 ad
1378 3358 1557 3427 beati
1623 3356 1946 3446 martyris
1993 3355 2367 3437 feretrum,
2423 3378 2502 3427 ea
2550 3371 2747 3428 nocte

189 3444 543 3513 dormiens
657 3465 731 3513 er
779 3446 1002 3514 visum
1046 3444 1302 3516 vidisse
1350 3445 1567 3515 fertur
1614 3444 1791 3515 duos
1858 3443 2038 3515 viros
2105 3444 2737 3535 splendidissimOS,

198 3555 358 3603 cum
393 3532 553 3602 aliis
598 3533 619 3601 i
652 3533 743 3602 lic
791 3533 1158 3604 adstantes.
1199 3540 1505 3622 Cumque
1536 3533 1928 3624 evigilasset
1965 3545 2031 3604 et
2062 3534 2395 3604 visionem
2445 3534 2747 3604 admira·

201 3634 411 3702 retur,
451 3621 636 3691 oculi
684 3622 909 3692 visum
942 3676 958 3703 ,
1023 3622 1227 3711 pedes
1276 3644 1626 3713 gressum,
1683 3622 1925 3714 lingua
1972 3622 2301 3710 loquendi
2344 3623 2597 3713 recepit
2645 3623 2745 3693 fa-

200 3709 549 3779 cultatem.
604 3714 839 3797 Itaque
883 3711 1323 3792 exclamanS,
1395 3711 1522 3782 ait:
1575 3712 1842 3783 Gratias
1892 3712 2015 3782 tibi
2077 3733 2251 3803 ago,
2305 3713 2743 3802 omnipotens

194 3803 401 3878 DeuS,
442 3798 625 3886 quod
665 3820 787 3889 per
817 3813 1130 3869 sanctum
1171 3811 1537 3888 martyrem
1577 3800 2070 3891 Leodegarium
2104 3801 2381 3870 sanitati
2428 3801 2743 3871 restituta

197 3910 375 3958 sum.
413 3888 509 3956 Ab
551 3887 678 3955 hac
708 3887 915 3958 laude
946 3888 1275 3958 membris
1305 3888 1632 3961 omnibus
1667 3912 1836 3959 sana
1868 3901 2115 3972 erecta,
2146 3911 2303 3960 cum
2342 3890 2745 3980 parentibus

168 3976 475 4046 ‘domum
529 3975 721 4054 abiit,
775 3975 900 4046 diu
951 3989 1102 4067 post
1141 3976 1426 4046 victura.

279 4066 315 4151 ξ
365 4069 525 4136 728.
601 4063 854 4134 Deinde
900 4087 1058 4135 cum
1124 4065 1194 4133 in
1258 4066 1678 4136 Turonensis
1719 4066 2042 4136 territorii
2091 4066 2457 4137 Solcanum
2513 4066 2741 4136 vicum

199 4174 582 4244 pervenere,
636 4152 976 4240 quaedam
1028 4152 1474 4224 daemoniaca
1507 4178 1547 4224 a
1583 4155 1985 4245 parentibus
2023 4176 2142 4244 per
2181 4155 2464 4225 brachia
2500 4168 2737 4238 tracta,
2809 4223 2827 4233 ,

199 4241 490 4312 clamare
536 4242 761 4331 coepit
809 4264 879 4312 se
931 4241 1109 4312 nolle
1156 4242 1237 4311 ad
1293 4245 1511 4314 sancti
1564 4244 1690 4313 viri
1725 4243 2049 4313 feretrum
2088 4243 2434 4314 accedere.
2491 4245 2617 4313 Sed
2661 4264 2740 4313 eo

201 4330 404 4400 invita
453 4330 805 4422 perducta,
857 4353 1019 4401 cum
1072 4331 1431 4421 paululum
1471 4333 1803 4422 tetigisset
1836 4332 2062 4401 feretri
2111 4333 2646 4422 operimentum,
2703 4355 2745 4401 a

202 4417 554 4489 daemonio
602 4418 936 4490 mundata
983 4432 1106 4492 est.
1153 4421 1371 4512 Igitur
1417 4420 1502 4491 ad
1540 4442 1687 4492 sese
1738 4420 2034 4503 rediens»,
2090 4421 2362 4491 nolebat
2409 4444 2447 4489 a
2497 4420 2744 4490 feretro
