3347 4999
231 335 401 402 OCT.
457 335 526 397 21
1073 354 1151 398 nn
1201 353 1252 397 s.
1303 352 1642 400 munione
1691 351 1934 400 ΑΒΒΑΤΕ
2559 341 2686 403 613

226 450 293 508 et
345 458 423 506 eo
478 435 781 526 amplius
825 436 952 504 viri
1002 435 1380 505 distentum
1440 436 1881 507 solidissimis
1929 436 2213 507 funibus
2263 462 2419 508 cum
2474 441 2773 511 clamore

230 526 690 596 adduxerunt.
747 524 1118 614 Sanguinei
1154 538 1347 594 erant
1379 526 1586 605 oculi,
1632 525 1999 615 spumabat
2029 548 2128 608 os,
2167 527 2493 598 volubilis
2535 529 2774 621 lingua

230 616 569 705 turgebat,
625 626 688 682 et
737 636 946 703 super
992 636 1263 683 omnem
1306 628 1622 683 terrorem
1669 616 1938 705 rugitus
1975 616 2383 705 personabat
2415 618 2765 689 immanis.

227 704 441 774 Jussit
475 703 687 792 igitur
718 725 871 770 eum
917 703 1172 771 dimitti
1220 724 1447 773 senex.
1503 705 1740 773 Statim
1779 726 1933 774 vero
1967 717 2030 773 et
2062 705 2184 790 qui
2217 704 2668 787 adduxerant,
2706 721 2772 777 et

230 794 351 881 qui
384 815 541 861 cum
581 814 741 861 sene
788 805 1004 871 erant,
1061 814 1278 879 usque
1326 791 1409 860 ad
1462 815 1680 861 unum
1732 815 1971 862 omnes
2006 793 2361 884 diffugere.
2407 800 2612 864 Porro
2656 796 2771 865 ille

231 881 420 953 solus
456 882 745 968 perrexit
774 880 1070 962 obviam,
1108 893 1173 949 et
1205 902 1517 951 sermone
1559 887 1771 970 Syro:
1819 905 1853 948 «
1892 888 2030 952 Non
2077 904 2207 961 me,
2249 883 2493 970 inquit,
2530 896 2766 966 terres,

228 969 524 1047 diabole,
564 981 749 1038 tanta
786 969 959 1038 mole
1005 971 1358 1059 corporis:
1412 983 1476 1039 et
1523 971 1592 1038 in
1645 970 2031 1060 vulpecula,
2070 984 2135 1039 et
2166 972 2234 1039 in
2286 972 2547 1041 camelo
2588 995 2774 1044 unus

231 1074 433 1145 atque
483 1058 661 1127 idem
711 1080 804 1125 es.
844 1082 880 1123 »
933 1064 1007 1127 Et
1042 1059 1312 1127 interim
1353 1063 1663 1149 porrecta
1694 1059 1916 1128 stabat
1952 1082 2186 1128 manu.
2233 1060 2324 1129 Ad
2362 1082 2562 1146 quem
2601 1061 2769 1130 dum

233 1148 491 1228 furens,
529 1161 592 1216 et
626 1147 822 1234 quasi
861 1169 1016 1215 eum
1048 1147 1452 1217 devoratura
1489 1147 1715 1217 bellua
1751 1150 2187 1238 pervenisset,
2224 1150 2452 1218 statim
2486 1150 2766 1231 corruit,

233 1237 800 1322 submissumque
847 1247 1056 1324 caput
1106 1248 1319 1305 terrae
1369 1237 1809 1324 coaequavit,
1866 1238 2278 1307 mirantibus
2335 1239 2603 1308 cunctis
2648 1239 2769 1326 qui

232 1325 560 1405 aderant,
625 1337 774 1413 post
814 1337 1067 1393 tantam
1113 1325 1434 1394 ferociam
1471 1381 1485 1406 ,
1542 1339 1795 1394 tantam
1852 1326 2076 1395 subito
2134 1327 2762 1396 mansuetudinem.

234 1414 524 1484 Docebat
565 1427 789 1482 autem
846 1434 1049 1482 senex
1081 1469 1095 1495 ,
1161 1414 1517 1482 hominum
1570 1417 1780 1484 causa
1819 1414 2169 1484 diabolum
2214 1415 2415 1484 etiam
2453 1416 2768 1503 jumenta

233 1506 576 1591 corripere
607 1528 620 1567 :
674 1515 736 1571 et
781 1515 964 1571 tanto
993 1525 1229 1571 eorum
1267 1502 1503 1571 ardere
1534 1503 1714 1584 odio,
1752 1516 1829 1572 ut
1863 1525 1993 1571 non
2030 1504 2250 1572 solum
2291 1505 2500 1593 ipsos,
2542 1505 2657 1573 sed
2693 1526 2773 1573 ea

232 1614 410 1678 quae
459 1591 767 1678 ipsorum
806 1603 1053 1670 essent,
1104 1605 1382 1680 cuperet
1441 1592 1736 1660 interire.
1794 1592 2151 1682 Hujusque
2208 1594 2303 1660 rei
2350 1594 2772 1682 proponebat

233 1680 674 1769 exemplum,
728 1678 909 1765 quod
961 1695 1328 1767 antequam
1389 1680 1663 1750 beatum
1728 1680 1852 1750 Job
1907 1694 2166 1750 tentare
2222 1683 2763 1770 permitteretur,

232 1791 507 1839 omnem
555 1768 1008 1837 substantiam
1060 1768 1209 1855 ejus
1250 1769 1680 1838 interfecerit.
1736 1774 1865 1839 Nec
1918 1772 2185 1839 movere
2223 1771 2617 1859 quempiam
2656 1770 2770 1839 de-

232 1857 416 1935 bere,
470 1857 650 1944 quod
707 1857 976 1925 Domini
1017 1858 1331 1946 jussione
1380 1858 1518 1926 duo
1556 1857 1771 1926 millia
1826 1880 2182 1947 porcorum
2236 1880 2272 1926 a
2315 1857 2769 1929 daemonibus

231 1945 586 2015 interfecta
637 1959 820 2015 sunt.
877 1945 1223 2032 Siquidem
1277 1968 1392 2015 eos
1438 1946 1554 2032 qui
1614 1945 1965 2028 viderant,
2023 1968 2154 2016 non
2210 1948 2513 2036 potuisse
2574 1948 2772 2016 aliter

234 2037 532 2115 credere,
579 2033 796 2103 exisse
836 2034 918 2102 de
953 2034 1228 2104 bomine
1279 2049 1535 2103 tantam
1588 2035 1998 2104 daemonum
2053 2033 2595 2117 multitudinem,
2636 2037 2768 2105 nisi

232 2122 517 2222 grand-is
579 2144 939 2211 porcorum
996 2145 1375 2203 numeru8,
1445 2137 1506 2193 et
1570 2125 1764 2210 quasi
1816 2146 1855 2192 a
1921 2123 2155 2193 multis
2214 2139 2452 2205 acmS,
2516 2125 2770 2215 pariter

233 2224 625 2280 corruisset.

321 2301 531 2386 §15
584 2305 880 2390 Tempus
917 2321 1022 2367 me
1054 2299 1346 2375 deficiet,
1401 2301 1453 2368 si
1512 2299 1784 2370 voluero
1824 2302 2139 2370 universa
2181 2302 2405 2392 signa,
2450 2324 2625 2389 quae
2676 2303 2762 2372 ab

233 2410 311 2457 eo
355 2401 733 2477 perpetrata
767 2400 950 2466 sunt,
1005 2388 1254 2457 dicere.
1301 2393 1374 2456 In
1429 2402 1683 2457 tantam
1718 2391 1900 2459 enim
1953 2413 1990 2458 a
2042 2392 2331 2459 Domino
2377 2390 2597 2460 fuerat
2629 2390 2768 2461 ele-

232 2476 428 2546 vatus
476 2477 792 2579 gloriam,
845 2489 919 2546 ut
967 2477 1208 2548 beatus
1255 2499 1524 2565 quoque
1580 2479 1913 2549 Antonius
1961 2479 2252 2549 audiens
2312 2481 2767 2550 conversatio·

234 2586 391 2634 nem
442 2588 618 2653 ejus,
659 2567 1042 2636 scriberet*
1079 2568 1163 2646 ei,
1211 2567 1633 2654 libenterque
1682 2568 1829 2657 ejus
1867 2568 2192 2659 epistolas
2240 2583 2575 2650 sumeret;
2613 2582 2677 2638 et
2710 2570 2768 2640 si

231 2655 511 2741 quando
560 2655 644 2724 de
678 2656 911 2744 Syriae
947 2656 1259 2745 partibus
1295 2656 1375 2723 ad
1431 2678 1501 2724 se
1543 2655 1948 2747 languentes
1984 2659 2462 2747 perrexissent,
2517 2658 2775 2726 diceret

230 2744 373 2812 eis:
430 2766 464 2809 «
503 2750 726 2827 Quare
773 2766 889 2812 vos
953 2757 1084 2812 tam
1138 2744 1339 2835 longe
1401 2766 1638 2814 vexare
1697 2745 2027 2826 voluistiS,
2087 2769 2247 2816 cum
2311 2746 2620 2816 habeatis
2671 2746 2769 2815 ibi

232 2832 455 2901 filium
496 2855 724 2903 meum
776 2831 1249 2901 Hilarionem?
1310 2869 1329 2890 u
1386 2834 1710 2923 Exemplo
1764 2834 1990 2921 itaque
2028 2835 2179 2924 ejus
2239 2857 2359 2923 per
2404 2847 2605 2903 totam
2645 2840 2769 2902 Pa-

229 2919 589 2991 laestinam
628 2921 1165 2991 innumerabilia
1216 2924 1629 2992 monasteria
1675 2945 1822 2992 esse
1860 2935 2255 3012 coeperunt,
2312 2936 2375 2991 et
2408 2944 2648 2992 omnes
2677 2921 2765 2991 ad

231 3030 388 3078 eum
431 3011 747 3080 monachi
781 3011 1085 3080 certatim
1127 3033 1422 3081 currere.
1482 3010 1670 3094 Quod
1726 3011 1843 3079 ille
1891 3034 2203 3092 cernens,
2250 3010 2579 3080 laudabat
2639 3016 2766 3080 Do-

231 3098 403 3166 mini
454 3101 770 3188 gratiam,
844 3113 906 3168 et
973 3099 1058 3168 ad
1113 3099 1488 3189 profectum
1561 3100 1833 3169 animae
1882 3099 2196 3190 singulos
2244 3099 2755 3180 cohortabatur,

230 3184 470 3256 dicens
500 3188 866 3287 praeterire
897 3187 1188 3278 figuram
1228 3188 1438 3277 hujus
1477 3187 1745 3269 mundi,
1783 3201 1850 3256 et
1877 3187 2065 3257 illam
2096 3209 2242 3257 esse
2274 3208 2501 3257 veram
2532 3189 2764 3269 vitam,

228 3296 404 3361 quae
455 3289 627 3345 vitae
678 3277 1056 3366 praesentis
1103 3293 1443 3345 emeretur
1493 3276 1955 3345 incommodo,
1995 3276 2239 3345 Volens
2268 3290 2492 3347 autem
2545 3298 2771 3345 exem-

228 3362 420 3452 plum
489 3364 589 3433 eis
637 3364 802 3433 dare
847 3377 910 3433 et
962 3364 1396 3446 humilitatis,
1449 3379 1512 3433 et
1568 3363 1801 3446 officii,
1857 3365 2055 3434 statis
2108 3364 2378 3445 diebuS,
2419 3380 2574 3435 ante
2616 3366 2765 3433 vin-

181 3447 528 3521 ‘demiam
580 3451 915 3522 lustrabat
962 3452 1250 3523 cellulas
1293 3454 1814 3522 monachorum.
1871 3454 2063 3536 Quod
2121 3467 2478 3543 postquam
2532 3453 2772 3544 cogni-

228 3550 370 3608 tum
410 3552 510 3608 est
543 3563 582 3609 a
623 3540 973 3622 fratribus,
1018 3563 1257 3610 omnes
1296 3541 1377 3609 ad
1431 3564 1588 3610 eum
1640 3543 2123 3612 confluebant:
2178 3556 2243 3612 et
2290 3544 2595 3613 comitati
2648 3543 2766 3612 tali

226 3627 425 3709 duce,
492 3629 954 3698 circumibant
1012 3630 1449 3710 monasteria,
1526 3631 1851 3700 babentes
1914 3631 2238 3701 viaticum
2296 3654 2546 3700 suum:
2602 3632 2775 3717 quia

226 3717 572 3786 interdum
626 3738 848 3804 usque
895 3716 982 3786 ad
1013 3718 1150 3788 duo
1193 3718 1410 3788 millia
1460 3719 1820 3789 hominum
1858 3722 2483 3821 congregabantur.
2540 3719 2668 3789 Sed
2700 3732 2766 3788 et

224 3806 634 3895 procedente
685 3818 985 3896 tempore
1027 3828 1480 3894 unaquaeque
1530 3807 1769 3878 villula
1810 3810 2053 3878 vicinis
2097 3808 2478 3889 monachiS,
2526 3807 2613 3877 ad
2645 3829 2769 3877 su-

225 3895 640 3983 sceptionem
693 3908 1086 3964 sanctorum
1126 3895 1460 3985 gaudem,
1502 3897 1694 3967 cibos
1742 3897 2090 3966 offerebat.

311 3985 348 4069 ἓ
395 3989 542 4057 Ιθ.
586 3989 935 4066 Quantum
986 3995 1211 4053 autem
1266 3983 1471 4055 fuerit
1525 3986 1593 4053 in
1646 4008 1727 4055 eo
1773 3985 2011 4067 studii,
2052 3998 2126 4055 ut
2163 3984 2430 4053 nullum
2485 3984 2763 4054 fratrem

223 4072 540 4156 quamvis
598 4072 959 4154 humilem,
1013 4074 1329 4159 quamvis
1370 4096 1740 4164 pauperem
1856 4074 2226 4156 raeteriret,
2282 4073 2387 4143 vel
2437 4073 2611 4142 iltud
2656 4072 2764 4142 in-

220 4157 399 4239 dicio
444 4174 567 4242 est,
620 4161 801 4250 quod
860 4160 1113 4231 vadens
1165 4162 1231 4231 in
1281 4162 1626 4233 desertum
1685 4167 1769 4232 Ca
1824 4185 1941 4242 eS,
1997 4162 2079 4231 ad
2133 4185 2359 4231 unum
2405 4162 2489 4232 de
2549 4161 2759 4231 disci-

221 4245 408 4337 pulis
456 4250 602 4319 suis
635 4250 1024 4332 visendum,
1078 4273 1236 4319 cum
1272 4250 1544 4321 infinito
1591 4252 1868 4342 agmine
1912 4251 2407 4321 monachorum
2450 4251 2755 4342 pervenit

294 4406 320 4434 ¹⁸
348 4408 414 4447 Ex
430 4408 518 4450 hoc
537 4412 639 4452 loco
659 4415 818 4461 aperte
838 4415 1028 4454 constat
1046 4422 1190 4463 quam
1210 4413 1381 4454 fulsum
1402 4414 1465 4453 sit
1478 4415 1602 4464 quod
1618 4415 1675 4454 ab
1692 4414 1871 4462 aliquot
1887 4415 2201 4464 scriptoribus
2217 4415 2439 4462 traditur,
2452 4415 2496 4455 S.
2514 4412 2769 4455 Antonium

233 4459 472 4509 videlieet,
490 4463 673 4505 litteras
692 4467 967 4507 nescivisse.
