3347 4999
161 325 334 392 Oc'r.
389 327 473 391 23
785 344 863 390 na
910 344 1000 391 ss.
1057 341 1468 392 caarsanmo
1514 343 1590 389 m·
1640 343 1831 390 mant
1878 341 2070 388 nur.
2497 326 2627 391 703

177 428 488 519 pretiosis
529 428 952 497 vestimentis
1008 427 1330 496 indutum
1395 426 1559 497 duci
1601 427 1824 515 jubet,
1878 447 1914 495 e
1951 447 2389 513 wnumeroque
2437 449 2722 497 suarum

181 516 599 587 ancillarum
665 516 1209 586 formosissimas
1277 514 1568 606 deligit,
1634 528 2050 602 ornatasque
2117 525 2323 602 atque
2388 515 2736 607 eleganter

173 618 509 697 comptaS,
564 628 724 675 cum
779 605 923 674 filio
971 603 1349 685 concludit,
1400 626 1784 694 procurans
1816 604 1998 673 utin
2033 604 2362 674 omnibus
2411 605 2727 676 ciborum

175 706 481 764 versetur
550 693 855 775 deliciis,
936 693 1403 780 minitansque
1455 693 1556 762 vir
1611 693 1867 773 inibus,
1926 693 2057 762 nisi
2118 691 2626 794 chrysanthum
2691 716 2730 764 a

175 783 603 853 Christianae
654 783 770 852 reli
830 782 1007 852 ionis
1070 781 1299 851 studio
1355 780 1439 850 ad
1502 803 1578 850 vo
1612 795 1886 871 uptates
1957 780 2379 871 pellexerint.
2436 784 2732 872 Degebat

175 873 390 963 igitur
438 872 617 940 inter
665 895 797 962 pue
834 872 1054 941 larum
1109 869 1306 940 lusus
1356 870 1458 938 vir
1514 871 1669 939 Dei:
1716 869 1831 939 sed
1904 868 1970 938 in
2027 870 2377 960 proposito
2438 870 2528 939 ita
2582 893 2731 961 per-

173 961 421 1041 stabat,
476 974 555 1030 ut
600 974 666 1030 et
711 961 1022 1030 ciborum
1075 958 1362 1028 delicias
1422 971 1930 1038 contemneret,
1984 974 2047 1028 et
2098 958 2446 1049 virginum
2482 1014 2497 1040 ,
2556 975 2726 1029 tam-

171 1071 385 1138 quam
437 1048 791 1140 aspidum,
844 1061 1201 1118 contactus
1249 1048 1551 1117 evitaret.
1606 1048 1819 1117 Humi
1867 1047 2187 1126 cubabat,
2242 1047 2522 1118 assidue
2573 1070 2726 1139 pre-

172 1139 572 1209 cationibus
609 1137 1080 1219 incumbebat,
1126 1136 1513 1227 puellarum
1577 1135 1976 1217 blanditias,
2019 1151 2367 1224 tamquam
2416 1137 2723 1227 sagittas,

177 1227 346 1297 fidei
390 1227 638 1317 clypeo
680 1226 1074 1316 repellebat,
1107 1237 1172 1296 et
1201 1225 1285 1294 ad
1329 1231 1540 1295 Deum
1577 1224 1961 1296 clamabat:
2016 1247 2051 1292 «
2093 1228 2333 1317 Surye,
2377 1225 2724 1313 inquienS,

172 1319 477 1396 Domine,
544 1318 614 1386 in
670 1317 1020 1385 auxilium
1070 1337 1377 1383 meum...
1429 1317 1548 1383 Dic
1589 1317 1860 1384 animae
1919 1336 2154 1384 meae:
2204 1318 2394 1385 salus
2442 1326 2562 1385 tua
2608 1337 2729 1416 eqo

170 1429 326 1475 sum
378 1406 597 1494 (Psal.
654 1407 792 1493 34).
848 1405 1016 1486 Quis
1049 1404 1230 1473 enim
1270 1402 1526 1472 bellum
1573 1402 1724 1482 hoc,
1779 1402 1961 1490 quod
2016 1402 2337 1473 diabolus
2384 1404 2720 1486 excitavit,

173 1495 529 1564 sustinere
571 1508 799 1580 queat,
858 1494 989 1562 nisi
1028 1506 1295 1582 praesto
1334 1491 1514 1560 adsit
1564 1492 1801 1561 victrix
1832 1490 2105 1561 dextera
2148 1496 2309 1562 tua?
2357 1498 2573 1573 Errat,
2608 1494 2727 1580 qui

171 1606 249 1653 se
306 1595 501 1673 putat
553 1605 749 1672 posse
793 1583 1037 1651 virtute
1089 1580 1367 1670 propria
1417 1579 1778 1650 libidinem
1827 1601 2180 1670 superare,
2234 1593 2298 1650 et
2345 1582 2721 1650 castitatem

170 1693 477 1752 servare,
535 1672 664 1741 nisi
719 1669 1232 1741 misericordiae
1295 1682 1451 1739 tuae
1490 1668 1734 1750 imbre,
1796 1670 2027 1739 carnis
2076 1669 2570 1759 extinguantur
2619 1670 2725 1738 in-

171 1761 447 1831 cendia.
503 1765 646 1832 Non
700 1759 947 1849 poterit
992 1759 1274 1829 animus
1321 1757 1406 1827 ad
1444 1757 1640 1829 aulas
1677 1771 1832 1828 tuas
1865 1759 2450 1848 appropinquare,
2496 1759 2728 1829 uisite

177 1850 426 1919 ducem
505 1849 930 1939 praebueris.
986 1847 1313 1937 Voluptas
1379 1846 1562 1915 enim
1615 1859 1718 1917 est
1767 1846 2081 1937 improba
2152 1847 2491 1934 quaedam
2545 1848 2716 1928 fera,

173 1941 246 2009 in
302 1938 473 2008 vitae
508 1960 786 2008 nemore
833 1937 1137 2018 latitanS,
1189 1949 1265 2005 ut
1313 1936 1583 2004 animas
1632 1935 1929 2005 devoret.
1985 1935 2196 2026 Cujus
2236 1936 2295 2005 si
2342 1936 2502 2023 quis
2544 1957 2723 2005 mor·

172 2050 296 2098 sus
345 2027 684 2118 effugerit,
723 2027 783 2096 is
832 2026 956 2096 tibi
1007 2031 1138 2095 Deo
1173 2023 1502 2094 Salvatori
1551 2023 1751 2093 debet
1787 2045 1868 2093 ex
1911 2024 2147 2093 animo
2194 2026 2452 2115 gratias
2490 2047 2717 2116 agere.

176 2122 397 2186 Tuum
443 2128 547 2186 est
592 2116 805 2198 enim,
860 2137 985 2185 nos
1031 2115 1119 2184 ab
1166 2112 1510 2204 ejusmodi
1559 2112 1890 2202 periculis
1920 2112 2237 2183 liberare.

264 2207 301 2292 ξ
347 2210 434 2276 ὅ.
491 2227 527 2271 «
565 2205 674 2274 Sic
720 2217 786 2274 et
817 2205 1059 2274 beatus
1108 2223 1345 2274 servus
1378 2214 1539 2270 tuus
1583 2201 1865 2291 Joseph,
1908 2202 2310 2283 meretriciS,
2367 2213 2719 2289 tamquam

182 2293 509 2361 immanis
547 2294 754 2375 serae,
811 2314 1062 2362 manus
1109 2291 1242 2359 effu
1298 2289 1349 2358 it
1394 2288 1651 2358 auxilio
1704 2303 1843 2359 tuo.
1896 2295 2108 2373 Quem
2162 2312 2320 2361 cum
2375 2303 2568 2381 pater
2597 2291 2722 2360 Ja-

177 2381 308 2449 cob
356 2379 780 2470 deploraret:
837 2381 1172 2471 Improba,
1228 2312 1535 2459 ‹ficebah
1588 2380 1742 2467 sera
1789 2380 2134 2450 devoravit
2173 2382 2395 2469 filium
2451 2403 2721 2450 meum.-

175 2489 400 2555 neque
455 2469 669 2539 ullam
735 2469 1001 2540 volebat
1061 2467 1422 2538 admittere
1468 2468 2032 2539 consolationem.
2087 2473 2252 2539 Vere
2310 2469 2493 2539 enim
2548 2467 2721 2539 nihil

171 2579 331 2627 eum
383 2558 679 2627 celabas.
737 2558 863 2628 Sed
918 2570 1139 2628 tamen
1174 2579 1332 2626 cum
1384 2556 1689 2626 dicerent
1725 2558 1850 2627 filii
1899 2561 2083 2647 ejus:
2147 2560 2325 2639 Vide,
2374 2569 2604 2629 utrum
2635 2560 2724 2627 sic
2787 2559 2812 2599 ‘⁴

172 2648 342 2716 haec
392 2649 621 2717 tunica
667 2650 805 2738 filii
848 2649 991 2717 tui:
1045 2668 1180 2716 non
1255 2645 1575 2715 indicasti
1609 2646 1708 2716 ei:
1764 2647 1881 2716 sed
1934 2668 2075 2717 rem
2126 2647 2577 2725 abscondisti,
2647 2657 2723 2715 ut

168 2737 481 2894 paternis
539 2736 868 2827 lacrymis
928 2734 1356 2806 subvenires.
1433 2739 1613 2805 Uxor
1670 2736 1857 2806 enim
1922 2734 2289 2825 Putiphar,
2368 2750 2719 2823 tamquam

196 2847 311 2895 era
360 2825 690 2907 crudelis,
747 2848 903 2895 eum
959 2825 1344 2904 invaserat,
1399 2835 1466 2892 et
1525 2825 1882 2915 unguibus
1928 2845 2086 2893 eum
2122 2877 2137 2905 ‚
2213 2825 2414 2910 quasi
2487 2823 2719 2893 leaena

169 2914 512 3001 quaedam
559 2914 983 2984 dilaniabat:
1036 2926 1123 2995 et,
1189 2912 1369 3000 quod
1422 2913 1913 3002 gravissimum
1965 2925 2090 2992 est,
2148 2912 2438 2983 insidias
2491 2911 2722 2981 tende-

168 3004 313 3083 bat,
371 3019 448 3073 ut
495 3004 685 3073 solus
746 3026 905 3074 cum
964 3002 1110 3072 sola
1158 3001 1512 3071 dormiret.
1554 3001 1681 3070 Sed
1745 3002 1936 3071 solus
1984 3023 2119 3070 non
2169 3013 2335 3078 erat,
2391 3000 2720 3089 quoniam

176 3095 294 3162 tua
367 3114 496 3182 ope
557 3115 714 3162 eum
793 3093 1219 3183 protegebas,
1274 3089 1539 3160 Idcirco
1604 3090 1789 3160 enim
1842 3090 2260 3178 permisisti,
2313 3103 2391 3160 ut
2436 3111 2592 3159 eum
2643 3111 2725 3159 ex

173 3180 522 3270 profundo
571 3182 777 3251 corde
833 3181 1099 3271 lugeret
1151 3192 1362 3270 pater,
1423 3192 1501 3248 ut
1548 3178 1721 3265 justi
1787 3178 2108 3268 precibus
2164 3177 2724 3249 adolescentulus

172 3269 647 3357 adjuvaretur.
702 3270 877 3352 Quid
942 3270 1127 3338 enim
1193 3266 1383 3337 aliud
1447 3280 1592 3336 erat
1637 3266 1824 3346 fera,
1879 3266 2012 3335 nisi
2072 3265 2286 3336 libido
2348 3290 2466 3357 per
2512 3288 2723 3354 quam

173 3359 326 3446 ipse
390 3356 712 3428 diabolus
771 3370 837 3426 et
918 3357 1172 3427 femina
1229 3376 1387 3424 eum
1460 3356 2005 3445 oppugnabant?
2064 3360 2229 3426 Caro
2297 3369 2363 3426 et
2437 3356 2724 3445 sanguis

170 3443 680 3516 adolescentiae
729 3445 1053 3515 fervebat.
1117 3442 1487 3514 Oculorum
1559 3444 1841 3514 obtutus
1890 3444 2293 3516 invitabant.
2348 3444 2724 3517 Accedebat

173 3536 384 3604 herae
435 3534 759 3624 potentia,
815 3547 881 3603 et
928 3534 1014 3603 ad
1085 3546 1194 3603 tur
1250 3531 1585 3603 itudinem
1654 3533 2064 3604 adhortatio.
2119 3537 2417 3606 Ornatus
2478 3532 2723 3603 mulie-

168 3623 344 3704 bris,
384 3645 555 3692 auro
599 3622 1128 3713 margaritisque
1226 3621 1571 3703 istinctus,
1625 3636 1831 3710 atque
1879 3623 2071 3692 omni
2123 3623 2353 3713 lapide
2395 3622 2714 3713 pretioSO,

168 3712 532 3783 oculorum
586 3713 804 3782 aciem
859 3710 1389 3812 perstringebat.
1433 3710 1678 3781 Aderat
1709 3710 1998 3781 odorum
2051 3712 2376 3797 suavitas,
2415 3725 2481 3781 et
2518 3711 2720 3779 blan-

170 3801 405 3882 ditiae,
459 3823 635 3888 quae
670 3801 929 3889 lapsus,
986 3811 1364 3887 mortisque
1410 3801 1841 3879 occasionem
1894 3803 2379 3892 suggerebant.
2425 3800 2546 3870 His
2578 3820 2724 3869 om·

170 3891 383 3961 nibus
429 3889 713 3980 Joseph,
772 3889 980 3960 veluti
1029 3889 1463 3959 innocentem
1505 3911 1793 3980 agnum,
1829 3889 2192 3970 invaserat,
2249 3904 2314 3959 et
2362 3902 2718 3975 tamquam

170 3979 410 4050 leaena
456 3979 828 4049 detinebat.
884 3977 1011 4049 Sed
1071 4000 1232 4048 eum
1281 3999 1363 4047 ex
1422 3999 1538 4046 ore
1587 3978 1810 4069 ipsius
1862 4000 2111 4048 manus
2179 3991 2335 4058 tua,
2391 3977 2715 4058 Domine,

169 4069 449 4159 eripuit.
505 4068 769 4140 Etenim
812 4090 971 4139 cum
1013 4079 1192 4139 esset
1241 4066 1645 4136 nunciatum
1696 4067 1934 4147 Jacob,
1991 4067 2214 4136 filium
2264 4067 2416 4168 ejus
2471 4067 2716 4148 vivere,

172 4159 550 4246 respondit,
607 4180 712 4227 ma
772 4180 937 4227 num
989 4155 1121 4225 sibi
1162 4177 1335 4236 esse,
1388 4155 1570 4243 quod
1624 4154 1817 4225 filius
1864 4156 2156 4225 viveret:
2227 4177 2483 4225 mirum
2532 4155 2721 4224 enim

171 4266 321 4315 esse
367 4247 546 4334 quod
597 4270 723 4317 cru
777 4247 949 4316 elem
1011 4244 1200 4315 illam
1263 4244 1474 4314 feram
1532 4245 1903 4335 effugisset.
1962 4250 2061 4314 Tu
2107 4243 2337 4325 enim,
2390 4244 2708 4325 Domine,

167 4354 321 4403 eras
367 4358 526 4405 cum
578 4336 721 4418 illo,
774 4348 839 4406 et
885 4334 1121 4405 omnia
1156 4356 1335 4421 quae
1382 4332 1695 4417 faciebat,
1734 4355 1864 4425 ope
1918 4346 2035 4403 tua
2083 4334 2154 4403 in
2194 4332 2519 4403 manibus
2552 4332 2708 4421 ejus

167 4444 495 4514 prospere
541 4425 1026 4497 succedebant.
1079 4428 1274 4497 Nunc
1321 4423 1484 4493 item
1532 4445 1659 4514 ego
1708 4435 1793 4507 te,
1853 4423 2163 4505 Domine,
2222 4420 2517 4512 supplex
2563 4443 2710 4503 οπο,
