3347 4999
238 317 412 384 OCT.
468 318 546 388 4,
1102 333 1179 379 na
1227 334 1283 380 s.
1337 330 1682 380 FRANC1sco
1731 330 1917 379 conr.
2573 317 2698 379 4·Ιὸ

238 420 562 496 tribuere,
604 418 900 487 maxime
935 419 992 486 si
1020 417 1334 487 divinum
1372 415 1701 506 allegaret
1730 437 2061 486 amorem.
2103 421 2264 486 Cum
2309 429 2536 486 autem
2577 420 2785 488 semel

235 507 721 596 negotiationis
752 508 1055 576 intentus
1088 504 1529 584 tumultibus,
1572 526 1942 594 pauperem
1977 505 2344 593 quemdam
2392 527 2515 596 pro
2556 529 2788 576 amore

236 601 352 667 Dei
406 609 738 686 petentem
792 595 1298 683 eleemosynam
1369 607 1634 684 praeter
1691 615 1947 663 morem
2000 593 2278 663 solitum
2333 617 2624 665 vacuum
2678 617 2787 665 re-

234 686 546 775 pulisset,
601 685 829 754 statim
882 683 964 753 ad
1020 706 1136 752 cor
1187 704 1521 763 reversu5‚
1554 683 1865 753 cucurrit
1899 695 2052 772 post
2099 683 2449 772 ipsum,et
2496 684 2789 754 eleemo-

233 779 406 864 syna
450 774 547 843 illi
600 772 974 842 clementer
1021 773 1360 860 impensa,
1415 772 1736 860 promisit
1799 772 2087 841 Domino
2138 776 2295 849 Deo,
2353 772 2535 859 quod
2582 795 2787 843 num-

232 886 440 951 quam
491 885 571 932 ex
621 876 807 940 tunc,
861 861 1031 931 dum
1081 860 1348 930 adesset
1408 860 1853 948 possibilitas,
1919 860 2310 950 petentibus
2362 883 2485 950 pro
2549 884 2782 932 amore

240 953 507 1023 Domini
557 974 629 1021 se
664 964 961 1040 negaret.
1017 949 1208 1032 Quod
1257 971 1481 1036 usque
1529 948 1611 1017 ad
1669 961 1955 1018 mortem
1994 948 2337 1019 indefessa
2390 951 2634 1038 pietate
2668 951 2789 1021 ob-

233 1063 539 1121 servans,
592 1041 870 1129 copiosa
913 1041 982 1108 in
1030 1044 1242 1108 Deum
1285 1037 1678 1108 dilectionis
1725 1052 1790 1106 et
1887 1039 2096 1107 ratiae
2148 1038 2575 1107 incrementa
2630 1059 2790 1127 pro-

236 1130 508 1199 meruit.
547 1131 779 1220 Ajebat
823 1128 1008 1197 enim
1065 1141 1236 1217 post,
1289 1149 1448 1196 cum
1490 1128 1637 1216 jam
1696 1148 1814 1215 per
1842 1140 1985 1196 ecte
2035 1127 2380 1196 Christum
2433 1128 2777 1207 induerat,

232 1219 412 1305 quod
466 1219 669 1287 etiam
720 1218 1017 1287 existens
1048 1218 1117 1285 in
1170 1216 1409 1285 habitu
1441 1215 1763 1296 seculari,
1809 1237 2042 1284 vocem
2075 1215 2289 1284 divini
2322 1216 2786 1307 expressivam

233 1308 522 1386 amoris,
579 1306 821 1376 audire
893 1306 1001 1374 vix
1062 1326 1368 1391 unquam
1440 1306 1586 1372 sine
1654 1304 1884 1374 cordis
1946 1305 2428 1374 immutatione
2493 1305 2785 1374 valebat.

232 1402 441 1466 Porro
478 1395 1033 1465 mansuetudinis
1084 1394 1325 1462 lenitas
1373 1415 1530 1462 cum
1594 1393 1931 1483 elegantia
1993 1414 2290 1474 morum,
2350 1394 2674 1482 patientia
2726 1407 2791 1463 et

238 1485 685 1554 tractabilitas
711 1506 923 1572 supra
958 1484 1340 1551 humanum
1381 1483 1692 1563 modum,
1734 1482 2246 1552 munificentiae
2297 1482 2579 1573 largitas
2607 1483 2792 1552 ultra

235 1575 743 1664 suppetentiam
797 1572 1226 1650 facultatum,
1280 1570 1537 1657 quibus
1586 1570 1805 1640 bonae
1854 1569 2109 1640 indolis
2148 1571 2546 1641 adolescens
2585 1573 2789 1641 certis

234 1664 479 1732 florere
526 1661 1084 1750 conspiciebatur
1134 1659 1435 1739 indiciis,
1488 1659 1828 1746 quaedam
1870 1659 2280 1730 videbantur
2326 1682 2475 1729 esse
2517 1659 2790 1750 praelu-

239 1754 381 1829 dia,
436 1751 619 1839 quod
672 1751 1016 1840 copiosior
1048 1771 1257 1836 super
1305 1771 1460 1818 eum
1514 1747 1686 1824 foret
1739 1750 1806 1818 in
1871 1763 2218 1838 posterum
2263 1748 2538 1818 divinae
2585 1749 2790 1819 bene-

238 1841 565 1909 dictionis
614 1839 1041 1908 abundantia
1091 1837 1567 1907 diffundenda.

330 1933 364 2014 §
413 1933 494 1997 2.
549 1928 841 2010 Quidam
896 1950 1059 1996 sane
1112 1928 1214 1994 vir
1263 1926 1348 1996 de
1393 1927 1685 2004 Assisio,
1734 1925 1929 1996 valde
1976 1926 2263 2017 simplex
2309 1929 2442 2016 (ut
2487 1926 2792 1996 creditur

233 2017 613 2086 eruditus-a
652 2017 811 2104 Deo)
841 2039 997 2086 cum
1051 2015 1426 2102 aliquando
1457 2037 1575 2105 per
1621 2016 1963 2084 civitatem
2001 2016 2187 2085 eunti
2241 2015 2544 2085 obviaret
2584 2020 2790 2083 Fran·

236 2107 445 2185 cisco,
500 2105 884 2195 deponebat
935 2104 1248 2195 pallium,
1289 2104 1634 2174 sternebat
1686 2105 1907 2194 ipsius
1941 2104 2234 2194 pedibus
2269 2106 2782 2182 vestimentum,

243 2198 558 2264 asserens
606 2195 795 2262 omni
846 2194 987 2263 fore
1054 2193 1497 2264 Franciscum
1559 2194 1934 2262 reverentia
1984 2194 2051 2262 di
2111 2215 2320 2272 num,
2376 2206 2610 2283 utpote
2666 2193 2790 2279 qui

241 2296 422 2354 esset
472 2283 537 2350 in
578 2284 886 2373 proximo
937 2304 1188 2372 magna
1229 2281 1563 2362 facturus,
1610 2295 1676 2351 et
1723 2283 1808 2351 ob
1844 2282 1972 2351 hoc
2020 2216 2107 2351 ag
2144 2282 2586 2351 universitate
2622 2281 2792 2350 fide-

244 2372 413 2441 lium
470 2371 836 2462 magnifice
888 2371 1358 2440 honorandus.
1414 2370 1783 2461 Ignorabat
1830 2384 2059 2442 autem
2119 2371 2347 2441 adhuc
2385 2370 2791 2440 Franciscus

238 2462 426 2531 circa
474 2483 546 2530 se
583 2461 955 2532 consilium
1008 2460 1147 2541 Dei,
1201 2481 1325 2550 pro
1372 2481 1451 2531 eo
1498 2460 1684 2547 quod
1727 2474 1862 2530 tam
1916 2460 2232 2549 jussione
2281 2461 2496 2551 patris
2544 2459 2627 2530 ad
2680 2481 2791 2529 ex-

239 2552 486 2621 teriora
537 2551 933 2630 distractuS,
984 2572 1193 2636 quam
1254 2550 1697 2639 corruptione
1748 2550 2083 2621 naturalis
2139 2551 2431 2641 originis
2478 2550 2564 2619 ad
2614 2549 2791 2618 infe-

232 2640 415 2708 riora
475 2638 882 2728 depressuS,
943 2639 1252 2708 nondum
1315 2637 1649 2708 didicerat
1720 2658 1986 2709 contem
2048 2638 2173 2708 lari
2238 2639 2599 2717 coelestia,
2656 2659 2780 2706 nec

232 2741 625 2798 assueverat
657 2728 1023 2817 degustare
1071 2726 1325 2796 divina.
1384 2732 1459 2795 Et
1506 2729 1668 2814 quia
1704 2729 2049 2817 spirituai
2098 2727 2368 2798 auditui
2417 2728 2532 2796 dat
2583 2726 2780 2794 intel—

230 2816 486 2885 lectum
540 2817 802 2885 inflicta
852 2816 1135 2897 vexatio,
1188 2814 1365 2897 facta
1412 2830 1515 2885 est
1563 2817 1775 2906 s'uper
1827 2840 1987 2887 eum
2040 2839 2291 2885 manus
2353 2816 2665 2894 Domini,
2719 2827 2784 2883 et

228 2906 621 2975 immutatio
669 2905 983 2974 dexterae
1045 2904 1347 2986 Excelsi‚
1402 2905 1696 2974 diutinis
1744 2905 2200 2996 languoribus
2257 2904 2482 2992 ipsius
2530 2926 2788 2993 corpus

230 2994 565 3083 affligens.
620 3006 696 3063 ut
744 3007 1090 3083 coaptaret
1137 2993 1441 3063 animam
1495 2994 1578 3062 ad
1634 2995 1863 3064 Sancti
1901 2994 2197 3083 Spiritus
2231 2993 2651 3061 unctionem.

316 3086 351 3170 ξ
397 3087 489 3154 8.
544 3088 851 3170 Cumque
901 3084 1275 3172 resumptis
1308 3084 1654 3172 corporeis
1691 3084 1978 3161 viribus,
2033 3082 2168 3150 sibi
2224 3082 2629 3150 vestimenta
2669 3080 2786 3149 de-

230 3173 455 3241 centia
498 3193 684 3241 more
730 3172 931 3241 solito
1005 3186 1501 3271 praeparasset,
1554 3171 1835 3240 obvium
1887 3169 2132 3239 habuit
2192 3169 2480 3239 militem
2547 3192 2788 3257 quem-

231 3260 421 3340 dam,
462 3282 869 3349 generosum
907 3260 1216 3348 qmdem,
1259 3260 1373 3329 sed
1428 3282 1566 3350 pau
1620 3281 1805 3328 erem
1854 3273 1921 3329 et
1970 3259 2146 3328 male
2182 3260 2528 3340 vestitum,
2583 3259 2786 3347 cujus

228 3349 631 3438 pauperiem
671 3349 783 3450 pio
818 3350 1186 3420 miseratus
1216 3349 1487 3428 affectu,
1517 3348 1564 3417 il
1601 3370 1715 3417 um
1757 3349 2096 3438 protinus,
2121 3370 2192 3418 se
2225 3352 2449 3429 axum,
2486 3348 2779 3428 vestivit;

224 3451 306 3506 ut
353 3437 616 3507 scilicet
672 3460 737 3505 in
789 3460 930 3507 uno
980 3439 1335 3527 geminum
1414 3436 1732 3525 impleret
1801 3436 2071 3526 pietatis
2130 3436 2481 3517 officium,
2535 3459 2674 3524 quo
2722 3449 2789 3505 et

223 3525 484 3595 nobilis
526 3526 766 3594 militis
817 3527 1299 3596 verecundiam
1352 3538 1650 3615 tegeret·,
1703 3539 1769 3595 et
1819 3528 2148 3616 pauperis
2199 3526 2501 3595 bominis
2562 3548 2785 3615 penu-

220 3617 400 3684 riam
455 3615 799 3683 relevaret.
855 3621 1056 3685 Nocte
1110 3637 1263 3683 vero
1330 3616 1693 3700 sequenti,
1747 3637 1905 3684 cum
1977 3637 2048 3684 se
2116 3614 2348 3703 sopori
2425 3614 2775 3693 dedisset,

223 3702 562 3794 palatium
617 3705 1005 3792 speciosum
1056 3717 1121 3772 et
1172 3723 1501 3793 magnum
1550 3724 1710 3772 cum
1770 3703 2190 3773 militaribus
2251 3703 2488 3782 armis,
2544 3702 2786 3772 Crucis

220 3793 474 3861 Christi
523 3791 882 3861 sionaoulo
924 3792 1295 3881 insignitis,
1349 3791 1714 3860 clementia
1748 3792 1880 3862 sibi
1932 3793 2170 3863 divina
2218 3793 2652 3872 monstravit,
2709 3803 2788 3861 ut

222 3848 769 3952 misericordiam
809 3903 929 3970 pro
970 3881 1227 3951 summi
1278 3880 1482 3969 Regis
1520 3903 1752 3949 amore
1805 3882 2087 3972 pauperi
2131 3881 2504 3951 exhlbitam
2543 3879 2776 3960 militi,

221 3969 797 4061 praeostenderet,
838 3969 1363 4059 incomparabili
1391 3970 1979 4058 compensandam
2014 3993 2163 4040 esse
2206 3969 2543 4048 mercede.
2580 3968 2775 4038 Unde
2812 4004 2816 4006 ν

156 4120 187 4158 ,
223 4074 289 4128 et
326 4081 492 4137 cum,
527 4071 904 4145 quaereret,
961 4059 1163 4145 cujus
1209 4072 1436 4128 essent
1486 4057 1602 4126 illa
1640 4061 1900 4139 omnia,
1949 4083 2076 4130 sua
2124 4059 2290 4139 sore,
2334 4059 2779 4144 militumque

230 4170 543 4228 suorum,
621 4169 926 4237 superna
988 4146 1117 4215 suit
1184 4148 1559 4239 assertione
1639 4170 2084 4237 responsum.
2141 4148 2486 4236 Evigilans
2555 4147 2785 4232 itaque

234 4259 459 4312 mane,
513 4259 671 4305 cum
728 4235 1033 4305 nondum
1071 4235 1348 4306 haberet
1395 4237 1839 4307 exercitatum
1892 4237 2204 4306 animum
2239 4237 2326 4305 ad
2367 4236 2599 4305 divina
2637 4256 2789 4322 per-

233 4326 605 4394 scrutanda
642 4323 990 4415 mysteria,
1034 4326 1462 4410 nesciretque
1498 4348 1618 4414 per
1652 4325 2025 4396 visibilium
2081 4327 2342 4429 species
2375 4324 2666 4393 transire
2699 4322 2787 4389 ad

234 4414 699 4484 contuendam
769 4413 1227 4485 invisibilium
1280 4416 1677 4494 veritatem,
1749 4436 2040 4504 magnae
2104 4417 2245 4484 lore
2313 4411 2789 4504 prosperitatis
