3347 4999
222 334 399 401 OCT.
456 335 495 399 5
921 350 1000 396 nn
1050 351 1104 397 s.
1160 349 1504 398 cnamrmx
1552 350 1720 397 vinc.
1775 352 1850 397 nr
1896 353 2085 400 mar.
2562 339 2689 404 ⁶207

316 444 354 518 ἓ
405 442 489 508 4.
535 439 699 505 Cum
744 447 973 504 autern
1017 447 1080 503 et
1127 434 1332 503 corde
1381 434 1694 504 et-labris
1726 435 1796 503 in
1832 435 2265 506 confessione
2303 452 2483 509 esset
2522 439 2780 510 immu-

227 525 482 606 tabiliS,
534 526 787 600 Judex.
842 524 963 610 qui
1011 545 1247 610 aeque,
1302 534 1505 609 atque
1554 523 1574 590 i
1631 545 1706 594 sa
1757 523 1824 591 in
1885 526 2241 595 tormentis
2289 542 2637 610 constanS,
2692 529 2774 599 ad

228 615 488 684 malum
538 627 684 683 erat
730 612 1141 693 obstinatuS,
1186 613 1386 701 jubet
1427 612 1563 701 lapi
1618 634 1728 681 em
1778 612 1955 682 collo
2003 614 2156 700 ejus
2202 614 2521 706 alligari,
2578 631 2643 688 et
2681 619 2781 688 sic

223 726 375 774 eam
429 702 634 791 dejici
686 703 753 771 in
808 700 1229 791 profundum
1286 701 1518 770 maris.
1576 700 1768 783 Quod
1820 701 2102 788 quidem
2152 725 2314 772 cum
2368 704 2624 775 factum
2674 729 2779 776 es-

224 807 362 863 set:
418 815 452 858 «
509 799 646 882 Ago
688 791 809 859 tibi
852 791 1130 879 gratias,
1192 790 1496 870 Domine,
1549 790 1895 860 clamabat
1964 796 2235 880 Martyr,
2289 793 2475 879 quod
2534 807 2611 863 ut
2658 817 2780 884 per

223 904 474 969 aquam
529 880 869 950 marinam
924 879 1312 960 transirem,
1355 891 1632 968 propter
1687 891 2005 948 sanctum
2059 894 2255 950 tuum
2315 903 2595 964 nomen,
2649 884 2770 952 tibi

224 972 449 1040 visum
501 970 635 1051 sit,
688 990 826 1056 quo
895 968 1205 1037 inveniar
1271 967 1534 1036 munda
1583 968 1651 1036 in
1705 967 1816 1036 die
1867 969 2432 1040 resurrectionis:
2487 972 2606 1040 sed
2660 984 2777 1041 tua

223 1059 528 1130 ostende.
569 1072 644 1128 ut
693 1079 989 1147 semper,
1044 1078 1232 1126 nunc
1265 1078 1540 1143 quoque
1574 1056 1641 1124 in
1701 1078 1806 1126 me
1855 1058 2217 1138 miracula,
2269 1081 2390 1147 per
2416 1082 2596 1147 quae
2634 1083 2780 1130 ma·

223 1170 441 1239 gnum
475 1160 671 1217 tuum
704 1168 954 1216 nornen
988 1145 1207 1235 magis
1229 1146 1655 1235 glorificetur
1679 1146 1748 1213 in
1773 1146 2007 1215 secula
2039 1147 2462 1229 seculorum,
2492 1155 2777 1218 Amen.»

222 1244 404 1308 Haec
454 1236 571 1305 illa
620 1237 718 1305 sic
767 1235 1007 1314 oravit,
1059 1248 1123 1304 et
1170 1234 1705 1305 dissoluta-sunt
1742 1235 2039 1313 vincula,
2085 1249 2150 1305 et
2197 1237 2389 1307 solus
2431 1238 2610 1326 lapis
2645 1238 2776 1309 suit

224 1328 293 1396 in
347 1325 690 1417 profundo
738 1324 1123 1393 demersus.
1163 1322 1289 1393 Illa
1338 1337 1568 1394 autem
1617 1324 1700 1413 (o
1743 1324 2156 1394 miraculum
2185 1326 2253 1414 l)
2287 1326 2486 1396 firmo
2520 1349 2599 1396 ac
2639 1342 2776 1399 sta-

220 1416 359 1486 bili·
400 1415 570 1505 pede
619 1415 842 1484 stabat
890 1435 1097 1502 super
1145 1412 1429 1482 dorsum
1482 1412 1738 1494 maris,
1783 1425 1850 1483 et
1912 1435 2033 1503 per
2087 1436 2306 1501 aquas
2341 1470 2355 1496 ,
2418 1427 2769 1503 tamquam

224 1527 346 1595 per
395 1517 645 1573 terram
700 1501 991 1573 solidam
1045 1501 1464 1590 ingredienS,
1525 1500 2092 1591 proficiscebatur
2123 1504 2208 1572 ad
2263 1504 2449 1574 litus.
2488 1507 2766 1575 Interim

221 1616 378 1663 vero
424 1616 586 1662 cum
640 1592 921 1661 vidisset
970 1602 1361 1658 manentem
1396 1590 1870 1668 Consularem,
1905 1602 1969 1660 et
2001 1604 2537 1682 exspectantem,
2577 1597 2773 1682 quis-

221 1704 382 1752 nam
434 1681 714 1751 futurus
762 1692 942 1749 esset
991 1679 1088 1748 rei
1132 1679 1380 1760 exituS,
1426 1678 1630 1748 dicit:
1661 1702 1700 1745 «
1737 1681 1953 1760 Salve,
1995 1681 2413 1751 Consularis,
2445 1688 2536 1752 Ne
2588 1706 2773 1753 nunc

219 1771 500 1859 quidem
554 1769 950 1838 intellexisti
987 1768 1302 1837 virtutem
1355 1767 1628 1851 Christi,
1665 1769 1789 1855 qui
1830 1769 1900 1838 in
1955 1791 2062 1838 me
2110 1776 2480 1857 operatur?
2519 1777 2611 1840 An
2649 1773 2773 1842 ad-

222 1861 359 1930 huc
405 1858 769 1928 contendis
816 1857 1179 1939 caecutire,
1233 1870 1298 1926 et
1347 1878 1736 1947 repugnare
1787 1857 2103 1927 veritati?
2151 1859 2218 1928 si
2267 1882 2455 1951 ergo,
2514 1849 2771 1931 relic‘lis

212 1947 573 2027 'tenebri3,
626 1946 713 2015 ad
776 1967 1002 2014 veram
1058 1945 1277 2014 lucem
1329 1946 1750 2027 accesseris,
1807 1947 1930 2015 tibi
1983 1950 2391 2036 procurabis
2443 1949 2765 2020 salutem.

219 2035 413 2118 Quod
464 2036 526 2104 si
584 2035 945 2124 persistere
995 2033 1159 2103 velis
1209 2034 1279 2102 in
1346 2035 1696 2124 prioribus
1727 2089 1742 2115 ,
1799 2036 1971 2104 mihi
2043 2037 2324 2122 quidem
2376 2039 2514 2108 eris
2559 2061 2770 2108 causa

220 2124 602 2194 multorum
647 2126 1011 2202 bonorum,
1054 2135 1207 2192 tuae
1259 2137 1489 2193 autem
1547 2125 1823 2194 animae
1867 2125 2221 2195 interitum
2255 2127 2690 2197 conciliabis,
2732 2152 2768 2195 »

219 2218 413 2282 Hanc
463 2212 740 2281 dicendi
791 2212 1167 2282 libertatem
1206 2234 1366 2281 cum
1419 2233 1553 2281 non
1605 2212 1811 2283 ferret
1858 2214 1961 2282 vir
2006 2216 2457 2298 execrandus,
2510 2239 2589 2286 eo
2650 2239 2772 2285 au-

221 2315 380 2381 tem,
437 2301 621 2389 quod
666 2302 734 2370 in
785 2323 861 2391 ea
910 2300 1277 2383 acciderat,
1336 2301 1675 2371 miraculo
1734 2316 1913 2371 esset
1961 2304 2412 2393 stupefactus,
2466 2327 2504 2374 a
2548 2328 2619 2375 se
2667 2306 2769 2375 di-

219 2391 482 2467 scessit,
528 2412 828 2478 eumque
875 2412 1001 2459 vox
1049 2402 1113 2459 et
1152 2412 1379 2460 sermo
1412 2389 1680 2460 defecit.
1720 2395 1886 2460 Cum
1924 2406 2155 2462 autem
2207 2394 2315 2463 vix
2367 2394 2643 2464 tandem
2680 2395 2767 2464 ad

218 2503 291 2550 se
343 2478 679 2561 rediisset,
727 2478 1000 2549 nolebat
1046 2478 1327 2568 quidem
1388 2478 1795 2571 intelligere,
1858 2480 2027 2551 dicit
2071 2494 2344 2552 autem:
2401 2507 2437 2550 «
2493 2489 2571 2554 Ut
2623 2507 2768 2555 ma-

216 2590 423 2660 gnam
476 2568 758 2639 Galilaei
817 2582 1049 2659 putem
1104 2590 1254 2639 esse
1310 2570 1710 2659 potentiam,
1783 2570 2199 2659 persuadent
2241 2594 2320 2642 ea
2363 2594 2541 2659 quae
2590 2573 2767 2643 facta

217 2669 423 2738 sunt;
458 2657 575 2728 sed
626 2680 752 2748 ego
800 2658 1104 2728 conabor
1149 2657 1507 2727 ostendere
1536 2681 1616 2728 ea
1650 2659 1881 2748 potius
1912 2658 2086 2729 facta
2121 2682 2269 2731 esse
2304 2662 2716 2762 praestigiis.
2739 2691 2760 2723 υ

215 2747 323 2817 Sic
373 2746 564 2827 dixit,
618 2761 683 2818 et
725 2747 791 2815 in
828 2769 943 2817 eos
973 2748 1096 2834 qui
1135 2746 1539 2828 adstabant,
1578 2751 1809 2817 statim
1860 2749 2096 2818 oculos
2134 2750 2538 2839 conjicienS‚
2567 2750 2767 2840 jubet

211 2857 330 2906 eos
361 2836 896 2911 statim,nudare
927 2841 1286 2917 Sanctam,
1335 2848 1401 2905 et
1463 2838 1789 2908 manibus
1827 2850 1976 2927 post
2010 2850 2279 2927 tergum
2319 2840 2565 2908 vinctis
2613 2861 2763 2908 eam

212 2939 399 2995 rotae
446 2924 756 3026 alligare,
802 2938 866 2995 et
901 2924 1281 2994 carbonum
1317 2925 1686 2995 cumulum
1720 2947 1879 2995 cum
1917 2925 2154 2996 ferreis
2193 2927 2616 3014 quibusdam
2658 2949 2765 2998 se·

212 3014 533 3084 cantibus
588 3014 1066 3083 instrumentis
1123 3014 1582 3095 substernere,
1620 3028 1688 3084 et
1722 3027 1939 3084 rotam
1983 3014 2412 3116 frequentius
2460 3018 2763 3086 circum-

212 3125 436 3204 agere,
478 3115 553 3171 ut
584 3103 898 3173 contritis
937 3102 1273 3193 paulatim
1315 3104 1646 3173 membris
1678 3158 1693 3183 ‚
1743 3124 1905 3173 cum
1940 3125 2132 3191 gravi
2163 3104 2401 3174 dolore
2432 3111 2682 3195 Martyr
2728 3127 2765 3174 e

212 3205 347 3261 vita
387 3191 762 3261 excederet.
795 3197 1009 3278 Atque
1044 3192 1367 3260 machina
1400 3192 1683 3279 quidem
1721 3191 1949 3261 statim
1988 3191 2118 3262 fuit
2148 3193 2482 3282 perfecta:
2522 3218 2763 3285 super-

210 3302 378 3350 num
414 3291 643 3348 autem
682 3303 925 3350 rursus
960 3280 1295 3351 auxilium
1333 3281 1533 3351 solito
1565 3302 1842 3368 quoque
1877 3300 2064 3350 nunc
2091 3283 2413 3352 ostendit.
2445 3288 2612 3353 Nam
2646 3284 2763 3354 de-

212 3369 551 3439 scendens
586 3369 909 3459 Angelus,
950 3383 1014 3440 et
1047 3369 1399 3438 flammam
1434 3370 1817 3439 carbonum
1853 3370 2160 3454 extinxit,
2191 3384 2256 3441 et
2292 3372 2503 3442 robur
2536 3374 2759 3442 carni-

207 3458 423 3529 ficum
475 3457 833 3540 dissolvit,
887 3471 964 3528 ut
1012 3480 1138 3527 nec
1191 3472 1405 3528 rotam
1455 3457 1740 3545 quidem
1794 3470 2074 3547 possent
2119 3461 2407 3531 omnino
2456 3462 2760 3532 circum-

209 3569 248 3616 a
300 3570 436 3616 ere.

253 3571 332 3723 ἒξ
380 3642 467 3708 5.
542 3636 717 3704 Hinc
768 3636 999 3705 animo
1046 3658 1171 3736 per
1225 3635 1464 3714 lexuS‚
1519 3647 1583 3703 et
1636 3634 1839 3724 plane
1881 3636 2208 3727 ignarus,
2271 3637 2442 3724 quid
2500 3650 2752 3727 ageret,

206 3729 510 3804 PraeseS‚
570 3746 703 3792 non
754 3724 1092 3794 dubitavit
1140 3747 1177 3793 a
1212 3726 1276 3793 ia
1323 3724 1709 3812 excogitare
1743 3726 2112 3815 supplicia.
2155 3726 2362 3796 Jubet
2410 3748 2573 3817 ergo
2609 3749 2756 3797 ma-

205 3835 428 3883 nuum
479 3827 543 3884 et
594 3812 848 3902 pedum
899 3813 1283 3903 ungues—ei
1343 3812 1565 3881 evelli.
1636 3818 1715 3882 Et
1762 3813 1864 3882 illi
1906 3814 2187 3902 quidem
2244 3815 2561 3905 protinus
2608 3815 2758 3885 fue-

203 3914 372 3972 runt
418 3902 795 3991 amputati:
867 3912 1282 3971 tormentum
1334 3912 1561 3970 autem
1614 3901 1703 3971 ab
1770 3903 1892 3972 illa
1940 3903 2412 3992 reputabatur,
2468 3904 2780 3989 perinde¹

204 4012 287 4060 ac
322 3991 376 4059 si
415 3990 597 4060 alius
639 4002 1007 4091 pateretur.
1043 3995 1198 4080 Ipse
1227 4002 1458 4059 autem
1511 4012 1755 4060 rursus
1810 3991 2156 4081 prioribus
2204 3992 2343 4060 alia
2390 3992 2751 4080 adjiciens,

203 4079 269 4148 ei
316 4100 590 4165 quoque
629 4080 825 4167 Jubet
874 4076 1113 4147 dentes
1144 4078 1409 4148 extrahi
1439 4103 1452 4144 ε
1488 4079 1603 4148 sed
1632 4080 1979 4167 quomodo
2013 4086 2292 4150 Praeses
2326 4080 2392 4149 in
2425 4082 2755 4171 gravibus

205 4167 664 4249 inveniendis,
722 4169 812 4238 ita
855 4189 979 4236 nec
1029 4167 1147 4237 illa
1196 4167 1266 4235 in
1318 4168 1645 4257 gravibus
1698 4168 1996 4239 ferendis
2044 4168 2410 4259 suppliciis
2457 4169 2586 4241 suit
2632 4171 2753 4239 de-

205 4254 511 4342 fatigata.
567 4262 803 4344 Itaque
856 4279 1107 4359 purum
1160 4256 1309 4345 ejus
1357 4279 1613 4345 corpus
1663 4259 1915 4347 probro
1964 4257 2235 4327 afficere
2263 4258 2754 4346 cogitavitsce-

205 4342 490 4414 leratuS.
537 4351 613 4415 Et
660 4346 745 4415 ad
785 4347 1136 4415 ministros
1175 4368 1585 4415 conversus:
1645 4352 1833 4425 Eam,
1885 4347 2132 4434 inquit,
2185 4347 2497 4437 accipite,
2558 4360 2623 4416 et
2682 4349 2752 4416 in

202 4431 548 4502 excelsum
601 4448 664 4504 et
714 4435 1017 4504 medium
1072 4435 1370 4522 aliquem
1425 4435 1650 4504 locum
1706 4435 1967 4505 ducite:
2003 4448 2069 4506 et
2111 4458 2480 4527 praecones
2511 4450 2754 4506 euntes
