3347 4999
198 309 373 375 OCT.
433 311 512 375 Ι’16
1108 330 1187 376 m:
1235 328 1290 375 s,
1344 326 1595 375 sumno
1644 329 1835 375 mar.
2519 311 2643 376 437

198 411 386 482 coelo
437 411 810 503 splendens
880 413 1112 484 Crucis
1175 414 1531 503 apparuit:
1603 411 1720 482 sed
1772 425 1835 480 et
1878 411 2307 481 ‚Iudaeorum
2362 426 2578 482 vestes
2641 414 2735 483 si-

198 500 497 590 gnaculo
563 515 725 571 sunt
772 502 1115 591 impletae,
1183 523 1317 570 non
1384 514 1606 570 tamen
1660 500 2047 590 splendenti
2098 500 2213 571 sed
2264 502 2331 569 ni
2388 523 2461 570 ro
2509 502 2737 572 colore

199 591 533 679 signatae.
589 595 768 659 Haec
825 590 1056 678 itaque
1107 595 1235 659 Dco
1286 590 1570 659 rebelles
1631 589 2171 669 considerantes,
2218 600 2283 657 et
2391 591 2572 659 ivina
2612 592 2736 659 ssa-

196 679 379 769 gella
438 680 1065 760 contremiscenteS,
1120 678 1201 748 ad
1270 679 1544 769 propria
1609 690 1773 747 sunt
1836 677 2110 755 reversi,
2149 677 2550 747 confitentes
2585 701 2737 749 esse

195 772 439 847 Deum,
488 768 607 855 qui
676 770 763 837 ab
817 790 1052 837 eorum
1107 768 1662 858 progenitoribus
1719 766 1907 856 ligno
1961 765 2291 855 probatur
2349 788 2729 855 appensuS.

195 857 368 925 Cum·
424 857 589 926 haec
641 857 732 925 ita
777 879 850 926 se
887 856 1278 937 habuerint,
1316 869 1381 926 et
1420 856 1824 946 Imperatori
1862 854 2272 956 impiissimo
2306 855 2475 923 adeo
2511 855 2736 944 place-

197 957 350 1014 rent
399 944 620 1035 impii,
676 957 1011 1032 quantum
1068 959 1272 1036 putas
1319 945 1638 1046 spiritum
1692 944 2142 1034 malignitatis
2182 943 2460 1013 sibimet
2506 943 2738 1034 adspi-

194 1046 545 1114 raverunt,
599 1046 665 1103 et
710 1035 968 1121 quibus
1001 1034 1223 1105 modis
1257 1034 1817 1120 qmbuscumque
1849 1034 1914 1101 in
1955 1034 2123 1102 locis
2156 1045 2373 1114 erant,
2419 1054 2627 1101 suum
2663 1034 2731 1101 in

197 1122 621 1191 Christianos
668 1124 864 1210 quasi
918 1123 1228 1192 naturale
1277 1123 1541 1202 odium,
1586 1123 1934 1213 conjuncti
1970 1122 2258 1212 paganis
2290 1143 2411 1210 per
2445 1140 2734 1207 sequen·

198 1211 407 1291 tibus,
463 1210 910 1282 adulantibus
959 1212 1396 1301 principibus
1445 1211 1665 1280 edicta
1731 1210 2315 1301 proponentibus,
2387 1224 2736 1297 tamquam

193 1298 373 1368 bene
418 1298 853 1379 facientibus,
899 1300 1386 1370 declararunt?

287 1390 321 1474 ξ
370 1391 445 1457 2.
500 1389 719 1478 Igitur
767 1401 1046 1459 sanctus
1078 1389 1177 1458 Eli
1234 1389 1392 1458 hius
1440 1389 1697 1469 divina,
1749 1401 1827 1458 ut
1848 1388 1990 1475 jam
2024 1387 2282 1457 dictum
2325 1400 2449 1468 est,
2489 1387 2738 1457 virtute

193 1497 538 1545 carcerem
576 1499 917 1568 egressuS,
956 1477 1121 1546 dum
1203 1478 1433 1547 uneris
1486 1478 1774 1546 materni
1824 1478 2145 1563 exequias
2183 1475 2267 1544 de
2317 1497 2505 1544 more
2553 1498 2739 1544 com-

192 1563 539 1654 plevisset,
593 1588 837 1635 rursus
874 1578 1009 1635 tam
1045 1589 1083 1635 a
1121 1566 1410 1655 Paganis
1461 1565 1821 1646 militibus,
1866 1587 2071 1654 quam
2125 1587 2163 1634 a
2201 1563 2486 1633 Judaeis
2525 1585 2737 1650 quae-

191 1652 519 1723 rebatur:
573 1665 638 1723 et
683 1654 849 1741 quia
895 1676 1028 1723 non
1082 1655 1288 1725 latere
1336 1654 1645 1736 volebat,
1676 1656 1863 1741 ‚quia
1912 1653 2319 1742 martyrium
2371 1673 2509 1721 non
2555 1652 2735 1721 refu-

191 1742 447 1842 giebat,
490 1743 624 1812 cito
673 1756 981 1832 repertus
1035 1758 1158 1812 est.
1213 1750 1547 1813 Reversus
1609 1764 1907 1830 namque
1941 1798 1956 1823 ,
2010 1742 2348 1811 civitatem
2387 1740 2729 1811 Grandem

192 1831 496 1915 1ntravit,
551 1832 670 1901 ubi
720 1845 884 1900 tunc
934 1834 1262 1922 temporis
1317 1832 1641 1901 Julianus
1695 1830 1910 1901 fuisse
1957 1842 2399 1900 memoratur.
2457 1832 2738 1899 Duobus

192 1919 453 1988 ibidem
499 1934 804 1990 moratus
838 1920 1106 2001 diebuS,
1161 1921 1378 1990 multa
1428 1942 1560 1989 non
1616 1921 1857 2009 paucis
1892 1920 2225 1990 beneficia
2266 1919 2601 2008 praestitit
2632 1919 2737 1986 in-

193 2008 443 2078 firmis.
499 2009 1004 2096 Transiensque
1069 2010 1357 2079 fluvium
1390 2063 1405 2090 ,
1472 2010 1752 2077 nomine
1800 2014 2036 2077 Veram
2080 2063 2094 2088 ‚
2154 2008 2440 2077 offendit
2486 2007 2738 2097 impios

195 2108 591 2166 executores
638 2097 1053 2167 daemonum
1107 2099 1336 2168 thecas
1383 2097 1453 2166 in
1505 2096 1700 2166 litore
1749 2097 2070 2168 colentes.
2122 2096 2422 2167 ‚ludaeos
2481 2095 2736 2164 ibidem

196 2185 268 2253 in
322 2185 559 2254 eodem
614 2186 972 2276 sacrilegio
1020 2208 1154 2255 non
1209 2185 1530 2265 defuisse,
1569 2198 1672 2255 est
1720 2199 2099 2255 narratum.
2154 2189 2293 2254 Hoc
2340 2197 2565 2253 autem
2615 2183 2738 2253 fri·

193 2272 454 2354 volum,
511 2273 856 2362 nimisque
905 2275 1312 2365 simpliciter
1341 2274 1602 2344 dictum
1655 2274 1973 2344 nonnulli
2022 2274 2435 2351 existimant,
2489 2295 2614 2362 pro
2660 2294 2743 2341 eo

193 2363 379 2448 quod
415 2363 667 2431 nostris
701 2363 1126 2453 temporibus
1168 2363 1299 2433 tale
1345 2364 1509 2450 quid
1547 2364 1725 2432 inter
1757 2362 2114 2452 sacrilegia
2145 2363 2561 2433 ,ludaeorum
2601 2384 2737 2430 non

200 2451 564 2541 reperitur.
618 2457 845 2540 Neque
885 2453 1066 2522 enim
1120 2474 1308 2523 nunc
1364 2452 1612 2522 Judaei
1657 2451 1862 2522 idolis
1904 2450 2286 2532 immolant,
2347 2451 2459 2523 sed
2514 2472 2738 2521 unum

202 2553 266 2610 et
314 2540 537 2610 solum
598 2555 967 2611 creatorem
1030 2547 1240 2611 Deum
1292 2563 1364 2611 se
1404 2542 1687 2610 adorare
1744 2541 2039 2610 inaniter
2084 2542 2369 2630 jactant.
2416 2545 2742 2629 Optarent

196 2650 358 2718 ergo
407 2629 699 2699 studiosi
749 2631 1055 2711 lectoreS,
1109 2629 1307 2699 aliter
1353 2632 1483 2698 scri
1544 2644 1754 2699 torem
1811 2630 2086 2711 dixisse,
2132 2652 2341 2717 quam
2401 2629 2571 2698 dixit
2616 2641 2737 2698 aut

192 2718 492 2806 scripsit.
525 2718 904 2789 Praemisso
933 2740 1255 2805 namque,
1284 2720 1466 2788 Offen
1530 2719 1577 2787 it
1607 2719 1675 2787 in
1703 2719 2025 2796 Judaeos,
2053 2718 2467 2786 daemonum
2509 2717 2739 2785 thecas

192 2806 262 2875 in
301 2806 494 2876 litore
527 2807 825 2876 colentes
857 2831 871 2874 :
926 2819 1069 2876 erat
1102 2820 1328 2878 autem
1366 2808 1728 2878 sabbatum
1758 2862 1778 2888 ,
1839 2808 1986 2875 dies
2023 2807 2237 2876 festus
2268 2806 2684 2874 ludaeorum
2716 2828 2732 2871 ε

192 2918 229 2961 «
269 2899 459 2975 Ecce,
499 2895 613 2974 ait,
652 2895 819 2982 quid
872 2896 1112 2966 nefarii
1159 2896 1406 2966 ‚Iudaei
1456 2898 1523 2965 in
1562 2896 1711 2965 suis
1759 2895 2061 2966 sabbatis
2099 2905 2335 2984 agunt.
2390 2892 2736 2962 Christum

190 2983 309 3052 Dei
358 2985 699 3064 virtutem,
755 2997 820 3054 et
869 2986 985 3054 Dei
1034 2986 1444 3073 sapientiam
1493 2997 1967 3061 contemnunt,
2019 2995 2085 3051 et
2131 2982 2213 3050 ad
2268 3003 2464 3051 suam
2510 2980 2736 3070 perdi-

189 3072 440 3141 tionem
477 3073 843 3142 daemonia
874 3073 1130 3143 colunt.
1185 3074 1626 3165 Exigentibus
1660 3074 1845 3141 enim
1878 3092 2042 3140 suae
2082 3070 2406 3160 perfidiae
2440 3069 2727 3149 meritiS,

188 3160 471 3230 oracula
503 3161 993 3252 prophetarum
1028 3175 1092 3232 et
1135 3163 1499 3251 praeconia
1545 3160 2016 3251 Apostolorum
2073 3170 2520 3238 recusarunt;
2574 3180 2739 3227 suas

186 3271 348 3318 vero
399 3250 688 3319 libenter
733 3272 935 3319 aures
982 3250 1364 3320 daemoniis
1413 3248 2125 3319 accommodaverunt.
2167 3271 2201 3314 »
2237 3252 2375 3336 Ego
2406 3267 2563 3315 vero
2597 3268 2734 3314 non

187 3338 474 3407 omnino
522 3337 838 3407 frivolum
873 3394 888 3419 ,
941 3339 1155 3408 immo
1205 3339 1420 3409 solida
1473 3339 1749 3408 veritate
1811 3337 2184 3407 subnixum
2233 3358 2384 3406 esse
2432 3335 2740 3425 potuisse

188 3426 486 3496 arbitror
533 3427 742 3506 istud,
796 3427 882 3496 ab
930 3448 1008 3496 eo
1060 3427 1282 3497 taliter
1329 3428 1616 3497 dictum.
1672 3432 1814 3496 Non
1850 3427 2031 3494 enim
2068 3438 2233 3494 tunc
2266 3425 2593 3525 temporis
2630 3445 2738 3493 res

191 3516 289 3584 ita
320 3527 487 3608 erat,
526 3528 602 3584 ut
650 3536 839 3584 nunc
886 3529 1008 3585 est.
1049 3520 1270 3599 Quare
1302 3515 1506 3585 hodie
1532 3513 1789 3584 Judaei
1838 3513 2211 3584 simulacra
2246 3525 2555 3603 gentium
2597 3534 2737 3583 non

185 3603 472 3674 colunt?
510 3605 848 3674 Nimirum
882 3605 1042 3691 quia
1079 3626 1211 3674 non
1243 3618 1427 3674 sunt.
1465 3603 1814 3687 Quamdiu
1852 3615 2067 3682 erant,
2106 3601 2446 3689 quamdiu
2481 3601 2739 3672 fiebant

185 3693 354 3761 haec
404 3714 610 3783 opera
644 3714 980 3763 manuum
1033 3694 1421 3773 hominum,
1467 3714 1741 3782 semper
1792 3692 1986 3782 proni
2035 3690 2316 3763 fuerunt
2348 3690 2430 3758 ad
2468 3689 2735 3759 cultum

184 3802 450 3862 eorum,
504 3782 684 3851 sicut
715 3792 1050 3851 testantur
1091 3782 1249 3853 libri
1285 3783 1619 3871 ipsorum.
1673 3787 1866 3852 Nunc
1900 3792 2155 3859 autem,
2195 3778 2314 3848 ubi
2350 3778 2735 3848 secundum

184 3869 616 3959 prophetiam
668 3870 910 3951 Isaiae,
964 3871 1297 3940 Dominus
1351 3868 1732 3939 ascendens
1781 3891 1989 3959 super
2037 3869 2291 3938 nubem
2345 3866 2587 3945 levem,
2627 3867 2737 3933 in-

184 3979 466 4047 gressus
534 3972 635 4029 est
692 3963 1065 4060 Aegyptum
1140 3959 1354 4047 hujus
1419 3958 1682 4039 seculi,
1761 3971 1825 4027 et
1898 3970 2078 4027 mota
2149 3954 2732 4026 sunt-simulacra

181 4048 467 4136 Aegypti
516 4069 557 4115 a
603 4048 779 4117 facie
824 4069 1001 4135 eJus,
1054 4060 1119 4117 et
1165 4047 1654 4137 disperierunt,
1710 4045 1961 4116 frustra
2014 4044 2402 4115 volentibus
2449 4065 2526 4112 ea
2577 4044 2735 4112 reti-

186 4154 351 4202 nere
407 4136 789 4235 Aegyptiis²
829 4135 1142 4223 qualium
1185 4137 1308 4207 iste
1356 4134 1683 4205 Julianus
1748 4134 2172 4214 notissimUS‚
2215 4146 2280 4202 et
2317 4153 2471 4201 vere
2518 4135 2736 4222 Aegy-

238 4222 373 4290 tius
421 4222 589 4292 fuit:
647 4246 855 4306 nunc,
908 4225 1191 4311 inquam
1233 4279 1248 4304 ,
1313 4225 1475 4312 quia
1527 4244 1662 4293 non
1707 4236 1919 4304 sunt,
1985 4221 2243 4292 idcirco
2303 4242 2439 4290 non
2501 4221 2739 4291 colunt

225 4309 428 4378 udaei
479 4311 849 4383 simulacra
909 4313 1267 4404 gentium3
1318 4324 1383 4381 et
1432 4312 1655 4393 illud,
1725 4310 1901 4399 quod
1965 4310 2185 4379 solum
2252 4323 2607 4400 superest,
2662 4321 2727 4377 et

179 4397 367 4488 quod
406 4398 519 4467 illa
554 4402 931 4483 subvertit,·
960 4402 1243 4472 omnino
1281 4422 1412 4471 non
1456 4400 1805 4492 pertinens
1854 4399 1940 4468 ad
1973 4398 2350 4470 simulacra
2386 4398 2725 4490 gentium,
