3347 4999
804 331 930 395 484
1593 346 1671 392 m:
1719 347 1774 393 s.
1829 344 2119 392 aanwmn
2167 344 2356 391 vmuA
2927 323 3099 390 OCT.
3163 325 3252 387 ⁴7

719 436 812 502 Ex
858 432 943 502 iis
982 431 1209 511 etiam,
1261 451 1434 517 quae
1481 428 1688 499 frater
1757 429 2225 521 Engelbertus,
2294 427 2568 499 Ordinis
2627 426 3089 498 cisterciensis
3162 425 3255 496 de

716 520 846 590 hac
897 524 1139 589 Sancta
1178 519 1475 608 scripsit,
1528 518 1868 605 quaedam
1920 530 2157 588 notatu
2189 517 2399 607 digna
2449 515 2587 585 illis
2625 515 2936 605 adjunxi3
2993 526 3251 584 totam-

717 630 849 696 que
880 608 1235 677 historiam
1287 607 1354 675 in
1405 607 1631 698 capita
1664 607 2059 676 distinxi...

799 778 840 873 ξ
886 790 963 858 1.
1018 783 1384 876 Hedwigis,
1427 784 1572 874 jam
1625 783 1692 852 in
1742 782 1949 853 coelis
1990 782 2209 865 beata,
2272 782 2339 850 in
2382 781 2580 852 terris
2631 803 2668 851 e
2715 782 2925 872 stirpe
2987 780 3250 851 illustri

715 887 886 956 orta,
927 873 1178 943 nobilis
1209 873 1486 960 quidem
1537 871 1665 941 fuit
1720 893 1965 962 genere
2011 884 2076 941 et
2121 875 2444 962 corporea
2501 871 2916 961 propagine,
2976 869 3093 940 sed
3159 870 3249 940 ob

715 984 986 1032 morum
1037 961 1444 1053 elegantiam
1477 974 1542 1030 et
1583 962 1997 1030 honestatem
2028 971 2230 1047 atque
2261 961 2738 1051 integritatem,
2780 958 2979 1049 longe
3006 959 3248 1028 animo

714 1050 1010 1120 nobilior
1041 1063 1245 1137 atque
1278 1050 1749 1140 praestantior.
1806 1048 2201 1118 Pulcritudo
2250 1070 2404 1118 vero
2451 1048 2946 1118 charismatum
2992 1059 3059 1116 et
3119 1048 3243 1116 do-

717 1161 963 1209 norum
1005 1138 1337 1208 divinitus
1371 1136 1471 1206 illi
1504 1137 1774 1220 collata,
1828 1137 2123 1217 ornabat,
2162 1138 2231 1205 in
2272 1159 2350 1206 ea
2397 1136 2887 1207 sublimitatem
2938 1138 3239 1225 generiS,

718 1242 785 1298 et
831 1227 1160 1298 natalium
1197 1225 1521 1317 splendor
1551 1227 1916 1318 gratiorem
1952 1224 2285 1295 efficiebat
2321 1226 2566 1297 mentis
2596 1225 2907 1295 decorem
2944 1237 3010 1294 et
3043 1247 3247 1315 prae-

716 1318 1033 1386 stantiam
1071 1316 1436 1385 virtutibus
1482 1313 1941 1384 conciliatam.
1978 1313 2130 1385 Fuit
2176 1326 2401 1384 autern
2448 1313 2591 1383 filia
2647 1312 2995 1404 magnifici
3044 1314 3247 1403 prin-

714 1405 890 1494 cipis
937 1403 1304 1485 Bertholdi,
1361 1403 1772 1473 Marchionis
1805 1403 2159 1485 Moraviae,
2200 1402 2476 1472 Comitis
2508 1401 2918 1492 TyrolensiS.
2957 1406 3241 1471 Matrem

713 1492 957 1564 habuit
986 1496 1330 1583 Agnetem,
1367 1515 1502 1561 non
1532 1491 1778 1561 minori
1814 1491 2082 1583 generis
2112 1492 2443 1582 dignitate
2475 1490 2836 1573 illustrem,
2880 1501 3116 1581 utpote
3162 1491 3243 1560 fi-

715 1581 878 1652 liam
913 1581 1272 1670 cujusdam
1307 1580 1718 1650 Marchionis
1758 1595 1821 1650 et
1848 1580 2123 1650 Comitis
2150 1579 2233 1649 de
2264 1579 2664 1651 Rochlechs.
2701 1577 2827 1649 llla
2873 1601 3031 1648 vero
3065 1592 3245 1649 tam-

716 1693 926 1758 quam
979 1669 1448 1741 nobilissimae
1495 1670 1759 1739 arboris
1807 1668 2069 1739 fructus
2101 1670 2443 1760 egregius,
2496 1667 2579 1737 de
2630 1668 2925 1738 bonitate
2967 1680 3034 1737 et
3081 1690 3241 1738 sua-

713 1760 916 1828 vitate
957 1758 1220 1848 saporis
1259 1758 1362 1829 sui
1417 1758 1743 1847 temporis
1790 1758 2240 1831 diuturnitate
2288 1757 2459 1826 nihil
2509 1757 2762 1838 amisit,
2818 1756 2933 1827 sed
2984 1755 3241 1826 divinis

714 1848 943 1939 potius
990 1859 1267 1916 auctum
1304 1845 1919 1927 benedictionibus,
1976 1845 2266 1935 posteris
2320 1846 2385 1914 in
2431 1845 2692 1916 Christo
2731 1844 3240 1935 degustandum

715 1935 1161 2005 conservavit.
1214 1935 1308 2003 Ab
1343 1935 1491 2025 ipsa
1525 1934 1710 2004 enim
1760 1935 2054 2024 pueritia
2099 1957 2217 2005 cor
2262 1956 2505 2023 gerens
2554 1933 2789 2016 senile,
2844 1934 3096 2004 vitabat
3148 1934 3242 2003 le-

715 2025 956 2094 vitates
988 2045 1249 2103 omneS,
1301 2035 1363 2091 et
1402 2022 1601 2092 bonis
1643 2044 1789 2091 sese
1824 2023 2319 2094 assuefaciebat
2360 2024 2689 2102 moribuS,
2730 2022 3237 2109 insolentesque

716 2113 867 2203 ejus
906 2112 1144 2182 aetatis
1193 2113 1555 2201 respuebat
1586 2111 1902 2202 ineptias.
1934 2112 2260 2182 Studebat
2309 2112 2689 2181 innocentis
2724 2111 2896 2180 vitae
2930 2112 3233 2201 puritati,

718 2222 1122 2291 semperque
1170 2200 1503 2270 honestati
1542 2212 1604 2268 et
1653 2200 1967 2291 gravitati
2015 2201 2415 2290 diligentem
2463 2200 2753 2269 navabat
2798 2221 3106 2301 operam.
3161 2205 3237 2269 In

716 2290 827 2359 his
878 2310 1029 2358 vero
1059 2289 1405 2369 omnibuS,
1449 2299 1515 2357 et
1546 2287 1701 2358 aliis
1749 2289 2071 2379 operibus
2131 2289 2299 2369 suis,
2359 2302 2622 2378 praeter
2664 2289 3005 2368 hominm,
3068 2310 3238 2375 quos

717 2378 866 2467 ejus
904 2388 1213 2468 parentes
1260 2377 1361 2445 illi
1410 2376 1886 2459 adhibuerant,
1964 2390 2039 2447 ut
2068 2378 2268 2447 bonis
2319 2378 2623 2447 moribus
2670 2377 2756 2445 ab
2786 2377 2884 2445 eis
2926 2376 3239 2447 institue-

718 2479 928 2547 retur,
965 2465 1307 2536 doctorem
1350 2465 1591 2536 habuit
1624 2466 1954 2558 Spiritum
1999 2471 2349 2546 Sanctum,
2397 2466 2514 2553 qui
2551 2464 2636 2534 ab
2677 2463 2959 2535 infantia
3007 2465 3238 2536 docuit

715 2577 863 2624 earn
909 2555 1145 2624 timere
1193 2559 1429 2637 Deum,
1468 2568 1531 2623 et
1570 2556 1910 2625 abstinere
1940 2557 2027 2626 ab
2063 2556 2248 2624 omni
2290 2568 2584 2645 peccato,
2639 2554 2727 2624 ita
2775 2567 2853 2624 ut
2902 2555 3234 2625 mundam

717 2644 1000 2714 servarit
1045 2643 1347 2712 animam
1389 2665 1585 2713 suam
1621 2645 1707 2713 ab
1756 2645 1943 2713 ornni
1968 2644 2546 2733 concupiscentia,
2583 2664 2704 2713 nec
2738 2663 3047 2730 unquam
3079 2667 3237 2714 curn

713 2730 1115 2802 ludentibus
1147 2731 1582 2821 culpabiliter
1630 2754 1700 2801 se
1741 2732 2115 2813 miscuerit,
2154 2754 2374 2819 neque
2415 2754 2571 2801 cum
2623 2732 2731 2811 iis,
2785 2733 2904 2818 qui
2954 2732 3025 2800 in
3077 2732 3240 2802 levi·
3326 2765 3327 2784 ÷

716 2833 848 2889 tate
896 2820 1365 2900 ambulabant,
1424 2821 1823 2922 participem
1876 2843 1946 2889 se
1996 2820 2405 2911 praebuerit.
2461 2825 2536 2888 In
2590 2819 2838 2910 puerili
2885 2821 3076 2890 enim
3131 2844 3237 2891 ae·

716 2921 849 2978 tate
915 2909 983 2977 in
1038 2908 1446 2978 monasterio
1507 2910 1940 2999 Lutztngensi
2002 2932 2232 2980 sacras
2294 2909 2550 2979 litteras
2609 2908 2887 2989 didicit,
2941 2930 3235 2996 quarum

713 2997 943 3067 studio
981 3010 1044 3066 et
1070 3011 1342 3087 ternpus
1376 3018 1537 3066 suae
1559 2997 1940 3086 juventutis
1973 2997 2293 3088 expendit
2323 2997 2602 3078 utiliter,
2637 3007 2840 3084 atque
2870 3019 2950 3066 ex
3000 3020 3236 3068 earum

715 3086 1187 3177 intelligentia,
1242 3085 1679 3175 postmodum
1718 3087 2136 3156 internarum
2173 3087 2717 3156 consolationum
2749 3096 2814 3155 et
2859 3085 3238 3157 devotionis

714 3174 1002 3264 gratiam
1046 3175 1274 3242 hausit
1320 3174 1745 3244 excellenter.
1799 3181 2101 3257 Quatuor
2148 3176 2388 3245 habuit
2434 3175 2698 3255 fratreS,
2757 3195 3022 3245 sorores
3074 3190 3229 3256 treS,

714 3284 1009 3349 quarum
1056 3284 1197 3331 una
1243 3261 1558 3353 Philippo
1607 3264 1772 3353 Regi
1818 3264 2131 3332 Franciae
2162 3265 2419 3353 nupsit,
2459 3262 2670 3334 altera
2704 3262 3006 3332 Andreae
3068 3267 3236 3353 Regi

715 3349 1151 3440 Hungariae,
1209 3350 1318 3419 cui
1370 3352 1631 3440 peperit
1696 3352 2238 3422 laudatissimam
2296 3353 2484 3422 illam
2549 3365 2613 3421 et
2677 3373 2861 3421 nunc
2910 3353 2976 3420 in
3028 3354 3237 3425 coelis

714 3438 1082 3529 gloriosam
1134 3436 1471 3508 Elizabeth
1515 3440 1881 3532 Turingiae
1914 3442 2413 3532 Lantgraviam,
2468 3440 2669 3529 cujus
2718 3440 3230 3511 sanctissimum

599 3567 606 3574 ·
715 3549 833 3596 cor
883 3549 966 3595 us
1007 3529 1351 3616 Marpurgi
1404 3528 1717 3615 quiescit.
1770 3531 1988 3597 Tertia
2043 3551 2235 3600 soror
2283 3529 2410 3598 suit
2468 3527 2822 3597 Abbatissa
2869 3530 3234 3600 sanctimo—

714 3549 1004 3684 nialium
1057 3616 1329 3685 Ordinis
1363 3617 1578 3686 sancti
1629 3617 1967 3686 Benedicti
2011 3618 2075 3686 in
2130 3617 2561 3707 Lutzingensi
2622 3617 3038 3686 Franconiae
3094 3640 3234 3689 mo-

716 3703 1035 3784 nasteri0‚
1091 3703 1172 3773 dc
1213 3727 1348 3791 quo
1390 3727 1600 3795 supra
1657 3705 1980 3776 diximus.
2048 3711 2238 3776 Unus
2284 3705 2571 3776 fratrum
2629 3704 2806 3792 ejus,
2850 3707 3230 3788 BertolduS,

711 3791 843 3862 fuit
872 3791 1319 3881 Aquilejensis
1370 3794 1792 3862 Patriarcha:
1824 3793 1994 3863 alter
2025 3794 2420 3876 Ekebertus‚
2458 3793 3041 3886 Babenbergensis
3085 3798 3232 3887 Epi-

713 3903 1004 3983 scopus:
1061 3881 1300 3969 reliqui
1358 3882 1518 3962 duc,
1581 3882 1751 3951 Otho
1801 3894 1866 3952 et
1913 3885 2272 3965 Henricus,
2320 3884 2600 3953 militiae
2634 3882 2882 3964 dediti,
2938 3886 3117 3974 patri
3167 3887 3232 3954 in

713 3981 1108 4060 principatu
1148 3982 1645 4041 successerunt.

802 4059 837 4144 ἓ
883 4063 964 4130 2.
1019 4059 1360 4149 Hedwigis
1410 4081 1593 4141 ver0,
1655 4082 1812 4129 cum
1880 4071 2058 4129 esset
2105 4083 2321 4130 annos
2370 4074 2529 4132 nata
2575 4062 2935 4132 duodecim
2972 4117 2987 4143 ,
3042 4085 3231 4152 prae·

714 4144 1228 4246 claro-principi
1260 4149 1549 4217 Henrico
1583 4150 1745 4218 Duci
1782 4149 2057 4218 Silesiae
2087 4162 2149 4217 et
2179 4148 2492 4219 Poloniae
2518 4151 2843 4221 collocata
2870 4163 2994 4219 est:
3025 4173 3230 4238 quem

716 4232 859 4314 llla‚
905 4247 1120 4303 instar
1179 4242 1401 4318 Sarae,
1457 4260 1613 4306 cum
1679 4238 1915 4307 timore
1966 4237 2256 4318 Domini,
2314 4260 2445 4306 non
2501 4262 2659 4308 curn
2709 4239 2999 4309 libidine
3046 4263 3224 4322 sua,

713 4323 1059 4392 consensit
1091 4324 1458 4415 suscipere.
1513 4332 1589 4395 In
1620 4348 1696 4394 eo
1724 4327 1904 4394 enim
1939 4326 2402 4396 contrahendo
2449 4328 2881 4398 matrimonio
2924 4351 3059 4398 non
3093 4343 3229 4400 tam

713 4434 958 4494 suam,
1011 4434 1214 4500 quam
1269 4425 1667 4504 parentum,
1741 4414 2152 4486 voluntatem
2226 4416 2527 4487 creditur
2589 4431 2858 4488 secuta:
2920 4417 2989 4487 id
3047 4419 3229 4508 quod
