3347 4999
183 345 367 411 OCT.
420 347 442 409 l
560 428 563 433 ⁴
1058 361 1136 408 οε
1186 360 1242 409 s,
1300 348 1558 411 iii-,moto
1607 365 1898 412 anemae.
2571 348 2639 412 31

183 456 357 511 sunt
425 465 545 533 pro
597 457 656 511 te
705 443 1045 512 orationes
1101 444 1313 532 patris
1378 445 1475 512 tui
1548 446 1878 535 Remigii:
1935 445 2237 533 suscepit
2286 467 2558 533 quoque
2612 451 2736 515 Do·

180 533 950 623 minuspoenitentiam
985 545 1195 615 tuam,
1224 544 1287 599 et
1314 531 1681 601 dimissum
1707 545 1807 603 est
1841 547 2194 622 peccatum
2234 547 2456 602 tuum.
2493 539 2728 624 Surge,

175 634 243 688 et
297 620 465 688 hinc
505 620 851 709 egredere,
908 620 1148 705 facque
1186 621 1548 689 ministerii
1586 621 2000 711 episcopalis
2040 622 2367 701 officium,
2404 637 2468 692 et
2504 645 2739 693 recon-

174 708 361 777 cilia·
404 711 686 789 Domino
738 709 1158 800 poenitentes
1207 710 1289 777 de
1330 710 1745 779 criminibus
1796 712 1965 780 suis.
2021 710 2458 780 Genebaldus
2505 726 2732 781 autem

178 798 411 865 nimio
478 811 730 866 terrore
798 797 1195 886 perculsus,
1253 798 1664 887 respondere
1732 798 1825 866 nil
1896 800 2135 888 potuit.
2192 805 2377 867 Tunc
2449 801 2737 889 angelus

174 886 464 954 Domini
515 886 908 956 confortans
956 909 1141 965 eum,
1178 900 1240 953 et
1275 908 1359 955 ne
1403 888 1691 963 timeret,
1734 888 2044 956 hortatus
2093 888 2367 967 est,-sed
2407 890 2737 977 gauderet

176 975 250 1041 in
314 975 787 1045 misericordia
845 975 1106 1042 Domini
1161 975 1295 1042 sibi·
1327 974 1596 1044 collata.
1652 976 1781 1058 Qui
1833 977 2203 1056 animatus,
2259 975 2428 1045 dixit
2476 977 2558 1044 ad
2614 1001 2735 1045 an·
2789 988 2794 999 '

176 1064 474 1150 gelum:
531 1070 670 1133 Non
728 1085 1006 1151 possum
1063 1063 1222 1131 binc
1271 1064 1541 1154 egredi,
1598 1065 1762 1151 quia
1812 1063 2138 1134 dominus
2185 1077 2249 1133 et
2300 1078 2488 1154 pater
2542 1088 2734 1134 meus

179 1153 552 1242 Remigius
600 1151 855 1220 clavem
913 1152 1123 1239 liujus
1171 1153 1323 1220 ostii
1378 1175 1610 1221 secum
1667 1153 1915 1233 habet,
1973 1154 2152 1239 quod
2207 1166 2270 1222 et
2319 1154 2545 1244 sigillo
2610 1176 2735 1223 suo

176 1242 509 1341 signavit:
542 1247 615 1309 Et
641 1239 930 1330 angelus
957 1240 1039 1307 ad
1075 1262 1230 1308 eum
1264 1263 1277 1303 ι
1312 1246 1393 1310 Ut
1426 1264 1557 1309 non
1597 1241 1894 1321 dubites,
1930 1242 2174 1328 inquit,
2214 1264 2320 1311 me
2360 1264 2397 1310 a
2452 1245 2734 1311 Domino

178 1351 509 1410 missum,
567 1330 747 1399 sicut
801 1342 976 1416 patet
1014 1328 1132 1397 tibi
1187 1329 1482 1409 coelum,
1538 1330 1635 1398 sic
1687 1342 1750 1397 et
1798 1330 2052 1399 ostium
2109 1331 2288 1399 istud
2345 1332 2622 1419 patebit.
2660 1338 2733 1400 Et

176 1420 416 1487 statim
472 1420 657 1487 salvo
709 1418 937 1507 sigillo
987 1438 1065 1486 ac
1114 1421 1287 1497 sera,
1328 1419 1581 1487 ostium
1634 1418 1807 1487 illud
1860 1432 2170 1506 apertum
2223 1431 2345 1489 est.
2392 1424 2579 1488 Tunc
2612 1424 2734 1490 Ge·

180 1507 527 1576 nebaldus
579 1508 644 1574 in
699 1506 982 1575 modum
1034 1508 1262 1575 crucis
1312 1529 1382 1575 se
1424 1508 1701 1594 jactans
1753 1507 1820 1574 in
1876 1507 2135 1588 limine,
2181 1508 2392 1576 dixit:
2448 1509 2727 1579 Etiamsi

178 1596 335 1684 ipse
386 1597 718 1665 Dominus
764 1596 961 1663 lesus
1010 1595 1319 1663 Christus
1370 1595 1698 1684 dignatus
1752 1595 1973 1675 suerit,
2011 1596 2094 1664 ad
2141 1618 2248 1664 me
2298 1598 2526 1665 venire
2576 1619 2730 1686 pec-

176 1697 509 1759 catorem,
567 1685 726 1752 hinc
780 1706 911 1753 non
972 1683 1307 1772 egrediar.
1363 1684 1578 1751 donec
1632 1683 1745 1752 ille
1798 1685 2079 1763 venerit,
2128 1686 2245 1771 qui
2302 1707 2406 1754 me
2458 1686 2525 1752 in
2580 1687 2730 1775 ejus

180 1774 465 1840 nomine
521 1774 585 1840 in
642 1774 767 1840 ista
822 1772 1202 1842 reclusione
1249 1773 1628 1841 constituit.
1686 1778 1763 1841 Et
1821 1774 2047 1842 statim
2108 1772 2399 1863 angelus
2463 1776 2725 1843 Domini

175 1861 503 1930 discessit
552 1862 637 1929 ab
677 1883 776 1929 eo.
1266 1892 1271 1901 ·
2162 1864 2172 1873 “
2411 1884 2412 1887 ’

274 1952 310 2035 ξ
340 1955 505 2020 39.
536 1955 777 2018 Beatus
803 1969 1073 2034 quoque
1103 1948 1459 2035 Remigius
1486 1949 1551 2016 in
1591 1963 1854 2037 crypta,
1887 1972 2063 2036 quae
2102 1963 2277 2019 retro
2314 1949 2552 2020 sedem
2586 1964 2731 2019 erat

164 2058 244 2103 ec
265 2036 513 2106 clesiae
549 2043 831 2117 Sanctae
868 2038 1112 2105 Mariae
1145 2037 1447 2118 Rhamis,
1490 2039 1933 2126 pernoctabat
1961 2039 2026 2106 in
2066 2040 2393 2119 oratione,
2427 2052 2492 2107 et
2526 2041 2724 2125 quasi

166 2124 557 2203 dormiens,
602 2128 672 2194 in
723 2147 1071 2194 excessum
1126 2137 1226 2194 est
1277 2139 1549 2215 raptus:
1606 2132 1682 2194 Et
1714 2126 1882 2196 vidit
1925 2127 2249 2217 angelum
2286 2128 2722 2198 assistentem

168 2214 343 2292 sibi,
398 2215 605 2299 qui'ei
658 2216 913 2291 omnia,
951 2215 1129 2284 sicut
1179 2215 1359 2284 dicta
1403 2227 1467 2282 et
1510 2228 1695 2304 gesta
1734 2214 2026 2296 fuerant,
2067 2217 2728 2304 narravit‚*=etjussit

167 2315 733 2393 ut'quantocyus
782 2304 1192 2372 Laudunum
1252 2314 1524 2393 peteret,
1568 2317 1631 2372 et
1667 2304 2136 2373 Genebaldum
2174 2305 2316 2393 sedi
2349 2305 2724 2395 episcopali

171 2392 584 2471 restitueret,
626 2405 689 2465 et
736 2415 963 2474 coram
1002 2415 1071 2461 se
1109 2392 1580 2473 ministerium*
1608 2394 1997 2483 episcopale
2029 2415 2228 2483 agere
2259 2394 2720 2483 persuaderet.

175 2482 350 2548 Mox·
386 2494 662 2550 sanctus
701 2481 1066 2571 ‘Remigius
1097 2536 1111 2559 ‚
1171 2480 1337 2549 nibil
1392 2480 1763 2560 dubitans,
1831 2505 2000 2560 cum·
2043 2506 2316 2552 summa
2382 2484 2724 2574 celeritate

175 2569 594 2644 Laudunum
639 2571 848 2658 petiit,
893 2587 956 2638 et
1008 2571 1070 2636 in
1118 2568 1356 2637 limine
1395 2571 1572 2649 ostii,
1616 2570 1803 2641 salvo
1855 2572 2083 2659 sigillo
2123 2585 2187 2641 et
2221 2576 2370 2642 sera
2415 2574 2718 2651 reserati,

177 2658 648 2726 Genebaldum
674 2659 1015 2747 jacentem
1053 2660 1347 2748 reperit:
1376 2680 1578 2744 quem
1617 2661 1912 2729 extensis
1948 2661 2246 2732 brachiis
2277 2684 2435 2730 cum
2472 2662 2724 2751 gaudio

175 2758 244 2813 et
296 2746 619 2834 lacrymis
663 2747 953 2816 laudans
1006 2746 1272 2815 Domini
1319 2749 1859 2817 misericordiam
1899 2749 2205 2829 elevavit,
2247 2772 2544 2836 eumque
2576 2749 2721 2818 sedi

174 2848 240 2902 et
288 2834 511 2903 officio
544 2836 943 2925 episcopali,
984 2835 1189 2904 veluti
1226 2836 1515 2925 angelus
1546 2837 1824 2905 'Domini
1861 2852 2320 2927 praeceperat,
2370 2839 2720 2907 restituere

174 2925 564 3002 maturavit,
605 2937 669 2993 et
718 2927 1014 2994 Rhemos
1063 2947 1219 2992 cum
1274 2925 1526 3014 gaudio
1568 2927 1948 3015 repedavit.
2006 2926 2442 2996 Genebaldus
2492 2927 2720 3012 itaque

174 3012 246 3078 in
292 3013 648 3082 sanctitate
695 3026 759 3082 et
797 3013 1066 3102 justitia
1119 3027 1350 3102 postea
1397 3036 1637 3083 omnes
1695 3015 1841 3083 dies
1893 3014 2063 3083 vitae
2121 3037 2286 3083 suae
2335 3016 2554 3105 gratia
2607 3016 2716 3084 Dei

174 3102 913 3191 peregit,‘praedicans
952 3102 1241 3179 cunctiS,
1273 3114 1548 3189 -quanta
1578 3103 1702 3188 ‚itti
1757 3102 2005 3171 fecerat
2047 3099 2402 3192 Dominus.
2467 3155 2470 3160 .

264 3192 299 3275 ξ
348 3190 948 3278 <103'Ludovicus
985 3212 1095 3258 rex
1132 3191 1357 3258 sedem
1397 3214 1593 3260 suam
1633 3192 1698 3258 in
1733 3193 2173 3260 Suessionum
2211 3193 2502 3272 civitate,
2535 3192 2720 3260 unde

169 3280 537 3368 Syagrium
582 3279 953 3368 expulerat,
1007 3280 1466 3364 constituens,
1522 3279 1990 3348 delectabatur
2040 3282 2423 3370 praesentia
2471 3293 2535 3350 et
2581 3281 2720 3349 col·

167 3367 406 3452 loquio
458 3368 628 3436 beati
674 3368 991 3458 Remigii.
1030 3368 1152 3437 Sed
1191 3369 1351 3454 quia
1403 3368 1624 3447 villaS,
1663 3369 1864 3454 quasi
1914 3369 2046 3438 sibi
2098 3374 2230 3439 Rex
2269 3384 2333 3441 et
2367 3370 2606 3438 Franci
2645 3370 2711 3437 in

166 3457 401 3544 Pagis,
459 3457 862 3526 Suessonico
902 3470 965 3525 et
1014 3457 1481 3538 Laudunensi,
1535 3457 1901 3537 dederunt,
1943 3471 2018 3526 ut
2051 3480 2262 3548 supra
2293 3460 2551 3528 dictum
2589 3471 2711 3527 est.

160 3545 519 3644 episcopio
571 3545 1003 3614 Laudunensi
1055 3558 1119 3615 et
1167 3546 1323 3614 aliis
1384 3547 1563 3614 casis
1614 3547 1728 3613 Dei
1778 3545 2171 3628 donaverat,
2229 3569 2361 3616 non
2417 3546 2716 3615 habebat

161 3635 240 3702 in
294 3633 637 3701 vicinitate
699 3634 918 3723 ipsius
977 3634 1269 3703 civitatis
1320 3634 1817 3714 Suessionum,
1876 3636 2008 3706 nisi
2079 3657 2290 3704 unam
2356 3635 2701 3714 villulam,

159 3744 345 3810 quae
377 3733 610 3789 sancto
650 3724 916 3793 Nicasio
949 3723 1103 3791 data
1139 3723 1383 3791 fuerat.
1435 3722 1620 3791 Unde
1656 3723 1989 3793 suadente
2029 3723 2548 3815 religiosissima
2585 3730 2712 3793 Re-

162 3812 355 3902 gina,
390 3823 453 3878 et
488 3812 871 3899 petentibus
924 3811 1226 3880 locorum
1276 3811 1542 3890 incolis,
1573 3813 1691 3898 qui
1732 3813 2239 3902 multiplicibus
2271 3813 2491 3882 xeniis
2522 3826 2715 3881 erant

161 3900 453 3990 gravati,
496 3913 569 3967 ut
602 3901 780 3984 quod
825 3901 999 3989 Regi
1035 3900 1397 3984 debebant,
1446 3901 1774 3970 ecclesiae
1816 3901 2183 3970 Rhemensi
2225 3902 2707 3991 persolverent,

162 3995 303 4058 Rex
333 4000 567 4057 sancto
597 3988 903 4078 Remigio
931 3990 1266 4057 concessit
1294 4001 1731 4075 utquantum
1763 3990 2183 4070 circumiret,
2213 3991 2377 4058 dum
2412 3992 2555 4079 ipse
2585 4012 2715 4058 me·

160 4077 340 4146 ridie
375 4077 778 4163 quiesceret,
828 4089 1039 4145 totum
1092 4077 1195 4145 illi
1236 4078 1553 4147 donaret.¹
1586 4084 1879 4148 Sanctus
1928 4093 2153 4158 autem
2201 4079 2555 4168 Remigius
2597 4101 2715 4168 per

164 4167 386 4245 fineS,
445 4188 620 4252 quae
693 4165 1248 4235 manifestissime
1301 4180 1580 4255 patent,
1643 4189 1982 4257 pergenS,
2042 4168 2239 4257 signa
2289 4169 2397 4236 sui
2447 4167 2712 4237 itineris

154 4255 379 4323 misit.
442 4259 521 4323 In‘
586 4277 721 4341 quo
783 4253 920 4322 fine
981 4255 1258 4340 quidam
1307 4256 1826 4326 homo-babens
1876 4256 2396 4336 molendinum,
2461 4256 2712 4346 repulit

153 4344 957 4433 'sa'nctum'Remigiuim
1015 4366 1097 4412 ne
1150 4345 1324 4413 intra
1377 4344 1735 4428 illosfines
1774 4347 1997 4434 ipsum
2039 4345 2511 4414 molendinum
2547 4368 2710 4413 con—

158 4431 494 4502 cluderet.
553 4437 763 4515 Quem
820 4433 1059 4503 beatus
1109 4435 1463 4524 Remigius
1497 4434 1748 4503 blande
1783 4432 2163 4520 alloquens,
2204 4433 2408 4503 dixit:
2455 4435 2707 4512 Amice,
