3347 4999
697 335 823 399 ⁴72
1473 351 1552 397 DE
1602 352 1656 397 s.
1713 349 2058 398 raANmsco
2104 350 2289 398 conr.
2895 330 3105 396 OCT.
3170 333 3209 396 t

602 436 962 525 diligentia
991 435 1294 504 studeret
1319 435 1764 513 abscondere,
1801 435 2006 504 latere
2033 446 2258 504 tamen
2298 457 2430 503 non
2473 435 2714 523 potuit,
2751 433 2932 520 quid
2966 432 3215 519 aliqui

610 526 931 615 stigmata
986 546 1319 592 manuum
1374 523 1680 593 viderent
1725 537 1790 594 et
1842 524 2134 613 pedum,
2188 544 2612 610 quamquam
2669 545 2933 592 manus
2985 544 3217 609 quasi

607 636 882 702 semper
932 626 1227 702 portaret
1275 626 1641 694 contectas,
1683 625 1748 681 et
1799 614 2090 702 pedibus
2119 625 2367 681 extunc
2410 611 2757 680 incederet
2792 610 3208 681 calceatus,

606 702 940 772 Viderunt
987 702 1209 779 enim,
1265 701 1431 770 dum
1486 702 1760 780 viveret,
1820 701 2059 770 fratres
2123 700 2455 790 plurimi,
2509 701 2631 788 qui
2683 700 2845 769 licet
2895 713 3204 781 essent,
3305 717 3306 720 ’

609 804 887 884 propter
934 791 1364 860 sanctitatem
1421 791 1910 879 praecipuam,
1966 790 2088 858 viri
2142 812 2264 879 per
2311 791 2547 860 omnia
2598 789 2734 859 fide
2791 788 3040 878 digni,
3109 802 3213 857 ta-

609 904 764 950 men
816 879 899 949 ad
952 901 1158 950 omne
1206 879 1502 948 dubium
1553 878 2042 958 amovendum,
2098 880 2196 948 sic
2250 901 2420 960 esse,
2468 901 2548 947 ac
2596 901 2668 947 se
2721 877 2997 947 vidisse
3031 932 3050 955 ,
3107 891 3213 946 ta-

609 971 737 1045 ctis
786 969 1266 1046 sacrosanctiS,
1313 969 1708 1054 juramento
1759 967 2148 1038 firmarunt.
2203 968 2532 1036 Viderunt
2571 969 2778 1036 etiam
2835 989 2924 1036 ex
2979 966 3210 1035 fami-

610 1059 949 1138 liaritate,
1002 1079 1210 1144 quam
1279 1079 1439 1142 cum
1507 1057 1665 1124 Viro
1722 1070 1959 1126 sancto
2010 1056 2398 1138 habebant,
2459 1057 2676 1144 aliqui
2729 1055 3199 1136 Cardinales;

611 1147 851 1216 laudes
902 1167 1255 1216 sacrorum
1307 1147 1708 1234 stigmatum
1752 1146 1970 1234 prosis
1998 1160 2061 1214 et
2089 1146 2395 1234 hymnis,
2430 1159 2495 1215 et
2526 1145 2968 1234 antiphoniS,
3010 1167 3205 1232 quas

612 1236 695 1305 ad
752 1236 971 1324 ipsius
1018 1235 1387 1304 ediderunt
1426 1236 1780 1315 honorem,
1820 1235 2149 1302 veraciter
2183 1236 2584 1315 inserentes,
2626 1236 2745 1320 qui
2783 1248 2931 1302 tam
2983 1233 3206 1303 verbo

612 1348 819 1411 quam
874 1325 1129 1413 scripto
1181 1323 1682 1412 perhibuerunt
1723 1323 2189 1391 testimonium
2244 1324 2529 1392 veritati.
2586 1328 2930 1393 Summus
2976 1323 3199 1391 etiam

614 1412 914 1483 Pontifex
941 1413 1269 1482 dominus
1292 1411 1893 1480 Alexander*cum
1925 1434 2007 1500 po
2061 1412 2180 1481 ulo
2207 1411 2648 1500 praedicaret,
2671 1433 2909 1481 coram
2946 1411 3201 1480 multis

615 1503 946 1572 fratribus
993 1514 1057 1570 et
1106 1501 1368 1589 meipso
1417 1500 1805 1580 affirmavit,
1861 1522 1955 1579 se,
2037 1524 2154 1570 um
2201 1506 2489 1570 Sanctus
2536 1501 2811 1581 viveret,
2845 1500 3202 1589 stigmata

615 1591 732 1660 illa
784 1612 975 1659 sacra
1029 1591 1176 1659 suis
1224 1589 1448 1659 oculis
1495 1591 1957 1678 conspexisse.
2015 1591 2344 1659 Viderunt
2394 1591 2459 1658 in
2519 1602 2732 1659 morte
2794 1587 3199 1677 plusquam

615 1681 1119 1769 quinquaginta
1172 1677 1413 1746 fratres
1445 1732 1459 1757 ,
1514 1678 1843 1766 virgoque
1897 1684 2027 1747 Deo
2068 1679 2511 1748 devotissima
2561 1678 2752 1747 Clara
2801 1701 2980 1746 curn
3041 1699 3201 1746 cae·

619 1770 783 1838 teris
834 1768 1186 1839 sororibus
1236 1767 1414 1845 suiS,
1454 1780 1517 1834 et
1564 1766 1912 1836 seculares
1963 1768 2336 1847 innumeri,
2377 1790 2456 1835 ex
2506 1768 2786 1854 quibuS,
2824 1766 3199 1852 quemad·
3291 1795 3300 1816 ·

614 1858 899 1927 modum
938 1880 1064 1925 suo
1114 1854 1260 1923 loco
1308 1855 1597 1934 dicetur,
1634 1855 2134 1945 quamplurimi
2184 1869 2248 1925 et
2285 1856 2576 1925 osculati
2627 1869 2789 1925 sunt
2839 1878 2927 1923 ex
2986 1855 3201 1925 devo·
3291 1869 3298 1878 “

615 1947 822 2016 tionis
857 1947 1141 2025 affectu,
1194 1957 1258 2011 et
1305 1958 1898 2014 contrectaverunt
1940 1945 2264 2014 manibus
2312 1945 2393 2013 ad
2451 1944 2824 2014 testimonii
2881 1944 3199 2013 firmita-

615 2049 775 2104 tem.
830 2035 1098 2103 Vulnus
1148 2047 1374 2101 autem
1430 2033 1659 2104 lateris
1700 2047 1834 2102 tam
1888 2033 2177 2103 sollicite
2205 2034 2608 2113 occultavit,
2646 2049 2721 2103 ut
2754 2032 2935 2102 illud
2985 2056 3200 2103 nemo
3293 2029 3302 2050 ⁸

619 2136 844 2212 posset
896 2123 1023 2191 nisi
1075 2121 1309 2190 furtim
1363 2121 1698 2203 contueri,
1736 2122 1903 2191 dum
1951 2124 2219 2192 viveret.
2263 2129 2452 2192 Unus
2485 2125 2736 2192 etenim
2781 2122 3040 2202 frater,
3076 2125 3199 2210 qui

614 2213 674 2283 ei
720 2211 1402 2287 sedulaministrare
1451 2212 1696 2282 solitus
1737 2225 1901 2288 erat,
1956 2232 2173 2298 quum
2230 2213 2339 2300 pia
2387 2235 2543 2281 eum
2589 2211 2905 2289 cautela,
2972 2226 3060 2280 ut
3113 2212 3197 2280 ad
3291 2257 3302 2276 .1

616 2300 1100 2370 excutiendum
1153 2300 1532 2369 extraheret
1581 2301 1939 2379 tunicam,
1996 2301 2420 2381 induxisset,
2487 2313 2739 2370 attente
2787 2302 3200 2388 respiciens
3291 2295 3302 2388 ’ἵ

618 2389 788 2457 vidit
837 2388 1145 2477 plagam:
1199 2389 1311 2456 cui
1362 2391 1562 2457 etiam
1632 2404 1764 2457 tres
1815 2387 2024 2457 veloci
2075 2404 2394 2458 contactu
2442 2390 2697 2478 digitos
2746 2389 3190 2477 applicanS,

617 2492 752 2547 tam
808 2479 980 2554 visu,
1034 2499 1242 2563 quam
1298 2491 1502 2551 tactu,
1543 2477 1847 2547 vulneris
1894 2479 2341 2565 quantitatem
2396 2480 2695 2569 agnovit.
2743 2484 2916 2548 Cum
2965 2478 3197 2548 simili

616 2567 881 2637 cautela
915 2566 1082 2635 vidit
1111 2568 1311 2635 etiam
1352 2568 1556 2635 frater
1592 2567 1728 2643 ille,
1765 2568 1884 2652 qui
1923 2581 2082 2635 tunc
2120 2568 2446 2656 temporis
2480 2582 2623 2637 erat
2654 2568 2973 2635 vicarius
3003 2568 3195 2655 ejus.

618 2661 848 2725 Frater
898 2678 1052 2725 vero
1102 2657 1332 2724 socius
1368 2655 1723 2725 mirandae
1758 2655 2258 2745 simplicitatis,
2293 2656 2459 2725 dum
2498 2656 2928 2725 infirmitatis
2965 2662 3198 2726 causa

613 2745 1022 2835 languentes
1072 2744 1393 2833 scapulas
1427 2758 1899 2823 contrectaret,
1957 2767 2172 2814 manu
2224 2767 2343 2835 per
2389 2747 2747 2835 caputium
2805 2746 3068 2827 missa,
3131 2758 3195 2815 et

612 2835 983 2904 casualiter
1049 2833 1316 2901 vulneri
1380 2856 1575 2902 sacro
1641 2833 1928 2923 illapsa,
1995 2856 2325 2921 magnum
2385 2835 2447 2902 ei
2507 2834 2812 2903 dolorem
2887 2834 3191 2904 inflixit.

615 2923 908 2993 Proinde
960 2924 1271 3013 portabat
1304 2937 1550 2991 extunc
1595 2921 1951 2991 femoralia
1991 2923 2082 2992 ita
2128 2922 2326 2995 facta,
2375 2936 2452 2992 ut
2501 2944 2722 3011 usque
2775 2922 2861 2991 ad
2926 2923 3194 2993 axillas

611 3014 1119 3102 pertingerent,
1174 3012 1260 3080 ad
1332 3012 1584 3081 vulnus
1648 3011 1881 3079 lateris
1929 3012 2462 3101 contegendum.
2518 3017 2784 3081 Fratres
2832 3033 3182 3098 quoque,

610 3102 727 3188 qui
783 3101 899 3169 illa
952 3101 1293 3179 lavabant,
1342 3102 1442 3169 vel
1496 3101 1802 3170 tunicam
1855 3101 2291 3170 excutiebant
2344 3122 2464 3189 pro
2499 3114 2828 3189 tempore,
2864 3102 3044 3188 quia
3077 3102 3188 3168 in-

611 3189 978 3258 veniebant
1043 3212 1192 3258 eam
1255 3191 1598 3279 sanguine
1662 3189 2132 3268 rubricatam,
2190 3188 2666 3259 indubitanter
2718 3209 2838 3278 per
2887 3189 3184 3258 evidens

614 3278 893 3366 signum
946 3278 1015 3344 in
1069 3278 1528 3367 cognitionem
1582 3279 1759 3346 sacri
1813 3277 2119 3347 vulneris
2169 3291 2664 3366 pervenerunt;
2718 3277 2909 3365 quod
2993 3291 3184 3366 post-

616 3366 897 3434 modum
951 3367 1019 3433 in
1058 3381 1293 3441 morte,
1353 3366 1640 3435 revelata
1694 3366 1890 3446 facie,
1946 3381 2011 3436 et
2062 3367 2193 3456 ipsi
2243 3388 2400 3436 cum
2439 3366 2595 3437 aliis
2649 3366 2980 3458 plurimis
3016 3387 3184 3435 con—

612 3454 922 3543 templati
976 3453 1185 3523 simul
1236 3467 1300 3523 et
1351 3456 1646 3524 venerati
1702 3468 1892 3525 sunt.

701 3546 736 3629 ξ
783 3546 939 3614 86.
997 3542 1113 3627 Eja
1164 3564 1373 3624 nunc,
1429 3545 1909 3613 strenuissime
1959 3543 2151 3613 Miles
2198 3543 2482 3624 Christi,
2539 3543 2763 3633 ipsius
2823 3540 2929 3612 fer
2976 3564 3183 3612 arma

615 3632 1055 3701 invictissimi
1112 3633 1336 3710 Ducis,
1392 3634 1647 3719 quibus
1700 3634 2014 3703 munitus
2062 3645 2126 3702 et
2175 3633 2573 3724 insignituS‚
2628 3653 2871 3702 omnes
2926 3632 3183 3701 adver-

607 3721 826 3789 sarios
861 3721 1249 3810 superabis
1292 3726 1412 3789 Fer
1448 3721 1767 3790 vexillum
1806 3723 2010 3812 Regis
2041 3722 2389 3803 altissimi,
2435 3720 2523 3791 ad
2556 3722 2761 3811 cujus
2799 3721 3176 3801 intuitum,

607 3831 848 3879 omnes
916 3824 1333 3900 pugnatores
1380 3809 1598 3878 divini
1647 3812 1986 3880 exercitus
2035 3813 2456 3880 animentur.
2526 3815 2650 3879 Fer
2701 3809 3182 3879 nihilominus

608 3898 915 3988 sigillum
970 3900 1230 3968 summi
1287 3898 1631 3968 pontificis
1696 3899 1968 3980 Christi,
2023 3922 2159 3987 quo
2211 3901 2413 3969 verba
2460 3911 2526 3968 et
2574 3899 2748 3968 facta
2801 3912 2945 3976 tua,
2992 3912 3180 3967 tam·

604 4009 812 4074 quam
881 3987 1521 4077 irreprehensibilia
1569 4002 1632 4057 et
1687 3990 2110 4069 authentica,
2169 3989 2410 4058 merito
2459 3988 2547 4056 ab
2594 3987 2927 4058 omnibus
2977 4009 3184 4057 acce-

608 4088 910 4165 ptentur.
963 4083 1116 4145 Jam
1169 4077 1355 4161 enim
1413 4091 1689 4167 propter
1737 4079 2058 4167 stigmata
2108 4079 2372 4147 Domini
2421 4078 2606 4157 Jesu,
2663 4098 2843 4163 quae
2891 4077 2964 4144 in
3019 4098 3180 4145 cor-

605 4187 768 4254 pore
834 4177 948 4234 tuo
1023 4181 1292 4255 portas,
1349 4188 1549 4236 nemo
1603 4167 1804 4236 debet
1867 4167 1988 4236 tibi
2056 4188 2206 4236 esse
2272 4165 2639 4235 molestus:
2708 4165 2879 4252 quin
2941 4166 3183 4254 potius

601 4254 891 4340 quilibet
940 4255 1187 4325 Christi
1237 4278 1478 4325 servus
1525 4257 1717 4325 omni
1754 4278 1904 4325 esse
1953 4268 2222 4325 tenetur
2260 4256 2621 4324 affectione
2660 4254 2976 4324 devotus.
3008 4260 3182 4323 Jam

653 4418 681 4445 ¹⁸
708 4417 970 4458 Alexander
998 4417 1072 4457 IV.
1107 4417 1247 4457 Sacra
1274 4418 1513 4458 Francisci
1544 4416 1776 4467 Stigmata
1797 4427 1892 4456 non
1920 4417 2073 4457 solum
2096 4419 2152 4457 ab
2180 4418 2446 4459 Alexandro
2465 4417 2527 4457 lv
2547 4417 2826 4457 confirmatu
2851 4421 2983 4463 sunt,
3003 4425 3185 4457 verum

604 4471 762 4516 etiam.
781 4472 959 4512 litteris
978 4471 1134 4517 editis,
1151 4480 1178 4510 ι
1199 4469 1457 4520 Gregorius
1476 4472 1549 4517 lx,
1571 4469 1723 4520 ipsius
1745 4472 2057 4511 autecessore.
