3347 4999
234 361 408 427 OCT.
466 362 505 425 5
997 379 1076 424 na
1107 378 1199 425 ss.
1237 374 1505 424 PLAclno
1543 377 1618 423 Er
1666 375 1867 423 socns
1915 376 2029 421 nn.
2569 357 2685 421 20⁴

232 466 326 533 ita
364 474 841 532 numerantur.
896 461 1182 532 Oblatus
1221 475 1326 531 est
1360 466 1490 530 Deo
1538 483 1579 529 a
1633 473 1822 546 patre
1860 482 1986 528 suo
2033 459 2333 530 Tertullo
2383 460 2682 550 patriti0,
2724 472 2789 530 et

234 552 531 623 traditus
569 553 762 621 beato
805 550 1190 632 Benedicto,
1225 551 1517 639 septimo
1557 571 1741 618 anno
1772 549 2011 617 aetatis
2046 571 2234 629 suae;
2265 548 2597 618 habitavit
2626 569 2785 618 cum

234 664 314 712 eo
363 640 549 730 apud
582 639 955 710 Sublacum
991 640 1195 709 annis
1235 639 1570 726 quinque;
1609 652 2081 708 commoratus
2119 649 2221 706 est
2254 638 2322 705 in
2375 638 2790 709 monasterio

235 731 650 809 Cassinensi,
691 727 874 816 quod
928 729 1074 818 ipse
1128 750 1267 797 una
1316 749 1474 797 cum
1529 728 1862 828 magistro
1924 747 2050 795 suo
2098 726 2461 794 Benedicto
2508 740 2574 795 et
2620 748 2788 796 con-

236 818 584 908 discipulo
636 824 872 887 Mauro
907 818 974 886 in
1009 818 1288 907 proprio
1328 839 1487 885 rure
1537 816 2035 896 aedificaverat,
2075 815 2280 884 annis
2310 836 2576 884 novem.
2623 819 2791 885 Con-

238 910 485 977 struxit
533 908 602 976 in
654 929 780 975 suo
832 906 1249 995 patrimonio
1301 907 1798 975 monasterium
1834 904 2021 994 apud
2059 904 2360 973 Siciliam
2401 925 2523 994 per
2569 924 2791 972 annos

238 1010 557 1084 quatuor.
615 994 912 1065 Praefuit
958 996 1182 1064 eidem
1245 995 1660 1065 monasterio
1709 1016 1893 1064 anno
1941 1014 2117 1075 unc,
2169 993 2292 1080 qui
2355 991 2559 1062 simul
2614 991 2792 1061 fiunt

240 1087 405 1156 anni
442 1107 555 1154 sex
596 1097 802 1172 atque
851 1084 1116 1172 viginti.
1157 1090 1367 1154 Natus
1407 1106 1589 1153 anno
1621 1083 2020 1152 Dominicae
2053 1080 2551 1152 incarnationis
2582 1081 2791 1167 quin-

240 1174 579 1244 todecimo
627 1196 705 1242 ac
753 1173 1336 1262 quingentesimo.
1408 1174 1731 1262 Martyrio
1801 1184 2170 1243 coronatus
2217 1170 2790 1260 quadragesimo-

244 1264 470 1354 primo
505 1285 582 1332 ac
616 1263 1198 1352 quingentesimo,

330 1355 367 1438 ξ
418 1357 572 1423 015.
615 1350 966 1440 Explicitis
1014 1352 1146 1431 his,
1204 1372 1382 1437 quae
1429 1350 1510 1419 ad
1570 1350 1958 1439 passionem
2033 1349 2417 1418 beatissimi
2466 1348 2793 1437 martyris

243 1441 499 1510 Placidi
539 1440 1032 1526 sociorumque
1086 1440 1238 1529 ejus
1291 1440 1747 1540 pertinebant,
1803 1460 1989 1508 nunc
2051 1439 2205 1526 ejus
2252 1437 2788 1509 destructionem

244 1530 952 1615 restaurationemque
998 1527 1349 1606 coenobii,
1415 1528 1517 1598 vel
1566 1527 1803 1615 qualia
1870 1542 2266 1615 quantaque
2337 1540 2489 1617 post
2569 1527 2794 1615 ipsius

244 1619 602 1688 decessum
650 1617 777 1686 loci
814 1616 1074 1686 incolae
1124 1618 1261 1686 sint
1298 1618 1628 1718 perpessi,
1682 1617 1943 1686 curabo
1979 1630 2405 1707 posterorum
2464 1615 2795 1684 mandare

243 1708 642 1787 memoriae,
698 1707 837 1775 sive
905 1720 979 1776 ut
1029 1707 1125 1774 rei
1176 1706 1415 1775 notitia
1474 1707 1811 1775 habeatur
1861 1707 1927 1774 in
1984 1719 2327 1796 promptu,
2396 1705 2536 1775 sive
2597 1717 2673 1773 ut
2722 1704 2790 1771 in

245 1818 481 1866 eorum
546 1793 952 1864 multimoda
1033 1795 1473 1881 mirabilique
1541 1795 1905 1876 erectione,
1976 1794 2248 1865 Domini
2322 1792 2794 1863 misericordia

246 1882 700 1962 collaudetur,
755 1884 874 1968 qui
923 1883 1225 1973 flagellat
1273 1906 1548 1954 ornnem
1605 1883 1828 1953 filium
1890 1905 2093 1970 quem
2177 1883 2459 1972 recipit,
2531 1897 2596 1951 et
2647 1894 2795 1971 post

249 1970 814 2061 lacrymationem
865 1984 931 2042 et
996 1973 1271 2053 fletum,
1325 1973 1810 2042 exultationem
1879 1972 2168 2041 inducit.
2221 1977 2589 2059 Postquam
2647 1992 2795 2059 per-

248 2061 428 2129 versi
475 2058 615 2127 doli
647 2059 886 2130 artifex
937 2062 1298 2130 Mamucha
1331 2083 1490 2130 cum
1535 2062 1724 2130 omni
1758 2063 2059 2131 exercitu
2099 2083 2225 2130 suo
2259 2061 2328 2130 in
2375 2060 2587 2128 maris
2638 2080 2794 2149 pro-

249 2149 471 2220 funda
519 2147 872 2218 demersus
905 2163 1028 2230 est,
1082 2163 1145 2219 ct
1186 2151 1268 2219 ad
1324 2150 1713 2220 Siculorum
1770 2151 2076 2218 notitiam
2133 2150 2573 2239 pervenisset,
2625 2170 2796 2235 qua-

250 2239 407 2308 liter
456 2255 730 2307 sanctus
773 2239 1041 2307 Domini
1091 2237 1413 2309 Placidus
1468 2261 1625 2307 cum
1679 2239 2010 2309 fratribus
2062 2252 2126 2308 et
2166 2238 2370 2309 sociis
2421 2240 2566 2308 suis
2617 2259 2796 2305 mar-

257 2328 513 2417 tyrium
569 2328 1022 2416 suscepisset,
1078 2327 1263 2397 illico
1331 2352 1408 2398 ex
1485 2341 1622 2396 tota
1700 2327 1931 2397 insula
1996 2327 2531 2397 innumerabilis
2595 2327 2796 2396 turba

254 2415 595 2493 occurrit,
645 2415 1001 2486 sciscitans
1063 2417 1361 2504 qualiter
1429 2417 1557 2486 hoc
1618 2417 1976 2487 evenisset.
2033 2422 2082 2486 Α
2129 2417 2422 2485 minimo
2497 2436 2797 2502 namque

252 2526 476 2591 usque
524 2504 606 2573 ad
646 2506 1015 2575 maximum
1059 2508 1443 2576 acerrimus
1491 2508 1698 2576 fletus
1742 2528 1983 2575 omnes
2036 2508 2330 2577 tenebat.
2387 2505 2797 2575 Messalinus

254 2618 414 2664 vero
462 2606 528 2662 et
576 2592 691 2661 fili
737 2595 911 2684 ejuS,
968 2596 1326 2664 audientes
1375 2610 1691 2665 sanctum
1745 2596 2016 2664 Domini
2057 2595 2411 2664 Placidum
2466 2594 2798 2683 martyrio

254 2697 670 2763 coronatum,
711 2684 948 2753 scissis
982 2685 1309 2759 vestibus,
1358 2684 1636 2774 pulvere
1677 2706 1959 2774 asperso
1991 2686 2238 2774 capite,
2269 2684 2354 2752 ad
2399 2683 2793 2773 sepulcrum

259 2784 612 2842 venerunt.
646 2774 787 2841 Post
823 2772 990 2842 haec
1040 2773 1449 2843 Messalinus
1474 2786 1538 2843 et
1565 2774 1935 2863 Pompejus
1967 2774 2178 2843 Cilius
2210 2773 2499 2842 consilio
2536 2771 2792 2851 habito,

257 2862 516 2953 legatos
565 2861 911 2931 Cassinum
949 2860 1030 2929 ad
1089 2874 1349 2951 patrem
1401 2862 1844 2932 Benedictum
1897 2862 2316 2943 direxerunt,
2372 2861 2797 2930 destinantes

255 2950 644 3040 epistolam,
688 2950 854 3019 haec
901 2952 1410 3021 continentem:
1451 2974 1487 3018 «
1516 2950 1899 3020 Universali
1954 2949 2453 3020 monachorum
2523 2950 2798 3018 institu-

258 3041 387 3109 tori
435 3052 639 3125 atque
666 3038 911 3108 doctori
948 3040 1337 3121 Benedicto,
1379 3041 1557 3110 servi
1603 3053 1669 3109 et
1701 3039 1827 3108 filii
1866 3040 2020 3125 ejus
2049 3038 2335 3108 desolati
2385 3052 2453 3107 et
2489 3037 2797 3108 destituti

259 3141 555 3219 pastore,
607 3150 750 3196 ctm
795 3128 1220 3218 subjectione
1279 3129 1510 3199 debita
1570 3128 2058 3198 obedientiam.
2112 3129 2288 3210 Quia
2338 3127 2510 3197 nibil
2577 3139 2800 3217 pater-

258 3218 456 3287 nitati
508 3229 752 3286 vesttae
801 3218 1226 3307 incognitum
1278 3240 1428 3289 esse
1477 3232 1735 3289 rectum
1781 3216 2109 3286 duximus
2141 3217 2226 3285 de
2261 3217 2370 3287 his
2400 3238 2579 3303 quae
2610 3215 2798 3305 apud

261 3328 389 3375 nos
421 3305 679 3374 actitata
727 3318 912 3386 sunt,
968 3309 1144 3376 scire
1191 3321 1485 3377 vestram
1538 3307 1970 3377 sanctitatem
2010 3305 2358 3386 volumus,
2419 3305 2798 3396 religiosis-

264 3396 527 3465 simum
582 3416 661 3462 ac
704 3396 1224 3466 sanctissimum
1276 3396 1707 3486 discipulum
1774 3408 2073 3464 vestrum
2139 3395 2496 3464 Placidum
2531 3451 2545 3476 ,
2603 3394 2799 3462 tertio

264 3490 492 3553 Nonas
526 3482 817 3552 Octcbris
867 3499 1019 3575 post
1053 3485 1270 3554 multa
1297 3498 1790 3555 tormentorum
1826 3504 2077 3574 genera
2112 3484 2327 3573 gladii
2367 3483 2801 3552 animadver—

267 3574 461 3643 sione
511 3572 827 3661 migiasse
859 3574 941 3642 ad
981 3576 1374 3644 Dominum.
1421 3579 1470 3643 Α
1517 3573 1695 3642 duce
1762 3593 2061 3660 namque
2110 3577 2606 3642 Saracenorum
2659 3577 2800 3640 Ma-

266 3662 546 3741 mucha,
602 3682 743 3731 ctm
774 3660 1105 3732 fratribus
1152 3663 1300 3732 suis
1350 3661 1704 3750 EutychiO,
1762 3662 2107 3733 Victorino
2140 3683 2221 3732 ac
2256 3683 2486 3732 sorore
2536 3662 2802 3750 virgine

269 3751 520 3832 Flavia,
575 3754 848 3831 Fausto,
905 3752 1202 3821 Firmato
1250 3763 1315 3820 et
1363 3750 1724 3820 monachis
1773 3752 2055 3841 triginta
2113 3764 2382 3841 captuS,
2440 3762 2593 3840 post
2655 3772 2801 3819 ver-

266 3840 513 3909 berum
585 3840 1047 3909 mactationem
1082 3893 1097 3924 ,
1173 3840 1699 3929 suspensionem
1740 3895 1755 3922 ,
1833 3839 2008 3910 sumi
2086 3839 2795 3921 administrationem,

271 3930 719 3998 membrorun
772 3930 1084 3998 omnium
1138 3929 1525 4010 tortionem,
1581 3929 2106 3999 arteriarum-et
2153 3927 2465 3997 dentium
2524 3926 2801 3997 confra-

269 4018 589 4098 ctionem,
644 4037 896 4086 necnon
958 4032 1023 4086 et
1072 4018 1352 4107 linguae
1414 4018 1936 4098 abscissionem,
1982 4018 2205 4108 capite
2252 4039 2413 4086 cum
2473 4017 2804 4086 omnibus
2853 4089 2860 4095 ,

270 4106 475 4176 sociis
525 4118 862 4175 truncatus
899 4118 1021 4175 est.
1079 4106 1271 4176 Unde
1333 4106 1742 4208 suppliciter
1791 4120 2081 4177 vestram
2134 4106 2617 4195 paternitatem
2682 4128 2803 4196 po·

273 4195 557 4276 scimuS,
611 4209 665 4265 tt
712 4195 795 4264 ad
849 4207 1071 4265 cortes
1125 4207 1190 4264 et
1241 4217 1710 4285 possessuones
1760 4195 2156 4267 retinendas
2208 4194 2593 4285 discipulos
2644 4195 2804 4264 mit-

275 4295 412 4350 tere
460 4284 824 4374 dignemini
872 4284 908 4319 ²*
953 4296 1082 4353 etc.
1126 4307 1162 4350 »

328 4444 352 4469 ¹¹¹
382 4442 582 4484 Fit-titiis
613 4448 905 4487 monumentis
934 4447 1055 4487 hauc
1088 4447 1144 4487 ad
1174 4446 1219 4487 S.
1250 4447 1558 4488 Benedlctum
1586 4447 1850 4496 epistotam,
1878 4447 2103 4496 pleraque
2136 4447 2242 4493 alla.
2270 4455 2388 4495 quae
2426 4446 2474 4485 in
2496 4445 2582 4485 hnc
2603 4443 2806 4485 historia.

275 4497 593 4542 continentur.
615 4509 861 4539 onumen.
