3347 4999
196 345 371 412 OCT.
429 346 468 411 6
709 363 788 408 nr.
836 362 891 409 s.
944 361 1238 409 summm:
1286 362 1793 411 cAaTausuiNon.
1848 362 2247 413 rArniAacflA
2534 349 2660 414 223

194 447 504 534 quidem,
558 446 739 533 quod
794 445 999 515 etiam
1050 446 1289 516 crebro
1337 447 1523 537 apud
1575 470 1646 517 se
1695 449 2163 529 constituerat,
2212 449 2432 519 redire
2483 452 2550 519 in
2596 456 2751 521 Car-

198 538 498 607 thusiam
542 536 621 604 ad
660 534 903 605 fratres
961 535 1379 616 carissimos,
1433 557 1608 622 quos
1641 558 1720 605 eo
1758 538 2158 606 remiserat:
2203 538 2319 606 sed
2357 541 2521 626 quia
2558 562 2749 609 sum-

193 649 355 696 mus
389 623 692 694 Pontifex
738 646 901 693 cum
944 646 1071 693 sua
1109 624 1304 693 curia
1357 625 1921 714 proficiscebatur
1956 625 2024 693 in
2067 624 2385 707 Galliam,
2437 630 2505 696 in
2541 629 2750 717 cujus

194 714 459 784 finibus
501 713 858 783 Cartbusia
908 712 1035 781 sita
1076 724 1208 798 ⁴est,
1266 715 1647 796 verebatur,
1701 714 1762 783 si
1812 714 1957 803 ipse
2015 735 2291 801 quoque
2338 736 2418 784 eo
2465 739 2538 785 se
2586 739 2748 787 con-

195 803 426 882 ferret,
466 825 550 870 ne
596 814 718 871 aut
769 801 1036 871 curiam
1087 800 1436 872 declinare
1485 825 1619 871 non
1678 815 1926 892 posset,
1990 815 2109 872 aut
2157 802 2345 872 illam
2401 826 2533 873 non
2590 806 2747 874 reli-

191 893 452 980 quisse,
518 890 632 962 sed
687 891 883 977 sequi
935 889 1300 959 videretur.
1357 891 1588 961 Potius
1642 892 1856 981 igitur
1929 891 2148 961 visum
2202 903 2303 962 est
2361 893 2744 963 Calabriam

194 996 442 1070 petere,
497 979 669 1048 nihil
743 979 1016 1048 interim
1099 991 1359 1049 mutata
1407 980 1754 1051 voluntate
1819 1001 1982 1050 suos
2036 981 2101 1050 in
2155 981 2513 1052 Carthusia
2579 982 2747 1051 revi-

191 1069 418 1150 sendi,
470 1068 873 1154 compositis
922 1066 1312 1154 sedatisque
1362 1069 1594 1140 rebus.
1658 1069 1833 1140 Satis
1882 1069 2012 1139 hoc
2052 1069 2405 1140 declarant
2453 1070 2738 1151 litterae,

191 1181 368 1246 quas
416 1179 495 1226 ex
546 1157 896 1226 Calabriae
971 1155 1345 1226 solitudine
1393 1157 1724 1228 fratribus
1784 1158 1852 1227 in
1909 1158 2268 1228 carthusia
2333 1159 2747 1250 degentibus

180 1247 499 1337 scripsit,
555 1246 625 1314 in
660 1267 955 1333 quarum
1008 1243 1193 1316 calce
1229 1246 1327 1315 sic
1363 1246 1601 1317 habet:
1642 1253 1789 1317 «De
1828 1269 1935 1315 me
1981 1261 2237 1329 autem,
2290 1248 2556 1331 fratreS‚
2611 1250 2746 1319 sci-

197 1347 351 1417 tote,
391 1335 716 1423 quoniam
770 1334 1055 1403 unicum
1096 1334 1268 1403 mihi
1322 1349 1473 1424 post
1535 1341 1746 1405 Deum
1798 1348 1899 1405 est
1945 1336 2365 1407 desiderium
2429 1338 2744 1407 veniendi

192 1425 277 1527 ad
332 1446 451 1494 vos
497 1436 563 1493 et
611 1422 914 1504 videndi,
966 1436 1032 1493 et
1079 1422 1358 1509 quando
1395 1437 1651 1515 potem,
1705 1446 1911 1515 opere
1964 1424 2402 1516 adimplebo,
2450 1433 2582 1497 Deo
2628 1427 2746 1496 ad-

225 1528 502 1583 uvante.
537 1537 573 1579 »

189 1538 215 1603 J
280 1605 317 1690 ξ
370 1607 513 1674 21.
571 1607 647 1671 In
691 1602 842 1691 ipsa
875 1613 1101 1671 autem
1140 1599 1445 1672 Calabria
1482 1602 1662 1671 venit
1703 1602 1787 1671 ad
1828 1603 2202 1690 quamdam
2253 1606 2593 1685 eremum,
2624 1605 2742 1674 cui

193 1691 430 1760 Turris
481 1712 729 1761 nomen
780 1705 916 1771 est,
974 1690 1041 1758 in
1115 1689 1409 1760 dioecesi
1477 1690 1974 1778 Squillacensi3
2051 1692 2284 1780 ibique
2349 1716 2482 1762 non
2534 1693 2743 1763 cellas

189 1779 490 1868 alicujus
525 1779 748 1870 pretii,
783 1778 966 1865 quod
1004 1791 1326 1868 sumptus
1370 1801 1502 1848 non
1546 1793 2014 1869 suppeterent,
2054 1781 2167 1851 sed
2206 1805 2403 1851 casas
2445 1782 2745 1852 humiles

189 1891 270 1937 ex
338 1868 454 1936 vili
514 1866 795 1954 quidem
872 1867 1175 1948 materia,
1233 1867 1348 1937 sed
1418 1868 1483 1936 in
1538 1869 1802 1939 Christo
1868 1869 2192 1958 pretiosa,
2260 1870 2738 1940 aedificarunt.

193 1962 461 2039 Quanta
514 1968 747 2026 autem
798 1956 970 2024 vitae
1027 1957 1411 2047 integritate
1459 1969 1524 2026 et
1584 1958 1945 2028 sanctitate
1992 1981 2151 2028 cum
2202 1961 2349 2029 suis
2404 1959 2544 2028 illic
2596 1981 2742 2029 ver-

196 2056 390 2114 satus
430 2044 558 2124 sit,
614 2044 871 2131 quibus
932 2045 1269 2115 vacaverit
1316 2046 1587 2135 pietatis
1646 2059 1712 2116 et
1763 2046 2114 2149 religionis
2167 2049 2531 2130 exercitiiS,
2584 2047 2742 2135 quis

191 2132 417 2202 verbis
464 2133 807 2222 explicare
853 2137 1101 2220 queat?
1148 2140 1370 2206 Potest
1415 2134 1695 2222 quidem
1733 2135 1798 2204 id
1836 2138 2068 2224 aliqua
2112 2159 2192 2206 ex
2236 2151 2424 2226 parte
2476 2139 2738 2207 innote-

191 2243 382 2291 scere
429 2243 507 2290 ex
543 2221 853 2310 epistola,
899 2245 1107 2309 quam
1163 2224 1263 2292 vir
1293 2237 1573 2294 sanctus
1608 2225 1885 2314 scripsit
1934 2226 2018 2295 ad
2069 2225 2516 2316 Radulphum
2570 2227 2739 2295 Rhe-

192 2310 452 2380 mensis
498 2310 839 2380 Ecclesiae
889 2323 1051 2381 tunc
1093 2312 1590 2400 Praepositum,
1649 2327 1879 2402 postea
1928 2314 2371 2405 Episcopum,
2403 2315 2524 2384 ubi
2569 2316 2745 2384 inter

191 2412 458 2468 caetera
515 2400 648 2467 ait:
713 2404 852 2468 «In
904 2399 1164 2468 finibus
1212 2400 1562 2470 Calabriae
1610 2424 1769 2471 cum
1838 2401 2167 2473 fratribus
2231 2403 2623 2495 religiosis,
2680 2420 2748 2474 et

189 2487 453 2575 aliquot
501 2487 675 2557 bene
717 2488 1030 2567 eruditis,
1069 2489 1192 2577 qui
1239 2489 1309 2558 in
1352 2489 1661 2560 excubiis
1707 2492 2142 2580 persistentes
2188 2492 2468 2576 divinis,
2501 2516 2742 2585 exspe-

188 2588 373 2646 ctant
412 2577 705 2647 reditum
761 2578 1031 2647 Domini
1083 2579 1215 2660 sui,
1270 2591 1347 2648 ut
1371 2602 1528 2648 cum
1587 2580 1981 2668 pulsaverit,
2025 2580 2385 2652 confestim
2431 2586 2744 2672 aperiant

188 2667 277 2747 ei,
331 2668 640 2735 eremum
698 2666 943 2749 incolo,
983 2666 1068 2735 ab
1109 2666 1469 2736 hominum
1506 2668 1928 2740 habitatione
1954 2670 2124 2741 satis
2159 2670 2470 2759 undique
2521 2693 2742 2740 remo-
2816 2685 2824 2699 “

188 2767 351 2824 tam.
396 2760 482 2824 De
516 2756 719 2845 cujus
752 2756 1182 2836 amoenitate,
1238 2756 1554 2844 aerisque
1587 2760 1912 2846 temperie
1940 2771 2006 2829 et
2053 2760 2403 2848 sospitate,
2462 2760 2559 2828 vel
2593 2759 2742 2848 pla-

186 2844 356 2913 nitie
405 2845 634 2934 ampla
685 2866 723 2914 e
769 2858 986 2935 grata,
1039 2845 1217 2914 inter
1257 2858 1522 2915 montes
1557 2846 1625 2915 in
1680 2846 1963 2948 longum
2011 2862 2340 2938 porrecta,
2410 2848 2531 2917 ubi
2580 2861 2744 2917 sunt

188 2932 476 3002 virentia
577 2946 718 3003 rata
752 2945 816 3003 et
866 2932 1111 3019 ssqrida
1161 2955 1462 3023 pascua,
1526 2935 1695 3023 quid
1750 2935 2041 3027 dignum
2105 2936 2386 3005 dicam?
2433 2941 2561 3005 Aut
2597 2936 2742 3006 col-

189 3021 359 3091 lium
399 3043 491 3092 un
553 3023 710 3109 ique
738 3022 983 3091 leniter
1014 3043 1087 3091 se
1115 3022 1530 3111 erigentium
1563 3038 2029 3115 prospectum,
2053 3045 2567 3113 opacarumque
2605 3026 2738 3095 val·

187 3109 359 3179 lium
414 3132 802 3189 recessum,
868 3134 1028 3181 cum
1093 3111 1378 3182 amabili
1428 3113 1799 3182 fluminum
1835 3168 1850 3193 ,
1911 3113 2241 3194 rivorum,
2307 3112 2741 3202 fontiumque

184 3199 409 3288 copia,
461 3199 618 3285 quis
665 3197 1088 3269 sufficienter
1116 3200 1451 3289 explicet?
1498 3206 1628 3271 Nec
1670 3202 1791 3269 irri
1848 3202 1918 3270 ui
1960 3201 2211 3271 desunt
2252 3202 2455 3283 horti,
2513 3204 2741 3272 diver-

184 3308 564 3374 sarumque
611 3288 934 3358 arborum
986 3287 1324 3359 fertilitas.
1379 3294 1623 3359 Verum
1673 3291 1791 3375 qui
1900 3289 2007 3361 his
2036 3290 2301 3361 diutius
2356 3293 2739 3362 immoror?

182 3375 331 3445 Alia
379 3375 639 3464 quippe
688 3388 849 3446 sunt
893 3376 1390 3447 oblectamenta
1430 3378 1554 3447 viri
1593 3378 1975 3468 prudentis,
2021 3380 2321 3469 gratiora
2361 3393 2426 3450 et
2459 3381 2741 3451 utiliora

185 3464 409 3545 valde,
463 3465 627 3550 quia
688 3464 945 3537 divina.
1007 3471 1397 3536 Verumtam
1450 3489 1486 3533 n
1560 3467 1836 3536 arctiori
1910 3466 2281 3558 disciplina
2347 3470 2739 3558 studiisque

187 3552 624 3643 spiritalibus
657 3553 936 3624 animus
983 3554 1328 3624 infirmior
1402 3555 1725 3642 atigatus‚
1788 3556 2065 3645 saepius
2114 3557 2222 3627 his
2274 3557 2610 3629 relevatur
2657 3581 2736 3630 ac

184 3642 502 3731 respirat.
557 3647 769 3710 Arcus
806 3644 1017 3724 enim,
1058 3644 1115 3712 si
1163 3643 1441 3712 assidue
1483 3643 1570 3712 sit
1620 3656 1879 3725 tensus,
1938 3645 2287 3715 remissior
2333 3659 2456 3726 est,
2510 3660 2577 3716 et
2609 3648 2737 3716 mi-

183 3753 319 3800 nus
366 3730 450 3799 ad
498 3730 801 3800 officium
853 3743 1081 3822 aptus.
1136 3732 1312 3815 Quid
1362 3753 1520 3801 vero
1576 3731 1874 3803 solitudo
1922 3736 2272 3821 eremique
2327 3735 2678 3804 silentium
2715 3790 2730 3817 ,

188 3820 617 3889 amatoribus
654 3821 801 3889 suis
849 3820 1166 3891 utilitatis
1207 3820 1805 3909 jucunditatisque
1853 3822 2178 3904 conserat,
2220 3835 2474 3893 norunt
2524 3823 2594 3893 hi
2626 3845 2737 3893 so-

181 3906 328 3977 lum
378 3909 499 3994 qui
546 3908 802 3997 experti
853 3920 1037 3978 sunt.
1090 3910 1215 3978 Hic
1266 3930 1563 3995 namque
1612 3910 1776 3979 viris
1825 3912 2126 3983 strenuis
2189 3923 2325 3981 tam
2386 3912 2455 3981 in
2507 3934 2578 3981 se
2627 3935 2736 3982 re-

182 3996 332 4066 dire
380 3996 558 4079 licet,
612 4020 821 4085 quam
874 3997 1060 4078 libet,
1096 4011 1161 4068 et
1211 3996 1520 4068 habitare
1572 4021 1832 4082 secum,
1901 4001 2370 4088 virtutumque
2418 4001 2737 4090 germina

182 4084 893 4166 instanterexcolere,
947 4099 1152 4173 atque
1200 4085 1284 4155 de
1342 4086 1645 4176 paradisi
1696 4087 1982 4159 feliciter
2024 4087 2363 4158 fructibus
2412 4090 2535 4160 uti.
2602 4090 2732 4161 Hic

183 4174 430 4244 oculus
482 4174 593 4244 ille
640 4175 1095 4262 conquiritur,
1150 4175 1352 4264 cujus
1400 4198 1643 4246 sereno
1678 4178 1934 4247 intuitu
1983 4177 2382 4251 vulneratus
2431 4200 2731 4269 sponsus

183 4282 439 4344 amore,
492 4285 629 4351 quo
699 4265 960 4334 mundo
1007 4277 1072 4334 et
1123 4286 1295 4353 puro
1359 4266 1784 4356 conspicitur
1832 4272 2031 4335 Deus.
2092 4266 2225 4337 Hic
2289 4268 2506 4338 otium
2559 4267 2733 4337 cele-

142 4351 425 4437 *bratur
479 4375 561 4421 ne
611 4354 932 4435 otiosum,
1000 4367 1063 4424 et
1113 4353 1179 4422 in
1232 4353 1459 4440 quieta
1515 4367 1848 4442 pausatur
1896 4356 2184 4424 actione.
2239 4357 2364 4426 Hic
2421 4378 2540 4446 pro
2587 4378 2730 4425 cer-

184 4439 468 4509 taminis
518 4377 748 4512 laffiore
815 4455 1134 4534 repensat
1184 4447 1359 4512 Deus
1410 4442 1684 4512 athletis
1733 4443 1880 4515 suis
1945 4443 2323 4514 mercedem
2375 4455 2673 4535 optatam
2709 4498 2724 4524 ,

833 4586 863 4617 l
