3347 4999
332 265 448 329 CT.
510 266 588 329 14
1016 288 1093 332 m:
1142 288 1196 333 s.
1252 288 1622 335 evacuation
1675 290 1923 336 uenali».
1974 292 2074 337 ΕΡ.
2597 277 2723 341 395

273 367 681 437 universalis
752 368 1090 439 Ecclesiae
1156 371 1550 460 profecerat.
1609 378 1774 442 Cum
1834 387 2063 443 autem
2137 375 2358 444 eidem
2424 378 2805 466 Apostolico

274 458 445 546 patri
489 457 867 544 Moguntini
905 459 1448 549 Archipraesulis
1476 461 1813 530 adventus
1843 462 2277 544 innotuisset,
2327 466 2809 553 praemeditari

270 547 513 630 coepit,
571 547 627 614 si
676 545 838 632 quid
903 569 1059 615 cum
1136 562 1319 618 tanto
1384 549 1525 618 viro
1596 550 1887 638 dignum
1945 555 2072 619 Deo
2121 555 2475 641 cooperari
2527 555 2799 624 valeret.

271 636 590 704 Audierat
648 635 829 704 enim
875 635 1292 722 jamdudum
1349 638 1730 707 sanctitatis
1779 638 1928 727 ejus
1991 638 2245 709 famam
2288 640 2490 732 longe
2540 643 2810 731 lateque

269 724 644 814 vulgatam.
712 728 1192 795 Verumtamen
1243 749 1400 795 cum
1454 726 1537 794 ad
1590 726 1719 795 hoc
1789 741 2188 816 perventum
2238 744 2454 810 esset,
2513 745 2590 800 ut
2658 744 2811 821 post

272 813 400 883 sibi
440 816 632 884 datos
663 814 1022 903 amplexus
1060 816 1315 884 mutuis
1348 814 1739 883 fruerentur
1771 815 2159 903 colloquiiS,
2190 818 2412 907 coepit
2451 823 2806 890 Romanus

268 904 569 976 Pontifex
624 902 1029 996 percontari,
1083 925 1218 988 quo
1270 903 1462 974 rudis
1509 904 1740 973 adhuc
1788 909 2285 975 Germanorum
2341 907 2511 976 fides
2577 908 2804 977 muni-

267 991 454 1063 mine
496 996 852 1066 fulciretur
925 991 1316 1082 religionis,
1398 1005 1625 1060 utrum
1682 1015 1764 1061 ne
1812 993 2134 1083 gentibus
2201 995 2332 1063 sub
2381 995 2808 1086 discipulatu

266 1084 790 1167 proficientibus
839 1104 1049 1152 novae
1088 1080 1524 1163 eruditionis,
1560 1080 1777 1149 divini
1821 1096 2168 1170 respectus
2207 1083 2489 1153 lucerna
2535 1107 2807 1176 semper

265 1174 696 1263 resplendeat
744 1173 811 1241 in
863 1170 1418 1259 augmentatione
1491 1169 1726 1260 populi
1801 1170 2049 1239 fidelis.
2115 1172 2290 1241 Hinc
2339 1173 2581 1242 beatus
2630 1174 2806 1243 anti-

266 1269 400 1332 stes
451 1262 878 1340 Bonifacius,
931 1281 1087 1329 cum
1167 1258 1249 1326 de
1301 1258 1405 1326 his
1468 1272 1532 1327 et
1579 1258 1662 1327 de
1710 1259 2037 1329 omnibus
2101 1283 2276 1347 quae
2348 1261 2807 1352 interrogatus

265 1343 508 1433 fuerat,
548 1375 773 1420 veram
806 1373 884 1418 ac
904 1348 1298 1417 distinctam
1324 1346 2110 1429 reddidissetrationem,
2145 1349 2212 1417 in
2239 1350 2557 1420 extremis
2581 1350 2805 1421 fassus

264 1450 364 1508 est
414 1442 592 1510 hanc
627 1439 757 1510 sibi
797 1438 1090 1506 maxime
1125 1434 1336 1504 fuisse
1371 1436 1686 1504 veniendi
1736 1458 2042 1517 causam,
2099 1439 2198 1507 uti
2247 1440 2801 1528 Wirciburgensc

265 1529 626 1619 oppidum,
681 1526 974 1597 dioecesi
1026 1546 1189 1594 suae
1237 1524 1414 1593 conti
1476 1547 1675 1604 uum,
1733 1525 2155 1615 Apostolicae
2179 1528 2604 1597 auctoritatis
2654 1551 2807 1598 mu-

264 1615 572 1688 nimento
621 1615 1016 1686 cathedram
1091 1612 1420 1702 Episcopa
1453 1634 1559 1681 em
1624 1614 1971 1683 sortiatur.
2026 1614 2279 1685 Retulit
2342 1616 2544 1685 etiam
2608 1639 2809 1686 vene-

260 1708 528 1799 randus
580 1707 777 1775 heros
825 1724 1101 1772 causam
1155 1701 1461 1790 ejusdem
1509 1701 1867 1791 religiosae
1905 1704 2301 1773 intentionis
2340 1706 2402 1773 in
2448 1705 2805 1775 audientia

266 1803 401 1863 tam
456 1795 718 1864 domini
772 1791 1157 1882 Apostolici‚
1212 1811 1420 1876 quam
1473 1790 1926 1871 universalis,
1984 1814 2160 1878 quae
2211 1805 2372 1863 tunc
2422 1792 2591 1863 sorte
2639 1816 2807 1863 con-

264 1898 538 1975 gregata
594 1882 743 1962 fuit,
798 1881 1066 1965 synodi,
1122 1879 1381 1947 scilicet
1428 1878 1608 1965 quod
1660 1879 1945 1966 quidam
1998 1881 2471 1950 sanctissimae
2523 1905 2807 1952 conver-

270 1973 558 2042 sationis
609 1972 709 2039 vir
758 1970 1110 2059 scotigena
1163 1966 1498 2047 KilianuS,
1543 1966 1707 2036 olim
1759 1969 1846 2038 ab
1895 1969 2272 2059 Apostolica
2324 1972 2483 2040 sede
2531 1973 2809 2044 Francis

267 2060 734 2130 Orientalibus
784 2057 1211 2149 praedicator
1258 2056 1582 2135 directuS,
1635 2069 1701 2126 et
1748 2057 1932 2146 apud
1985 2058 2322 2128 civitatem
2391 2059 2808 2159 praedictam

269 2150 602 2238 martyrio
650 2169 805 2218 cum
860 2146 1065 2216 sociis
1135 2159 1683 2225 consummatus,
1760 2147 1959 2215 modo
2026 2146 2261 2216 multis
2319 2148 2672 2217 miraculis
2722 2148 2808 2217 ad

267 2240 580 2307 tumbam
659 2258 853 2307 suam
929 2234 1289 2307 clarescat.
1344 2247 1408 2302 et
1461 2247 1733 2323 propter
1786 2235 2010 2323 ipsum
2062 2235 2280 2305 divini
2328 2235 2578 2305 favoris
2628 2236 2808 2305 indi-

266 2325 481 2405 cium,
537 2327 701 2416 Regi
746 2331 1165 2393 >Francorum
1220 2322 1624 2408 cunctisque
1675 2322 1821 2392 suis
1869 2324 2319 2412 optimatibus
2392 2325 2680 2415 placere,
2737 2336 2811 2394 ut

266 2413 348 2483 ad
406 2417 905 2484 incrementum
960 2411 1339 2487 Ecclesiae,
1413 2410 1840 2497 salutemque
1890 2425 2024 2480 tam
2090 2413 2338 2482 nobilis
2390 2415 2803 2503 provinciae,

266 2504 463 2574 sedes
511 2502 935 2594 Episcopalis
986 2501 1239 2570 ibidem
1294 2499 1430 2568 fiat.
1487 2501 1888 2570 Laudabant
1935 2524 2174 2572 omnes
2207 2503 2573 2574 Christiani
2601 2505 2806 2604 Regis

266 2591 714 2672 desiderium,
766 2589 1302 2680 magnificabant
1335 2588 1420 2656 ad
1458 2588 1583 2657 hoc
1634 2590 2175 2659 benevolentiam
2233 2591 2650 2681 principum,
2707 2615 2812 2660 in·

272 2679 608 2752 dustriam
693 2679 1058 2767 praesuliS,
1115 2676 1489 2767 profectum
1545 2679 1883 2747 Ecclesiae
1932 2681 2325 2749 crescentis.
2379 2686 2566 2748 Tunc
2615 2680 2814 2748 Boni-

265 2765 519 2839 facium
565 2769 930 2858 diligenter
978 2767 1200 2852 coepit
1252 2767 1633 2851 percontari
1700 2767 1946 2856 primo,
1986 2789 2324 2854 quaenam
2368 2768 2531 2837 huic
2587 2767 2813 2838 officio

271 2877 565 2943 persona
619 2871 844 2946 posset
895 2856 1130 2946 legari,
1201 2855 1440 2923 dicens
1514 2854 1806 2926 rudibus
1856 2857 1921 2924 in
1977 2855 2110 2924 fide
2163 2855 2476 2944 plebibus
2530 2857 2813 2927 minime

270 2967 651 3050 congruere
726 2945 1185 3034 neophytum.
1258 2943 1641 3012 secundum
1711 2959 2072 3034 praecepta
2123 2945 2423 3013 Doctoris
2471 2946 2806 3034 gentium.

269 3037 531 3105 Dehinc
580 3036 636 3103 si
688 3035 917 3103 adhuc
965 3033 1050 3103 de
1091 3032 1399 3101 fidelium
1450 3032 1937 3103 collationibus
1987 3033 2088 3102 vel
2139 3032 2606 3102 oblationibus
2659 3033 2813 3123 Epi-

268 3125 500 3214 scopio
551 3122 941 3193 sufficerent
979 3121 1276 3210 praedia,
1341 3122 1598 3207 quibus
1650 3143 2033 3211 pauperum
2090 3120 2480 3201 necessitas,
2521 3122 2811 3191 Clericu-

272 3231 567 3299 rumque
594 3224 1091 3280 sustentaretur
1124 3209 1397 3298 inopia;
1435 3231 1748 3278 asserens
1781 3209 2195 3298 Episcopum
2232 3208 2534 3278 familiae
2562 3210 2812 3280 Christi

269 3297 842 3391 dispensatorem,
899 3300 1031 3369 sibi
1081 3297 1409 3389 subjectis
1462 3320 1592 3367 non
1645 3297 1869 3367 solum
1923 3298 2379 3398 spiritualem,
2434 3298 2550 3368 sed
2604 3298 2809 3368 etiam

268 3387 523 3458 vietum
581 3391 1016 3478 provisurum
1069 3408 1217 3456 esse
1265 3386 1635 3456 carnalem.
1678 3392 1921 3456 Beatus
1963 3387 2172 3476 igitur
2205 3386 2619 3468 BonisaciuS,
2665 3410 2816 3458 mu-

271 3478 623 3548 nificentia
673 3478 1025 3547 charitatis
1078 3475 1449 3564 praeditus,
1508 3475 1942 3566 praediorum
1995 3476 2340 3566 Episcopii
2376 3477 2482 3546 sui
2525 3491 2808 3566 partem,

272 3565 582 3636 Romano
631 3566 939 3635 Pontifici
992 3563 1499 3653 complacitam,
1557 3564 1979 3654 Wirceburgi
2041 3565 2403 3655 Episcopio
2450 3565 2809 3655 delegavit:

271 3665 347 3723 ut
396 3655 674 3724 futurus
724 3654 974 3723 ibidem
1030 3653 1430 3743 EpiscopuS,
1486 3652 1665 3722 sicut
1712 3674 1996 3722 consors
2042 3654 2355 3723 existeret
2394 3653 2647 3723 laboris
2700 3659 2818 3723 Do·

273 3742 539 3825 rninici,
594 3742 684 3811 ita
733 3744 937 3812 etiam
983 3742 1170 3811 fieret
1220 3740 1613 3830 temporalis
1658 3742 2000 3831 particeps
2052 3743 2587 3823 sustentationiS,
2617 3743 2819 3831 juxta

274 3825 443 3900 illud
521 3831 857 3919 Apostoli:
893 3834 1083 3899 Alter
1150 3831 1433 3899 alterius
1495 3853 1699 3899 onera
1760 3841 2057 3921 portate,
2116 3833 2318 3900 etsie
2365 3833 2820 3921 adimplebitis

278 3917 489 4015 {eqem
543 3922 795 3992 Christi
834 3920 1093 4006 (Galat.
1146 3918 1272 4007 w.)
1320 3918 1438 3987 His
1491 3919 1614 3988 rite
1685 3921 1998 4007 peractis,
2053 3941 2090 3988 a
2140 3925 2446 3989 Romano
2497 3920 2820 3989 Pontifice

274 4016 525 4078 lterum
582 4029 868 4096 persona
920 4008 1352 4093 disquiritur,
1407 4028 1583 4092 quae
1632 4007 1795 4077 huic
1843 4006 2068 4077 officio
2119 4007 2360 4076 idonea
2410 4008 2817 4078 destinetur.

275 4095 444 4166 Tum
498 4120 653 4167 vero
702 4096 1150 4166 admirandae
1201 4095 1605 4185 prudentiae
1641 4097 1743 4164 vir
1791 4096 2237 4186 Moguntinus
2275 4096 2583 4176 antisteS,
2627 4096 2822 4166 omni

276 4178 535 4255 honore
582 4186 875 4273 dignum
932 4186 1402 4273 presbyterum
1455 4183 1930 4253 Burchardum
1977 4184 2042 4252 in
2081 4184 2385 4253 medium
2438 4184 2815 4267 deducens,

275 4274 498 4363 coepit
548 4275 743 4343 illum
799 4273 1123 4344 laudibus
1176 4274 1519 4361 prosequi,
1563 4294 1911 4358 suumque
1953 4272 2305 4361 prob'abile
2346 4273 2816 4344 testimonium

277 4355 469 4431 illius
518 4363 983 4450 superaddere
1027 4361 1387 4453 probitati;
1441 4384 1758 4431 asserens
1791 4362 1976 4431 hunc
2025 4363 2130 4452 ab‘
2161 4362 2467 4432 occiduis
2508 4362 2822 4453 partibus
