3347 4999
261 349 461 416 OCT.
513 349 554 412 7
899 366 918 384 ·
1026 365 1103 410 nr:
1153 365 1245 411 ss.
1300 363 1520 411 sancto
1570 364 1643 409 ΕΤ
1694 364 1933 412 ΒΑεεΗο
1981 366 2093 411 mr.
2612 349 2737 414 237

262 452 715 540 despicerent
766 453 1252 538 Imperatorem
1288 504 1302 528 ‚
1378 450 1591 516 immo
1660 460 1945 516 mortem
2006 468 2280 535 quoque
2330 449 2600 517 minimi
2649 450 2829 520 face·

262 553 460 610 rent.
528 540 865 609 Accersito
925 550 1151 606 autem
1206 536 1854 606 commentariensi:
1909 537 2058 605 Acci
2115 559 2173 616 e,
2218 538 2463 623 inquit,
2505 538 2627 608 hos
2679 541 2827 608 vin-

266 643 455 709 ct05‚
487 641 553 697 et
585 629 654 697 in
688 626 994 696 custodia
1032 625 1310 712 quidem
1348 647 1540 694 serva
1573 625 1958 704 tutissima;
2001 559 2173 693 nillil
2216 639 2446 694 autem
2481 648 2685 714 grave
2712 642 2831 697 aut

267 718 656 787 molestum
711 716 1167 785 sustinentes:
1214 736 1329 783 eos
1378 714 1561 782 enim
1615 734 1884 782 reservo
1941 712 2456 782 examinationi.
2515 720 2727 802 Atque
2783 717 2832 785 ii

263 806 566 894 quidem
610 804 825 894 jussu
874 803 1079 873 Ducis
1129 825 1197 871 1n
1255 815 1399 872 tuta
1455 802 1711 873 inclusi
1763 801 2100 881 custodia,
2160 823 2318 871 cum
2371 801 2668 873 venisset
2726 827 2833 873 ve-

264 917 511 985 spera,
570 893 832 983 seipsos
888 892 1227 961 dederunt
1279 891 1596 960 orationi.
1651 891 1949 960 Peractis
1996 904 2225 960 autem
2289 890 2632 980 precibuS‚
2668 915 2830 961 curn

263 985 361 1054 ad
414 1004 737 1054 somnum
789 994 1013 1052 essent
1061 981 1396 1060 conversi,
1444 981 1543 1049 eis
1592 1001 1937 1070 apparens
1983 977 2318 1070 AngeluS,
2376 978 2505 1048 soli
2548 980 2826 1066 quidem

262 1074 513 1142 forma
558 1068 831 1150 similis,
895 1083 960 1138 et
998 1091 1078 1138 ex
1128 1070 1278 1158 ipsa
1330 1091 1603 1156 quoque
1649 1081 1829 1139 veste
1866 1067 2115 1138 laetum
2154 1067 2587 1156 splendorem
2632 1069 2832 1138 emit-

266 1176 475 1232 tens:
534 1183 569 1226 «
607 1159 957 1240 confidite,
1012 1159 1110 1227 eis
1166 1157 1378 1234 dixit,
1437 1157 1611 1226 servi
1658 1157 1943 1237 Christi,
1997 1169 2061 1226 et
2117 1156 2323 1225 nolite
2379 1156 2649 1226 timere:
2712 1158 2838 1226 sed

268 1263 463 1322 state
501 1248 684 1317 firmi
734 1261 797 1317 et
829 1240 1109 1317 stabiles
1157 1247 1226 1314 in
1269 1246 1539 1315 Domini
1592 1246 1805 1315 nostri
1852 1243 2028 1315 Jes‘u
2074 1245 2322 1315 Christi
2373 1245 2825 1316 confessione.

265 1346 303 1410 I
370 1361 447 1408 se
479 1338 664 1407 enim
697 1350 798 1407 est
827 1336 1208 1415 vobiscum,
1254 1334 1572 1405 defensor
1604 1348 1846 1404 vester.
1888 1357 1923 1402 »
1957 1334 2077 1404 Ille
2110 1333 2389 1421 quidem
2422 1334 2589 1404 haec
2631 1335 2823 1405 dixit.

267 1364 399 1499 Illi
436 1439 661 1496 autem
714 1447 871 1494 cum
922 1448 958 1493 e
1008 1445 1249 1493 somno
1299 1423 1592 1494 fuissent
1620 1424 1916 1504 excitati,
1952 1437 2016 1492 et
2062 1424 2240 1491 inter
2288 1445 2384 1502 se,
2420 1436 2486 1493 et
2519 1423 2824 1503 famulis,

273 1518 411 1605 qui
461 1537 619 1584 cum
671 1515 770 1583 eis
828 1514 1303 1593 versabantur,
1365 1512 1750 1603 angelicam
1805 1512 1995 1581 illam
2041 1524 2412 1581 narrarunt
2465 1512 2824 1582 visionem.

273 1612 368 1676 Et
419 1627 579 1674 cum
641 1615 868 1673 essent
913 1602 1185 1671 illorum
1233 1602 1449 1670 animi
1508 1623 1753 1670 rursus
1811 1600 2049 1690 repleti
2100 1600 2382 1681 fiducia,
2443 1600 2598 1669 laeti
2648 1600 2830 1690 psal-

279 1695 528 1764 lebant
576 1691 873 1783 singuli:
913 1691 1016 1759 Ad
1052 1693 1427 1770 Domi-num,
1476 1713 1625 1759 cum
1677 1691 2066 1771 tribularer,
2112 1683 2452 1759 estimavi:
2505 1701 2568 1759 et
2615 1714 2834 1760 emau-

283 1786 462 1854 divit
510 1805 636 1861 mc,
690 1795 817 1849 etc.
853 1779 1138 1868 (Psalm.
1179 1784 1358 1864 1149).

381 1874 417 1958 ξ
466 1877 559 1943 9.
630 1869 865 1938 Statim
922 1890 1083 1958 ergo
1140 1889 1416 1938 summo
1469 1888 1668 1936 mane
1724 1873 1866 1936 Dux
1931 1867 2210 1954 quidem
2275 1866 2554 1936 sedebat
2601 1868 2671 1936 in
2721 1889 2835 1936 ex-

288 1961 474 2030 celso
544 1956 911 2027 tribunali:
985 1959 1048 2025 ei
1113 1970 1339 2027 autem
1415 1955 1776 2025 assistebat
1836 1956 2158 2025 universa
2228 1977 2501 2043 quoque
2565 1970 2836 2025 caterva

289 2048 640 2120 militaris.
707 2051 870 2115 Cum
929 2067 1090 2136 ergo
1138 2045 1606 2115 accersivisset
1654 2049 1937 2114 Sanctos
1982 2066 2019 2114 e
2067 2044 2403 2125 custodia,
2453 2046 2653 2134 jubet
2701 2044 2834 2134 legi

293 2138 559 2208 litteras
612 2134 711 2203 eis
781 2133 1249 2204 audientibus.
1322 2133 1514 2215 Quod
1567 2155 1727 2202 cum
1787 2133 2044 2203 factum
2097 2147 2315 2204 esset:
2379 2157 2416 2200 «
2469 2135 2837 2223 Oportebat

293 2225 603 2312 quidem,
657 2224 927 2310 inquit,
974 2245 1135 2303 νος,
1199 2235 1512 2312 parentes
1550 2222 1784 2311 jussui
1836 2221 2116 2311 gloriosi
2174 2224 2640 2312 ImperatoriS‚
2697 2222 2837 2292 diis

299 2313 709 2392 sacrificare,
769 2324 834 2380 et
880 2334 1012 2381 non
1072 2312 1261 2380 illius
1316 2311 1816 2380 humanitatem
1867 2310 1952 2378 ad
2002 2311 2177 2379 iram
2229 2333 2620 2401 provocare.
2660 2316 2837 2393 Quo-

299 2403 486 2471 niam
538 2413 764 2471 autem
802 2401 1031 2470 nescio
1080 2400 1243 2487 quid
1297 2399 1551 2469 sactum
1590 2400 1700 2480 sit,
1740 2413 1817 2469 ut
1847 2412 1913 2469 et
1946 2399 2143 2469 illum
2180 2400 2265 2469 ad
2301 2400 2475 2470 iram
2515 2421 2838 2490 provoca-

300 2491 551 2570 veritis,
603 2506 666 2561 et
714 2513 754 2560 a
802 2503 986 2560 tanta
1037 2488 1254 2580 gloria
1303 2488 1716 2571 excideritis,
1752 2501 1817 2558 et
1864 2488 2022 2559 illas
2052 2488 2432 2580 profundas
2462 2490 2834 2559 amiseritis

297 2580 604 2661 divitias;
643 2593 710 2649 at
745 2602 929 2649 nunc
956 2579 1196 2649 saltem
1249 2579 1448 2647 nobis
1500 2578 1721 2648 velitis
1752 2577 2053 2660 obedire,
2095 2578 2285 2648 vobis
2314 2579 2838 2649 consulentibus

295 2692 376 2740 ea
421 2691 597 2757 quae
644 2681 806 2754 sunt
845 2666 1334 2737 conducibilia.
1393 2666 1501 2736 Sic
1550 2668 1735 2735 enim
1798 2667 2022 2758 priore
2075 2667 2277 2755 longe
2331 2667 2656 2755 majorem
2695 2667 2839 2757 glo-

295 2759 500 2839 riam,
554 2770 617 2827 et
664 2758 962 2846 majores
996 2778 1187 2846 opeS,
1232 2768 1298 2825 et
1331 2754 1466 2824 alia
1506 2756 1688 2825 bona
1720 2756 1908 2846 apud
1942 2761 2432 2845 Imperatorem
2468 2756 2836 2842 consequi-

294 2847 494 2916 mini.
558 2846 745 2929 Quid
790 2846 973 2914 enim
1025 2858 1126 2915 est
1165 2866 1393 2935 grave,
1452 2845 1509 2913 si
1549 2844 1732 2932 quod
1783 2867 1920 2914 non
1973 2845 2290 2933 potuistis
2340 2845 2533 2934 prius
2583 2844 2836 2914 intelli·

298 2959 479 3027 gere,
537 2936 676 3005 sive
727 2934 896 3004 forte
945 2933 1241 3015 fortuna,
1296 2954 1417 3002 seu
1469 2933 1704 3020 aliquo
1756 2933 1891 3003 alio
1951 2955 2168 3015 casu,
2224 2954 2410 3002 nunc
2460 2956 2618 3002 cum
2685 2932 2840 3001 dili-

296 3025 573 3116 gentius
619 3023 1252 3103 consideraveritis,
1310 3022 1377 3091 id
1429 3023 1613 3109 quod
1656 3033 1942 3111 oportet,
2006 3034 2324 3091 accurate
2370 3022 2687 3113 eligatis?
2727 3027 2840 3092 Est

298 3114 483 3181 enim
536 3111 755 3181 multo
792 3112 1029 3194 leviUS‚
1086 3133 1367 3201 peccare
1404 3124 1678 3201 propter
1711 3110 2197 3200 ignorantiam,
2234 3132 2441 3197 quam
2477 3112 2598 3181 ubi
2631 3132 2839 3200 agno-

295 3202 516 3280 veriS,
572 3222 1004 3288 perseverare
1045 3201 1114 3268 in
1171 3200 1660 3281 deterioribus,
1726 3213 1792 3268 et
1858 3220 1993 3267 non
2040 3201 2336 3268 transire
2391 3199 2474 3269 ad
2536 3200 2600 3268 id
2652 3199 2837 3287 quod

297 3303 400 3360 est
441 3288 711 3357 melius.
758 3295 922 3358 Nam
969 3289 1142 3359 illud
1178 3290 1457 3375 quidem
1503 3301 1605 3358 est
1647 3302 2002 3378 peccatum
2041 3289 2491 3377 ignorantiae,
2543 3289 2671 3358 hoc
2719 3311 2842 3357 au-

298 3393 433 3449 tem
488 3376 709 3446 malae
740 3377 1013 3458 mentis,
1047 3389 1113 3446 et
1159 3400 1337 3465 quae
1381 3390 1541 3446 sunt
1591 3376 1795 3467 mala,
1845 3399 1971 3445 sua
2013 3390 2253 3466 sponte
2289 3377 2629 3468 eligentis
2670 3382 2838 3446 Nam

296 3489 423 3557 ego
452 3465 730 3553 quidem
769 3467 961 3535 valde
1002 3467 1363 3547 accendor,
1401 3478 1465 3534 et
1493 3465 1702 3534 aliam
1738 3478 2030 3534 vestram
2068 3479 2393 3555 reputans
2430 3467 2834 3546 amicitiam,

260 3570 365 3641 ‚et
413 3554 783 3624 recordans
829 3556 1002 3643 ejuS,
1064 3556 1243 3642 quod
1291 3578 1330 3623 a
1380 3554 1571 3623 vobis
1620 3555 1879 3643 accepi,
1935 3554 2275 3635 beneficii,
2331 3568 2396 3624 et
2454 3555 2748 3625 maxime
2800 3577 2841 3623 a

301 3657 389 3726 te,
455 3644 733 3713 domine
786 3647 924 3721 mi,
987 3645 1223 3744 Sergi,
1287 3664 1407 3732 per
1458 3664 1659 3729 quem
1720 3643 1912 3711 bunc·
1965 3644 2138 3713 mihi
2185 3645 2419 3734 paravi
2476 3644 2839 3733 magistra·

298 3747 474 3802 tum.
537 3732 664 3801 Sed
721 3734 951 3801 nescio
1011 3733 1174 3820 quid
1235 3754 1270 3801 a
1326 3753 1479 3810 am,
1536 3754 1696 3800 cum
1759 3731 2035 3801 fortuna
2086 3754 2194 3802 res
2252 3733 2350 3802 sic
2401 3731 2843 3801 administra-

297 3823 492 3903 verit,
541 3833 618 3891 ut
667 3842 792 3910 ego
833 3821 1115 3907 quidem
1171 3754 1373 3889 bodgie
1437 3820 1709 3890 sedeam
1741 3820 1990 3910 judex:
2032 3843 2149 3891 vos
2200 3834 2455 3903 autem,
2489 3833 2840 3907 tamquam

298 3911 440 3990 rei,
499 3909 688 3979 stetis
751 3922 906 3978 ante
973 3931 1200 3978 meum
1272 3908 1627 3990 tribunal,
1689 3909 2024 3979 reddituri
2080 3910 2411 3979 rationem
2463 3909 2848 3978 vestraein

300 4000 464 4100 deos
522 3999 706 4089 ipsos
749 3998 1037 4068 invictos
1089 3998 1486 4086 impietatiS,
1539 4011 1605 4068 et
1653 3998 1846 4089 pium
1899 4004 2385 4089 Imperatorem
2440 3998 2844 4068 inobedien-

306 4099 462 4156 ttae.
511 4112 547 4153 »

389 4179 425 4262 ἓ
472 4181 627 4248 10.
691 4176 797 4246 Sic
846 4196 1008 4265 ergo
1066 4187 1131 4245 et
1188 4174 1296 4244 his
1348 4175 1816 4247 allicientibus
1878 4175 2104 4245 verbis
2177 4174 2551 4244 Antiochus
2601 4196 2844 4244 conve-

305 4263 535 4333 niebat
589 4270 891 4348 SanctOS‚
950 4276 1013 4334 et
1067 4264 1286 4333 amice
1347 4264 1860 4351 quodammodo
1909 4286 2025 4333 eos
2068 4263 2548 4350 alloquebatur
2596 4266 2846 4332 consu-

304 4349 476 4433 lenS,
539 4366 603 4423 et
666 4355 891 4437 bona,
944 4368 1020 4424 ut
1077 4353 1473 4436 videbatur,
1528 4354 1629 4424 eis
1693 4375 2095 4444 suggerens,
2152 4375 2288 4440 quo
2347 4354 2481 4423 sibi
2542 4357 2843 4451 Impera-

308 4440 471 4509 toris
505 4442 1040 4513 benevolentiam
1079 4454 1528 4533 compararet.
1569 4442 1838 4512 Sciebat
1866 4441 2076 4524 enim,
2110 4454 2413 4531 quantus
2447 4453 2621 4510 esset
2651 4440 2844 4511 illius
