<?xml version="1.0" encoding="UTF-8"?>
<!DOCTYPE html PUBLIC "-//W3C//DTD XHTML 1.0 Transitional//EN"
    "http://www.w3.org/TR/xhtml1/DTD/xhtml1-transitional.dtd">
<html xmlns="http://www.w3.org/1999/xhtml" xml:lang="en" lang="en">
 <head>
  <title>
</title>
<meta http-equiv="Content-Type" content="text/html;charset=utf-8" />
  <meta name='ocr-system' content='tesseract 3.04.00' />
  <meta name='ocr-capabilities' content='ocr_page ocr_carea ocr_par ocr_line ocrx_word'/>
</head>
<body>
  <div class='ocr_page' id='page_1' title='image "./historiaeseuvit03lippgoog_0600.png"; bbox 0 0 3347 4999; ppageno 0'>
   <div class='ocr_carea' id='block_1_1' title="bbox 722 317 3168 393">
    <p class='ocr_par' dir='ltr' id='par_1_1' title="bbox 722 317 3168 393">
     <span class='ocr_line' id='line_1_1' title="bbox 722 317 3168 393; baseline -0.005 -1"><span class='ocrx_word' id='word_1_1' title='bbox 722 328 851 393; x_wconf 77' lang='lat'>502</span> <span class='ocrx_word' id='word_1_2' title='bbox 1512 341 1589 387; x_wconf 72' lang='lat' dir='ltr'>nt</span> <span class='ocrx_word' id='word_1_3' title='bbox 1637 341 1693 386; x_wconf 88' lang='lat' dir='ltr'>s.</span> <span class='ocrx_word' id='word_1_4' title='bbox 1749 338 2043 386; x_wconf 61' lang='lat' dir='ltr'>unomen</span> <span class='ocrx_word' id='word_1_5' title='bbox 2092 338 2284 385; x_wconf 60' lang='lat' dir='ltr'>vinca</span> <span class='ocrx_word' id='word_1_6' title='bbox 2849 317 3021 383; x_wconf 82' lang='lat' dir='ltr'>ocT.</span> <span class='ocrx_word' id='word_1_7' title='bbox 3089 318 3168 381; x_wconf 78' lang='grc'>17</span> 
     </span>
    </p>
   </div>
   <div class='ocr_carea' id='block_1_2' title="bbox 632 420 3166 2109">
    <p class='ocr_par' dir='ltr' id='par_1_2' title="bbox 632 420 3166 1650">
     <span class='ocr_line' id='line_1_2' title="bbox 635 420 3162 531; baseline -0.004 -33"><span class='ocrx_word' id='word_1_8' title='bbox 635 442 883 531; x_wconf 79' lang='lat' dir='ltr'>gustus</span> <span class='ocrx_word' id='word_1_9' title='bbox 932 426 1200 506; x_wconf 89' lang='lat' dir='ltr'>mentis,</span> <span class='ocrx_word' id='word_1_10' title='bbox 1252 447 1458 512; x_wconf 89' lang='lat' dir='ltr'>quam</span> <span class='ocrx_word' id='word_1_11' title='bbox 1508 423 1788 491; x_wconf 77' lang='lat' dir='ltr'>ventris,</span> <span class='ocrx_word' id='word_1_12' title='bbox 1827 428 1926 491; x_wconf 87' lang='lat' dir='ltr'>lta</span> <span class='ocrx_word' id='word_1_13' title='bbox 1961 443 2116 491; x_wconf 77' lang='lat' dir='ltr'>vero</span> <span class='ocrx_word' id='word_1_14' title='bbox 2147 420 2597 493; x_wconf 65' lang='lat' dir='ltr'>benedicebat</span> <span class='ocrx_word' id='word_1_15' title='bbox 2641 420 2759 489; x_wconf 88' lang='lat' dir='ltr'>illa</span> <span class='ocrx_word' id='word_1_16' title='bbox 2793 420 3162 490; x_wconf 88' lang='lat' dir='ltr'>Dominum</span> 
     </span>
     <span class='ocr_line' id='line_1_3' title="bbox 636 507 3165 605; baseline -0.004 -19"><span class='ocrx_word' id='word_1_17' title='bbox 636 540 706 586; x_wconf 80' lang='lat' dir='ltr'>in</span> <span class='ocrx_word' id='word_1_18' title='bbox 757 516 945 587; x_wconf 91' lang='lat' dir='ltr'>omni</span> <span class='ocrx_word' id='word_1_19' title='bbox 1001 528 1342 605; x_wconf 88' lang='lat' dir='ltr'>tempore,</span> <span class='ocrx_word' id='word_1_20' title='bbox 1393 526 1459 582; x_wconf 90' lang='lat' dir='ltr'>et</span> <span class='ocrx_word' id='word_1_21' title='bbox 1504 534 1777 602; x_wconf 84' lang='lat' dir='ltr'>semper</span> <span class='ocrx_word' id='word_1_22' title='bbox 1822 512 1974 581; x_wconf 88' lang='lat' dir='ltr'>laus</span> <span class='ocrx_word' id='word_1_23' title='bbox 2017 513 2172 601; x_wconf 83' lang='lat' dir='ltr'>ejus</span> <span class='ocrx_word' id='word_1_24' title='bbox 2218 512 2287 578; x_wconf 91' lang='lat' dir='ltr'>in</span> <span class='ocrx_word' id='word_1_25' title='bbox 2338 532 2454 579; x_wconf 91' lang='lat' dir='ltr'>ore</span> <span class='ocrx_word' id='word_1_26' title='bbox 2503 510 2712 580; x_wconf 86' lang='lat' dir='ltr'>illius.</span> <span class='ocrx_word' id='word_1_27' title='bbox 2765 507 3165 579; x_wconf 78' lang='lat' dir='ltr'>Attendebat</span> 
     </span>
     <span class='ocr_line' id='line_1_4' title="bbox 634 598 3156 691; baseline -0.004 -16"><span class='ocrx_word' id='word_1_28' title='bbox 634 608 839 676; x_wconf 88' lang='lat' dir='ltr'>etiam</span> <span class='ocrx_word' id='word_1_29' title='bbox 892 605 1116 673; x_wconf 82' lang='lat' dir='ltr'>locum</span> <span class='ocrx_word' id='word_1_30' title='bbox 1180 623 1454 672; x_wconf 88' lang='lat' dir='ltr'>omnem</span> <span class='ocrx_word' id='word_1_31' title='bbox 1525 614 1992 691; x_wconf 90' lang='lat' dir='ltr'>opportunum</span> <span class='ocrx_word' id='word_1_32' title='bbox 2041 621 2190 669; x_wconf 83' lang='lat' dir='ltr'>esse</span> <span class='ocrx_word' id='word_1_33' title='bbox 2235 600 2320 668; x_wconf 87' lang='lat' dir='ltr'>ad</span> <span class='ocrx_word' id='word_1_34' title='bbox 2372 598 2917 668; x_wconf 89' lang='lat' dir='ltr'>benedicendum</span> <span class='ocrx_word' id='word_1_35' title='bbox 2979 602 3156 677; x_wconf 88' lang='lat' dir='ltr'>Deo,</span> 
     </span>
     <span class='ocr_line' id='line_1_5' title="bbox 635 686 3165 780; baseline -0.004 -16"><span class='ocrx_word' id='word_1_36' title='bbox 635 695 871 780; x_wconf 88' lang='lat' dir='ltr'>sicque</span> <span class='ocrx_word' id='word_1_37' title='bbox 908 694 976 761; x_wconf 94' lang='lat' dir='ltr'>in</span> <span class='ocrx_word' id='word_1_38' title='bbox 1011 693 1203 761; x_wconf 91' lang='lat' dir='ltr'>omni</span> <span class='ocrx_word' id='word_1_39' title='bbox 1248 691 1451 760; x_wconf 91' lang='lat' dir='ltr'>etiam</span> <span class='ocrx_word' id='word_1_40' title='bbox 1504 690 1652 759; x_wconf 90' lang='lat' dir='ltr'>loco</span> <span class='ocrx_word' id='word_1_41' title='bbox 1685 689 2176 759; x_wconf 85' lang='lat' dir='ltr'>dominationis</span> <span class='ocrx_word' id='word_1_42' title='bbox 2207 690 2360 778; x_wconf 76' lang='lat' dir='ltr'>eJus</span> <span class='ocrx_word' id='word_1_43' title='bbox 2388 686 2662 757; x_wconf 87' lang='lat' dir='ltr'>laudem</span> <span class='ocrx_word' id='word_1_44' title='bbox 2709 687 2970 755; x_wconf 87' lang='lat' dir='ltr'>Domini</span> <span class='ocrx_word' id='word_1_45' title='bbox 3006 708 3165 776; x_wconf 93' lang='lat' dir='ltr'>pro-</span> 
     </span>
     <span class='ocr_line' id='line_1_6' title="bbox 634 774 3163 870; baseline -0.004 -17"><span class='ocrx_word' id='word_1_46' title='bbox 634 782 861 853; x_wconf 89' lang='lat' dir='ltr'>mebat</span> <span class='ocrx_word' id='word_1_47' title='bbox 905 782 1138 850; x_wconf 90' lang='lat' dir='ltr'>anima</span> <span class='ocrx_word' id='word_1_48' title='bbox 1182 782 1358 870; x_wconf 88' lang='lat' dir='ltr'>ejus.</span> <span class='ocrx_word' id='word_1_49' title='bbox 1409 784 1486 849; x_wconf 78' lang='lat' dir='ltr'>At</span> <span class='ocrx_word' id='word_1_50' title='bbox 1534 792 1757 848; x_wconf 88' lang='lat' dir='ltr'>tamen</span> <span class='ocrx_word' id='word_1_51' title='bbox 1811 777 1958 847; x_wconf 87' lang='lat' dir='ltr'>loca</span> <span class='ocrx_word' id='word_1_52' title='bbox 2003 778 2390 855; x_wconf 78' lang='lat' dir='ltr'>secretiora,</span> <span class='ocrx_word' id='word_1_53' title='bbox 2439 790 2504 845; x_wconf 90' lang='lat' dir='ltr'>et</span> <span class='ocrx_word' id='word_1_54' title='bbox 2543 782 2676 845; x_wconf 89' lang='lat' dir='ltr'>Deo</span> <span class='ocrx_word' id='word_1_55' title='bbox 2714 774 2961 851; x_wconf 87' lang='lat' dir='ltr'>dicata.</span> <span class='ocrx_word' id='word_1_56' title='bbox 3050 774 3163 844; x_wconf 90' lang='lat' dir='ltr'>lus</span> 
     </span>
     <span class='ocr_line' id='line_1_7' title="bbox 632 863 3162 961; baseline -0.003 -20"><span class='ocrx_word' id='word_1_57' title='bbox 632 870 1187 961; x_wconf 80' lang='lat' dir='ltr'>compunctionis</span> <span class='ocrx_word' id='word_1_58' title='bbox 1214 881 1280 939; x_wconf 92' lang='lat' dir='ltr'>et</span> <span class='ocrx_word' id='word_1_59' title='bbox 1327 868 1656 938; x_wconf 83' lang='lat' dir='ltr'>moeroris</span> <span class='ocrx_word' id='word_1_60' title='bbox 1701 867 1944 935; x_wconf 82' lang='lat' dir='ltr'>afferre</span> <span class='ocrx_word' id='word_1_61' title='bbox 1989 888 2124 935; x_wconf 91' lang='lat' dir='ltr'>non</span> <span class='ocrx_word' id='word_1_62' title='bbox 2177 868 2544 955; x_wconf 84' lang='lat' dir='ltr'>ignorans,</span> <span class='ocrx_word' id='word_1_63' title='bbox 2595 863 2682 933; x_wconf 89' lang='lat' dir='ltr'>ad</span> <span class='ocrx_word' id='word_1_64' title='bbox 2729 863 2984 933; x_wconf 90' lang='lat' dir='ltr'>adoran</span> <span class='ocrx_word' id='word_1_65' title='bbox 3041 885 3162 933; x_wconf 90' lang='lat' dir='ltr'>um</span> 
     </span>
     <span class='ocr_line' id='line_1_8' title="bbox 634 950 3165 1044; baseline -0.004 -14"><span class='ocrx_word' id='word_1_66' title='bbox 634 965 846 1030; x_wconf 86' lang='lat' dir='ltr'>Deum</span> <span class='ocrx_word' id='word_1_67' title='bbox 899 959 1225 1028; x_wconf 87' lang='lat' dir='ltr'>libentius</span> <span class='ocrx_word' id='word_1_68' title='bbox 1270 980 1351 1027; x_wconf 87' lang='lat' dir='ltr'>ea</span> <span class='ocrx_word' id='word_1_69' title='bbox 1396 956 1629 1025; x_wconf 90' lang='lat' dir='ltr'>adibat</span> <span class='ocrx_word' id='word_1_70' title='bbox 1673 968 1740 1024; x_wconf 90' lang='lat' dir='ltr'>et</span> <span class='ocrx_word' id='word_1_71' title='bbox 1785 954 2282 1044; x_wconf 76' lang='lat' dir='ltr'><strong>frequentabat,</strong></span> <span class='ocrx_word' id='word_1_72' title='bbox 2333 967 2411 1024; x_wconf 91' lang='lat' dir='ltr'>ut</span> <span class='ocrx_word' id='word_1_73' title='bbox 2454 954 2748 1023; x_wconf 90' lang='lat' dir='ltr'>aliorum</span> <span class='ocrx_word' id='word_1_74' title='bbox 2795 954 2998 1021; x_wconf 80' lang='lat' dir='ltr'>vitato</span> <span class='ocrx_word' id='word_1_75' title='bbox 3043 950 3165 1020; x_wconf 92' lang='lat' dir='ltr'>ad-</span> 
     </span>
     <span class='ocr_line' id='line_1_9' title="bbox 632 1042 3162 1138; baseline -0.004 -20"><span class='ocrx_word' id='word_1_76' title='bbox 632 1061 871 1138; x_wconf 88' lang='lat' dir='ltr'>spectu</span> <span class='ocrx_word' id='word_1_77' title='bbox 903 1103 919 1127; x_wconf 92' lang='lat'>‚</span> <span class='ocrx_word' id='word_1_78' title='bbox 970 1047 1245 1116; x_wconf 83' lang='lat' dir='ltr'>facilius</span> <span class='ocrx_word' id='word_1_79' title='bbox 1288 1059 1353 1115; x_wconf 91' lang='lat' dir='ltr'>et</span> <span class='ocrx_word' id='word_1_80' title='bbox 1398 1044 1814 1115; x_wconf 82' lang='lat' dir='ltr'>familiarius</span> <span class='ocrx_word' id='word_1_81' title='bbox 1875 1044 2058 1113; x_wconf 87' lang='lat' dir='ltr'>scala</span> <span class='ocrx_word' id='word_1_82' title='bbox 2122 1043 2503 1112; x_wconf 77' lang='lat' dir='ltr'>devotionis</span> <span class='ocrx_word' id='word_1_83' title='bbox 2559 1042 2878 1131; x_wconf 88' lang='lat' dir='ltr'>parietem</span> <span class='ocrx_word' id='word_1_84' title='bbox 2930 1042 3162 1110; x_wconf 88' lang='lat' dir='ltr'>carnis</span> 
     </span>
     <span class='ocr_line' id='line_1_10' title="bbox 634 1130 3166 1222; baseline -0.003 -16"><span class='ocrx_word' id='word_1_85' title='bbox 634 1137 1193 1216; x_wconf 88' lang='lat' dir='ltr'>transcenderet,</span> <span class='ocrx_word' id='word_1_86' title='bbox 1248 1148 1473 1204; x_wconf 88' lang='lat' dir='ltr'>mente</span> <span class='ocrx_word' id='word_1_87' title='bbox 1517 1133 1605 1202; x_wconf 89' lang='lat' dir='ltr'>ad</span> <span class='ocrx_word' id='word_1_88' title='bbox 1655 1132 1986 1202; x_wconf 80' lang='lat' dir='ltr'>Dilectum</span> <span class='ocrx_word' id='word_1_89' title='bbox 2044 1132 2501 1222; x_wconf 83' lang='lat' dir='ltr'>pertingeret,</span> <span class='ocrx_word' id='word_1_90' title='bbox 2553 1131 2754 1217; x_wconf 89' lang='lat' dir='ltr'>eique</span> <span class='ocrx_word' id='word_1_91' title='bbox 2802 1130 3050 1221; x_wconf 90' lang='lat' dir='ltr'>spiritu</span> <span class='ocrx_word' id='word_1_92' title='bbox 3098 1142 3166 1200; x_wconf 89' lang='lat' dir='ltr'>et</span> 
     </span>
     <span class='ocr_line' id='line_1_11' title="bbox 632 1219 3165 1310; baseline -0.002 -15"><span class='ocrx_word' id='word_1_93' title='bbox 632 1226 844 1295; x_wconf 89' lang='lat' dir='ltr'>animi</span> <span class='ocrx_word' id='word_1_94' title='bbox 907 1225 1166 1294; x_wconf 82' lang='lat' dir='ltr'>fervore</span> <span class='ocrx_word' id='word_1_95' title='bbox 1212 1223 1649 1293; x_wconf 86' lang='lat' dir='ltr'>commodius</span> <span class='ocrx_word' id='word_1_96' title='bbox 1699 1221 2028 1310; x_wconf 83' lang='lat' dir='ltr'>con&#39;ungi</span> <span class='ocrx_word' id='word_1_97' title='bbox 2079 1235 2324 1310; x_wconf 85' lang='lat' dir='ltr'>posset.</span> <span class='ocrx_word' id='word_1_98' title='bbox 2379 1225 2570 1289; x_wconf 87' lang='lat' dir='ltr'>Hanc</span> <span class='ocrx_word' id='word_1_99' title='bbox 2616 1222 2799 1289; x_wconf 90' lang='lat' dir='ltr'>enim</span> <span class='ocrx_word' id='word_1_100' title='bbox 2865 1219 3165 1290; x_wconf 81' lang='lat' dir='ltr'>Dilectus</span> 
     </span>
     <span class='ocr_line' id='line_1_12' title="bbox 632 1307 3166 1403; baseline -0.003 -20"><span class='ocrx_word' id='word_1_101' title='bbox 632 1315 699 1383; x_wconf 90' lang='lat' dir='ltr'>ei</span> <span class='ocrx_word' id='word_1_102' title='bbox 745 1314 1012 1383; x_wconf 84' lang='lat' dir='ltr'>vineam</span> <span class='ocrx_word' id='word_1_103' title='bbox 1065 1311 1396 1403; x_wconf 81' lang='lat' dir='ltr'>rependit,</span> <span class='ocrx_word' id='word_1_104' title='bbox 1448 1324 1524 1380; x_wconf 90' lang='lat' dir='ltr'>ut</span> <span class='ocrx_word' id='word_1_105' title='bbox 1569 1332 1730 1380; x_wconf 87' lang='lat' dir='ltr'>cum</span> <span class='ocrx_word' id='word_1_106' title='bbox 1778 1334 1824 1379; x_wconf 90' lang='lat' dir='ltr'>u</span> <span class='ocrx_word' id='word_1_107' title='bbox 1860 1311 1966 1378; x_wconf 87' lang='lat' dir='ltr'>nis</span> <span class='ocrx_word' id='word_1_108' title='bbox 2013 1308 2391 1379; x_wconf 69' lang='lat' dir='ltr'>devotionis</span> <span class='ocrx_word' id='word_1_109' title='bbox 2422 1323 2486 1378; x_wconf 90' lang='lat' dir='ltr'>et</span> <span class='ocrx_word' id='word_1_110' title='bbox 2522 1308 2778 1377; x_wconf 90' lang='lat' dir='ltr'>amoris</span> <span class='ocrx_word' id='word_1_111' title='bbox 2810 1307 3166 1377; x_wconf 81' lang='lat' dir='ltr'>ardentius</span> 
     </span>
     <span class='ocr_line' id='line_1_13' title="bbox 632 1397 3157 1502; baseline -0.003 -30"><span class='ocrx_word' id='word_1_112' title='bbox 632 1425 789 1472; x_wconf 90' lang='lat' dir='ltr'>eum</span> <span class='ocrx_word' id='word_1_113' title='bbox 833 1402 1239 1502; x_wconf 77' lang='lat' dir='ltr'>stringeret,</span> <span class='ocrx_word' id='word_1_114' title='bbox 1301 1402 1503 1470; x_wconf 89' lang='lat' dir='ltr'>etiam</span> <span class='ocrx_word' id='word_1_115' title='bbox 1556 1400 1643 1469; x_wconf 83' lang='lat' dir='ltr'>ab</span> <span class='ocrx_word' id='word_1_116' title='bbox 1689 1414 1964 1468; x_wconf 83' lang='lat' dir='ltr'>externa</span> <span class='ocrx_word' id='word_1_117' title='bbox 1996 1453 2012 1477; x_wconf 93' lang='lat'>,</span> <span class='ocrx_word' id='word_1_118' title='bbox 2058 1400 2118 1467; x_wconf 90' lang='lat' dir='ltr'>si</span> <span class='ocrx_word' id='word_1_119' title='bbox 2177 1420 2316 1484; x_wconf 91' lang='lat' dir='ltr'>qua</span> <span class='ocrx_word' id='word_1_120' title='bbox 2357 1398 2701 1467; x_wconf 87' lang='lat' dir='ltr'>interdum</span> <span class='ocrx_word' id='word_1_121' title='bbox 2753 1397 3157 1475; x_wconf 86' lang='lat' dir='ltr'>incidisset,</span> 
     </span>
     <span class='ocr_line' id='line_1_14' title="bbox 634 1485 3165 1581; baseline -0.003 -21"><span class='ocrx_word' id='word_1_122' title='bbox 634 1491 1159 1581; x_wconf 77' lang='lat' dir='ltr'>interpolatione</span> <span class='ocrx_word' id='word_1_123' title='bbox 1220 1490 1323 1558; x_wconf 82' lang='lat' dir='ltr'>vel</span> <span class='ocrx_word' id='word_1_124' title='bbox 1385 1488 1882 1578; x_wconf 86' lang='lat' dir='ltr'>interruptione</span> <span class='ocrx_word' id='word_1_125' title='bbox 1951 1509 2099 1555; x_wconf 90' lang='lat' dir='ltr'>eam</span> <span class='ocrx_word' id='word_1_126' title='bbox 2171 1488 2418 1556; x_wconf 78' lang='lat' dir='ltr'>virtute</span> <span class='ocrx_word' id='word_1_127' title='bbox 2487 1485 2895 1554; x_wconf 87' lang='lat' dir='ltr'>admiranda</span> <span class='ocrx_word' id='word_1_128' title='bbox 2967 1507 3165 1576; x_wconf 90' lang='lat' dir='ltr'>prae-</span> 
     </span>
     <span class='ocr_line' id='line_1_15' title="bbox 632 1591 951 1650; baseline -0.006 0"><span class='ocrx_word' id='word_1_129' title='bbox 632 1591 951 1650; x_wconf 85' lang='lat' dir='ltr'>servaret.</span> 
     </span>
    </p>

    <p class='ocr_par' dir='ltr' id='par_1_3' title="bbox 633 1661 3165 2109">
     <span class='ocr_line' id='line_1_16' title="bbox 719 1661 3160 1756; baseline -0.004 -15"><span class='ocrx_word' id='word_1_130' title='bbox 719 1672 757 1756; x_wconf 64' lang='grc' dir='ltr'><strong>ξ</strong></span> <span class='ocrx_word' id='word_1_131' title='bbox 807 1673 961 1741; x_wconf 63' lang='lat'>24.</span> <span class='ocrx_word' id='word_1_132' title='bbox 990 1665 1248 1737; x_wconf 85' lang='lat' dir='ltr'>Accidit</span> <span class='ocrx_word' id='word_1_133' title='bbox 1271 1664 1709 1753; x_wconf 89' lang='lat' dir='ltr'>quandoque,</span> <span class='ocrx_word' id='word_1_134' title='bbox 1738 1676 1815 1733; x_wconf 90' lang='lat' dir='ltr'>ut</span> <span class='ocrx_word' id='word_1_135' title='bbox 1840 1663 1956 1732; x_wconf 74' lang='lat' dir='ltr'>illa</span> <span class='ocrx_word' id='word_1_136' title='bbox 1983 1665 2082 1732; x_wconf 88' lang='lat' dir='ltr'>sic</span> <span class='ocrx_word' id='word_1_137' title='bbox 2109 1663 2476 1753; x_wconf 89' lang='lat' dir='ltr'>separatim</span> <span class='ocrx_word' id='word_1_138' title='bbox 2503 1676 2738 1733; x_wconf 89' lang='lat' dir='ltr'>orante</span> <span class='ocrx_word' id='word_1_139' title='bbox 2765 1663 2832 1731; x_wconf 90' lang='lat' dir='ltr'>in</span> <span class='ocrx_word' id='word_1_140' title='bbox 2861 1661 3160 1749; x_wconf 89' lang='lat' dir='ltr'>quodam</span> 
     </span>
     <span class='ocr_line' id='line_1_17' title="bbox 633 1751 3159 1845; baseline -0.003 -19"><span class='ocrx_word' id='word_1_141' title='bbox 633 1756 1008 1836; x_wconf 89' lang='lat' dir='ltr'>domicilio,</span> <span class='ocrx_word' id='word_1_142' title='bbox 1046 1756 1358 1824; x_wconf 83' lang='lat' dir='ltr'>minister</span> <span class='ocrx_word' id='word_1_143' title='bbox 1380 1756 1531 1845; x_wconf 89' lang='lat' dir='ltr'>ejus</span> <span class='ocrx_word' id='word_1_144' title='bbox 1556 1760 1646 1822; x_wconf 88' lang='lat' dir='ltr'>Bo</span> <span class='ocrx_word' id='word_1_145' title='bbox 1748 1752 1938 1822; x_wconf 80' lang='lat' dir='ltr'>slaus</span> <span class='ocrx_word' id='word_1_146' title='bbox 1966 1753 2331 1831; x_wconf 86' lang='lat' dir='ltr'>Sanonius,</span> <span class='ocrx_word' id='word_1_147' title='bbox 2365 1753 2474 1820; x_wconf 87' lang='lat' dir='ltr'>cui</span> <span class='ocrx_word' id='word_1_148' title='bbox 2507 1751 2620 1819; x_wconf 91' lang='lat' dir='ltr'>illa</span> <span class='ocrx_word' id='word_1_149' title='bbox 2661 1751 2968 1821; x_wconf 89' lang='lat' dir='ltr'>culinam</span> <span class='ocrx_word' id='word_1_150' title='bbox 3000 1772 3159 1839; x_wconf 87' lang='lat' dir='ltr'>pau-</span> 
     </span>
     <span class='ocr_line' id='line_1_18' title="bbox 636 1838 3162 1936; baseline -0.003 -21"><span class='ocrx_word' id='word_1_151' title='bbox 636 1867 876 1936; x_wconf 89' lang='lat' dir='ltr'>perum</span> <span class='ocrx_word' id='word_1_152' title='bbox 926 1844 1444 1915; x_wconf 89' lang='lat' dir='ltr'>commendarat</span> <span class='ocrx_word' id='word_1_153' title='bbox 1485 1864 1653 1927; x_wconf 89' lang='lat' dir='ltr'>pecu</span> <span class='ocrx_word' id='word_1_154' title='bbox 1686 1843 1900 1911; x_wconf 89' lang='lat' dir='ltr'>iarius</span> <span class='ocrx_word' id='word_1_155' title='bbox 1944 1841 2351 1921; x_wconf 87' lang='lat' dir='ltr'>curandam,</span> <span class='ocrx_word' id='word_1_156' title='bbox 2402 1838 2637 1919; x_wconf 87' lang='lat' dir='ltr'>ollam,</span> <span class='ocrx_word' id='word_1_157' title='bbox 2693 1841 2759 1908; x_wconf 92' lang='lat' dir='ltr'>in</span> <span class='ocrx_word' id='word_1_158' title='bbox 2808 1862 2946 1926; x_wconf 89' lang='lat' dir='ltr'>qua</span> <span class='ocrx_word' id='word_1_159' title='bbox 2986 1860 3162 1925; x_wconf 87' lang='lat' dir='ltr'>aqua</span> 
     </span>
     <span class='ocr_line' id='line_1_19' title="bbox 635 1927 3164 2025; baseline -0.003 -21"><span class='ocrx_word' id='word_1_160' title='bbox 635 1955 759 2025; x_wconf 91' lang='lat' dir='ltr'>pro</span> <span class='ocrx_word' id='word_1_161' title='bbox 808 1934 954 2024; x_wconf 88' lang='lat' dir='ltr'>ipsa</span> <span class='ocrx_word' id='word_1_162' title='bbox 993 1946 1425 2020; x_wconf 89' lang='lat' dir='ltr'>coqueretur,</span> <span class='ocrx_word' id='word_1_163' title='bbox 1475 1951 1684 2019; x_wconf 89' lang='lat' dir='ltr'>quam</span> <span class='ocrx_word' id='word_1_164' title='bbox 1735 1952 1859 2020; x_wconf 94' lang='lat' dir='ltr'>pro</span> <span class='ocrx_word' id='word_1_165' title='bbox 1904 1929 2401 2000; x_wconf 80' lang='lat' dir='ltr'>consuetudine</span> <span class='ocrx_word' id='word_1_166' title='bbox 2441 1929 2722 2009; x_wconf 86' lang='lat' dir='ltr'>biberet,</span> <span class='ocrx_word' id='word_1_167' title='bbox 2781 1949 2862 1996; x_wconf 82' lang='lat' dir='ltr'>ex</span> <span class='ocrx_word' id='word_1_168' title='bbox 2926 1927 3164 1997; x_wconf 88' lang='lat' dir='ltr'>eadem</span> 
     </span>
     <span class='ocr_line' id='line_1_20' title="bbox 633 2015 3165 2109; baseline -0.004 -16"><span class='ocrx_word' id='word_1_169' title='bbox 633 2023 836 2093; x_wconf 90' lang='lat' dir='ltr'>domo</span> <span class='ocrx_word' id='word_1_170' title='bbox 888 2021 1084 2091; x_wconf 86' lang='lat' dir='ltr'>vellet</span> <span class='ocrx_word' id='word_1_171' title='bbox 1120 2021 1413 2090; x_wconf 83' lang='lat' dir='ltr'>auferre.</span> <span class='ocrx_word' id='word_1_172' title='bbox 1449 2024 1754 2105; x_wconf 88' lang='lat' dir='ltr'>Cumque</span> <span class='ocrx_word' id='word_1_173' title='bbox 1787 2042 1874 2108; x_wconf 87' lang='lat' dir='ltr'>ap</span> <span class='ocrx_word' id='word_1_174' title='bbox 1928 2019 2369 2109; x_wconf 86' lang='lat' dir='ltr'>ropinquaret</span> <span class='ocrx_word' id='word_1_175' title='bbox 2400 2017 2485 2086; x_wconf 90' lang='lat' dir='ltr'>ad</span> <span class='ocrx_word' id='word_1_176' title='bbox 2521 2017 2773 2097; x_wconf 89' lang='lat' dir='ltr'>locum,</span> <span class='ocrx_word' id='word_1_177' title='bbox 2815 2015 2986 2086; x_wconf 85' lang='lat' dir='ltr'>vidit</span> <span class='ocrx_word' id='word_1_178' title='bbox 3015 2037 3165 2085; x_wconf 90' lang='lat' dir='ltr'>eam</span> 
     </span>
    </p>
   </div>
   <div class='ocr_carea' id='block_1_3' title="bbox 518 2105 3166 2197">
    <p class='ocr_par' dir='ltr' id='par_1_4' title="bbox 518 2105 3166 2197">
     <span class='ocr_line' id='line_1_21' title="bbox 518 2105 3166 2197; baseline -0.003 -16"><span class='ocrx_word' id='word_1_179' title='bbox 518 2112 529 2119; x_wconf 82' lang='grc'><strong>’</strong></span> <span class='ocrx_word' id='word_1_180' title='bbox 629 2124 966 2192; x_wconf 89' lang='lat' dir='ltr'>orantem,</span> <span class='ocrx_word' id='word_1_181' title='bbox 1020 2114 1343 2197; x_wconf 71' lang='lat' dir='ltr'>tantaque</span> <span class='ocrx_word' id='word_1_182' title='bbox 1392 2108 1545 2176; x_wconf 86' lang='lat' dir='ltr'>luce</span> <span class='ocrx_word' id='word_1_183' title='bbox 1601 2109 1861 2177; x_wconf 87' lang='lat' dir='ltr'>circum</span> <span class='ocrx_word' id='word_1_184' title='bbox 1899 2129 2120 2185; x_wconf 90' lang='lat' dir='ltr'>usam,</span> <span class='ocrx_word' id='word_1_185' title='bbox 2172 2119 2250 2176; x_wconf 91' lang='lat' dir='ltr'>ut</span> <span class='ocrx_word' id='word_1_186' title='bbox 2292 2108 2587 2186; x_wconf 82' lang='lat' dir='ltr'>territus,</span> <span class='ocrx_word' id='word_1_187' title='bbox 2643 2105 2997 2192; x_wconf 90' lang='lat' dir='ltr'>multoque</span> <span class='ocrx_word' id='word_1_188' title='bbox 3047 2127 3166 2195; x_wconf 89' lang='lat' dir='ltr'>pa-</span> 
     </span>
    </p>
   </div>
   <div class='ocr_carea' id='block_1_4' title="bbox 631 2195 3194 4503">
    <p class='ocr_par' dir='ltr' id='par_1_5' title="bbox 631 2195 3179 3441">
     <span class='ocr_line' id='line_1_22' title="bbox 632 2195 3166 2287; baseline -0.002 -22"><span class='ocrx_word' id='word_1_189' title='bbox 632 2222 790 2269; x_wconf 83' lang='lat' dir='ltr'>vore</span> <span class='ocrx_word' id='word_1_190' title='bbox 839 2198 1266 2287; x_wconf 77' lang='lat' dir='ltr'>compulsu3‚</span> <span class='ocrx_word' id='word_1_191' title='bbox 1320 2195 1479 2266; x_wconf 91' lang='lat' dir='ltr'>inde</span> <span class='ocrx_word' id='word_1_192' title='bbox 1538 2218 1609 2265; x_wconf 88' lang='lat' dir='ltr'>se</span> <span class='ocrx_word' id='word_1_193' title='bbox 1654 2215 1871 2286; x_wconf 72' lang='lat' dir='ltr'>ocyus</span> <span class='ocrx_word' id='word_1_194' title='bbox 1970 2196 2291 2285; x_wconf 91' lang='lat' dir='ltr'>roriperet</span> <span class='ocrx_word' id='word_1_195' title='bbox 2323 2250 2339 2275; x_wconf 92' lang='lat'>,</span> <span class='ocrx_word' id='word_1_196' title='bbox 2394 2217 2613 2283; x_wconf 89' lang='lat' dir='ltr'>neque</span> <span class='ocrx_word' id='word_1_197' title='bbox 2660 2216 2906 2265; x_wconf 90' lang='lat' dir='ltr'>rursus</span> <span class='ocrx_word' id='word_1_198' title='bbox 2950 2216 3166 2264; x_wconf 90' lang='lat' dir='ltr'>ausus</span> 
     </span>
     <span class='ocr_line' id='line_1_23' title="bbox 631 2281 3166 2373; baseline -0.002 -16"><span class='ocrx_word' id='word_1_199' title='bbox 631 2300 810 2357; x_wconf 88' lang='lat' dir='ltr'>esset</span> <span class='ocrx_word' id='word_1_200' title='bbox 855 2309 933 2357; x_wconf 92' lang='lat' dir='ltr'>eo</span> <span class='ocrx_word' id='word_1_201' title='bbox 980 2286 1325 2368; x_wconf 87' lang='lat' dir='ltr'>accedere,</span> <span class='ocrx_word' id='word_1_202' title='bbox 1378 2288 1591 2354; x_wconf 88' lang='lat' dir='ltr'>immo</span> <span class='ocrx_word' id='word_1_203' title='bbox 1638 2307 1794 2354; x_wconf 88' lang='lat' dir='ltr'>vero</span> <span class='ocrx_word' id='word_1_204' title='bbox 1833 2307 1915 2354; x_wconf 91' lang='lat' dir='ltr'>su</span> <span class='ocrx_word' id='word_1_205' title='bbox 1967 2284 2216 2354; x_wconf 86' lang='lat' dir='ltr'>ducere</span> <span class='ocrx_word' id='word_1_206' title='bbox 2266 2285 2490 2373; x_wconf 89' lang='lat' dir='ltr'>potius</span> <span class='ocrx_word' id='word_1_207' title='bbox 2523 2306 2592 2354; x_wconf 89' lang='lat' dir='ltr'>se</span> <span class='ocrx_word' id='word_1_208' title='bbox 2626 2283 2996 2353; x_wconf 83' lang='lat' dir='ltr'>festinaret.</span> <span class='ocrx_word' id='word_1_209' title='bbox 3038 2281 3166 2351; x_wconf 89' lang='lat' dir='ltr'>Sed</span> 
     </span>
     <span class='ocr_line' id='line_1_24' title="bbox 636 2370 3167 2463; baseline -0.002 -18"><span class='ocrx_word' id='word_1_210' title='bbox 636 2378 726 2445; x_wconf 90' lang='lat' dir='ltr'>ab</span> <span class='ocrx_word' id='word_1_211' title='bbox 775 2375 892 2444; x_wconf 91' lang='lat' dir='ltr'>illa</span> <span class='ocrx_word' id='word_1_212' title='bbox 956 2388 1307 2446; x_wconf 86' lang='lat' dir='ltr'>revocatus</span> <span class='ocrx_word' id='word_1_213' title='bbox 1337 2431 1353 2455; x_wconf 92' lang='lat'><strong>‚</strong></span> <span class='ocrx_word' id='word_1_214' title='bbox 1406 2387 1684 2463; x_wconf 89' lang='lat' dir='ltr'>accepto</span> <span class='ocrx_word' id='word_1_215' title='bbox 1725 2396 1878 2442; x_wconf 82' lang='lat' dir='ltr'>vase</span> <span class='ocrx_word' id='word_1_216' title='bbox 1909 2429 1924 2451; x_wconf 89' lang='lat'>,</span> <span class='ocrx_word' id='word_1_217' title='bbox 1979 2373 2475 2443; x_wconf 89' lang='lat' dir='ltr'>tremebundus</span> <span class='ocrx_word' id='word_1_218' title='bbox 2522 2372 2736 2454; x_wconf 88' lang='lat' dir='ltr'>abiit,</span> <span class='ocrx_word' id='word_1_219' title='bbox 2788 2385 2865 2441; x_wconf 90' lang='lat' dir='ltr'>ut</span> <span class='ocrx_word' id='word_1_220' title='bbox 2917 2392 3000 2440; x_wconf 85' lang='lat' dir='ltr'>ex</span> <span class='ocrx_word' id='word_1_221' title='bbox 3049 2370 3167 2439; x_wconf 88' lang='lat' dir='ltr'>illa</span> 
     </span>
     <span class='ocr_line' id='line_1_25' title="bbox 636 2456 3170 2618; baseline -0.002 -84"><span class='ocrx_word' id='word_1_222' title='bbox 636 2464 790 2534; x_wconf 90' lang='lat' dir='ltr'>luce</span> <span class='ocrx_word' id='word_1_223' title='bbox 837 2463 1127 2544; x_wconf 86' lang='lat' dir='ltr'>visibili,</span> <span class='ocrx_word' id='word_1_224' title='bbox 1182 2477 1247 2534; x_wconf 91' lang='lat' dir='ltr'>et</span> <span class='ocrx_word' id='word_1_225' title='bbox 1296 2464 1534 2534; x_wconf 91' lang='lat' dir='ltr'>timore</span> <span class='ocrx_word' id='word_1_226' title='bbox 1578 2485 1714 2552; x_wconf 94' lang='lat' dir='ltr'>quo</span> <span class='ocrx_word' id='word_1_227' title='bbox 1762 2463 1863 2532; x_wconf 90' lang='lat' dir='ltr'>vir</span> <span class='ocrx_word' id='word_1_228' title='bbox 1901 2461 2016 2532; x_wconf 88' lang='lat' dir='ltr'>ille</span> <span class='ocrx_word' id='word_1_229' title='bbox 2041 2456 2417 2552; x_wconf 62' lang='lat' dir='ltr'>“correptus</span> <span class='ocrx_word' id='word_1_230' title='bbox 2470 2461 2623 2542; x_wconf 86' lang='lat' dir='ltr'>suit,</span> <span class='ocrx_word' id='word_1_231' title='bbox 2679 2460 3042 2618; x_wconf 84' lang='lat' dir='ltr'>perspicue</span> <span class='ocrx_word' id='word_1_232' title='bbox 3089 2460 3170 2528; x_wconf 92' lang='lat' dir='ltr'>li-</span> 
     </span>
     <span class='ocr_line' id='line_1_26' title="bbox 632 2549 3164 2641; baseline -0.002 -19"><span class='ocrx_word' id='word_1_233' title='bbox 632 2565 815 2623; x_wconf 88' lang='lat' dir='ltr'>ceret</span> <span class='ocrx_word' id='word_1_234' title='bbox 851 2553 1325 2635; x_wconf 90' lang='lat' dir='ltr'>animadverti,</span> <span class='ocrx_word' id='word_1_235' title='bbox 1360 2574 1508 2622; x_wconf 91' lang='lat' dir='ltr'>eam</span> <span class='ocrx_word' id='word_1_236' title='bbox 1543 2565 1766 2622; x_wconf 87' lang='lat' dir='ltr'>mente</span> <span class='ocrx_word' id='word_1_237' title='bbox 1797 2564 1942 2622; x_wconf 90' lang='lat' dir='ltr'>tum</span> <span class='ocrx_word' id='word_1_238' title='bbox 1982 2551 2356 2641; x_wconf 85' lang='lat' dir='ltr'>proximam</span> <span class='ocrx_word' id='word_1_239' title='bbox 2394 2550 2606 2620; x_wconf 84' lang='lat' dir='ltr'>fuisse</span> <span class='ocrx_word' id='word_1_240' title='bbox 2630 2549 2672 2618; x_wconf 92' lang='lat' dir='ltr'>il</span> <span class='ocrx_word' id='word_1_241' title='bbox 2709 2551 2752 2629; x_wconf 90' lang='lat' dir='ltr'>i,</span> <span class='ocrx_word' id='word_1_242' title='bbox 2788 2549 2911 2636; x_wconf 90' lang='lat' dir='ltr'>qui</span> <span class='ocrx_word' id='word_1_243' title='bbox 2937 2549 3164 2619; x_wconf 90' lang='lat' dir='ltr'>lucem</span> 
     </span>
     <span class='ocr_line' id='line_1_27' title="bbox 638 2638 3170 2728; baseline -0.002 -17"><span class='ocrx_word' id='word_1_244' title='bbox 638 2642 990 2711; x_wconf 83' lang='lat' dir='ltr'>habitabat</span> <span class='ocrx_word' id='word_1_245' title='bbox 1038 2641 1603 2722; x_wconf 89' lang='lat' dir='ltr'>inaccessibilem,</span> <span class='ocrx_word' id='word_1_246' title='bbox 1655 2641 1806 2728; x_wconf 89' lang='lat' dir='ltr'>ejus</span> <span class='ocrx_word' id='word_1_247' title='bbox 1853 2641 2138 2721; x_wconf 88' lang='lat' dir='ltr'>lumine,</span> <span class='ocrx_word' id='word_1_248' title='bbox 2189 2640 2306 2726; x_wconf 89' lang='lat' dir='ltr'>qui</span> <span class='ocrx_word' id='word_1_249' title='bbox 2347 2639 2696 2708; x_wconf 88' lang='lat' dir='ltr'>illuminat</span> <span class='ocrx_word' id='word_1_250' title='bbox 2733 2659 3011 2708; x_wconf 89' lang='lat' dir='ltr'>omnem</span> <span class='ocrx_word' id='word_1_251' title='bbox 3049 2638 3170 2706; x_wconf 91' lang='lat' dir='ltr'>ho-</span> 
     </span>
     <span class='ocr_line' id='line_1_28' title="bbox 637 2727 3171 2817; baseline -0.002 -18"><span class='ocrx_word' id='word_1_252' title='bbox 637 2731 895 2800; x_wconf 89' lang='lat' dir='ltr'>minem</span> <span class='ocrx_word' id='word_1_253' title='bbox 947 2731 1324 2800; x_wconf 86' lang='lat' dir='ltr'>venientem</span> <span class='ocrx_word' id='word_1_254' title='bbox 1377 2730 1443 2798; x_wconf 91' lang='lat' dir='ltr'>in</span> <span class='ocrx_word' id='word_1_255' title='bbox 1498 2729 1683 2799; x_wconf 90' lang='lat' dir='ltr'>bunc</span> <span class='ocrx_word' id='word_1_256' title='bbox 1727 2728 2107 2808; x_wconf 91' lang='lat' dir='ltr'>mundum,</span> <span class='ocrx_word' id='word_1_257' title='bbox 2160 2727 2546 2817; x_wconf 88' lang='lat' dir='ltr'>specialiter</span> <span class='ocrx_word' id='word_1_258' title='bbox 2595 2728 2808 2798; x_wconf 77' lang='lat' dir='ltr'>tuisse</span> <span class='ocrx_word' id='word_1_259' title='bbox 2857 2727 3171 2797; x_wconf 85' lang='lat' dir='ltr'>illustra·</span> 
     </span>
     <span class='ocr_line' id='line_1_29' title="bbox 638 2815 3171 2907; baseline -0.002 -18"><span class='ocrx_word' id='word_1_260' title='bbox 638 2832 799 2889; x_wconf 88' lang='lat' dir='ltr'>tam.</span> <span class='ocrx_word' id='word_1_261' title='bbox 837 2821 1293 2903; x_wconf 87' lang='lat' dir='ltr'>Quamobrem</span> <span class='ocrx_word' id='word_1_262' title='bbox 1329 2818 1562 2887; x_wconf 78' lang='lat' dir='ltr'>divina</span> <span class='ocrx_word' id='word_1_263' title='bbox 1594 2817 1995 2907; x_wconf 88' lang='lat' dir='ltr'>prohibente</span> <span class='ocrx_word' id='word_1_264' title='bbox 2028 2817 2296 2896; x_wconf 88' lang='lat' dir='ltr'>virtute,</span> <span class='ocrx_word' id='word_1_265' title='bbox 2336 2815 2508 2885; x_wconf 89' lang='lat' dir='ltr'>nihil</span> <span class='ocrx_word' id='word_1_266' title='bbox 2553 2829 2716 2887; x_wconf 89' lang='lat' dir='ltr'>tunc</span> <span class='ocrx_word' id='word_1_267' title='bbox 2740 2817 3171 2886; x_wconf 83' lang='lat' dir='ltr'>extrinsecus</span> 
     </span>
     <span class='ocr_line' id='line_1_30' title="bbox 636 2903 3175 2999; baseline -0.002 -21"><span class='ocrx_word' id='word_1_268' title='bbox 636 2929 996 2978; x_wconf 83' lang='lat' dir='ltr'>occurrere</span> <span class='ocrx_word' id='word_1_269' title='bbox 1044 2908 1311 2999; x_wconf 88' lang='lat' dir='ltr'>potuit,</span> <span class='ocrx_word' id='word_1_270' title='bbox 1363 2906 1543 2994; x_wconf 89' lang='lat' dir='ltr'>quod</span> <span class='ocrx_word' id='word_1_271' title='bbox 1595 2928 1744 2975; x_wconf 88' lang='lat' dir='ltr'>eam</span> <span class='ocrx_word' id='word_1_272' title='bbox 1802 2906 2207 2975; x_wconf 87' lang='lat' dir='ltr'>distraheret</span> <span class='ocrx_word' id='word_1_273' title='bbox 2252 2916 2372 2974; x_wconf 90' lang='lat' dir='ltr'>aut</span> <span class='ocrx_word' id='word_1_274' title='bbox 2432 2906 2781 2986; x_wconf 88' lang='lat' dir='ltr'>turbaret,</span> <span class='ocrx_word' id='word_1_275' title='bbox 2829 2903 3175 2991; x_wconf 87' lang='lat' dir='ltr'>quamdiu</span> 
     </span>
     <span class='ocr_line' id='line_1_31' title="bbox 639 2991 3176 3083; baseline -0.002 -18"><span class='ocrx_word' id='word_1_276' title='bbox 639 2997 923 3067; x_wconf 91' lang='lat' dir='ltr'>Domino</span> <span class='ocrx_word' id='word_1_277' title='bbox 971 2998 1194 3068; x_wconf 87' lang='lat' dir='ltr'>visum</span> <span class='ocrx_word' id='word_1_278' title='bbox 1243 3009 1459 3074; x_wconf 88' lang='lat' dir='ltr'>esset,</span> <span class='ocrx_word' id='word_1_279' title='bbox 1514 3005 1591 3063; x_wconf 90' lang='lat' dir='ltr'>ut</span> <span class='ocrx_word' id='word_1_280' title='bbox 1638 3015 1877 3065; x_wconf 90' lang='lat' dir='ltr'>somno</span> <span class='ocrx_word' id='word_1_281' title='bbox 1937 2994 2534 3083; x_wconf 89' lang='lat' dir='ltr'>contemplationis</span> <span class='ocrx_word' id='word_1_282' title='bbox 2580 3006 2647 3062; x_wconf 91' lang='lat' dir='ltr'>et</span> <span class='ocrx_word' id='word_1_283' title='bbox 2705 2994 2940 3080; x_wconf 87' lang='lat' dir='ltr'>requie</span> <span class='ocrx_word' id='word_1_284' title='bbox 2987 2991 3176 3061; x_wconf 81' lang='lat' dir='ltr'>frue-</span> 
     </span>
     <span class='ocr_line' id='line_1_32' title="bbox 637 3081 3176 3166; baseline -0.002 -13"><span class='ocrx_word' id='word_1_285' title='bbox 637 3098 844 3166; x_wconf 89' lang='lat' dir='ltr'>retur,</span> <span class='ocrx_word' id='word_1_286' title='bbox 897 3086 1060 3155; x_wconf 89' lang='lat' dir='ltr'>etin</span> <span class='ocrx_word' id='word_1_287' title='bbox 1102 3084 1330 3155; x_wconf 89' lang='lat' dir='ltr'>cordis</span> <span class='ocrx_word' id='word_1_288' title='bbox 1378 3083 1627 3153; x_wconf 89' lang='lat' dir='ltr'>lectulo</span> <span class='ocrx_word' id='word_1_289' title='bbox 1662 3082 1895 3151; x_wconf 89' lang='lat' dir='ltr'>Dilecti</span> <span class='ocrx_word' id='word_1_290' title='bbox 1934 3082 2518 3153; x_wconf 89' lang='lat' dir='ltr'>consolationibus</span> <span class='ocrx_word' id='word_1_291' title='bbox 2554 3081 2959 3151; x_wconf 90' lang='lat' dir='ltr'>inhaereret.</span> <span class='ocrx_word' id='word_1_292' title='bbox 2999 3082 3176 3164; x_wconf 84' lang='lat' dir='ltr'>Quis</span> 
     </span>
     <span class='ocr_line' id='line_1_33' title="bbox 637 3169 3179 3260; baseline -0.001 -19"><span class='ocrx_word' id='word_1_293' title='bbox 637 3195 795 3244; x_wconf 87' lang='lat' dir='ltr'>vero</span> <span class='ocrx_word' id='word_1_294' title='bbox 828 3195 960 3244; x_wconf 91' lang='lat' dir='ltr'>non</span> <span class='ocrx_word' id='word_1_295' title='bbox 993 3173 1217 3243; x_wconf 88' lang='lat' dir='ltr'>videat</span> <span class='ocrx_word' id='word_1_296' title='bbox 1262 3171 1678 3260; x_wconf 89' lang='lat' dir='ltr'>completum</span> <span class='ocrx_word' id='word_1_297' title='bbox 1730 3184 1892 3240; x_wconf 88' lang='lat' dir='ltr'>tunc</span> <span class='ocrx_word' id='word_1_298' title='bbox 1919 3171 1988 3240; x_wconf 92' lang='lat' dir='ltr'>in</span> <span class='ocrx_word' id='word_1_299' title='bbox 2024 3193 2102 3240; x_wconf 89' lang='lat' dir='ltr'>ea</span> <span class='ocrx_word' id='word_1_300' title='bbox 2150 3171 2361 3241; x_wconf 84' lang='lat' dir='ltr'>fuisse</span> <span class='ocrx_word' id='word_1_301' title='bbox 2392 3171 2672 3240; x_wconf 89' lang='lat' dir='ltr'>verbum</span> <span class='ocrx_word' id='word_1_302' title='bbox 2717 3169 2888 3238; x_wconf 90' lang='lat' dir='ltr'>illud</span> <span class='ocrx_word' id='word_1_303' title='bbox 2920 3169 3179 3257; x_wconf 86' lang='lat' dir='ltr'>Sponsi</span> 
     </span>
     <span class='ocr_line' id='line_1_34' title="bbox 636 3260 3177 3351; baseline -0.002 -20"><span class='ocrx_word' id='word_1_304' title='bbox 636 3262 1077 3331; x_wconf 88' lang='lat' dir='ltr'>suavissimi:</span> <span class='ocrx_word' id='word_1_305' title='bbox 1128 3268 1221 3330; x_wconf 83' lang='lat' dir='ltr'>Ne</span> <span class='ocrx_word' id='word_1_306' title='bbox 1264 3263 1618 3340; x_wconf 63' lang='lat' dir='ltr'>suscitem,</span> <span class='ocrx_word' id='word_1_307' title='bbox 1673 3283 1886 3351; x_wconf 80' lang='lat' dir='ltr'>neque</span> <span class='ocrx_word' id='word_1_308' title='bbox 1932 3262 2257 3350; x_wconf 73' lang='lat' dir='ltr'>eviqilare</span> <span class='ocrx_word' id='word_1_309' title='bbox 2288 3262 2559 3348; x_wconf 53' lang='lat' dir='ltr'>saciat&amp;</span> <span class='ocrx_word' id='word_1_310' title='bbox 2592 3260 2931 3340; x_wconf 81' lang='lat' dir='ltr'>dilectam,</span> <span class='ocrx_word' id='word_1_311' title='bbox 2963 3260 3177 3329; x_wconf 82' lang='lat' dir='ltr'>donec</span> 
     </span>
     <span class='ocr_line' id='line_1_35' title="bbox 638 3348 1735 3441; baseline -0.001 -23"><span class='ocrx_word' id='word_1_312' title='bbox 638 3353 787 3441; x_wconf 75' lang='lat' dir='ltr'>ipsa</span> <span class='ocrx_word' id='word_1_313' title='bbox 822 3352 1047 3419; x_wconf 77' lang='lat' dir='ltr'>velit?</span> <span class='ocrx_word' id='word_1_314' title='bbox 1088 3350 1376 3437; x_wconf 81' lang='lat' dir='ltr'>(Cantic.</span> <span class='ocrx_word' id='word_1_315' title='bbox 1419 3373 1467 3418; x_wconf 95' lang='lat'>11</span> <span class='ocrx_word' id='word_1_316' title='bbox 1514 3360 1575 3418; x_wconf 78' lang='lat' dir='ltr'>et</span> <span class='ocrx_word' id='word_1_317' title='bbox 1608 3348 1735 3438; x_wconf 90' lang='lat'>111).</span> 
     </span>
    </p>

    <p class='ocr_par' dir='ltr' id='par_1_6' title="bbox 633 3435 3194 4503">
     <span class='ocr_line' id='line_1_36' title="bbox 725 3435 3181 3527; baseline -0.002 -19"><span class='ocrx_word' id='word_1_318' title='bbox 725 3441 760 3524; x_wconf 67' lang='grc' dir='ltr'>ξ</span> <span class='ocrx_word' id='word_1_319' title='bbox 811 3443 966 3509; x_wconf 68' lang='lat'>25.</span> <span class='ocrx_word' id='word_1_320' title='bbox 1032 3442 1197 3507; x_wconf 91' lang='lat' dir='ltr'>Cum</span> <span class='ocrx_word' id='word_1_321' title='bbox 1262 3439 1329 3506; x_wconf 89' lang='lat' dir='ltr'>in</span> <span class='ocrx_word' id='word_1_322' title='bbox 1396 3437 1670 3527; x_wconf 87' lang='lat' dir='ltr'>templis</span> <span class='ocrx_word' id='word_1_323' title='bbox 1735 3438 2088 3508; x_wconf 87' lang='lat' dir='ltr'>interesset</span> <span class='ocrx_word' id='word_1_324' title='bbox 2134 3435 2338 3506; x_wconf 90' lang='lat' dir='ltr'>rebus</span> <span class='ocrx_word' id='word_1_325' title='bbox 2385 3435 2679 3517; x_wconf 76' lang='lat' dir='ltr'>diviniS,</span> <span class='ocrx_word' id='word_1_326' title='bbox 2731 3436 2819 3505; x_wconf 88' lang='lat' dir='ltr'>ab</span> <span class='ocrx_word' id='word_1_327' title='bbox 2876 3435 3034 3504; x_wconf 89' lang='lat' dir='ltr'>aliis</span> <span class='ocrx_word' id='word_1_328' title='bbox 3098 3457 3181 3504; x_wconf 90' lang='lat' dir='ltr'>se</span> 
     </span>
     <span class='ocr_line' id='line_1_37' title="bbox 638 3524 3182 3616; baseline -0 -22"><span class='ocrx_word' id='word_1_329' title='bbox 638 3524 1098 3596; x_wconf 87' lang='lat' dir='ltr'>abscondebat</span> <span class='ocrx_word' id='word_1_330' title='bbox 1164 3526 1294 3595; x_wconf 87' lang='lat' dir='ltr'>sub</span> <span class='ocrx_word' id='word_1_331' title='bbox 1354 3526 1774 3613; x_wconf 87' lang='lat' dir='ltr'>quibusdam</span> <span class='ocrx_word' id='word_1_332' title='bbox 1837 3547 2223 3616; x_wconf 89' lang='lat' dir='ltr'>pannorum</span> <span class='ocrx_word' id='word_1_333' title='bbox 2292 3525 2800 3604; x_wconf 78' lang='lat' dir='ltr'>velaminibuS,</span> <span class='ocrx_word' id='word_1_334' title='bbox 2853 3546 3059 3593; x_wconf 89' lang='lat' dir='ltr'>orans</span> <span class='ocrx_word' id='word_1_335' title='bbox 3105 3537 3182 3593; x_wconf 90' lang='lat' dir='ltr'>et</span> 
     </span>
     <span class='ocr_line' id='line_1_38' title="bbox 639 3611 3180 3703; baseline -0.001 -21"><span class='ocrx_word' id='word_1_336' title='bbox 639 3614 814 3684; x_wconf 88' lang='lat' dir='ltr'>flens</span> <span class='ocrx_word' id='word_1_337' title='bbox 863 3628 997 3684; x_wconf 89' lang='lat' dir='ltr'>tam</span> <span class='ocrx_word' id='word_1_338' title='bbox 1053 3615 1372 3703; x_wconf 81' lang='lat' dir='ltr'>largiter,</span> <span class='ocrx_word' id='word_1_339' title='bbox 1417 3627 1494 3684; x_wconf 90' lang='lat' dir='ltr'>ut</span> <span class='ocrx_word' id='word_1_340' title='bbox 1546 3615 1830 3683; x_wconf 89' lang='lat' dir='ltr'>domina</span> <span class='ocrx_word' id='word_1_341' title='bbox 1878 3620 2066 3685; x_wconf 77' lang='lat' dir='ltr'>Anna</span> <span class='ocrx_word' id='word_1_342' title='bbox 2117 3636 2335 3684; x_wconf 90' lang='lat' dir='ltr'>nurus</span> <span class='ocrx_word' id='word_1_343' title='bbox 2382 3614 2556 3703; x_wconf 80' lang='lat' dir='ltr'>ejuS,</span> <span class='ocrx_word' id='word_1_344' title='bbox 2657 3613 2801 3682; x_wconf 89' lang='lat' dir='ltr'>acis</span> <span class='ocrx_word' id='word_1_345' title='bbox 2848 3611 3180 3683; x_wconf 87' lang='lat' dir='ltr'>osculum</span> 
     </span>
     <span class='ocr_line' id='line_1_39' title="bbox 640 3701 3184 3794; baseline -0.001 -23"><span class='ocrx_word' id='word_1_346' title='bbox 640 3704 772 3772; x_wconf 90' lang='lat' dir='ltr'>sub</span> <span class='ocrx_word' id='word_1_347' title='bbox 820 3703 1157 3774; x_wconf 88' lang='lat' dir='ltr'>sacrificio</span> <span class='ocrx_word' id='word_1_348' title='bbox 1203 3704 1291 3773; x_wconf 91' lang='lat' dir='ltr'>ab</span> <span class='ocrx_word' id='word_1_349' title='bbox 1337 3725 1416 3772; x_wconf 89' lang='lat' dir='ltr'>ea</span> <span class='ocrx_word' id='word_1_350' title='bbox 1463 3714 1854 3792; x_wconf 87' lang='lat' dir='ltr'>acceptura,</span> <span class='ocrx_word' id='word_1_351' title='bbox 1911 3703 2149 3775; x_wconf 92' lang='lat' dir='ltr'>oculos</span> <span class='ocrx_word' id='word_1_352' title='bbox 2195 3704 2345 3794; x_wconf 88' lang='lat' dir='ltr'>ejus</span> <span class='ocrx_word' id='word_1_353' title='bbox 2401 3723 2562 3792; x_wconf 91' lang='lat' dir='ltr'>prae</span> <span class='ocrx_word' id='word_1_354' title='bbox 2635 3701 2931 3788; x_wconf 76' lang='lat' dir='ltr'>acrymis</span> <span class='ocrx_word' id='word_1_355' title='bbox 2966 3701 3184 3787; x_wconf 82' lang='lat' dir='ltr'>quasi</span> 
     </span>
     <span class='ocr_line' id='line_1_40' title="bbox 640 3789 3177 3882; baseline -0.001 -23"><span class='ocrx_word' id='word_1_356' title='bbox 640 3805 981 3874; x_wconf 75' lang='lat' dir='ltr'>cruentoS,</span> <span class='ocrx_word' id='word_1_357' title='bbox 1034 3804 1098 3862; x_wconf 91' lang='lat' dir='ltr'>et</span> <span class='ocrx_word' id='word_1_358' title='bbox 1146 3791 1386 3862; x_wconf 83' lang='lat' dir='ltr'>faciem</span> <span class='ocrx_word' id='word_1_359' title='bbox 1440 3813 1604 3882; x_wconf 89' lang='lat' dir='ltr'>prae</span> <span class='ocrx_word' id='word_1_360' title='bbox 1650 3792 1817 3861; x_wconf 84' lang='lat' dir='ltr'>fletu</span> <span class='ocrx_word' id='word_1_361' title='bbox 1867 3792 2214 3862; x_wconf 87' lang='lat' dir='ltr'>madidam</span> <span class='ocrx_word' id='word_1_362' title='bbox 2260 3791 2521 3861; x_wconf 88' lang='lat' dir='ltr'>viderit.</span> <span class='ocrx_word' id='word_1_363' title='bbox 2575 3790 2864 3880; x_wconf 88' lang='lat' dir='ltr'>Saepius</span> <span class='ocrx_word' id='word_1_364' title='bbox 2907 3789 3118 3857; x_wconf 89' lang='lat' dir='ltr'>etiam</span> <span class='ocrx_word' id='word_1_365' title='bbox 3159 3844 3177 3866; x_wconf 90' lang='lat'>,</span> 
     </span>
     <span class='ocr_line' id='line_1_41' title="bbox 635 3876 3185 3972; baseline -0 -24"><span class='ocrx_word' id='word_1_366' title='bbox 635 3879 800 3950; x_wconf 91' lang='lat' dir='ltr'>dum</span> <span class='ocrx_word' id='word_1_367' title='bbox 851 3894 1027 3952; x_wconf 90' lang='lat' dir='ltr'>esset</span> <span class='ocrx_word' id='word_1_368' title='bbox 1076 3882 1145 3950; x_wconf 90' lang='lat' dir='ltr'>in</span> <span class='ocrx_word' id='word_1_369' title='bbox 1200 3879 1539 3972; x_wconf 90' lang='lat' dir='ltr'>precibus,</span> <span class='ocrx_word' id='word_1_370' title='bbox 1594 3880 1763 3950; x_wconf 88' lang='lat' dir='ltr'>vidit</span> <span class='ocrx_word' id='word_1_371' title='bbox 1809 3903 1956 3950; x_wconf 90' lang='lat' dir='ltr'>eam</span> <span class='ocrx_word' id='word_1_372' title='bbox 2011 3880 2211 3950; x_wconf 91' lang='lat' dir='ltr'>modo</span> <span class='ocrx_word' id='word_1_373' title='bbox 2249 3881 2469 3960; x_wconf 85' lang='lat' dir='ltr'>niveo,</span> <span class='ocrx_word' id='word_1_374' title='bbox 2510 3877 2712 3948; x_wconf 92' lang='lat' dir='ltr'>modo</span> <span class='ocrx_word' id='word_1_375' title='bbox 2744 3899 2936 3947; x_wconf 88' lang='lat' dir='ltr'>roseo</span> <span class='ocrx_word' id='word_1_376' title='bbox 2969 3876 3185 3947; x_wconf 87' lang='lat' dir='ltr'>vultu</span> 
     </span>
     <span class='ocr_line' id='line_1_42' title="bbox 633 3968 3185 4070; baseline -0.002 -32"><span class='ocrx_word' id='word_1_377' title='bbox 633 3990 992 4040; x_wconf 88' lang='lat' dir='ltr'>coruscam</span> <span class='ocrx_word' id='word_1_378' title='bbox 1030 4025 1045 4052; x_wconf 93' lang='lat'>,</span> <span class='ocrx_word' id='word_1_379' title='bbox 1098 3981 1164 4038; x_wconf 92' lang='lat' dir='ltr'>et</span> <span class='ocrx_word' id='word_1_380' title='bbox 1225 3969 1721 4060; x_wconf 90' lang='lat' dir='ltr'>propemodum</span> <span class='ocrx_word' id='word_1_381' title='bbox 1789 3969 2175 4070; x_wconf 80' lang='lat' dir='ltr'>Angelicam</span> <span class='ocrx_word' id='word_1_382' title='bbox 2237 3968 2476 4038; x_wconf 86' lang='lat' dir='ltr'>faciem</span> <span class='ocrx_word' id='word_1_383' title='bbox 2541 3979 3185 4056; x_wconf 84' lang='lat' dir='ltr'>repraesentantem</span> 
     </span>
     <span class='ocr_line' id='line_1_43' title="bbox 637 4058 3186 4148; baseline -0 -24"><span class='ocrx_word' id='word_1_384' title='bbox 637 4079 799 4146; x_wconf 92' lang='lat' dir='ltr'>prae</span> <span class='ocrx_word' id='word_1_385' title='bbox 815 4059 1064 4148; x_wconf 84' lang='lat' dir='ltr'>jubilo,</span> <span class='ocrx_word' id='word_1_386' title='bbox 1112 4059 1180 4127; x_wconf 92' lang='lat' dir='ltr'>in</span> <span class='ocrx_word' id='word_1_387' title='bbox 1223 4081 1359 4146; x_wconf 90' lang='lat' dir='ltr'>quo</span> <span class='ocrx_word' id='word_1_388' title='bbox 1399 4058 1820 4130; x_wconf 86' lang='lat' dir='ltr'>versabatur.</span> <span class='ocrx_word' id='word_1_389' title='bbox 1860 4063 2024 4148; x_wconf 68' lang='lat' dir='ltr'>Ejus</span> <span class='ocrx_word' id='word_1_390' title='bbox 2063 4059 2244 4127; x_wconf 92' lang='lat' dir='ltr'>enim</span> <span class='ocrx_word' id='word_1_391' title='bbox 2281 4063 2511 4126; x_wconf 80' lang='lat' dir='ltr'>Annae</span> <span class='ocrx_word' id='word_1_392' title='bbox 2540 4068 2985 4146; x_wconf 89' lang='lat' dir='ltr'>conspectum</span> <span class='ocrx_word' id='word_1_393' title='bbox 3029 4076 3186 4124; x_wconf 86' lang='lat' dir='ltr'>non</span> 
     </span>
     <span class='ocr_line' id='line_1_44' title="bbox 637 4142 3190 4238; baseline 0 -26"><span class='ocrx_word' id='word_1_394' title='bbox 637 4165 905 4235; x_wconf 90' lang='lat' dir='ltr'>semper</span> <span class='ocrx_word' id='word_1_395' title='bbox 937 4147 1055 4217; x_wconf 87' lang='lat' dir='ltr'>illa</span> <span class='ocrx_word' id='word_1_396' title='bbox 1103 4147 1469 4227; x_wconf 88' lang='lat' dir='ltr'>declinare,</span> <span class='ocrx_word' id='word_1_397' title='bbox 1515 4169 1636 4216; x_wconf 88' lang='lat' dir='ltr'>nec</span> <span class='ocrx_word' id='word_1_398' title='bbox 1679 4148 1951 4238; x_wconf 89' lang='lat' dir='ltr'>penitus</span> <span class='ocrx_word' id='word_1_399' title='bbox 1982 4145 2452 4237; x_wconf 83' lang='lat' dir='ltr'>subterfugere</span> <span class='ocrx_word' id='word_1_400' title='bbox 2486 4144 2730 4235; x_wconf 91' lang='lat' dir='ltr'>potuit,</span> <span class='ocrx_word' id='word_1_401' title='bbox 2773 4142 2957 4231; x_wconf 93' lang='lat' dir='ltr'>quod</span> <span class='ocrx_word' id='word_1_402' title='bbox 2991 4142 3190 4213; x_wconf 86' lang='lat' dir='ltr'>inter</span> 
     </span>
     <span class='ocr_line' id='line_1_45' title="bbox 637 4232 3188 4327; baseline -0 -25"><span class='ocrx_word' id='word_1_403' title='bbox 637 4253 878 4304; x_wconf 84' lang='lat' dir='ltr'>omnes</span> <span class='ocrx_word' id='word_1_404' title='bbox 906 4236 1197 4306; x_wconf 88' lang='lat' dir='ltr'>seminas</span> <span class='ocrx_word' id='word_1_405' title='bbox 1216 4235 1273 4305; x_wconf 92' lang='lat' dir='ltr'>ei</span> <span class='ocrx_word' id='word_1_406' title='bbox 1298 4248 1475 4307; x_wconf 88' lang='lat' dir='ltr'>esset</span> <span class='ocrx_word' id='word_1_407' title='bbox 1506 4236 1873 4327; x_wconf 88' lang='lat' dir='ltr'>praecipue</span> <span class='ocrx_word' id='word_1_408' title='bbox 1895 4234 2281 4315; x_wconf 84' lang='lat' dir='ltr'>familiaris,</span> <span class='ocrx_word' id='word_1_409' title='bbox 2313 4246 2377 4303; x_wconf 90' lang='lat' dir='ltr'>et</span> <span class='ocrx_word' id='word_1_410' title='bbox 2402 4232 2747 4322; x_wconf 89' lang='lat' dir='ltr'>intemplo</span> <span class='ocrx_word' id='word_1_411' title='bbox 2772 4233 2829 4301; x_wconf 91' lang='lat' dir='ltr'>ei</span> <span class='ocrx_word' id='word_1_412' title='bbox 2859 4232 3188 4322; x_wconf 85' lang='lat' dir='ltr'>proxime</span> 
     </span>
     <span class='ocr_line' id='line_1_46' title="bbox 640 4320 3188 4414; baseline 0.001 -26"><span class='ocrx_word' id='word_1_413' title='bbox 640 4321 982 4394; x_wconf 85' lang='lat' dir='ltr'>adstaret:</span> <span class='ocrx_word' id='word_1_414' title='bbox 1034 4346 1209 4411; x_wconf 87' lang='lat' dir='ltr'>quae</span> <span class='ocrx_word' id='word_1_415' title='bbox 1260 4345 1365 4393; x_wconf 90' lang='lat' dir='ltr'>res</span> <span class='ocrx_word' id='word_1_416' title='bbox 1405 4324 1472 4391; x_wconf 92' lang='lat' dir='ltr'>in</span> <span class='ocrx_word' id='word_1_417' title='bbox 1515 4346 1727 4395; x_wconf 91' lang='lat' dir='ltr'>causa</span> <span class='ocrx_word' id='word_1_418' title='bbox 1780 4322 1933 4404; x_wconf 79' lang='lat' dir='ltr'>fuit,</span> <span class='ocrx_word' id='word_1_419' title='bbox 1988 4337 2065 4394; x_wconf 91' lang='lat' dir='ltr'>ut</span> <span class='ocrx_word' id='word_1_420' title='bbox 2103 4322 2443 4414; x_wconf 86' lang='lat' dir='ltr'>spiritales</span> <span class='ocrx_word' id='word_1_421' title='bbox 2480 4320 2764 4391; x_wconf 87' lang='lat' dir='ltr'>delicias</span> <span class='ocrx_word' id='word_1_422' title='bbox 2809 4334 2875 4390; x_wconf 88' lang='lat' dir='ltr'>et</span> <span class='ocrx_word' id='word_1_423' title='bbox 2915 4320 3188 4391; x_wconf 86' lang='lat' dir='ltr'>mentis</span> 
     </span>
     <span class='ocr_line' id='line_1_47' title="bbox 640 4409 3194 4503; baseline -0 -24"><span class='ocrx_word' id='word_1_424' title='bbox 640 4409 991 4493; x_wconf 88' lang='lat' dir='ltr'>laetitiam,</span> <span class='ocrx_word' id='word_1_425' title='bbox 1035 4412 1289 4500; x_wconf 88' lang='lat' dir='ltr'>quibus</span> <span class='ocrx_word' id='word_1_426' title='bbox 1336 4411 1454 4482; x_wconf 88' lang='lat' dir='ltr'>illa</span> <span class='ocrx_word' id='word_1_427' title='bbox 1504 4413 1913 4503; x_wconf 88' lang='lat' dir='ltr'>potiebatur,</span> <span class='ocrx_word' id='word_1_428' title='bbox 1958 4433 2093 4482; x_wconf 89' lang='lat' dir='ltr'>non</span> <span class='ocrx_word' id='word_1_429' title='bbox 2144 4434 2297 4482; x_wconf 87' lang='lat' dir='ltr'>raro</span> <span class='ocrx_word' id='word_1_430' title='bbox 2344 4409 2933 4480; x_wconf 88' lang='lat' dir='ltr'>animadverteret.</span> <span class='ocrx_word' id='word_1_431' title='bbox 2988 4409 3194 4480; x_wconf 86' lang='lat' dir='ltr'>Vidit</span> 
     </span>
    </p>
   </div>
  </div>
 </body>
</html>
