<?xml version="1.0" encoding="UTF-8"?>
<!DOCTYPE html PUBLIC "-//W3C//DTD XHTML 1.0 Transitional//EN"
    "http://www.w3.org/TR/xhtml1/DTD/xhtml1-transitional.dtd">
<html xmlns="http://www.w3.org/1999/xhtml" xml:lang="en" lang="en">
 <head>
  <title>
</title>
<meta http-equiv="Content-Type" content="text/html;charset=utf-8" />
  <meta name='ocr-system' content='tesseract 3.04.00' />
  <meta name='ocr-capabilities' content='ocr_page ocr_carea ocr_par ocr_line ocrx_word'/>
</head>
<body>
  <div class='ocr_page' id='page_1' title='image "./historiaeseuvit03lippgoog_0174.png"; bbox 0 0 3347 4999; ppageno 0'>
   <div class='ocr_carea' id='block_1_1' title="bbox 700 284 3183 351">
    <p class='ocr_par' dir='ltr' id='par_1_1' title="bbox 700 284 3183 351">
     <span class='ocr_line' id='line_1_1' title="bbox 700 284 3183 351; baseline -0.001 -2"><span class='ocrx_word' id='word_1_1' title='bbox 700 288 823 351; x_wconf 72' lang='lat'><strong>⁴52</strong></span> <span class='ocrx_word' id='word_1_2' title='bbox 1469 304 1547 351; x_wconf 75' lang='lat' dir='ltr'><strong>ns</strong></span> <span class='ocrx_word' id='word_1_3' title='bbox 1596 302 1650 351; x_wconf 89' lang='lat' dir='ltr'><strong>s.</strong></span> <span class='ocrx_word' id='word_1_4' title='bbox 1711 301 2052 350; x_wconf 66' lang='lat' dir='ltr'><strong>raANmsco</strong></span> <span class='ocrx_word' id='word_1_5' title='bbox 2101 301 2284 350; x_wconf 68' lang='lat' dir='ltr'><strong>coar.</strong></span> <span class='ocrx_word' id='word_1_6' title='bbox 2891 284 3080 350; x_wconf 85' lang='lat' dir='ltr'><strong>OCT.</strong></span> <span class='ocrx_word' id='word_1_7' title='bbox 3143 285 3183 348; x_wconf 70' lang='lat'><strong>4</strong></span> 
     </span>
    </p>
   </div>
   <div class='ocr_carea' id='block_1_2' title="bbox 1008 493 2740 582">
    <p class='ocr_par' dir='ltr' id='par_1_2' title="bbox 1008 493 2740 582">
     <span class='ocr_line' id='line_1_2' title="bbox 1008 493 2740 582; baseline -0.001 -18"><span class='ocrx_word' id='word_1_8' title='bbox 1008 501 1097 564; x_wconf 82' lang='lat' dir='ltr'><strong>De</strong></span> <span class='ocrx_word' id='word_1_9' title='bbox 1157 497 1416 581; x_wconf 77' lang='lat' dir='ltr'><strong>fervore</strong></span> <span class='ocrx_word' id='word_1_10' title='bbox 1470 494 1848 572; x_wconf 55' lang='lat' dir='ltr'><strong>charitatis,</strong></span> <span class='ocrx_word' id='word_1_11' title='bbox 1911 503 1972 562; x_wconf 76' lang='lat' dir='ltr'><strong>et</strong></span> <span class='ocrx_word' id='word_1_12' title='bbox 2021 493 2346 561; x_wconf 76' lang='lat' dir='ltr'><strong>desiderio</strong></span> <span class='ocrx_word' id='word_1_13' title='bbox 2396 496 2740 582; x_wconf 75' lang='lat' dir='ltr'><strong>martyrii.</strong></span> 
     </span>
    </p>
   </div>
   <div class='ocr_carea' id='block_1_3' title="bbox 586 652 3182 4468">
    <p class='ocr_par' dir='ltr' id='par_1_3' title="bbox 595 652 3182 3490">
     <span class='ocr_line' id='line_1_3' title="bbox 684 652 3182 815; baseline -0.002 -86"><span class='ocrx_word' id='word_1_14' title='bbox 684 661 728 815; x_wconf 63' lang='grc' dir='ltr'><strong><em>Ξ</em></strong></span> <span class='ocrx_word' id='word_1_15' title='bbox 776 661 936 730; x_wconf 71' lang='grc'><strong>59.</strong></span> <span class='ocrx_word' id='word_1_16' title='bbox 993 656 1398 726; x_wconf 87' lang='lat' dir='ltr'><strong>Charitatem</strong></span> <span class='ocrx_word' id='word_1_17' title='bbox 1453 652 1849 736; x_wconf 81' lang='lat' dir='ltr'><strong>ferventem,</strong></span> <span class='ocrx_word' id='word_1_18' title='bbox 1903 674 2042 739; x_wconf 87' lang='lat' dir='ltr'><strong>qua</strong></span> <span class='ocrx_word' id='word_1_19' title='bbox 2105 653 2354 742; x_wconf 89' lang='lat' dir='ltr'><strong>Sponsi</strong></span> <span class='ocrx_word' id='word_1_20' title='bbox 2414 654 2684 723; x_wconf 90' lang='lat' dir='ltr'><strong>amicus</strong></span> <span class='ocrx_word' id='word_1_21' title='bbox 2741 654 3182 724; x_wconf 88' lang='lat' dir='ltr'><strong>Franciscus</strong></span> 
     </span>
     <span class='ocr_line' id='line_1_4' title="bbox 603 741 3177 832; baseline -0.001 -16"><span class='ocrx_word' id='word_1_22' title='bbox 603 768 680 817; x_wconf 91' lang='lat' dir='ltr'><strong>ar</strong></span> <span class='ocrx_word' id='word_1_23' title='bbox 732 746 910 826; x_wconf 90' lang='lat' dir='ltr'><strong>ebat,</strong></span> <span class='ocrx_word' id='word_1_24' title='bbox 961 745 1119 832; x_wconf 88' lang='lat' dir='ltr'><strong>quis</strong></span> <span class='ocrx_word' id='word_1_25' title='bbox 1167 764 1488 814; x_wconf 89' lang='lat' dir='ltr'><strong>enarrare</strong></span> <span class='ocrx_word' id='word_1_26' title='bbox 1536 741 1879 813; x_wconf 79' lang='lat' dir='ltr'><strong>sufficiat?</strong></span> <span class='ocrx_word' id='word_1_27' title='bbox 1927 748 2133 811; x_wconf 85' lang='lat' dir='ltr'><strong>Totus</strong></span> <span class='ocrx_word' id='word_1_28' title='bbox 2196 763 2543 829; x_wconf 89' lang='lat' dir='ltr'><strong>namque,</strong></span> <span class='ocrx_word' id='word_1_29' title='bbox 2611 742 2810 829; x_wconf 89' lang='lat' dir='ltr'><strong>quasi</strong></span> <span class='ocrx_word' id='word_1_30' title='bbox 2863 742 3177 830; x_wconf 89' lang='lat' dir='ltr'><strong>quidam</strong></span> 
     </span>
     <span class='ocr_line' id='line_1_5' title="bbox 601 829 3179 920; baseline -0.001 -14"><span class='ocrx_word' id='word_1_31' title='bbox 601 835 808 906; x_wconf 90' lang='lat' dir='ltr'><strong>carbo</strong></span> <span class='ocrx_word' id='word_1_32' title='bbox 859 836 874 902; x_wconf 93' lang='lat' dir='ltr'><strong>i</strong></span> <span class='ocrx_word' id='word_1_33' title='bbox 934 835 1139 914; x_wconf 82' lang='lat' dir='ltr'><strong>nituS,</strong></span> <span class='ocrx_word' id='word_1_34' title='bbox 1179 831 1397 901; x_wconf 89' lang='lat' dir='ltr'><strong>divini</strong></span> <span class='ocrx_word' id='word_1_35' title='bbox 1448 831 1708 901; x_wconf 91' lang='lat' dir='ltr'><strong>amoris</strong></span> <span class='ocrx_word' id='word_1_36' title='bbox 1744 831 2026 902; x_wconf 86' lang='lat' dir='ltr'><strong>flamma</strong></span> <span class='ocrx_word' id='word_1_37' title='bbox 2060 829 2420 901; x_wconf 90' lang='lat' dir='ltr'><strong>videbatur</strong></span> <span class='ocrx_word' id='word_1_38' title='bbox 2459 831 2851 920; x_wconf 78' lang='lat' dir='ltr'><strong>absorptus,</strong></span> <span class='ocrx_word' id='word_1_39' title='bbox 2912 831 3179 903; x_wconf 91' lang='lat' dir='ltr'><strong>Subito</strong></span> 
     </span>
     <span class='ocr_line' id='line_1_6' title="bbox 598 918 3180 1002; baseline -0.001 -9"><span class='ocrx_word' id='word_1_40' title='bbox 598 925 783 994; x_wconf 89' lang='lat' dir='ltr'><strong>enim</strong></span> <span class='ocrx_word' id='word_1_41' title='bbox 824 945 863 992; x_wconf 90' lang='lat' dir='ltr'><strong>a</strong></span> <span class='ocrx_word' id='word_1_42' title='bbox 939 922 1254 992; x_wconf 91' lang='lat' dir='ltr'><strong>auditum</strong></span> <span class='ocrx_word' id='word_1_43' title='bbox 1290 920 1548 989; x_wconf 91' lang='lat' dir='ltr'><strong>amoris</strong></span> <span class='ocrx_word' id='word_1_44' title='bbox 1578 919 1849 989; x_wconf 86' lang='lat' dir='ltr'>Domini</span> <span class='ocrx_word' id='word_1_45' title='bbox 1897 918 2344 1002; x_wconf 82' lang='lat' dir='ltr'><strong>excitabatur,</strong></span> <span class='ocrx_word' id='word_1_46' title='bbox 2377 919 2828 1001; x_wconf 87' lang='lat' dir='ltr'><strong>afficiebatur,</strong></span> <span class='ocrx_word' id='word_1_47' title='bbox 2882 920 3180 990; x_wconf 83' lang='lat' dir='ltr'><strong>inflam-</strong></span> 
     </span>
     <span class='ocr_line' id='line_1_7' title="bbox 602 1008 3178 1098; baseline -0 -17"><span class='ocrx_word' id='word_1_48' title='bbox 602 1012 942 1091; x_wconf 89' lang='lat' dir='ltr'><strong>mabatur,</strong></span> <span class='ocrx_word' id='word_1_49' title='bbox 994 1010 1196 1098; x_wconf 81' lang='lat' dir='ltr'>quasi</span> <span class='ocrx_word' id='word_1_50' title='bbox 1249 1008 1504 1097; x_wconf 90' lang='lat' dir='ltr'><strong>plectro</strong></span> <span class='ocrx_word' id='word_1_51' title='bbox 1583 1008 1768 1077; x_wconf 90' lang='lat' dir='ltr'><strong>vocis</strong></span> <span class='ocrx_word' id='word_1_52' title='bbox 1816 1008 2197 1078; x_wconf 84' lang='lat' dir='ltr'><strong>extrinseca</strong></span> <span class='ocrx_word' id='word_1_53' title='bbox 2265 1008 2528 1078; x_wconf 89' lang='lat' dir='ltr'><strong>chorda</strong></span> <span class='ocrx_word' id='word_1_54' title='bbox 2585 1009 2815 1080; x_wconf 91' lang='lat' dir='ltr'><strong>cordis</strong></span> <span class='ocrx_word' id='word_1_55' title='bbox 2868 1009 3178 1080; x_wconf 90' lang='lat' dir='ltr'><strong>interior</strong></span> 
     </span>
     <span class='ocr_line' id='line_1_8' title="bbox 600 1096 3173 1198; baseline -0 -27"><span class='ocrx_word' id='word_1_56' title='bbox 600 1113 1017 1190; x_wconf 81' lang='lat' dir='ltr'><strong>tangeretur.</strong></span> <span class='ocrx_word' id='word_1_57' title='bbox 1054 1098 1281 1167; x_wconf 86' lang='lat' dir='ltr'><strong>Talem</strong></span> <span class='ocrx_word' id='word_1_58' title='bbox 1336 1119 1456 1187; x_wconf 87' lang='lat' dir='ltr'><strong>pro</strong></span> <span class='ocrx_word' id='word_1_59' title='bbox 1504 1096 1958 1198; x_wconf 78' lang='lat' dir='ltr'><strong>eleemosynis</strong></span> <span class='ocrx_word' id='word_1_60' title='bbox 1989 1118 2276 1167; x_wconf 91' lang='lat' dir='ltr'><strong>censum</strong></span> <span class='ocrx_word' id='word_1_61' title='bbox 2326 1098 2592 1178; x_wconf 82' lang='lat' dir='ltr'><strong>offerre,</strong></span> <span class='ocrx_word' id='word_1_62' title='bbox 2650 1098 2959 1169; x_wconf 91' lang='lat' dir='ltr'><strong>nobilem</strong></span> <span class='ocrx_word' id='word_1_63' title='bbox 3005 1122 3173 1189; x_wconf 87' lang='lat' dir='ltr'><strong>pro-</strong></span> 
     </span>
     <span class='ocr_line' id='line_1_9' title="bbox 600 1185 3175 1280; baseline -0 -21"><span class='ocrx_word' id='word_1_64' title='bbox 600 1189 1021 1280; x_wconf 89' lang='lat' dir='ltr'><strong>digalitatem</strong></span> <span class='ocrx_word' id='word_1_65' title='bbox 1072 1187 1365 1265; x_wconf 89' lang='lat' dir='ltr'><strong>dicebat,</strong></span> <span class='ocrx_word' id='word_1_66' title='bbox 1411 1198 1477 1254; x_wconf 89' lang='lat' dir='ltr'><strong>et</strong></span> <span class='ocrx_word' id='word_1_67' title='bbox 1522 1206 1661 1265; x_wconf 62' lang='grc' dir='ltr'><strong>θος,</strong></span> <span class='ocrx_word' id='word_1_68' title='bbox 1707 1206 1829 1272; x_wconf 83' lang='lat' dir='ltr'><strong>qut</strong></span> <span class='ocrx_word' id='word_1_69' title='bbox 1865 1185 2144 1256; x_wconf 89' lang='lat' dir='ltr'><strong>minusi</strong></span> <span class='ocrx_word' id='word_1_70' title='bbox 2199 1209 2380 1268; x_wconf 89' lang='lat' dir='ltr'><strong>sum,</strong></span> <span class='ocrx_word' id='word_1_71' title='bbox 2432 1209 2639 1275; x_wconf 87' lang='lat' dir='ltr'><strong>quam</strong></span> <span class='ocrx_word' id='word_1_72' title='bbox 2694 1187 3029 1257; x_wconf 87' lang='lat' dir='ltr'><strong>denarios</strong></span> <span class='ocrx_word' id='word_1_73' title='bbox 3060 1211 3175 1258; x_wconf 89' lang='lat' dir='ltr'><strong>re-</strong></span> 
     </span>
     <span class='ocr_line' id='line_1_10' title="bbox 602 1274 3176 1367; baseline -0.001 -20"><span class='ocrx_word' id='word_1_74' title='bbox 602 1291 945 1367; x_wconf 75' lang='lat' dir='ltr'><strong>putarent,</strong></span> <span class='ocrx_word' id='word_1_75' title='bbox 1002 1298 1149 1345; x_wconf 88' lang='lat' dir='ltr'><strong>esse</strong></span> <span class='ocrx_word' id='word_1_76' title='bbox 1184 1274 1653 1356; x_wconf 78' lang='lat' dir='ltr'><strong>stultissimos,</strong></span> <span class='ocrx_word' id='word_1_77' title='bbox 1712 1296 1834 1363; x_wconf 92' lang='lat' dir='ltr'><strong>pro</strong></span> <span class='ocrx_word' id='word_1_78' title='bbox 1881 1296 1960 1345; x_wconf 92' lang='lat' dir='ltr'><strong>eo</strong></span> <span class='ocrx_word' id='word_1_79' title='bbox 1992 1296 2129 1362; x_wconf 89' lang='lat' dir='ltr'><strong>quo</strong></span> <span class='ocrx_word' id='word_1_80' title='bbox 2209 1274 2427 1346; x_wconf 90' lang='lat' dir='ltr'><strong>solius</strong></span> <span class='ocrx_word' id='word_1_81' title='bbox 2466 1275 2683 1344; x_wconf 91' lang='lat' dir='ltr'><strong>divini</strong></span> <span class='ocrx_word' id='word_1_82' title='bbox 2720 1278 2990 1346; x_wconf 83' lang='lat' dir='ltr'><strong>amoris</strong></span> <span class='ocrx_word' id='word_1_83' title='bbox 3041 1278 3176 1345; x_wconf 88' lang='lat' dir='ltr'><strong>im-</strong></span> 
     </span>
     <span class='ocr_line' id='line_1_11' title="bbox 607 1362 3166 1455; baseline -0.001 -20"><span class='ocrx_word' id='word_1_84' title='bbox 607 1367 961 1455; x_wconf 89' lang='lat' dir='ltr'><strong>pretiabile</strong></span> <span class='ocrx_word' id='word_1_85' title='bbox 1005 1365 1327 1454; x_wconf 90' lang='lat' dir='ltr'><strong>pretium,</strong></span> <span class='ocrx_word' id='word_1_86' title='bbox 1373 1362 1457 1433; x_wconf 88' lang='lat' dir='ltr'><strong>ad</strong></span> <span class='ocrx_word' id='word_1_87' title='bbox 1515 1384 1801 1452; x_wconf 85' lang='lat' dir='ltr'><strong>regnum</strong></span> <span class='ocrx_word' id='word_1_88' title='bbox 1841 1363 2188 1433; x_wconf 90' lang='lat' dir='ltr'><strong>coelorum</strong></span> <span class='ocrx_word' id='word_1_89' title='bbox 2225 1363 2523 1433; x_wconf 87' lang='lat' dir='ltr'><strong>sufficiat</strong></span> <span class='ocrx_word' id='word_1_90' title='bbox 2561 1364 3166 1454; x_wconf 89' lang='lat' dir='ltr'><strong>comparandum,</strong></span> 
     </span>
     <span class='ocr_line' id='line_1_12' title="bbox 599 1450 3170 1542; baseline -0.001 -18"><span class='ocrx_word' id='word_1_91' title='bbox 599 1468 664 1524; x_wconf 88' lang='lat' dir='ltr'><strong>et</strong></span> <span class='ocrx_word' id='word_1_92' title='bbox 711 1456 884 1542; x_wconf 78' lang='lat' dir='ltr'><strong>eJ&#39;us,</strong></span> <span class='ocrx_word' id='word_1_93' title='bbox 923 1454 1043 1541; x_wconf 84' lang='lat' dir='ltr'><strong>qui</strong></span> <span class='ocrx_word' id='word_1_94' title='bbox 1086 1474 1211 1522; x_wconf 94' lang='lat' dir='ltr'><strong>nos</strong></span> <span class='ocrx_word' id='word_1_95' title='bbox 1264 1451 1562 1522; x_wconf 89' lang='lat' dir='ltr'><strong>multum</strong></span> <span class='ocrx_word' id='word_1_96' title='bbox 1604 1451 1880 1524; x_wconf 85' lang='lat' dir='ltr'><strong>amavit.</strong></span> <span class='ocrx_word' id='word_1_97' title='bbox 1938 1450 2234 1521; x_wconf 91' lang='lat' dir='ltr'><strong>multum</strong></span> <span class='ocrx_word' id='word_1_98' title='bbox 2272 1453 2361 1521; x_wconf 91' lang='lat' dir='ltr'><strong>sit</strong></span> <span class='ocrx_word' id='word_1_99' title='bbox 2393 1473 2589 1521; x_wconf 89' lang='lat' dir='ltr'><strong>amor</strong></span> <span class='ocrx_word' id='word_1_100' title='bbox 2641 1452 3021 1522; x_wconf 78' lang='lat' dir='ltr'><strong>amandus,</strong></span> <span class='ocrx_word' id='word_1_101' title='bbox 3085 1458 3170 1522; x_wconf 92' lang='lat' dir='ltr'><strong>Ut</strong></span> 
     </span>
     <span class='ocr_line' id='line_1_13' title="bbox 602 1539 3168 1619; baseline -0 -8"><span class='ocrx_word' id='word_1_102' title='bbox 602 1557 829 1612; x_wconf 86' lang='lat' dir='ltr'><strong>autem</strong></span> <span class='ocrx_word' id='word_1_103' title='bbox 879 1565 958 1612; x_wconf 82' lang='lat' dir='ltr'><strong>ex</strong></span> <span class='ocrx_word' id='word_1_104' title='bbox 991 1543 1343 1611; x_wconf 84' lang='lat' dir='ltr'><strong>omnibus·</strong></span> <span class='ocrx_word' id='word_1_105' title='bbox 1364 1540 1775 1609; x_wconf 87' lang='lat' dir='ltr'><strong>excitaretur</strong></span> <span class='ocrx_word' id='word_1_106' title='bbox 1807 1541 1890 1609; x_wconf 88' lang='lat' dir='ltr'><strong>ad</strong></span> <span class='ocrx_word' id='word_1_107' title='bbox 1943 1561 2244 1610; x_wconf 88' lang='lat' dir='ltr'><strong>amorem</strong></span> <span class='ocrx_word' id='word_1_108' title='bbox 2281 1539 2622 1619; x_wconf 88' lang='lat' dir='ltr'><strong>divinum,</strong></span> <span class='ocrx_word' id='word_1_109' title='bbox 2675 1539 3042 1611; x_wconf 83' lang='lat' dir='ltr'><strong>exultabat</strong></span> <span class='ocrx_word' id='word_1_110' title='bbox 3095 1544 3168 1610; x_wconf 90' lang='lat' dir='ltr'><strong>in</strong></span> 
     </span>
     <span class='ocr_line' id='line_1_14' title="bbox 598 1627 3166 1721; baseline -0.001 -21"><span class='ocrx_word' id='word_1_111' title='bbox 598 1633 868 1702; x_wconf 89' lang='lat' dir='ltr'><strong>cunctis</strong></span> <span class='ocrx_word' id='word_1_112' title='bbox 906 1632 1232 1721; x_wconf 85' lang='lat' dir='ltr'><strong>operibus</strong></span> <span class='ocrx_word' id='word_1_113' title='bbox 1266 1650 1601 1698; x_wconf 89' lang='lat' dir='ltr'><strong>manuum</strong></span> <span class='ocrx_word' id='word_1_114' title='bbox 1642 1629 1937 1710; x_wconf 87' lang='lat' dir='ltr'>Domini,</span> <span class='ocrx_word' id='word_1_115' title='bbox 1975 1641 2041 1698; x_wconf 90' lang='lat' dir='ltr'><strong>et</strong></span> <span class='ocrx_word' id='word_1_116' title='bbox 2071 1651 2190 1719; x_wconf 90' lang='lat' dir='ltr'><strong>per</strong></span> <span class='ocrx_word' id='word_1_117' title='bbox 2229 1627 2693 1717; x_wconf 85' lang='lat' dir='ltr'><strong>jucunditatis</strong></span> <span class='ocrx_word' id='word_1_118' title='bbox 2741 1629 3040 1717; x_wconf 89' lang='lat' dir='ltr'><strong>specula</strong></span> <span class='ocrx_word' id='word_1_119' title='bbox 3095 1631 3166 1698; x_wconf 90' lang='lat' dir='ltr'><strong>in</strong></span> 
     </span>
     <span class='ocr_line' id='line_1_15' title="bbox 598 1716 3168 1808; baseline 0.001 -23"><span class='ocrx_word' id='word_1_120' title='bbox 598 1721 935 1789; x_wconf 82' lang='lat' dir='ltr'><strong>vivificam</strong></span> <span class='ocrx_word' id='word_1_121' title='bbox 986 1719 1447 1808; x_wconf 84' lang='lat' dir='ltr'><strong>consurgebat</strong></span> <span class='ocrx_word' id='word_1_122' title='bbox 1496 1718 1827 1787; x_wconf 90' lang='lat' dir='ltr'><strong>rationem</strong></span> <span class='ocrx_word' id='word_1_123' title='bbox 1870 1732 1936 1787; x_wconf 92' lang='lat' dir='ltr'><strong>et</strong></span> <span class='ocrx_word' id='word_1_124' title='bbox 1982 1739 2289 1788; x_wconf 88' lang='lat' dir='ltr'><strong>causam.</strong></span> <span class='ocrx_word' id='word_1_125' title='bbox 2346 1716 2808 1787; x_wconf 74' lang='lat' dir='ltr'><strong>contuebatur</strong></span> <span class='ocrx_word' id='word_1_126' title='bbox 2862 1718 2934 1786; x_wconf 93' lang='lat' dir='ltr'><strong>in</strong></span> <span class='ocrx_word' id='word_1_127' title='bbox 2999 1719 3168 1807; x_wconf 90' lang='lat' dir='ltr'><strong>pul-</strong></span> 
     </span>
     <span class='ocr_line' id='line_1_16' title="bbox 597 1806 3167 1906; baseline -0 -29"><span class='ocrx_word' id='word_1_128' title='bbox 597 1809 734 1878; x_wconf 87' lang='lat' dir='ltr'><strong>cris</strong></span> <span class='ocrx_word' id='word_1_129' title='bbox 775 1808 1374 1886; x_wconf 86' lang='lat' dir='ltr'><strong>Pulcherrimum‚</strong></span> <span class='ocrx_word' id='word_1_130' title='bbox 1418 1819 1485 1876; x_wconf 91' lang='lat' dir='ltr'><strong>et</strong></span> <span class='ocrx_word' id='word_1_131' title='bbox 1533 1829 1651 1895; x_wconf 88' lang='lat' dir='ltr'><strong>per</strong></span> <span class='ocrx_word' id='word_1_132' title='bbox 1715 1807 2054 1898; x_wconf 90' lang='lat' dir='ltr'><strong>impressa</strong></span> <span class='ocrx_word' id='word_1_133' title='bbox 2102 1808 2309 1878; x_wconf 90' lang='lat' dir='ltr'><strong>rebus</strong></span> <span class='ocrx_word' id='word_1_134' title='bbox 2362 1806 2684 1897; x_wconf 85' lang='lat' dir='ltr'><strong>vestigia,</strong></span> <span class='ocrx_word' id='word_1_135' title='bbox 2768 1828 3167 1906; x_wconf 87' lang='lat' dir='ltr'><strong>proseque-</strong></span> 
     </span>
     <span class='ocr_line' id='line_1_17' title="bbox 600 1894 3171 1986; baseline -0.001 -19"><span class='ocrx_word' id='word_1_136' title='bbox 600 1897 805 1968; x_wconf 89' lang='lat' dir='ltr'><strong>batur</strong></span> <span class='ocrx_word' id='word_1_137' title='bbox 851 1898 1111 1985; x_wconf 88' lang='lat' dir='ltr'><strong>ubique</strong></span> <span class='ocrx_word' id='word_1_138' title='bbox 1159 1895 1538 1975; x_wconf 84' lang='lat' dir='ltr'><strong>Dilectum,</strong></span> <span class='ocrx_word' id='word_1_139' title='bbox 1595 1895 1680 1965; x_wconf 93' lang='lat' dir='ltr'><strong>de</strong></span> <span class='ocrx_word' id='word_1_140' title='bbox 1750 1897 2078 1966; x_wconf 86' lang='lat' dir='ltr'><strong>omnibus</strong></span> <span class='ocrx_word' id='word_1_141' title='bbox 2138 1895 2267 1966; x_wconf 88' lang='lat' dir='ltr'><strong>sibi</strong></span> <span class='ocrx_word' id='word_1_142' title='bbox 2331 1895 2590 1965; x_wconf 89' lang='lat' dir='ltr'><strong>scalam</strong></span> <span class='ocrx_word' id='word_1_143' title='bbox 2656 1894 2954 1974; x_wconf 80' lang='lat' dir='ltr'><strong>faciens,</strong></span> <span class='ocrx_word' id='word_1_144' title='bbox 3045 1919 3171 1986; x_wconf 85' lang='lat' dir='ltr'><strong>per</strong></span> 
     </span>
     <span class='ocr_line' id='line_1_18' title="bbox 597 1983 3169 2074; baseline -0 -19"><span class='ocrx_word' id='word_1_145' title='bbox 597 2008 803 2073; x_wconf 88' lang='lat' dir='ltr'><strong>quam</strong></span> <span class='ocrx_word' id='word_1_146' title='bbox 854 1984 1344 2056; x_wconf 84' lang='lat' dir='ltr'><strong>conscenderet</strong></span> <span class='ocrx_word' id='word_1_147' title='bbox 1390 1984 1475 2054; x_wconf 91' lang='lat' dir='ltr'><strong>ad</strong></span> <span class='ocrx_word' id='word_1_148' title='bbox 1526 1984 2190 2074; x_wconf 89' lang='lat' dir='ltr'><strong>apprehendendum</strong></span> <span class='ocrx_word' id='word_1_149' title='bbox 2239 2006 2426 2065; x_wconf 86' lang='lat' dir='ltr'><strong>eum,</strong></span> <span class='ocrx_word' id='word_1_150' title='bbox 2477 1984 2600 2071; x_wconf 90' lang='lat' dir='ltr'><strong>qui</strong></span> <span class='ocrx_word' id='word_1_151' title='bbox 2646 1997 2746 2053; x_wconf 91' lang='lat' dir='ltr'><strong>est</strong></span> <span class='ocrx_word' id='word_1_152' title='bbox 2792 1983 3169 2054; x_wconf 88' lang='lat' dir='ltr'><strong>desidera-</strong></span> 
     </span>
     <span class='ocr_line' id='line_1_19' title="bbox 596 2071 3164 2161; baseline -0.001 -18"><span class='ocrx_word' id='word_1_153' title='bbox 596 2075 756 2144; x_wconf 91' lang='lat' dir='ltr'><strong>bilis</strong></span> <span class='ocrx_word' id='word_1_154' title='bbox 807 2087 1009 2144; x_wconf 87' lang='lat' dir='ltr'><strong>totus.</strong></span> <span class='ocrx_word' id='word_1_155' title='bbox 1063 2074 1424 2144; x_wconf 84' lang='lat' dir='ltr'><strong>Inauditae</strong></span> <span class='ocrx_word' id='word_1_156' title='bbox 1472 2095 1768 2161; x_wconf 87' lang='lat' dir='ltr'><strong>namque</strong></span> <span class='ocrx_word' id='word_1_157' title='bbox 1832 2072 2213 2143; x_wconf 90' lang='lat' dir='ltr'><strong>devotionis</strong></span> <span class='ocrx_word' id='word_1_158' title='bbox 2260 2072 2510 2142; x_wconf 82' lang='lat' dir='ltr'><strong>affectu</strong></span> <span class='ocrx_word' id='word_1_159' title='bbox 2565 2071 2892 2142; x_wconf 87' lang='lat' dir='ltr'><strong>fontalem</strong></span> <span class='ocrx_word' id='word_1_160' title='bbox 2954 2072 3164 2142; x_wconf 86' lang='lat' dir='ltr'><strong>illam</strong></span> 
     </span>
     <span class='ocr_line' id='line_1_20' title="bbox 605 2160 3162 2251; baseline -0 -19"><span class='ocrx_word' id='word_1_161' title='bbox 605 2163 976 2233; x_wconf 89' lang='lat' dir='ltr'><strong>bonitatem</strong></span> <span class='ocrx_word' id='word_1_162' title='bbox 1022 2163 1089 2232; x_wconf 95' lang='lat' dir='ltr'><strong>in</strong></span> <span class='ocrx_word' id='word_1_163' title='bbox 1126 2164 1458 2233; x_wconf 87' lang='lat' dir='ltr'><strong>creaturis</strong></span> <span class='ocrx_word' id='word_1_164' title='bbox 1507 2163 1824 2251; x_wconf 80' lang='lat' dir='ltr'><strong>singuliS,</strong></span> <span class='ocrx_word' id='word_1_165' title='bbox 1885 2175 2232 2249; x_wconf 89' lang='lat' dir='ltr'><strong>tamquam</strong></span> <span class='ocrx_word' id='word_1_166' title='bbox 2285 2161 2353 2229; x_wconf 92' lang='lat' dir='ltr'><strong>in</strong></span> <span class='ocrx_word' id='word_1_167' title='bbox 2398 2160 2640 2230; x_wconf 87' lang='lat' dir='ltr'><strong>rivulis</strong></span> <span class='ocrx_word' id='word_1_168' title='bbox 2686 2161 3162 2251; x_wconf 88' lang='lat' dir='ltr'><strong>degustabat,</strong></span> 
     </span>
     <span class='ocr_line' id='line_1_21' title="bbox 598 2248 3164 2340; baseline -0.001 -19"><span class='ocrx_word' id='word_1_169' title='bbox 598 2266 663 2322; x_wconf 90' lang='lat' dir='ltr'><strong>et</strong></span> <span class='ocrx_word' id='word_1_170' title='bbox 700 2252 900 2338; x_wconf 89' lang='lat' dir='ltr'><strong>quasi</strong></span> <span class='ocrx_word' id='word_1_171' title='bbox 940 2252 1296 2321; x_wconf 85' lang='lat' dir='ltr'><strong>coelestem</strong></span> <span class='ocrx_word' id='word_1_172' title='bbox 1339 2265 1748 2320; x_wconf 89' lang='lat' dir='ltr'><strong>concentum</strong></span> <span class='ocrx_word' id='word_1_173' title='bbox 1791 2251 2169 2340; x_wconf 85' lang='lat' dir='ltr'><strong>perciperet</strong></span> <span class='ocrx_word' id='word_1_174' title='bbox 2200 2248 2267 2317; x_wconf 90' lang='lat' dir='ltr'><strong>in</strong></span> <span class='ocrx_word' id='word_1_175' title='bbox 2310 2249 2761 2319; x_wconf 87' lang='lat' dir='ltr'><strong>consonantia</strong></span> <span class='ocrx_word' id='word_1_176' title='bbox 2809 2251 3164 2321; x_wconf 86' lang='lat' dir='ltr'><strong>virtutum</strong></span> 
     </span>
     <span class='ocr_line' id='line_1_22' title="bbox 599 2336 3166 2429; baseline -0 -19"><span class='ocrx_word' id='word_1_177' title='bbox 599 2354 665 2410; x_wconf 92' lang='lat' dir='ltr'><strong>et</strong></span> <span class='ocrx_word' id='word_1_178' title='bbox 713 2353 990 2408; x_wconf 88' lang='lat' dir='ltr'><strong>actuum</strong></span> <span class='ocrx_word' id='word_1_179' title='bbox 1040 2341 1141 2411; x_wconf 90' lang='lat' dir='ltr'><strong>eis</strong></span> <span class='ocrx_word' id='word_1_180' title='bbox 1209 2340 1525 2409; x_wconf 91' lang='lat' dir='ltr'><strong>datorum</strong></span> <span class='ocrx_word' id='word_1_181' title='bbox 1577 2362 1611 2408; x_wconf 91' lang='lat' dir='ltr'><strong>a</strong></span> <span class='ocrx_word' id='word_1_182' title='bbox 1668 2343 1822 2419; x_wconf 87' lang='lat' dir='ltr'><strong>De0‚</strong></span> <span class='ocrx_word' id='word_1_183' title='bbox 1877 2339 2063 2429; x_wconf 88' lang='lat' dir='ltr'><strong>ipsas</strong></span> <span class='ocrx_word' id='word_1_184' title='bbox 2126 2336 2208 2406; x_wconf 91' lang='lat' dir='ltr'><strong>ad</strong></span> <span class='ocrx_word' id='word_1_185' title='bbox 2285 2337 2557 2407; x_wconf 89' lang='lat' dir='ltr'><strong>laudem</strong></span> <span class='ocrx_word' id='word_1_186' title='bbox 2613 2338 2881 2408; x_wconf 90' lang='lat' dir='ltr'><strong>Domini</strong></span> <span class='ocrx_word' id='word_1_187' title='bbox 2961 2361 3166 2409; x_wconf 85' lang='lat' dir='ltr'><strong>more</strong></span> 
     </span>
     <span class='ocr_line' id='line_1_23' title="bbox 602 2426 3165 2528; baseline 0.001 -32"><span class='ocrx_word' id='word_1_188' title='bbox 602 2429 971 2528; x_wconf 85' lang='lat' dir='ltr'><strong>prophetae</strong></span> <span class='ocrx_word' id='word_1_189' title='bbox 1024 2429 1226 2497; x_wconf 85' lang='lat' dir='ltr'><strong>David</strong></span> <span class='ocrx_word' id='word_1_190' title='bbox 1298 2428 1590 2497; x_wconf 88' lang='lat' dir='ltr'><strong>dulciter</strong></span> <span class='ocrx_word' id='word_1_191' title='bbox 1652 2427 2078 2497; x_wconf 89' lang='lat' dir='ltr'><strong>hortabatur.</strong></span> <span class='ocrx_word' id='word_1_192' title='bbox 2132 2426 2442 2498; x_wconf 90' lang='lat' dir='ltr'><strong>Christus</strong></span> <span class='ocrx_word' id='word_1_193' title='bbox 2495 2431 2699 2498; x_wconf 64' lang='lat' dir='ltr'><strong>‚lesus</strong></span> <span class='ocrx_word' id='word_1_194' title='bbox 2757 2427 3165 2498; x_wconf 81' lang='lat' dir='ltr'><strong>Crucifixus</strong></span> 
     </span>
     <span class='ocr_line' id='line_1_24' title="bbox 600 2515 3167 2607; baseline 0.001 -22"><span class='ocrx_word' id='word_1_195' title='bbox 600 2531 780 2587; x_wconf 76' lang='lat' dir='ltr'><strong>intra</strong></span> <span class='ocrx_word' id='word_1_196' title='bbox 828 2539 991 2587; x_wconf 89' lang='lat' dir='ltr'><strong>suae</strong></span> <span class='ocrx_word' id='word_1_197' title='bbox 1027 2518 1274 2587; x_wconf 89' lang='lat' dir='ltr'><strong>mentis</strong></span> <span class='ocrx_word' id='word_1_198' title='bbox 1322 2517 1556 2596; x_wconf 91' lang='lat' dir='ltr'><strong>ubera,</strong></span> <span class='ocrx_word' id='word_1_199' title='bbox 1613 2530 1689 2587; x_wconf 92' lang='lat' dir='ltr'><strong>ut</strong></span> <span class='ocrx_word' id='word_1_200' title='bbox 1750 2518 2070 2606; x_wconf 81' lang='lat' dir='ltr'><strong>myrrhae</strong></span> <span class='ocrx_word' id='word_1_201' title='bbox 2119 2515 2494 2585; x_wconf 86' lang='lat' dir='ltr'><strong>fasciculus</strong></span> <span class='ocrx_word' id='word_1_202' title='bbox 2525 2570 2541 2597; x_wconf 95' lang='lat'>‚</span> <span class='ocrx_word' id='word_1_203' title='bbox 2593 2516 2854 2607; x_wconf 88' lang='lat' dir='ltr'><strong>jugiter</strong></span> <span class='ocrx_word' id='word_1_204' title='bbox 2923 2540 3167 2587; x_wconf 89' lang='lat' dir='ltr'><strong>mora-</strong></span> 
     </span>
     <span class='ocr_line' id='line_1_25' title="bbox 599 2604 3166 2695; baseline 0.002 -23"><span class='ocrx_word' id='word_1_205' title='bbox 599 2606 825 2683; x_wconf 85' lang='lat' dir='ltr'><strong>batur,</strong></span> <span class='ocrx_word' id='word_1_206' title='bbox 880 2606 947 2675; x_wconf 91' lang='lat' dir='ltr'><strong>in</strong></span> <span class='ocrx_word' id='word_1_207' title='bbox 999 2628 1203 2694; x_wconf 89' lang='lat' dir='ltr'><strong>quem</strong></span> <span class='ocrx_word' id='word_1_208' title='bbox 1251 2606 1529 2695; x_wconf 87' lang='lat' dir='ltr'><strong>optabat</strong></span> <span class='ocrx_word' id='word_1_209' title='bbox 1569 2627 1690 2695; x_wconf 74' lang='lat' dir='ltr'><strong>per</strong></span> <span class='ocrx_word' id='word_1_210' title='bbox 1725 2605 2050 2676; x_wconf 80' lang='lat' dir='ltr'><strong>excessivi</strong></span> <span class='ocrx_word' id='word_1_211' title='bbox 2104 2604 2360 2675; x_wconf 87' lang='lat' dir='ltr'><strong>amoris</strong></span> <span class='ocrx_word' id='word_1_212' title='bbox 2408 2604 2807 2675; x_wconf 86' lang='lat' dir='ltr'><strong>incendium</strong></span> <span class='ocrx_word' id='word_1_213' title='bbox 2847 2606 3166 2676; x_wconf 88' lang='lat' dir='ltr'><strong>totaliter</strong></span> 
     </span>
     <span class='ocr_line' id='line_1_26' title="bbox 602 2692 3156 2784; baseline 0 -20"><span class='ocrx_word' id='word_1_214' title='bbox 602 2693 1093 2765; x_wconf 85' lang='lat' dir='ltr'><strong>transformari.</strong></span> <span class='ocrx_word' id='word_1_215' title='bbox 1128 2695 1602 2784; x_wconf 75' lang='lat' dir='ltr'><strong>Praerogativa</strong></span> <span class='ocrx_word' id='word_1_216' title='bbox 1634 2715 1908 2781; x_wconf 91' lang='lat' dir='ltr'><strong>quoque</strong></span> <span class='ocrx_word' id='word_1_217' title='bbox 1937 2692 2306 2784; x_wconf 86' lang='lat' dir='ltr'><strong>peculiaris</strong></span> <span class='ocrx_word' id='word_1_218' title='bbox 2344 2692 2724 2763; x_wconf 88' lang='lat' dir='ltr'><strong>devotionis</strong></span> <span class='ocrx_word' id='word_1_219' title='bbox 2758 2692 2843 2762; x_wconf 91' lang='lat' dir='ltr'><strong>ad</strong></span> <span class='ocrx_word' id='word_1_220' title='bbox 2877 2694 3156 2782; x_wconf 84' lang='lat' dir='ltr'><strong>ipsum,</strong></span> 
     </span>
     <span class='ocr_line' id='line_1_27' title="bbox 602 2780 3163 2873; baseline 0.001 -22"><span class='ocrx_word' id='word_1_221' title='bbox 602 2783 689 2851; x_wconf 91' lang='lat' dir='ltr'><strong>ab</strong></span> <span class='ocrx_word' id='word_1_222' title='bbox 738 2783 1162 2873; x_wconf 87' lang='lat' dir='ltr'><strong>Epiphaniae</strong></span> <span class='ocrx_word' id='word_1_223' title='bbox 1209 2783 1378 2853; x_wconf 86' lang='lat' dir='ltr'><strong>festo</strong></span> <span class='ocrx_word' id='word_1_224' title='bbox 1431 2805 1649 2870; x_wconf 88' lang='lat' dir='ltr'><strong>usque</strong></span> <span class='ocrx_word' id='word_1_225' title='bbox 1718 2783 1801 2851; x_wconf 91' lang='lat' dir='ltr'><strong>ad</strong></span> <span class='ocrx_word' id='word_1_226' title='bbox 1852 2783 2218 2871; x_wconf 3' lang='lat' dir='ltr'><strong>continguos</strong></span> <span class='ocrx_word' id='word_1_227' title='bbox 2275 2780 2736 2872; x_wconf 88' lang='lat' dir='ltr'><strong>quadraginta</strong></span> <span class='ocrx_word' id='word_1_228' title='bbox 2811 2782 2965 2851; x_wconf 81' lang='lat' dir='ltr'><strong>dies</strong></span> <span class='ocrx_word' id='word_1_229' title='bbox 2999 2838 3017 2863; x_wconf 91' lang='lat'>‚</span> <span class='ocrx_word' id='word_1_230' title='bbox 3079 2806 3163 2853; x_wconf 87' lang='lat' dir='ltr'><strong>eo</strong></span> 
     </span>
     <span class='ocr_line' id='line_1_28' title="bbox 597 2869 3162 2963; baseline 0 -23"><span class='ocrx_word' id='word_1_231' title='bbox 597 2872 856 2941; x_wconf 88' lang='lat' dir='ltr'><strong>scilicet</strong></span> <span class='ocrx_word' id='word_1_232' title='bbox 888 2886 1213 2963; x_wconf 87' lang='lat' dir='ltr'><strong>tempore,</strong></span> <span class='ocrx_word' id='word_1_233' title='bbox 1260 2893 1397 2959; x_wconf 90' lang='lat' dir='ltr'><strong>quo</strong></span> <span class='ocrx_word' id='word_1_234' title='bbox 1432 2871 1739 2940; x_wconf 86' lang='lat' dir='ltr'><strong>Christus</strong></span> <span class='ocrx_word' id='word_1_235' title='bbox 1776 2871 1973 2942; x_wconf 89' lang='lat' dir='ltr'><strong>latuit</strong></span> <span class='ocrx_word' id='word_1_236' title='bbox 2000 2871 2068 2940; x_wconf 93' lang='lat' dir='ltr'><strong>in</strong></span> <span class='ocrx_word' id='word_1_237' title='bbox 2105 2869 2395 2951; x_wconf 86' lang='lat' dir='ltr'><strong>deserto,</strong></span> <span class='ocrx_word' id='word_1_238' title='bbox 2433 2869 2515 2939; x_wconf 87' lang='lat' dir='ltr'><strong>ad</strong></span> <span class='ocrx_word' id='word_1_239' title='bbox 2561 2869 2965 2941; x_wconf 88' lang='lat' dir='ltr'><strong>solitudinis</strong></span> <span class='ocrx_word' id='word_1_240' title='bbox 2997 2871 3162 2941; x_wconf 87' lang='lat' dir='ltr'><strong>loca</strong></span> 
     </span>
     <span class='ocr_line' id='line_1_29' title="bbox 597 2958 3160 3050; baseline 0 -22"><span class='ocrx_word' id='word_1_241' title='bbox 597 2959 978 3041; x_wconf 79' lang='lat' dir='ltr'><strong>declinanS,</strong></span> <span class='ocrx_word' id='word_1_242' title='bbox 1038 2961 1349 3047; x_wconf 75' lang='lat' dir='ltr'><strong>cellaque</strong></span> <span class='ocrx_word' id='word_1_243' title='bbox 1418 2959 1759 3042; x_wconf 79' lang='lat' dir='ltr'><strong>reclusus,</strong></span> <span class='ocrx_word' id='word_1_244' title='bbox 1813 2962 2073 3047; x_wconf 76' lang='lat' dir='ltr'><strong>quanta</strong></span> <span class='ocrx_word' id='word_1_245' title='bbox 2122 2971 2377 3050; x_wconf 88' lang='lat' dir='ltr'><strong>poterat</strong></span> <span class='ocrx_word' id='word_1_246' title='bbox 2428 2958 2841 3028; x_wconf 85' lang='lat' dir='ltr'><strong>arctitudine</strong></span> <span class='ocrx_word' id='word_1_247' title='bbox 2888 2959 3041 3029; x_wconf 85' lang='lat' dir='ltr'><strong>cibi</strong></span> <span class='ocrx_word' id='word_1_248' title='bbox 3094 2974 3160 3029; x_wconf 92' lang='lat' dir='ltr'><strong>et</strong></span> 
     </span>
     <span class='ocr_line' id='line_1_30' title="bbox 603 3047 3158 3139; baseline 0 -21"><span class='ocrx_word' id='word_1_249' title='bbox 603 3061 823 3137; x_wconf 76' lang='lat' dir='ltr'><strong>potuS,</strong></span> <span class='ocrx_word' id='word_1_250' title='bbox 853 3050 1167 3139; x_wconf 87' lang='lat' dir='ltr'><strong>jejuniis,</strong></span> <span class='ocrx_word' id='word_1_251' title='bbox 1221 3062 1295 3123; x_wconf 66' lang='lat' dir='ltr'><strong>et</strong></span> <span class='ocrx_word' id='word_1_252' title='bbox 1314 3048 1768 3129; x_wconf 79' lang='lat' dir='ltr'><strong>orationibuS‚</strong></span> <span class='ocrx_word' id='word_1_253' title='bbox 1812 3062 1877 3118; x_wconf 90' lang='lat' dir='ltr'><strong>et</strong></span> <span class='ocrx_word' id='word_1_254' title='bbox 1910 3047 2235 3119; x_wconf 89' lang='lat' dir='ltr'><strong>laudibus</strong></span> <span class='ocrx_word' id='word_1_255' title='bbox 2270 3048 2384 3116; x_wconf 92' lang='lat' dir='ltr'><strong>Dei</strong></span> <span class='ocrx_word' id='word_1_256' title='bbox 2432 3048 2582 3116; x_wconf 88' lang='lat' dir='ltr'><strong>sine</strong></span> <span class='ocrx_word' id='word_1_257' title='bbox 2623 3047 3158 3118; x_wconf 89' lang='lat' dir='ltr'><strong>intermissione</strong></span> 
     </span>
     <span class='ocr_line' id='line_1_31' title="bbox 601 3134 3150 3224; baseline 0.002 -20"><span class='ocrx_word' id='word_1_258' title='bbox 601 3138 904 3205; x_wconf 83' lang='lat' dir='ltr'><strong>vacabat.</strong></span> <span class='ocrx_word' id='word_1_259' title='bbox 958 3143 1118 3207; x_wconf 90' lang='lat' dir='ltr'><strong>Tam</strong></span> <span class='ocrx_word' id='word_1_260' title='bbox 1160 3137 1420 3206; x_wconf 88' lang='lat' dir='ltr'><strong>fervido</strong></span> <span class='ocrx_word' id='word_1_261' title='bbox 1467 3136 1748 3224; x_wconf 90' lang='lat' dir='ltr'><strong>quidem</strong></span> <span class='ocrx_word' id='word_1_262' title='bbox 1803 3137 1869 3206; x_wconf 93' lang='lat' dir='ltr'><strong>in</strong></span> <span class='ocrx_word' id='word_1_263' title='bbox 1921 3136 2264 3206; x_wconf 86' lang='lat' dir='ltr'><strong>Christum</strong></span> <span class='ocrx_word' id='word_1_264' title='bbox 2304 3134 2646 3206; x_wconf 85' lang='lat' dir='ltr'><strong>ferebatur</strong></span> <span class='ocrx_word' id='word_1_265' title='bbox 2694 3138 2973 3206; x_wconf 77' lang='lat' dir='ltr'><strong>affectui</strong></span> <span class='ocrx_word' id='word_1_266' title='bbox 3015 3138 3150 3208; x_wconf 87' lang='lat' dir='ltr'><strong>Sed</strong></span> 
     </span>
     <span class='ocr_line' id='line_1_32' title="bbox 595 3225 3158 3315; baseline 0.001 -23"><span class='ocrx_word' id='word_1_267' title='bbox 595 3237 660 3293; x_wconf 89' lang='lat' dir='ltr'><strong>et</strong></span> <span class='ocrx_word' id='word_1_268' title='bbox 711 3225 1006 3294; x_wconf 89' lang='lat' dir='ltr'><strong>Dilectus</strong></span> <span class='ocrx_word' id='word_1_269' title='bbox 1054 3226 1157 3293; x_wconf 89' lang='lat' dir='ltr'><strong>illi</strong></span> <span class='ocrx_word' id='word_1_270' title='bbox 1212 3238 1339 3295; x_wconf 89' lang='lat' dir='ltr'><strong>tam</strong></span> <span class='ocrx_word' id='word_1_271' title='bbox 1392 3225 1803 3295; x_wconf 88' lang='lat' dir='ltr'><strong>familiarem</strong></span> <span class='ocrx_word' id='word_1_272' title='bbox 1841 3225 2256 3315; x_wconf 89' lang='lat' dir='ltr'><strong>rependebat</strong></span> <span class='ocrx_word' id='word_1_273' title='bbox 2302 3225 2645 3304; x_wconf 83' lang='lat' dir='ltr'><strong>affectum,</strong></span> <span class='ocrx_word' id='word_1_274' title='bbox 2684 3238 2761 3295; x_wconf 91' lang='lat' dir='ltr'><strong>ut</strong></span> <span class='ocrx_word' id='word_1_275' title='bbox 2796 3225 3158 3296; x_wconf 89' lang='lat' dir='ltr'><strong>videretur</strong></span> 
     </span>
     <span class='ocr_line' id='line_1_33' title="bbox 597 3312 3153 3413; baseline 0.002 -33"><span class='ocrx_word' id='word_1_276' title='bbox 597 3313 732 3413; x_wconf 89' lang='lat' dir='ltr'><strong>ipsi</strong></span> <span class='ocrx_word' id='word_1_277' title='bbox 782 3312 1042 3382; x_wconf 87' lang='lat' dir='ltr'><strong>famulo</strong></span> <span class='ocrx_word' id='word_1_278' title='bbox 1094 3314 1232 3393; x_wconf 87' lang='lat' dir='ltr'><strong>Dei,</strong></span> <span class='ocrx_word' id='word_1_279' title='bbox 1288 3315 1481 3401; x_wconf 86' lang='lat' dir='ltr'><strong>quasi</strong></span> <span class='ocrx_word' id='word_1_280' title='bbox 1507 3315 1747 3404; x_wconf 86' lang='lat' dir='ltr'><strong>jugem</strong></span> <span class='ocrx_word' id='word_1_281' title='bbox 1802 3335 1963 3404; x_wconf 91' lang='lat' dir='ltr'><strong>prae</strong></span> <span class='ocrx_word' id='word_1_282' title='bbox 2018 3314 2240 3384; x_wconf 88' lang='lat' dir='ltr'><strong>oculis</strong></span> <span class='ocrx_word' id='word_1_283' title='bbox 2290 3314 2510 3413; x_wconf 84' lang='lat' dir='ltr'><strong>ipsius</strong></span> <span class='ocrx_word' id='word_1_284' title='bbox 2560 3312 2930 3385; x_wconf 89' lang='lat' dir='ltr'><strong>Salvatoris</strong></span> <span class='ocrx_word' id='word_1_285' title='bbox 2987 3337 3153 3385; x_wconf 86' lang='lat' dir='ltr'><strong>sen-</strong></span> 
     </span>
     <span class='ocr_line' id='line_1_34' title="bbox 597 3402 3003 3490; baseline -0.002 -19"><span class='ocrx_word' id='word_1_286' title='bbox 597 3414 723 3471; x_wconf 84' lang='lat' dir='ltr'><strong>tire</strong></span> <span class='ocrx_word' id='word_1_287' title='bbox 775 3402 1256 3490; x_wconf 86' lang='lat' dir='ltr'><strong>praesentiam,</strong></span> <span class='ocrx_word' id='word_1_288' title='bbox 1310 3402 1488 3472; x_wconf 91' lang='lat' dir='ltr'><strong>sicut</strong></span> <span class='ocrx_word' id='word_1_289' title='bbox 1519 3402 1893 3489; x_wconf 89' lang='lat' dir='ltr'><strong>aliquando</strong></span> <span class='ocrx_word' id='word_1_290' title='bbox 1942 3402 2146 3472; x_wconf 89' lang='lat' dir='ltr'><strong>sociis</strong></span> <span class='ocrx_word' id='word_1_291' title='bbox 2179 3402 2608 3472; x_wconf 83' lang='lat' dir='ltr'><strong>familiariter</strong></span> <span class='ocrx_word' id='word_1_292' title='bbox 2658 3403 3003 3472; x_wconf 85' lang='lat' dir='ltr'><strong>revelavit.</strong></span> 
     </span>
    </p>

    <p class='ocr_par' dir='ltr' id='par_1_4' title="bbox 586 3490 3154 4468">
     <span class='ocr_line' id='line_1_35' title="bbox 686 3490 3154 3581; baseline 0 -20"><span class='ocrx_word' id='word_1_293' title='bbox 686 3491 722 3575; x_wconf 78' lang='lat'><strong>§</strong></span> <span class='ocrx_word' id='word_1_294' title='bbox 758 3494 932 3561; x_wconf 70' lang='grc'><strong>81).</strong></span> <span class='ocrx_word' id='word_1_295' title='bbox 980 3490 1336 3578; x_wconf 82' lang='lat' dir='ltr'><strong>Plagrabat</strong></span> <span class='ocrx_word' id='word_1_296' title='bbox 1381 3512 1544 3581; x_wconf 88' lang='lat' dir='ltr'><strong>erga</strong></span> <span class='ocrx_word' id='word_1_297' title='bbox 1585 3495 2101 3561; x_wconf 88' lang='lat' dir='ltr'><strong>Sacramentum</strong></span> <span class='ocrx_word' id='word_1_298' title='bbox 2141 3490 2473 3560; x_wconf 91' lang='lat' dir='ltr'><strong>Dominici</strong></span> <span class='ocrx_word' id='word_1_299' title='bbox 2523 3491 2830 3580; x_wconf 90' lang='lat' dir='ltr'><strong>corporis</strong></span> <span class='ocrx_word' id='word_1_300' title='bbox 2880 3490 3154 3562; x_wconf 84' lang='lat' dir='ltr'><strong>fervore</strong></span> 
     </span>
     <span class='ocr_line' id='line_1_36' title="bbox 595 3578 3152 3670; baseline 0.002 -23"><span class='ocrx_word' id='word_1_301' title='bbox 595 3578 906 3647; x_wconf 88' lang='lat' dir='ltr'><strong>omnium</strong></span> <span class='ocrx_word' id='word_1_302' title='bbox 961 3578 1469 3659; x_wconf 88' lang='lat' dir='ltr'><strong>medullarum,</strong></span> <span class='ocrx_word' id='word_1_303' title='bbox 1532 3592 1811 3669; x_wconf 88' lang='lat' dir='ltr'><strong>stupore</strong></span> <span class='ocrx_word' id='word_1_304' title='bbox 1876 3579 2231 3649; x_wconf 89' lang='lat' dir='ltr'><strong>admirans</strong></span> <span class='ocrx_word' id='word_1_305' title='bbox 2298 3580 2722 3670; x_wconf 79' lang='lat' dir='ltr'><strong>permaximo</strong></span> <span class='ocrx_word' id='word_1_306' title='bbox 2786 3579 2980 3650; x_wconf 88' lang='lat' dir='ltr'><strong>illam</strong></span> <span class='ocrx_word' id='word_1_307' title='bbox 3033 3604 3152 3651; x_wconf 89' lang='lat' dir='ltr'><strong>ca·</strong></span> 
     </span>
     <span class='ocr_line' id='line_1_37' title="bbox 596 3666 3150 3759; baseline 0.002 -24"><span class='ocrx_word' id='word_1_308' title='bbox 596 3666 942 3735; x_wconf 92' lang='lat' dir='ltr'><strong>rissimam</strong></span> <span class='ocrx_word' id='word_1_309' title='bbox 981 3667 1473 3759; x_wconf 87' lang='lat' dir='ltr'><strong>dignationem,</strong></span> <span class='ocrx_word' id='word_1_310' title='bbox 1517 3680 1582 3737; x_wconf 91' lang='lat' dir='ltr'><strong>et</strong></span> <span class='ocrx_word' id='word_1_311' title='bbox 1606 3667 2210 3759; x_wconf 86' lang='lat' dir='ltr'><strong>dignantissimam</strong></span> <span class='ocrx_word' id='word_1_312' title='bbox 2241 3667 2669 3737; x_wconf 87' lang='lat' dir='ltr'><strong>charitatem.</strong></span> <span class='ocrx_word' id='word_1_313' title='bbox 2710 3673 2925 3759; x_wconf 86' lang='lat' dir='ltr'><strong>Saepe</strong></span> <span class='ocrx_word' id='word_1_314' title='bbox 2956 3692 3150 3739; x_wconf 90' lang='lat' dir='ltr'><strong>com·</strong></span> 
     </span>
     <span class='ocr_line' id='line_1_38' title="bbox 597 3754 3153 3838; baseline 0.002 -15"><span class='ocrx_word' id='word_1_315' title='bbox 597 3755 1019 3836; x_wconf 88' lang='lat' dir='ltr'><strong>municabat‚</strong></span> <span class='ocrx_word' id='word_1_316' title='bbox 1073 3769 1138 3826; x_wconf 92' lang='lat' dir='ltr'><strong>et</strong></span> <span class='ocrx_word' id='word_1_317' title='bbox 1188 3770 1321 3825; x_wconf 90' lang='lat' dir='ltr'><strong>tam</strong></span> <span class='ocrx_word' id='word_1_318' title='bbox 1373 3754 1630 3838; x_wconf 86' lang='lat' dir='ltr'><strong>devote,</strong></span> <span class='ocrx_word' id='word_1_319' title='bbox 1669 3770 1748 3827; x_wconf 88' lang='lat' dir='ltr'><strong>ut</strong></span> <span class='ocrx_word' id='word_1_320' title='bbox 1794 3756 1967 3826; x_wconf 91' lang='lat' dir='ltr'><strong>alios</strong></span> <span class='ocrx_word' id='word_1_321' title='bbox 1998 3755 2636 3831; x_wconf 73' lang='lat' dir='ltr'><strong>devotos-efficeret,</strong></span> <span class='ocrx_word' id='word_1_322' title='bbox 2683 3756 2851 3827; x_wconf 93' lang='lat' dir='ltr'><strong>dum</strong></span> <span class='ocrx_word' id='word_1_323' title='bbox 2902 3758 2990 3827; x_wconf 91' lang='lat' dir='ltr'><strong>ad</strong></span> <span class='ocrx_word' id='word_1_324' title='bbox 3017 3759 3153 3828; x_wconf 88' lang='lat' dir='ltr'><strong>im-</strong></span> 
     </span>
     <span class='ocr_line' id='line_1_39' title="bbox 596 3842 3148 3937; baseline 0.003 -26"><span class='ocrx_word' id='word_1_325' title='bbox 596 3842 924 3913; x_wconf 89' lang='lat' dir='ltr'><strong>maculati</strong></span> <span class='ocrx_word' id='word_1_326' title='bbox 974 3845 1144 3937; x_wconf 80' lang='lat' dir='ltr'><strong>Agni</strong></span> <span class='ocrx_word' id='word_1_327' title='bbox 1215 3845 1762 3935; x_wconf 88' lang='lat' dir='ltr'><strong>degustationem</strong></span> <span class='ocrx_word' id='word_1_328' title='bbox 1820 3866 2128 3926; x_wconf 90' lang='lat' dir='ltr'><strong>suavem,</strong></span> <span class='ocrx_word' id='word_1_329' title='bbox 2172 3845 2372 3932; x_wconf 86' lang='lat' dir='ltr'><strong>quasi</strong></span> <span class='ocrx_word' id='word_1_330' title='bbox 2433 3844 2685 3933; x_wconf 87' lang='lat' dir='ltr'><strong>spiritu</strong></span> <span class='ocrx_word' id='word_1_331' title='bbox 2749 3847 3014 3929; x_wconf 76' lang='lat' dir='ltr'><strong>ebriuS,</strong></span> <span class='ocrx_word' id='word_1_332' title='bbox 3076 3850 3148 3918; x_wconf 88' lang='lat' dir='ltr'><strong>in</strong></span> 
     </span>
     <span class='ocr_line' id='line_1_40' title="bbox 593 3932 3151 4024; baseline 0.003 -25"><span class='ocrx_word' id='word_1_333' title='bbox 593 3932 843 4001; x_wconf 86' lang='lat' dir='ltr'><strong>mentis</strong></span> <span class='ocrx_word' id='word_1_334' title='bbox 892 3947 967 4003; x_wconf 87' lang='lat' dir='ltr'><strong>ut</strong></span> <span class='ocrx_word' id='word_1_335' title='bbox 1016 3934 1396 4023; x_wconf 89' lang='lat' dir='ltr'><strong>plurimum</strong></span> <span class='ocrx_word' id='word_1_336' title='bbox 1450 3934 1846 4024; x_wconf 88' lang='lat' dir='ltr'><strong>rapiebatur</strong></span> <span class='ocrx_word' id='word_1_337' title='bbox 1871 3955 2250 4004; x_wconf 84' lang='lat' dir='ltr'><strong>excessum.</strong></span> <span class='ocrx_word' id='word_1_338' title='bbox 2293 3937 2571 4002; x_wconf 84' lang='lat' dir='ltr'><strong>Matrem</strong></span> <span class='ocrx_word' id='word_1_339' title='bbox 2613 3936 2880 4004; x_wconf 89' lang='lat' dir='ltr'><strong>Domini</strong></span> <span class='ocrx_word' id='word_1_340' title='bbox 2920 3940 3151 4009; x_wconf 89' lang='lat' dir='ltr'><strong>nostri</strong></span> 
     </span>
     <span class='ocr_line' id='line_1_41' title="bbox 586 4019 3150 4111; baseline 0.003 -21"><span class='ocrx_word' id='word_1_341' title='bbox 586 4019 761 4103; x_wconf 73' lang='lat' dir='ltr'><strong>«Jesu</strong></span> <span class='ocrx_word' id='word_1_342' title='bbox 811 4021 1054 4091; x_wconf 88' lang='lat' dir='ltr'><strong>Christi</strong></span> <span class='ocrx_word' id='word_1_343' title='bbox 1108 4021 1449 4092; x_wconf 89' lang='lat' dir='ltr'><strong>indicibili</strong></span> <span class='ocrx_word' id='word_1_344' title='bbox 1497 4021 2079 4111; x_wconf 89' lang='lat' dir='ltr'><strong>complectebatur</strong></span> <span class='ocrx_word' id='word_1_345' title='bbox 2125 4043 2380 4105; x_wconf 89' lang='lat' dir='ltr'><strong>amore,</strong></span> <span class='ocrx_word' id='word_1_346' title='bbox 2417 4044 2496 4092; x_wconf 90' lang='lat' dir='ltr'><strong>eo</strong></span> <span class='ocrx_word' id='word_1_347' title='bbox 2530 4022 2714 4110; x_wconf 90' lang='lat' dir='ltr'><strong>quod</strong></span> <span class='ocrx_word' id='word_1_348' title='bbox 2767 4025 3150 4097; x_wconf 88' lang='lat' dir='ltr'><strong>Dominum</strong></span> 
     </span>
     <span class='ocr_line' id='line_1_42' title="bbox 593 4108 3153 4200; baseline 0.004 -24"><span class='ocrx_word' id='word_1_349' title='bbox 593 4108 995 4196; x_wconf 79' lang='lat' dir='ltr'><strong>majestatiS,</strong></span> <span class='ocrx_word' id='word_1_350' title='bbox 1049 4110 1327 4181; x_wconf 83' lang='lat' dir='ltr'><strong>fratrem</strong></span> <span class='ocrx_word' id='word_1_351' title='bbox 1378 4111 1577 4181; x_wconf 93' lang='lat' dir='ltr'><strong>nobis</strong></span> <span class='ocrx_word' id='word_1_352' title='bbox 1624 4110 1944 4190; x_wconf 81' lang='lat' dir='ltr'><strong>effecerit,</strong></span> <span class='ocrx_word' id='word_1_353' title='bbox 1998 4122 2061 4179; x_wconf 92' lang='lat' dir='ltr'><strong>et</strong></span> <span class='ocrx_word' id='word_1_354' title='bbox 2106 4131 2225 4200; x_wconf 91' lang='lat' dir='ltr'><strong>per</strong></span> <span class='ocrx_word' id='word_1_355' title='bbox 2270 4130 2422 4180; x_wconf 90' lang='lat' dir='ltr'><strong>eam</strong></span> <span class='ocrx_word' id='word_1_356' title='bbox 2474 4110 2697 4182; x_wconf 88' lang='lat' dir='ltr'><strong>simus</strong></span> <span class='ocrx_word' id='word_1_357' title='bbox 2750 4113 3153 4186; x_wconf 87' lang='lat' dir='ltr'><strong>misericor·</strong></span> 
     </span>
     <span class='ocr_line' id='line_1_43' title="bbox 590 4195 3150 4291; baseline 0.004 -28"><span class='ocrx_word' id='word_1_358' title='bbox 590 4195 777 4266; x_wconf 91' lang='lat' dir='ltr'><strong>diam</strong></span> <span class='ocrx_word' id='word_1_359' title='bbox 828 4200 1201 4271; x_wconf 88' lang='lat' dir='ltr'><strong>consecuti.</strong></span> <span class='ocrx_word' id='word_1_360' title='bbox 1274 4204 1352 4268; x_wconf 94' lang='lat' dir='ltr'><strong>In</strong></span> <span class='ocrx_word' id='word_1_361' title='bbox 1407 4200 1558 4290; x_wconf 92' lang='lat' dir='ltr'><strong>ipsa</strong></span> <span class='ocrx_word' id='word_1_362' title='bbox 1606 4211 1756 4291; x_wconf 92' lang='lat' dir='ltr'><strong>post</strong></span> <span class='ocrx_word' id='word_1_363' title='bbox 1823 4198 2164 4269; x_wconf 88' lang='lat' dir='ltr'><strong>Christum</strong></span> <span class='ocrx_word' id='word_1_364' title='bbox 2219 4198 2585 4289; x_wconf 89' lang='lat' dir='ltr'><strong>praecipue</strong></span> <span class='ocrx_word' id='word_1_365' title='bbox 2648 4199 2872 4272; x_wconf 87' lang='lat' dir='ltr'><strong>fidens</strong></span> <span class='ocrx_word' id='word_1_366' title='bbox 2912 4257 2927 4288; x_wconf 84' lang='lat'><strong>,</strong></span> <span class='ocrx_word' id='word_1_367' title='bbox 2984 4225 3150 4275; x_wconf 88' lang='lat' dir='ltr'><strong>eam</strong></span> 
     </span>
     <span class='ocr_line' id='line_1_44' title="bbox 589 4286 3151 4379; baseline 0.004 -26"><span class='ocrx_word' id='word_1_368' title='bbox 589 4287 698 4353; x_wconf 91' lang='lat' dir='ltr'><strong>sui</strong></span> <span class='ocrx_word' id='word_1_369' title='bbox 748 4308 828 4356; x_wconf 88' lang='lat' dir='ltr'><strong>ac</strong></span> <span class='ocrx_word' id='word_1_370' title='bbox 876 4309 1158 4360; x_wconf 88' lang='lat' dir='ltr'><strong>suorum</strong></span> <span class='ocrx_word' id='word_1_371' title='bbox 1210 4288 1606 4359; x_wconf 87' lang='lat' dir='ltr'><strong>advocatam</strong></span> <span class='ocrx_word' id='word_1_372' title='bbox 1659 4288 2034 4367; x_wconf 90' lang='lat' dir='ltr'><strong>constituit,</strong></span> <span class='ocrx_word' id='word_1_373' title='bbox 2071 4301 2135 4356; x_wconf 92' lang='lat' dir='ltr'><strong>et</strong></span> <span class='ocrx_word' id='word_1_374' title='bbox 2169 4288 2251 4357; x_wconf 92' lang='lat' dir='ltr'><strong>ad</strong></span> <span class='ocrx_word' id='word_1_375' title='bbox 2305 4286 2630 4357; x_wconf 86' lang='lat' dir='ltr'><strong>honorem</strong></span> <span class='ocrx_word' id='word_1_376' title='bbox 2681 4289 2901 4379; x_wconf 88' lang='lat' dir='ltr'><strong>ipsius</strong></span> <span class='ocrx_word' id='word_1_377' title='bbox 2951 4314 2993 4360; x_wconf 89' lang='lat' dir='ltr'><strong>a</strong></span> <span class='ocrx_word' id='word_1_378' title='bbox 3045 4292 3151 4363; x_wconf 85' lang='lat' dir='ltr'><strong>fe-</strong></span> 
     </span>
     <span class='ocr_line' id='line_1_45' title="bbox 586 4375 3145 4468; baseline 0.002 -23"><span class='ocrx_word' id='word_1_379' title='bbox 586 4385 691 4445; x_wconf 89' lang='lat' dir='ltr'><strong>sto</strong></span> <span class='ocrx_word' id='word_1_380' title='bbox 740 4376 1209 4466; x_wconf 73' lang='lat' dir='ltr'><strong>Apostolorum</strong></span> <span class='ocrx_word' id='word_1_381' title='bbox 1262 4379 1438 4448; x_wconf 88' lang='lat' dir='ltr'><strong>Petri</strong></span> <span class='ocrx_word' id='word_1_382' title='bbox 1485 4392 1549 4448; x_wconf 90' lang='lat' dir='ltr'><strong>et</strong></span> <span class='ocrx_word' id='word_1_383' title='bbox 1595 4375 1813 4457; x_wconf 89' lang='lat' dir='ltr'><strong>Pauli,</strong></span> <span class='ocrx_word' id='word_1_384' title='bbox 1868 4397 2086 4464; x_wconf 90' lang='lat' dir='ltr'><strong>usque</strong></span> <span class='ocrx_word' id='word_1_385' title='bbox 2137 4375 2221 4444; x_wconf 90' lang='lat' dir='ltr'><strong>ad</strong></span> <span class='ocrx_word' id='word_1_386' title='bbox 2279 4375 2527 4446; x_wconf 84' lang='lat' dir='ltr'><strong>festum</strong></span> <span class='ocrx_word' id='word_1_387' title='bbox 2578 4381 3095 4468; x_wconf 79' lang='lat' dir='ltr'><strong>Assumptionis</strong></span> <span class='ocrx_word' id='word_1_388' title='bbox 3129 4438 3145 4461; x_wconf 80' lang='lat'>‚</span> 
     </span>
    </p>
   </div>
  </div>
 </body>
</html>
