3347 4999
762 334 889 398 488
1427 348 1506 395 nn
1536 350 1628 396 ss,
1669 347 1930 395 Pucino
1980 349 2054 394 nr
2104 344 2303 395 socns
2351 348 2465 394 mr.
2967 326 3170 393 OCT.
3215 330 3244 391 ὃ

674 440 910 515 Amen,
963 431 1319 503 confestim
1357 432 1554 502 dolor
1585 433 2031 522 capitiS,-quo
2065 453 2185 521 per
2236 431 2490 501 multos
2526 452 2750 500 annos
2807 429 3055 499 fuerat
3109 428 3248 498 sati·

718 535 897 605 atuS,
957 522 1044 591 ab
1091 544 1170 592 eo
1216 521 1556 601 discessit,
1609 521 1970 611 coepitque
2030 519 2311 589 laudare
2356 532 2425 590 et
2484 519 2904 589 benedicere
2976 513 3242 597 Deifin,
3289 605 3290 610 ἵ

670 546 946 682 dicens:
994 634 1029 677 «
1062 611 1467 680 Benedictus
1533 615 1710 680 Deus
1756 622 1821 679 et
1869 621 2060 700 pater
2110 609 2381 679 Domini
2444 609 2660 678 nostri
2707 609 2882 677 Jesu
2936 608 3240 686 Christi,
3289 643 3290 646 π

668 702 789 787 qui
839 722 950 770 me
989 721 1233 769 sanum
1270 698 1429 769 fecit
1478 699 1738 768 meritis
1784 710 1850 767 et
1898 698 2510 767 intercessionibus
2570 697 2980 767 beatissimi
3039 698 3248 786 patris

671 789 1017 859 Benedicti
1071 810 1192 879 per
1224 787 1741 858 sanctissimum
1791 786 2147 856 Placidum
2180 785 2611 875 discipulum
2662 787 2850 875 ejuS.
2895 809 2937 852 »

759 886 798 961 ἓ
846 882 926 949 S.
983 882 1220 964 Itaque
1266 877 1433 948 dum
1488 875 1664 946 beati
1701 875 1957 945 Placidi
1992 875 2320 945 sanctitas
2361 897 2482 965 per
2520 897 2637 944 ora
2687 876 3038 945 omnium
3095 874 3249 942 voli·

672 980 867 1048 taret,
920 966 1204 1054 quidam
1248 987 1496 1035 caecus
1544 964 1900 1053 inopinato
1939 963 2372 1034 vociferantis
2437 964 2671 1054 populi
2713 962 3055 1034 clamore
3109 985 3249 1053 per·

673 1056 938 1136 culsuS,
998 1055 1287 1124 sollicite
1339 1055 1591 1122 interro
1642 1075 1757 1122 are
1803 1054 2026 1143 coepit
2070 1053 2236 1139 quid
2288 1066 2489 1123 esset.
2540 1055 2672 1136 Qui
2719 1074 2897 1122 cum
2962 1074 3250 1142 respon-

673 1144 959 1225 dissent,
989 1143 1174 1232 quod
1208 1142 1550 1223 PlaciduS,
1633 1141 1974 1231 iscipulus
2005 1141 2183 1211 beati
2218 1142 2588 1223 Benedicti,
2621 1142 2967 1224 venisset,
3004 1162 3248 1210 caecus

673 1234 809 1303 fide
857 1233 1147 1313 fervens,
1179 1232 1339 1301 duci
1385 1253 1455 1301 se
1501 1243 1658 1300 ante
1687 1232 1959 1300 beatum
1997 1230 2347 1300 Placidum
2394 1231 2571 1310 fecit,
2631 1251 3062 1321 rogansque
3100 1252 3246 1300 eum

675 1345 798 1413 per
845 1334 1160 1391 sanctum
1196 1334 1260 1390 et
1301 1319 1603 1389 terribile
1651 1341 1899 1388 nomen
1940 1320 2235 1400 Domini,
2271 1331 2336 1388 et
2383 1321 2732 1390 obtestans
2767 1333 2850 1389 ut
2891 1321 3068 1389 suis
3108 1341 3248 1388 san·

676 1412 805 1481 ctis
868 1410 1189 1500 precibus
1261 1410 1621 1479 sanitatem
1697 1409 2091 1498 impetraret
2158 1431 2197 1477 a
2252 1409 2558 1478 Domino,
2631 1413 2951 1478 Sanctus
3026 1423 3244 1477 autem

677 1500 950 1570 Domini
999 1497 1341 1578 PlaciduS,
1398 1518 1586 1567 more
1637 1496 1771 1566 sibi
1838 1496 2059 1575 solito,
2113 1497 2181 1565 in
2248 1496 2481 1570 fletum
2543 1519 2946 1587 erumpens
2987 1552 3005 1578 ‚
3050 1498 3246 1584 jussit

674 1612 834 1658 eum
878 1587 1130 1658 adduci
1180 1587 1265 1656 ad
1318 1608 1411 1669 se,
1449 1599 1515 1656 et
1562 1609 1721 1656 cum
1780 1586 2442 1676 appropinquasset,
2510 1607 2719 1676 super
2776 1587 2954 1675 ejus
3015 1587 3244 1655 oculos

677 1678 953 1766 signum
1009 1675 1398 1747 salutiferae
1455 1676 1690 1745 Crucis
1739 1674 2020 1748 faciens.
2073 1674 2291 1744 oravit
2338 1673 2422 1743 ad
2494 1675 2903 1744 Dominum.
2972 1674 3242 1764 Expleta

675 1766 1003 1847 oratione,
1049 1777 1331 1834 sanctus
1393 1765 1659 1832 Domini
1709 1785 2081 1833 conversus
2129 1761 2212 1832 ad
2279 1785 2586 1844 caecum,
2640 1762 2856 1833 dixit:
2913 1787 2958 1829 «
2999 1769 3088 1832 In
3144 1785 3242 1832 no-

677 1855 865 1925 mine
912 1854 1161 1944 ipsius,
1218 1853 1339 1939 qui
1374 1853 1583 1922 solem
1619 1864 1684 1922 et
1718 1852 1957 1922 lunam
2012 1853 2078 1920 in
2111 1850 2282 1922 coeli
2332 1864 2734 1921 ornamento
2812 1853 3236 1923 constituit.

676 1957 741 2014 et
786 1966 989 2013 caeco
1039 1955 1196 2010 nato
1243 1942 1501 2020 oculos,
1540 1964 1714 2029 quos
1767 1952 2011 2011 natura
2047 1952 2409 2030 negaverat
2454 1941 2908 2022 condonavit,
2964 1942 3239 2030 adjutus

680 2033 945 2101 meritis
990 2029 1406 2100 sanctissimi
1443 2032 1754 2121 magistri
1808 2030 2022 2100 nostri
2072 2030 2440 2106 Benedicti,
2495 2052 2699 2119 surge
2746 2052 2994 2100 sanus
3029 2044 3105 2100 et
3156 2031 3237 2097 in·

678 2120 1000 2201 columiS,
1056 2133 1120 2187 et
1170 2119 1487 2208 praedica
1547 2120 1877 2189 omnibus
1943 2117 2289 2188 mirabilia
2343 2119 2553 2188 Dei.»
2612 2118 2701 2187 Ad
2755 2118 2956 2188 hanc
3017 2140 3235 2188 vocem

678 2232 892 2280 sanus
941 2230 1340 2297 exsurgenS,
1384 2230 1485 2286 ac,
1527 2209 1901 2296 improviso
1932 2208 2269 2297 sanguine
2313 2221 2631 2276 manante
2665 2207 2750 2275 de
2785 2206 3121 2288 lumine,
3157 2231 3238 2276 sa·

679 2299 888 2367 lutem
928 2319 1123 2366 suam
1166 2298 1346 2366 oculi
1393 2297 1797 2366 mirabiliter
1830 2308 2258 2385 receperunt.
2306 2301 2451 2365 Mox
2481 2318 2638 2366 vero
2672 2308 2745 2365 ut
2796 2295 3056 2366 lucem
3097 2318 3238 2365 con·

680 2387 922 2475 spexit,
988 2385 1069 2454 ad
1122 2385 1275 2472 ejus
1339 2387 1621 2477 vestigia
1684 2408 1916 2465 ruenS,
1974 2385 2179 2474 pedes
2241 2384 2470 2465 iltius,
2525 2386 2898 2454 insatiatus
2959 2386 3236 2474 gaudio.

680 2473 1067 2545 deosculari
1107 2474 1501 2544 avidissime
1530 2475 1776 2565 coepit,
1820 2474 2205 2564 pariterque
2254 2473 2596 2544 Gordiano
2632 2486 2696 2543 et
2755 2478 3046 2544 Donato
3105 2495 3239 2565 prae

678 2564 1210 2653 compunctione
1257 2563 1696 2643 deflentibuS,
1735 2565 1854 2651 qui
1901 2564 2007 2633 Dei
2060 2564 2436 2632 laudabant
2473 2563 2849 2653 magnalia,
2910 2566 3106 2650 quia
3168 2565 3239 2632 ei·

677 2652 833 2721 dem
886 2675 1089 2723 caeco
1162 2653 1398 2722 oculos
1450 2654 1766 2722 restituit.
1822 2653 1944 2722 Sed
2000 2652 2166 2721 haec
2239 2652 2518 2739 quidem
2573 2666 2940 2743 praesente
3012 2668 3240 2722 sancto

678 2746 1017 2812 Germano
1066 2742 1400 2831 Episcopo
1431 2755 1615 2832 gesta
1651 2754 1897 2810 sunt...
1935 2741 2188 2810 Deinde
2245 2762 2485 2809 navem
2535 2740 2983 2821 conscendit,
3033 2756 3240 2811 trans-

676 2830 1071 2918 fretansque
1120 2836 1393 2912 Farum,
1448 2837 1828 2900 Messanam
1860 2830 1896 2865 ¹*
1944 2830 2214 2899 Siciliae
2261 2828 2534 2899 devenit
2581 2830 2663 2899 ad
2717 2829 3015 2899 urbem.
3051 2836 3239 2901 Cum·

677 2942 812 3007 que
845 2919 1312 2990 descendisset
1359 2919 1443 2988 ad
1497 2931 1774 2998 terram,
1828 2919 2277 2998 Gordianum,
2319 2918 2656 2988 famulum
2709 2940 2957 2999 suum,
3001 2920 3241 2989 direxit

678 3008 763 3078 ad
799 3010 1165 3088 civitatem,
1223 3007 1563 3078 mandans
1612 3020 1690 3077 ut
1739 3008 2203 3086 Messalinum,
2235 3007 2449 3076 civem
2486 3012 2907 3087 Romanum,
2953 3008 3239 3078 Tertulli

677 3100 892 3188 patris
940 3098 1043 3168 sui
1095 3097 1596 3168 amicissimum
1628 3151 1642 3177 ,
1696 3095 1784 3165 ad
1849 3118 1921 3167 se
1986 3108 2295 3175 vocaret;
2360 3108 2506 3165 erat
2550 3096 2734 3165 enim
2802 3095 3239 3167 ditissimus,

679 3191 894 3267 Quem
930 3186 1051 3254 ubi
1092 3186 1373 3266 invenit,
1425 3185 1508 3255 ad
1563 3186 1728 3255 litus
1779 3185 2014 3265 maris,
2067 3185 2189 3254 ubi
2239 3198 2517 3255 sanctus
2576 3183 2851 3253 Domini
2903 3185 3240 3256 Placidus

681 3274 1111 3351 morabatur,
1167 3295 1400 3343 secum
1477 3274 1787 3344 adduxit.
1861 3273 2109 3343 videns
2180 3287 2407 3342 autem
2462 3273 2874 3343 Messalinus
2955 3276 3238 3345 beatum

686 3359 1040 3429 Placidum
1073 3361 1268 3451 juxta
1304 3363 1512 3432 maris
1554 3363 1748 3433 litora
1802 3375 2119 3442 stantem,
2172 3360 2603 3449 formamque
2635 3362 2786 3451 ejus
2816 3361 3060 3432 vultui
3079 3369 3242 3433 Ter·

683 3449 837 3520 tulli
887 3450 1100 3538 patris
1147 3450 1369 3540 ipsius
1407 3451 1930 3532 assimilantem,
1965 3473 2164 3538 equo,
2202 3472 2341 3537 quo
2367 3451 2733 3531 insederat,
2766 3449 3238 3533 descendenS,

679 3538 761 3608 ad
812 3537 1015 3626 pedes
1060 3540 1211 3624 ejus
1257 3539 1526 3608 cecidit.
1590 3545 1808 3623 Quem
1860 3540 2342 3609 sanctissimus
2409 3539 2730 3609 Placidus
2787 3562 2826 3608 a
2864 3552 3059 3610 terra
3108 3541 3242 3610 ele-

679 3649 848 3696 vans
894 3625 1244 3696 osculatus
1275 3640 1400 3708 est,
1440 3641 1639 3715 atque
1689 3628 2143 3708 benedicens,
2198 3650 2338 3696 rem
2406 3640 2681 3719 propter
2712 3649 2929 3714 quam
2995 3652 3042 3699 a
3082 3651 3243 3699 san-
3299 3682 3300 3693 ,

680 3714 991 3786 ctissimo
1041 3729 1232 3806 patre
1278 3716 1636 3787 Benedicto
1699 3719 2002 3789 directus
2059 3717 2318 3798 suerat,
2386 3739 2508 3806 per
2568 3716 2886 3786 ordinem
2957 3719 3234 3807 pandit.

679 3804 1087 3873 Messalinus
1136 3826 1292 3874 vero
1324 3805 1595 3875 beatum
1634 3806 1987 3877 Placidum
2040 3806 2305 3875 diutius
2339 3806 2806 3896 complexanS,
2860 3818 2929 3875 et
2982 3808 3076 3877 ad
3129 3830 3241 3897 pe·

679 3907 833 3962 ctus
865 3916 1069 3963 suum
1129 3894 1592 3994 adstringenS,
1666 3895 2008 3984 lacrymas
2062 3915 2335 3982 quoque
2395 3895 2686 3963 invicem
2754 3916 2926 3984 prae
2978 3897 3242 3997 gaudio

675 3981 1043 4051 fundentes
1076 3983 1460 4053 immorati:
1514 3983 1795 4053 demum
1832 4004 2106 4071 quoque
2134 3983 2313 4052 idem
2354 3983 2761 4053 Messalinus
2798 3984 3243 4055 Gordianum

677 4082 743 4140 et
780 4076 1107 4140 Donatum
1149 4071 1445 4141 famulos
1491 4072 1641 4162 ejus
1681 4072 2130 4153 deosculans,
2183 4071 2713 4162 apprehendens
2761 4072 3025 4142 iterum
3078 4074 3246 4144 dex-

677 4172 889 4229 teram
927 4160 1104 4229 beati
1154 4161 1411 4232 Placidi
1461 4183 1540 4231 ac
1579 4160 1703 4230 diu
1752 4161 2183 4241 exosculans,
2221 4183 2380 4230 cum
2433 4160 2694 4250 ingenti
2730 4160 2998 4231 honore
3039 4163 3242 4232 duxit

679 4247 762 4318 ad
814 4247 1098 4317 domum
1143 4272 1365 4330 suam,
1419 4262 1482 4320 et
1553 4249 1808 4339 repleta
1864 4263 1965 4319 est
2011 4250 2241 4318 omnis
2304 4249 2544 4319 civitas
2593 4255 2909 4319 Messana
2978 4252 3249 4341 gaudio

677 4359 891 4427 super
917 4337 1215 4408 adventu
1261 4338 1432 4427 eJ‘uS.
1486 4339 1897 4409 Messalinus
1950 4351 2177 4408 autem
2213 4393 2228 4419 ,
2289 4337 2459 4407 dum
2513 4337 2584 4406 in
2645 4337 2855 4408 domo
2903 4361 3046 4412 sua
3085 4362 3249 4412 cum

731 4464 755 4486 ⁹
784 4464 961 4511 Italica,
980 4463 1202 4510 Messius,
1222 4475 1248 4506 ι
1265 4466 1458 4506 Graecis
1478 4466 1743 4516 antiquitus
1759 4465 1972 4519 mndata,
1991 4466 2102 4506 sede
2119 4462 2516 4514 archiepiscopali
2532 4463 2789 4513 refulgens.
