3347 4999
713 284 837 347 384
1286 302 1364 346 ne
1413 301 1468 347 s.
1521 299 1783 346 ciimxro
1835 300 1925 345 PP.
1983 301 2056 345 Er
2106 300 2238 347 soc.
2294 301 2481 347 mar.
2846 281 3016 347 OCT.
3075 284 3156 348 lt

626 385 840 453 dixit:
897 406 931 449 «
973 384 1407 453 Purificetur.
1448 383 1569 452 Sed
1626 383 1878 465 indica,
1932 407 2210 471 quaeso,
2274 407 2449 472 quae
2497 397 2560 453 et
2605 384 2833 471 qualis
2882 385 2968 453 sit
3030 385 3162 455 ista

628 472 1070 563 purificatio?
1117 496 1152 538 »
1225 472 1602 561 Respondit
1666 472 2078 542 Palmatius:
2143 497 2179 539 «
2237 478 2312 543 Ut
2371 473 2638 562 profani
2699 494 2833 542 non
2903 474 3062 543 sint.
3118 497 3160 540 »

625 561 996 631 Alexander
1063 561 1274 630 dixit:
1337 584 1372 627 «
1424 560 1552 643 Qui
1610 574 1772 630 sunt
1833 561 2146 650 profani?
2202 584 2236 627 »
2304 562 2678 650 Respondit
2741 560 3159 631 Palmatius:

626 649 1071 719 «Christiani.
1105 672 1141 716 »
1174 650 1548 719 Alexander
1588 649 1718 717 ait:
1758 672 1793 715 «
1825 656 1959 740 Ego
2014 652 2324 740 praecepi
2375 651 2581 719 semel
2620 672 2696 719 ac
2738 651 3010 730 iterum,
3054 662 3158 733 ut,

623 739 1042 824 ubicumque
1077 739 1335 808 inventi
1374 737 1651 818 fuerint,
1705 740 2106 828 puniantur,
2143 752 2262 807 aut
2292 752 2471 809 certe
2521 740 2807 807 offerant
2859 738 2994 806 diis
3031 739 3163 807 im-

627 827 1035 897 mortalibus
1094 828 1317 897 thura.
1358 852 1392 894 »
1431 827 1877 915 Respondens
1934 825 2308 898 Palmatius
2361 828 2578 896 dixit:
2638 850 2672 892 «
2706 833 2831 896 Per
2882 826 3164 895 clarita-

627 928 757 984 tem
801 929 1119 996 vestram,
1174 938 1214 985 o
1271 922 1671 1005 Imperator,
1733 916 1898 984 dum
1947 917 2386 984 contristarer
2440 928 2713 1006 propter
2749 916 2914 984 haec
2946 914 3165 984 infor-

628 1004 820 1073 tunia
885 1017 949 1073 et
1014 1004 1210 1094 signa
1282 1026 1458 1091 quae
1513 1004 1688 1073 facta
1750 1016 1956 1084 sunt,
2010 1017 2074 1072 et
2123 1004 2618 1094 transfugerem
2687 1004 2755 1072 in
2810 1005 3163 1094 regionem

628 1106 816 1161 trans
855 1093 1174 1174 Tiberim,
1214 1093 1475 1162 audivit
1516 1093 1770 1162 ibidem
1825 1092 2337 1162 multitudinem
2391 1093 2932 1162 Christianorum
2975 1092 3163 1181 psal-

629 1181 941 1261 lentium,
985 1193 1049 1250 et
1090 1182 1235 1251 suis
1272 1183 1656 1251 vacantium
1702 1181 2309 1262 incantationibuS,
2347 1182 2414 1251 in
2452 1182 2747 1269 quodam
2801 1182 2971 1250 loco,
3009 1184 3164 1263 Qua

628 1271 711 1339 de
758 1291 990 1349 causa,
1045 1270 1463 1339 credendum
1516 1283 1693 1338 certe
1754 1281 1877 1349 est,
1934 1269 2001 1338 id
2057 1270 2256 1340 nobis
2306 1292 2526 1359 nuper
2563 1270 2897 1340 accidisse
2944 1270 3164 1338 inlor—

632 1360 828 1427 tunii.
872 1382 907 1424 »
967 1358 1137 1428 Dicit
1189 1360 1250 1429 ei
1302 1357 1708 1428 Alexander:
1761 1359 2068 1448 «Accipe
2123 1370 2546 1448 potestatem,
2608 1372 2683 1428 ut
2736 1359 3164 1445 ubicumque

627 1469 741 1518 eos
789 1448 1129 1516 inveneris
1165 1502 1179 1528 ‚
1234 1460 1351 1517 aut
1406 1468 1610 1536 cogas
1671 1445 1756 1514 ad
1809 1447 2342 1517 sacrificandum
2392 1447 2574 1527 diis,
2633 1460 2753 1516 aut
2808 1460 2990 1516 certe
3041 1468 3161 1516 ex-

629 1537 902 1623 quisitis
950 1558 1065 1606 eos
1116 1536 1471 1605 tormentis
1521 1534 1879 1624 affligas.»

716 1628 751 1711 §
804 1632 887 1697 2.
946 1630 1132 1694 Tunc
1189 1624 1609 1704 PalmatiuS,
1670 1638 1950 1713 accepta
1998 1635 2363 1713 potestate,
2440 1623 2858 1710 collectaque
2923 1623 3164 1693 multi-

633 1713 866 1783 tudine
918 1713 1242 1794 militum,
1280 1713 1460 1782 venit
1491 1726 1680 1781 trans
1708 1712 2029 1792 Tiberim,
2071 1713 2189 1781 ubi
2225 1726 2681 1802 congregatus
2708 1712 2928 1782 fuerat
2965 1713 3162 1780 Chri-

631 1803 1008 1872 stianorum
1061 1824 1221 1890 grex
1271 1824 1407 1870 una
1447 1823 1604 1869 cum
1643 1823 1769 1869 suo
1803 1814 2067 1889 pastore
2117 1801 2369 1870 Calixto
2396 1804 2740 1891 episcopo,
2780 1802 2959 1871 inter
2985 1822 3166 1887 quos

626 1905 769 1960 erat
833 1890 1238 1979 Calepodius
1302 1890 1336 1923 ⁴
1404 1890 1776 1979 presbyter.
1839 1894 1915 1957 Et
1971 1890 2302 1959 intrantes
2372 1890 2870 1971 coenaculum,
2938 1891 3164 1958 irrue-

629 1992 789 2049 runt
837 1980 906 2047 in
958 2000 1071 2048 eos
1121 1978 1351 2046 decem
1427 1977 1715 2057 militeS,
1768 1977 1888 2063 qui
1937 1980 2257 2047 caecitate
2322 1980 2549 2048 subito
2609 1978 2917 2068 percussi
2969 1990 3160 2047 sunt.

630 2068 894 2151 Quibus
944 2066 1349 2155 Calepodius
1399 2068 1796 2155 presbyter:
1856 2088 1891 2131 «
1939 2071 2148 2149 Quem
2204 2068 2532 2155 quaeritis
2564 2121 2578 2147 ‚
2640 2068 2892 2153 inquit,
2961 2065 3166 2134 filioli

630 2157 822 2224 mei?
864 2179 897 2222 »
948 2155 1055 2223 Illi
1107 2169 1332 2224 autem
1407 2154 1999 2235 vociferabantur,
2068 2155 2411 2226 dicentes:
2470 2178 2505 2221 «
2559 2156 2912 2225 Accendite
2962 2154 3167 2224 nobis

631 2244 1004 2313 luminaria
1037 2257 1100 2312 et
1142 2244 1500 2325 lucernas,
1552 2244 1715 2330 quia
1768 2244 2177 2316 obscuratus
2223 2257 2324 2314 est
2371 2244 2571 2313 nobis
2623 2244 2812 2313 locus
2868 2245 2995 2315 iste
3025 2298 3039 2323 ‚
3100 2256 3170 2313 et

629 2333 851 2422 caligo
900 2333 1258 2432 occupavit
1309 2354 1456 2401 nos.
1488 2355 1524 2398 »
1561 2332 1662 2400 Ait
1707 2331 2112 2421 Calepodius
2162 2333 2558 2422 presbyter:
2599 2355 2633 2399 «
2669 2332 3022 2419 DeuS,‘qui
3054 2331 3170 2400 in-

631 2434 857 2489 tuetur
903 2443 1156 2502 omnia,
1221 2421 1368 2510 ipse
1422 2420 1814 2489 obcaecavit
1858 2419 2094 2490 oculos
2146 2434 2421 2490 vestros.
2474 2446 2508 2488 »
2562 2421 2670 2489 Illi
2727 2434 2955 2489 autem
3018 2421 3169 2521 pal-

631 2523 867 2599 pantes
915 2509 1417 2579 descenderunt
1464 2511 1548 2577 de
1593 2509 1988 2579 coenaculO.
2027 2515 2203 2579 Haec
2238 2533 2393 2579 cum
2439 2510 2718 2580 vidisset
2749 2510 3163 2588 Palmatius,

630 2599 871 2668 timore
921 2599 1319 2688 perterritus
1368 2598 1437 2666 fu
1495 2599 1660 2678 iens,
1715 2598 2044 2667 indicavit
2092 2598 2490 2668 Alexandro.
2529 2599 2776 2668 Eodem
2813 2599 2922 2667 die
2949 2599 3174 2686 jussit

629 2686 1022 2768 Alexander,
1070 2699 1146 2756 ut
1196 2688 1379 2756 caeci
1431 2687 1532 2755 ili
1578 2685 1902 2756 satellites
1954 2687 2022 2755 in
2069 2687 2221 2774 ejus
2255 2701 2695 2776 conspectum
2730 2687 3173 2756 adduceren-

629 2791 782 2856 tur,
839 2798 1010 2863 quos
1059 2776 1225 2844 dum
1279 2776 1723 2864 agnovisset,
1791 2776 1925 2844 ait:
1997 2799 2031 2841 «
2070 2779 2120 2845 Ο
2163 2776 2343 2847 cives
2392 2776 2657 2865 optimi,
2721 2776 2966 2845 videtis
3018 2799 3175 2844 ma-

630 2865 850 2954 gicam
896 2868 1163 2934 artem?
1214 2888 1247 2930 »
1299 2863 1677 2955 Respondit
1722 2862 2135 2934 Palmatius:
2200 2887 2235 2930 «
2284 2863 2350 2933 Si
2412 2865 2678 2954 magica
2733 2878 2876 2933 arte
2929 2863 2994 2931 id
3068 2863 3179 2933 fa-

628 2968 813 3022 ctum
864 2967 1007 3033 est,
1076 2953 1195 3022 ubi
1259 2967 1421 3022 sunt
1471 2952 1752 3022 virtutes
1805 2952 2087 3021 deorum
2155 2957 2594 3022 nostrorum?
2638 2953 2885 3022 Jubeat
2932 2952 3182 3039 itaque

626 3041 900 3111 claritas
970 3055 1186 3111 vestra
1250 3042 1386 3110 diis
1439 3041 2029 3129 omnipotentibus
2077 3042 2302 3110 offerri
2352 3041 2739 3121 sacrificia,
2796 3063 2881 3110 ne
2930 3055 3185 3129 pereat

628 3131 927 3220 populus
977 3142 1137 3200 tuus
1238 3152 1311 3198 er
1359 3129 1893 3198 incantationem
1945 3149 2207 3200 eorum.
2248 3153 2282 3195 »
2335 3130 2683 3218 Praecepit
2720 3151 2883 3219 ergo
2933 3134 3185 3218 Impe-

630 3233 809 3286 rator
847 3233 921 3287 ut
970 3219 1181 3287 immo
1213 3231 1442 3287 aretur
1490 3218 1872 3299 Mercurio,
1919 3232 1981 3287 et
2038 3240 2364 3308 responsa
2411 3230 2924 3308 cognoscerent.
2986 3218 3188 3287 Exiit

629 3329 790 3394 ergo
839 3306 1163 3386 edictum,
1217 3321 1294 3376 ut
1340 3328 1579 3375 omnes
1620 3307 1907 3375 Romani
1945 3307 2029 3375 ad
2074 3306 2481 3397 Capitolium
2531 3306 2992 3386 convolarent,
3051 3330 3188 3377 sa-

628 3395 887 3463 crificia
934 3393 1255 3474 oblaturi,
1294 3408 1357 3463 et
1385 3394 1500 3481 qui
1546 3395 1860 3464 Mercurii
1893 3395 2003 3464 die
2044 3396 2302 3464 inventi
2333 3408 2559 3465 essent
2595 3396 2660 3463 in
2695 3396 2841 3464 suis
2876 3417 3190 3465 manere

630 3482 941 3561 aedibuS,
998 3482 1564 3552 interficerentur.
1605 3487 1863 3553 Statuto
1913 3484 2123 3574 igitur
2170 3484 2303 3564 die,
2345 3483 2535 3552 adest
2567 3485 2792 3553 omnis
2829 3482 3187 3572 populus.

630 3570 1002 3639 Palmatius
1054 3592 1329 3657 quoque
1374 3594 1533 3641 cum
1595 3572 1788 3640 omni
1834 3572 2036 3642 domo
2098 3595 2221 3643 sua
2279 3574 2485 3642 intrat
2534 3571 2943 3662 Capitolium
2995 3595 3194 3643 cum

631 3661 855 3749 porcis
903 3671 969 3728 et
1015 3659 1270 3728 vituliS.

717 3749 879 3834 §a
934 3753 1011 3817 Et
1049 3747 1304 3817 sactum
1361 3759 1461 3817 est
1508 3748 1673 3817 dum
1726 3749 2069 3819 occisione
2117 3749 2461 3840 pecudum
2497 3748 2966 3819 effunderetur
3000 3771 3200 3820 san-

628 3839 784 3926 guis
811 3890 825 3915 ,
869 3849 932 3904 et
981 3837 1409 3906 carminibus
1453 3837 1902 3906 decantandis
1943 3851 2258 3908 vacarent
2299 3837 2723 3918 sacerdotes,
2768 3838 2957 3927 virgo
2998 3851 3200 3909 tem·

630 3924 747 4013 pli,
786 3923 1065 3994 Juliana
1105 3926 1403 4005 nomine,
1443 3939 1712 4014 arrepta
1746 3949 1785 3995 a
1818 3927 2173 4006 daemone,
2217 3926 2559 4005 clamavit,
2600 3926 2877 3996 dicens:
2919 3949 2956 3992 «
2985 3931 3204 4000 Deus

628 4012 885 4092 Calixti‚
923 4015 1115 4083 vivus
1161 4027 1225 4083 et
1267 4036 1465 4084 verus
1505 4027 1606 4084 est
1644 4021 1838 4092 Deus,
1884 4017 2002 4102 qui
2040 4016 2444 4105 indignatur
2478 4013 2980 4104 pollutionibus
3011 4019 3210 4088 Rei—

632 4099 947 4190 publicae
994 4115 1273 4184 vestrae‚
1322 4115 1385 4172 et
1437 4116 1738 4173 conteret
1785 4110 2033 4194 Regem
2083 4119 2378 4174 vestrum
2419 4102 2798 4186 mortalem,
2829 4103 2997 4189 quia
3035 4126 3207 4176 non

629 4189 928 4261 adoratis
963 4191 1332 4260 veritatem.
1373 4216 1407 4259 »
1437 4192 1527 4260 Ad
1576 4193 1754 4262 hanc
1807 4215 2034 4261 vocem
2085 4192 2452 4262 salubriter
2494 4206 2718 4262 motus
2752 4191 3208 4280 PalniatiUS,

629 4277 968 4368 profectus
1016 4292 1117 4348 est
1151 4281 1218 4347 in
1260 4280 1602 4370 regionem
1650 4295 1836 4351 trans
1880 4281 2176 4352 Tiberim
2217 4281 2302 4352 ad
2339 4282 2580 4351 urbem
2627 4280 3208 4369 Ravennatiurn‚

682 4406 708 4432 ¹⁸
739 4403 919 4445 Colitur
942 4405 987 4445 S.
1014 4405 1290 4454 Calepodius
1309 4406 1384 4447 die
1404 4417 1432 4447 1
1453 4404 1579 4457 maji.
1599 4408 1713 4448 Vide
1734 4408 1924 4448 Sursum.

3197 538 3234 551 -ιι,
