3347 4999
742 376 871 440 308
1505 393 1583 437 nn
1633 394 1689 439 s.
1744 391 2005 437 insumo
2054 389 2349 437 coxrssss.
2934 373 3114 439 OCT.
3177 377 3223 441 9

650 490 795 548 erat
840 475 1152 555 coelitus,
1192 475 1263 542 in
1316 475 1670 545 beatorum
1724 475 1900 545 Petri
1948 487 2012 543 et
2058 473 2252 543 Pauli
2300 473 2778 564 Apostolorum
2837 475 3210 556 honorem,

654 565 988 656 templum
1039 563 1379 645 aedificat,
1442 564 1693 634 Cellam
1745 563 2220 652 Apostolorum
2278 562 2449 632 illud
2489 585 2762 633 vocans.
2803 569 2880 632 In
2915 586 2994 633 ea
3043 587 3218 635 vero

653 654 832 725 Cella
878 654 1026 743 ipse
1063 674 1263 742 porro
1316 674 1552 722 secum
1603 653 1959 734 habitavit,
2003 664 2067 722 et
2108 651 2486 721 humanam
2549 651 2824 742 fugiens
2874 652 3162 724 laudem
3194 709 3211 735 ‚

654 742 913 811 mundo
962 763 1033 811 se
1070 741 1352 822 celavit,
1423 742 1723 830 vixitque
1783 747 1934 823 Deo,
1989 754 2285 811 atterens
2325 762 2579 830 corpus
2641 763 2845 811 suum
2907 740 3090 811 fame
3143 757 3217 813 et

648 831 923 921 frigore,
969 853 1245 920 semper
1275 831 1534 921 degens
1569 833 1635 899 in
1676 831 1903 901 cilicio
1942 843 2007 900 et
2046 831 2297 911 cinere,
2353 830 2578 901 sciens
2626 829 2815 916 quod
2860 852 2979 921 per
3012 831 3214 901 mul-

649 936 752 991 tas
788 920 1266 990 tribulationes
1305 932 1612 1010 oporteat
1647 943 1774 990 nos
1823 921 2077 989 intrare
2124 919 2195 987 in
2249 940 2540 1009 regnum
2596 919 2733 987 Dei.

735 1012 772 1097 §
818 1013 906 1080 ὅ.
962 1014 1055 1078 Ea
1095 1022 1514 1100 tempestate,
1555 1009 2065 1080 Cameracensis
2111 1009 2144 1042 ⁴*
2180 1008 2482 1078 Ecclesia
2512 1008 2832 1078 Autberto
2879 1008 3215 1097 praesule

647 1098 1085 1169 sanctissimo
1120 1099 1485 1189 gaudebat,
1529 1111 1594 1168 et
1643 1099 1813 1167 tanti
1864 1097 1990 1165 viri
2040 1097 2301 1166 meritis
2351 1098 2421 1165 in
2460 1095 2729 1166 coelum
2780 1118 3000 1184 usque
3050 1119 3213 1169 sese

649 1188 1066 1279 porrigebat,
1106 1190 1261 1273 ejus
1309 1187 1468 1257 fidei
1516 1210 1643 1257 ceu
1702 1185 1877 1256 lucis
1925 1185 2290 1255 columnae
2348 1186 2675 1265 innitens,
2730 1185 2803 1254 in
2842 1208 2922 1254 ea
2970 1208 3095 1276 spe
3134 1202 3214 1258 et

647 1277 979 1347 charitate
1012 1275 1319 1345 fundata.
1359 1281 1423 1347 Is
1460 1274 1854 1365 praeclarus
1890 1276 2293 1364 EpiscopuS,
2329 1287 2677 1364 comperta
2717 1275 2899 1345 beati
2933 1274 3211 1346 Gisleni

651 1366 1029 1445 sanctitate,
1075 1365 1271 1453 jubet
1320 1386 1478 1433 eum
1529 1386 1745 1453 ocyus
1792 1363 1876 1432 ad
1929 1385 2000 1434 se
2036 1364 2285 1441 venire,
2326 1364 2615 1453 probare
2664 1363 2922 1443 volens,
2960 1377 3209 1435 utrum

648 1477 725 1525 ex
777 1461 905 1525 Deo
956 1453 1242 1543 spiritus
1278 1465 1479 1522 esset.
1535 1459 1677 1522 Non
1735 1464 2100 1522 cunctatur
2148 1453 2488 1532 Gistenus,
2546 1452 2665 1521 sed
2716 1452 3075 1523 humiliter
3126 1476 3209 1524 se

648 1544 826 1614 dans
865 1543 1115 1624 itineri,
1161 1542 1283 1612 ubi
1332 1539 1418 1610 ad
1457 1563 1738 1631 pagum,
1778 1564 1980 1629 quem
2018 1543 2271 1611 rustice
2301 1542 2627 1613 Resinum
2663 1554 2927 1622 vocant,
2971 1564 3209 1612 acces·

649 1632 760 1713 sit,
806 1644 999 1700 nocte
1034 1632 1459 1710 imminente,
1521 1630 2023 1700 humanissime
2072 1644 2394 1720 acceptus
2440 1643 2542 1699 est
2591 1630 2888 1720 hospitio
2928 1654 2971 1700 a
3020 1653 3207 1717 quo-

645 1720 807 1789 dam
858 1720 1160 1809 ingenuo
1202 1740 1526 1809 paupere,
1580 1721 1697 1805 qui
1750 1720 1954 1788 etiam
2004 1720 2254 1788 obnixe
2311 1742 2468 1788 eum
2521 1720 2808 1809 rogavit,
2847 1731 2925 1789 ut
2976 1741 3205 1790 rever·

650 1822 800 1881 tens
856 1809 942 1877 ad
1005 1811 1238 1899 ipsum
1287 1807 1670 1877 diverteret.
1730 1814 2094 1894 Postquam
2160 1808 2249 1876 ad
2310 1809 2726 1898 Episcopum
2784 1809 3195 1878 Autberturn

646 1898 852 1979 venit,
882 1899 1126 1998 jussus
1173 1910 1273 1966 est
1306 1895 1534 1965 dicere
1583 1919 1803 1987 genus
1838 1918 2067 1977 suum,
2123 1909 2188 1965 et
2223 1899 2553 1966 rationem
2598 1909 2957 1986 susceptae
3004 1919 3201 1987 pere-

646 1987 1084 2077 grinationis.
1140 1991 1309 2055 Tum
1371 1985 1487 2056 ille
1546 1988 1789 2075 paucis
1844 1985 2252 2073 expediens:
2294 2009 2330 2052 «
2364 1986 2665 2066 Natione‚
2719 1986 2971 2072 inquit,
3039 2007 3199 2055 sum

648 2082 969 2154 Graecus,
1010 2074 1338 2165 religione
1365 2074 1820 2157 Christianus,
1863 2074 2282 2176 professione
2317 2075 2722 2155 monachus,
2754 2073 3199 2144 sacerdotum

647 2165 1007 2234 minimus.
1071 2168 1148 2231 In
1184 2163 1437 2234 Gallias
1487 2166 1664 2245 veni,
1719 2185 2010 2254 cupiens
2060 2164 2369 2232 habitare
2398 2164 2468 2231 in
2520 2162 2692 2242 loco,
2733 2183 2939 2249 quem
3006 2163 3201 2233 Ursi-

646 2252 962 2342 dungum
1007 2265 1354 2333 vocarunt,
1395 2254 1629 2340 ibique
1680 2253 2014 2354 templum
2064 2266 2460 2321 construere
2508 2253 2581 2320 in
2629 2251 2960 2322 honorem
3014 2252 3197 2321 Petri

644 2354 709 2410 et
756 2340 950 2409 Pauli
982 2340 1478 2429 Apostolorum,
1521 2354 1596 2411 ut
1627 2342 1961 2411 divinitus
2008 2340 2247 2426 iussus
2292 2363 2474 2411 sum.
2532 2340 2746 2427 quue
2804 2353 2882 2410 ut
2912 2362 2995 2410 ex
3053 2341 3196 2411 oris

645 2430 749 2498 tui
779 2430 1113 2499 sententia
1149 2430 1357 2512 fieret,
1387 2430 1822 2501 decreveram
1851 2429 2131 2517 quidem
2167 2429 2403 2519 copiae
2438 2429 2910 2521 impetrandae
2933 2441 3001 2498 et
3032 2452 3198 2499 con-

646 2519 786 2588 silii
817 2519 1175 2609 expetendi
1215 2543 1421 2589 causa
1456 2520 1543 2589 ad
1595 2535 1785 2590 tuam
1818 2518 2140 2589 accedere
2171 2521 2624 2599 sanctitatem,
2669 2519 2787 2589 sed
2825 2519 3202 2608 prudentia

646 2620 764 2678 tua
798 2629 1019 2677 meam
1048 2609 1394 2709 ignaviam
1429 2611 1869 2679 antevertit.»
1894 2615 2188 2678 Cernens
2224 2608 2460 2678 beatus
2495 2610 2861 2678 Autbertus
2902 2608 3199 2679 multam

645 2697 715 2766 in
767 2710 1002 2767 sancto
1043 2719 1186 2766 viro
1236 2719 1567 2786 apparere
1600 2698 1920 2768 virtutem
1967 2711 2032 2766 et
2072 2697 2499 2786 religionem,
2539 2697 2797 2767 sanctis
2852 2698 3199 2768 sermoni·

643 2786 777 2855 bus
809 2787 1238 2864 confirmato,
1286 2798 1349 2855 et
1383 2808 1725 2876 supernae
1761 2787 2256 2857 benedictionis
2291 2808 2574 2854 munere
2605 2801 2831 2866 aucto,
2887 2784 3053 2855 facit
3080 2808 3201 2855 co-

646 2875 830 2975 piam
870 2875 1255 2957 recedendi,
1310 2887 1375 2943 et
1421 2898 1523 2956 ea,
1564 2898 1741 2962 quae
1787 2875 2147 2964 Apostolus
2190 2874 2573 2956 mandarat,
2606 2874 3011 2962 exequendi.
3043 2874 3201 2944 Abit

644 2963 783 3045 llle,
826 2964 1251 3053 cupiensque
1285 2963 1371 3033 ad
1407 2965 1702 3034 amicam
1737 2965 1959 3034 redire
1990 2962 2459 3044 solitudinem,
2495 2977 2689 3033 nocte
2718 2966 2866 3050 ejus
2899 2985 3195 3033 cursum

647 3051 1053 3134 retardante,
1125 3055 1366 3144 repetit
1415 3054 1792 3144 hospitium
1851 3053 2351 3144 supradictum,
2406 3066 2471 3123 et
2527 3054 2775 3143 hospes
2832 3051 3092 3122 nitidas
3133 3053 3203 3122 ei

641 3143 930 3231 apparat
963 3142 1187 3212 aedes.
1227 3144 1713 3213 Discumbente
1762 3156 1990 3213 autem
2047 3142 2189 3223 illo,
2252 3141 2503 3232 hospes
2557 3141 2643 3210 ad
2693 3143 2849 3243 ejus
2906 3141 3203 3231 vestigia

644 3228 1034 3310 advolutus,
1097 3244 1289 3320 rogat
1345 3233 1726 3315 humiliter,
1788 3246 1862 3302 ut
1907 3231 2211 3301 divinam
2276 3231 2595 3320 imploret
2643 3229 3204 3301 misericordiam

644 3338 769 3406 pro
827 3318 1049 3405 ipsius
1097 3342 1329 3400 uxore,
1393 3321 1480 3389 ob
1533 3337 1770 3411 partus
1835 3318 2310 3390 difficultatem
2380 3320 2525 3409 jam
2592 3341 2769 3410 pene
2829 3318 3198 3389 moriente.

643 3406 1036 3494 Respondet
1084 3409 1185 3476 vir
1241 3423 1557 3478 sanctus:
1614 3433 1650 3476 «
1687 3416 1998 3480 Facessat
2055 3407 2251 3479 dolor
2305 3410 2575 3478 omnis:
2656 3408 3009 3499 geminum
3061 3407 3198 3477 tibi

642 3516 777 3584 sup
831 3494 1040 3565 editat
1071 3496 1429 3585 gaudium,
1468 3520 1643 3567 uxor
1692 3498 2087 3576 incolumiS,
2139 3509 2205 3566 et
2236 3494 2465 3566 infans
2505 3498 2857 3588 vagiens.»
2908 3501 3054 3565 Mox
3091 3496 3203 3566 vir

641 3583 780 3652 fide
816 3583 869 3652 is
908 3607 981 3655 se
1026 3584 1286 3655 confert
1340 3586 1426 3655 ad
1484 3588 1874 3678 conjugem,
1927 3586 2111 3656 videt
2156 3607 2313 3654 vera
2368 3608 2516 3656 esse
2550 3609 2728 3674 quae
2775 3586 3036 3655 dixerat
3079 3585 3199 3655 Gi-

642 3672 904 3755 slenus;
958 3689 1321 3757 revertenS,
1363 3676 1600 3745 laudes
1650 3677 1904 3766 promit
1936 3681 2107 3744 Deo:
2149 3697 2530 3762 rursusque
2573 3676 2660 3745 ad
2702 3675 2913 3766 pedes
2967 3676 3202 3745 sancti

640 3761 770 3831 viri
802 3784 874 3832 se
906 3763 1264 3853 abjiciens,
1308 3778 1455 3834 orat
1493 3777 1569 3833 ut
1611 3765 1940 3834 infantem
1984 3777 2224 3835 natum
2261 3765 2627 3853 baptizare,
2654 3780 2719 3834 et
2743 3786 2938 3834 sacro
2970 3764 3202 3834 chris-

641 3864 824 3920 mate
854 3873 1134 3943 ungere,
1188 3868 1253 3922 et
1285 3853 1413 3923 sibi
1464 3852 1689 3924 filium
1740 3855 2075 3925 asciscere
2131 3853 2477 3942 dignetur.
2534 3860 2675 3924 Non
2745 3877 2815 3922 se
2871 3851 2958 3922 ad
3021 3853 3201 3924 haec

638 3939 993 4010 difficilem
1041 3942 1317 4032 praebet
1349 3944 1451 4011 vir
1498 3944 1636 4025 Dei,
1712 3945 2040 4033 perpetuo
2099 3942 2339 4011 sitiens
2393 3942 2786 4011 animarum
2841 3941 3198 4022 salutem;

637 4030 1105 4118 omnibusque
1133 4032 1450 4121 peractis,
1481 4054 1639 4101 cum
1676 4032 1944 4123 hospite
1977 4054 2104 4102 suo
2134 4031 2262 4099 iter
2290 4032 2751 4121 prosequitur.
2795 4030 2921 4100 Ubi
2953 4041 3201 4099 autem

643 4118 1113 4208 Ursidungum
1143 4142 1405 4202 venere,
1442 4121 1994 4191 animadvertens
2030 4120 2250 4190 sancti
2285 4119 2409 4189 viri
2449 4121 2696 4211 hospes
2722 4119 2949 4189 locum
2986 4118 3205 4190 illum

638 4209 1079 4277 commodum
1113 4231 1260 4280 esse
1291 4210 1552 4281 Christo
1581 4210 2060 4292 servientibus,
2099 4209 2431 4297 quicquid
2464 4210 2697 4280 Resini
2725 4209 2908 4298 juris
2935 4208 3207 4281 habere

639 4296 1020 4376 videbatur,
1051 4298 1470 4367 beatissimis
1509 4300 1867 4390 Apostolis,
1912 4312 2128 4369 terrae
2177 4299 2636 4389 principibus.
2677 4297 2978 4366 donavit.

728 4386 765 4471 ἓ
813 4389 906 4455 8.
946 4390 1111 4456 Cum
1145 4400 1371 4456 autem
1409 4394 1539 4458 Deo
1584 4403 1649 4458 et
1690 4388 2092 4459 hominibus
2158 4411 2362 4459 carus
2392 4386 2742 4458 Amandus
2774 4385 3197 4476 EpiscopuS‚

689 4511 716 4538 ¹⁸
744 4512 962 4553 Cambrm’.
