3347 4999
1558 190 1578 219 ι
1897 182 1930 219 0

215 347 389 414 OCT.
451 348 476 411 „1
1070 367 1150 413 DE
1198 368 1253 414 s.
1308 367 1569 415 aninmo
1618 367 1912 416 anemae.
2594 353 2675 418 35

213 468 295 516 ex
342 446 629 515 adverso
679 445 746 513 in
800 444 1009 516 latere
1063 445 1358 516 feriunt:
1412 447 1525 516 sed
1581 461 1858 538 propter
1906 448 2230 529 loricam,
2292 470 2428 536 qua
2478 450 2765 520 indutus

211 549 381 615 erat,
437 534 704 605 laedere
737 536 1217 622 nequiverunt.
1273 537 1487 626 Magis
1537 550 1764 606 autem
1809 536 2016 607 lorica
2071 537 2228 607 fidei
2281 538 2600 608 indutum
2642 544 2765 610 Do-

213 624 449 693 minus
506 646 629 713 per
677 625 1054 693 orationem
1108 629 1172 694 S.
1226 625 1547 716 Remigii,
1585 626 1799 715 patris
1865 641 1928 696 et
1979 628 2247 716 patroni
2296 629 2446 708 sui,
2502 628 2764 717 adjuvit

210 735 399 782 eum.
454 717 733 797 Patrata,
769 713 1113 801 siquidem
1150 714 1453 796 victoria,
1490 727 1555 782 et
1585 714 1823 784 multis
1872 715 2262 784 civitatibus
2312 738 2477 785 suae
2518 717 2764 786 ditioni

209 803 642 892 subjugatiS‚
696 825 920 890 usque
967 801 1274 872 Tolosam
1339 803 1666 892 perrexit:
1737 818 1802 871 et
1870 803 2226 874 thesauros
2289 802 2532 875 Alarici
2582 807 2760 874 acci—

208 892 435 981 piens,
491 913 611 980 per
656 891 1124 981 Engolismam
1188 891 1555 972 civitatem,
1617 892 1826 979 cujus
1873 894 2060 963 'muri
2109 906 2266 961 ante
2314 907 2759 983 conspectum

206 983 365 1065 eJ'us
412 992 842 1060 corruerunt,
894 978 1266 1050 intersectis
1310 979 1574 1050 Gotthis
1619 981 1949 1061 Arrian-iS,
2003 981 2125 1068 qui
2172 982 2266 1051 ibi
2316 996 2532 1064 erant,
2598 1005 2760 1051 cum

209 1068 508 1159 gloriosa
544 1069 825 1137 victoria
873 1068 957 1138 de
1009 1068 1244 1138 multis
1283 1069 1699 1149 civitatibuS,
1755 1069 1840 1137 ad
1895 1071 2172 1159 propria
2220 1070 2443 1139 rediit.

298 1160 334 1245 ξ
381 1162 520 1229 42.
576 1162 698 1227 Per
746 1156 924 1227 idem
981 1170 1252 1245 tempus
1284 1158 1371 1227 ab
1404 1158 1756 1228 Anastasio
1792 1158 2202 1247 imperatore
2236 1158 2593 1228 codicillos
2626 1164 2757 1228 Lu-

205 1247 494 1316 dovicus
542 1267 657 1316 rex
709 1268 831 1335 pro
878 1246 1246 1315 consulatu
1295 1246 1578 1337 accepit.
1636 1253 1802 1316 Cum
1853 1246 2111 1334 quibus
2160 1247 2501 1317 codicillis
2551 1248 2757 1316 etiam

203 1336 309 1406 illi
374 1336 774 1405 Anastasius
830 1356 1152 1405 coronam
1209 1356 1490 1405 auream
1546 1358 1707 1404 cum
1758 1336 2053 1426 gemmis
2099 1349 2164 1404 et
2211 1337 2519 1406 tunicam
2585 1336 2758 1405 blat-

209 1437 387 1495 team
427 1424 461 1458 *
501 1425 725 1493 misit:
778 1435 841 1492 et
888 1426 976 1494 ab
1025 1446 1104 1492 ea
1151 1423 1262 1492 die
1295 1423 1537 1495 consul
1573 1437 1637 1493 et
1668 1437 2009 1513 augustus
2042 1438 2143 1494 est
2182 1425 2591 1514 appellatus.
2628 1425 2754 1494 Sed

205 1528 271 1583 et
318 1512 684 1582 Hormisda
721 1512 824 1602 (a)
856 1517 1206 1582 Romanae
1257 1513 1449 1582 Sedis
1482 1512 1785 1603 pontifex
1813 1525 2046 1582 sancto
2070 1515 2404 1604 RemigiO,
2435 1515 2758 1601 antiquae

210 1602 609 1691 metropolis
644 1602 999 1690 Episcopo,
1035 1621 1213 1687 quae
1247 1614 1409 1671 tunc
1444 1602 1770 1691 temporis
1805 1601 2101 1670 habebat
2129 1603 2262 1671 sub
2287 1624 2357 1672 se
2387 1602 2755 1672 duodecim

203 1692 510 1760 civitates
557 1704 621 1759 et
672 1690 950 1759 totidem
1003 1690 1375 1779 Episcopos
1415 1690 1673 1760 eisdem
1715 1690 2206 1779 praesidentes,
2249 1691 2429 1760 vices
2477 1714 2640 1760 suas
2682 1692 2753 1760 in

202 1802 416 1871 regno
457 1778 783 1848 Ludovici
838 1779 1041 1867 regis,
1080 1792 1301 1867 nuper
1332 1801 1491 1848 cum
1530 1780 1794 1869 integra
1836 1792 2037 1870 gente
2070 1779 2153 1847 ad
2188 1779 2394 1848 sidem
2444 1781 2753 1849 conversi

204 1892 326 1958 per
375 1880 687 1937 sanctam
733 1866 888 1954 eJus
938 1867 1543 1959 praedicationem,
1602 1869 1889 1937 Domino
1936 1881 2344 1956 cooperante
2390 1882 2453 1937 et
2497 1890 2754 1938 sermo-

206 1980 361 2026 nem
404 1957 857 2025 confirmante
890 1956 1339 2043 sequentibus
1373 1957 1617 2047 signis,
1656 1957 2004 2027 commisit
2042 1958 2168 2026 hoc
2222 1956 2463 2026 modo:

555 2191 939 2259 EPISTOLA
988 2192 1467 2259 HORMISDAE
1521 2191 1768 2257 PAPAE
1817 2191 1917 2256 AD
1970 2192 2393 2257 REMIGIUM

280 2357 677 2420 Dilectissimo
701 2348 893 2421 ‘fratri
946 2358 1227 2437 Remigio
1275 2356 1617 2419 Hormisda.
1672 2356 2080 2434 Suscipientes
2126 2357 2301 2434 plena
2352 2357 2753 2419 fraternitatis

200 2445 343 2499 tuae
385 2437 901 2514 congratulatione
943 2438 1263 2519 colloquia,
1296 2436 1517 2516 quibus
1548 2452 1659 2497 nos
1688 2452 2014 2512 germanae
2042 2436 2254 2499 salutis
2289 2445 2426 2497 tuae
2455 2436 2748 2499 laetifica·

196 2518 290 2579 vit
336 2519 559 2579 indicio
601 2519 899 2596 corporali
944 2533 1083 2579 cum
1123 2516 1544 2596 spiritualibus
1585 2517 1798 2578 officiis
1844 2517 2229 2580 incolumitas
2269 2518 2562 2580 subnixa:
2613 2535 2751 2581 con-

194 2613 425 2677 gruum
468 2614 595 2659 esse
637 2601 1071 2676 perspeximuS‚
1122 2597 1277 2658 banc
1320 2599 1531 2675 ipsam,
1576 2612 1761 2673 quam
1805 2603 2013 2658 mente
2061 2601 2354 2674 gerimuS‚
2380 2599 2584 2659 verbis
2612 2614 2752 2677 ape-

192 2679 319 2738 rire
350 2677 664 2738 laetitiam.
696 2675 843 2755 Agis
869 2681 1039 2739 enim
1067 2679 1289 2737 summi
1321 2677 1682 2737 documenta
1717 2678 2044 2752 pontificis,
2076 2680 2226 2739 dum
2255 2687 2316 2738 et
2351 2678 2745 2755 praedicanda

191 2757 359 2831 faciS,
404 2763 465 2818 et
508 2773 575 2818 ea
624 2758 939 2819 insinuare
983 2773 1106 2819 uon
1146 2756 1377 2817 differs.
1409 2755 1914 2832 Praerogativam
1946 2758 2139 2833 igitur
2167 2758 2243 2818 de
2271 2758 2460 2818 nostri
2491 2758 2748 2833 sumpsi·

188 2851 328 2897 mus
369 2836 666 2898 electione
703 2837 944 2913 jndicii,
987 2837 1231 2915 quando
1275 2836 1331 2897 id
1376 2842 1693 2913 operatum
1730 2842 1788 2897 te
1818 2852 1945 2898 esse
1974 2836 2324 2909 didicimuS,
2355 2835 2518 2914 quod
2547 2844 2747 2897 caete-

186 2916 273 2976 ris
301 2917 610 2991 agendum
641 2916 926 2978 obnixius
957 2917 1354 2993 imperamUS,
1388 2923 1456 2974 ut
1487 2916 1546 2975 in
1582 2916 1916 2991 provinciis
1948 2922 2108 2976 tanta
2141 2915 2591 2992 longinquitate
2629 2915 2748 2978 dis·

179 2997 436 3074 junctiS,
479 3003 542 3057 et
584 2995 957 3073 Apostolicae
998 2997 1155 3057 sedis
1199 2996 1499 3072 vigorem,
1546 3002 1608 3055 et
1649 2994 1898 3057 Patrum
1931 2994 2154 3070 regulis
2182 2995 2423 3055 studeas
2450 2993 2745 3056 adhibere

183 3077 542 3137 custodiam.
585 3076 760 3137 Vices
802 3076 1008 3155 itaque
1041 3083 1274 3137 nostras
1302 3090 1408 3152 per
1437 3089 1621 3135 omne
1653 3090 1918 3151 regnum
1946 3072 2148 3135 dilecti
2179 3082 2238 3134 et
2266 3073 2601 3153 spiritualis
2632 3074 2741 3136 filii

182 3157 374 3216 nostri
423 3154 741 3228 Ludovici,
786 3172 965 3232 quem
1013 3172 1233 3234 nuper,
1277 3153 1762 3215 adminiculante
1802 3169 2068 3232 superna
2114 3155 2328 3229 gratia,
2373 3153 2653 3231 plurimis
2683 3164 2745 3214 et

177 3234 614 3313 Apostolorum
639 3235 1013 3312 temporibus
1035 3234 1495 3313 aequiparandis
1513 3234 1829 3310 signorum
1862 3232 2193 3308 miraculiS,
2224 3233 2739 3310 praedicationem

175 3314 561 3376 salutiferam
605 3314 1062 3388 comitantibuS,
1106 3330 1248 3374 cum
1297 3320 1480 3390 gente
1532 3315 1771 3388 integra
1820 3314 2216 3385 convertisti,
2271 3319 2331 3376 et
2380 3314 2530 3375 sacri
2583 3314 2744 3374 dono

175 3393 562 3469 baptismatis
603 3395 988 3466 consecrasti,
1033 3392 1213 3455 salvis
1241 3392 1606 3476 privilegiis,
1636 3408 1793 3469 quae
1823 3392 2308 3470 metropolitanis
2336 3393 2610 3455 decrevit
2637 3409 2743 3454 an-

174 3474 461 3552 tiquitas,
507 3476 804 3550 praesenti
848 3475 1208 3536 auctoritate
1238 3472 1712 3534 committimus:
1745 3478 2042 3548 augentes
2070 3472 2254 3534 studii
2289 3473 2470 3549 liujus
2502 3474 2739 3551 partici-

171 3557 427 3630 patione
470 3553 797 3614 ministerii
838 3553 1223 3628 dignitatem,
1256 3552 1601 3614 relevantes
1630 3561 1865 3613 nostras
1890 3552 2160 3629 ejusdem
2197 3554 2466 3613 remedio
2495 3552 2740 3629 dispen-

171 3633 436 3694 sationis
476 3632 785 3695 excubiaS.
831 3633 908 3693 Et
950 3633 1092 3694 licet
1132 3634 1207 3693 de
1247 3630 1506 3708 singulis
1552 3645 1676 3692 non
1727 3631 2000 3709 indigeas
2047 3632 2312 3701 edoceri,
2364 3649 2395 3694 a
2445 3647 2568 3709 quo
2611 3631 2735 3707 jam

170 3712 577 3789 probavimus
618 3713 853 3774 acutius
894 3715 1180 3774 universa
1223 3711 1495 3773 servari:
1545 3712 1780 3786 gratius
1824 3718 2026 3772 tamen
2068 3727 2195 3772 esse
2236 3711 2409 3784 solet,
2453 3713 2499 3771 si
2557 3711 2740 3772 ituris

173 3800 410 3853 trames
451 3792 816 3866 ostenditur,
858 3801 918 3853 et
960 3791 1318 3854 laboraturis
1358 3788 1617 3865 injuncti
1651 3791 1850 3868 operis
1883 3791 2072 3852 forma
2107 3797 2501 3852 monstratur.
2535 3789 2737 3852 Pater-

172 3887 285 3933 nas
330 3872 519 3948 igitur
561 3871 826 3947 regulas,
870 3879 931 3933 et
973 3872 1212 3932 decreta
1256 3870 1649 3931 sanctissimis
1692 3871 1943 3933 definita
1989 3869 2298 3943 Consiliis
2340 3871 2416 3932 ab
2447 3870 2737 3932 omnibus

173 3954 476 4012 servanda
522 3949 906 4013 mandamus,
951 3949 1016 4011 In
1065 3953 1155 4010 his
1198 3949 1583 4026 vigilantiam
1634 3958 1822 4024 tuam,
1871 3950 1932 4010 in
1980 3950 2073 4011 his
2102 3964 2307 4012 curam
2338 3959 2397 4011 et
2427 3949 2736 4011 fraternae

174 4031 408 4092 monita
452 4031 896 4092 exhortationis
939 4030 1343 4091 ostendimus.
1390 4028 1496 4090 His
1538 4045 1632 4102 ea,
1676 4037 1900 4109 quanta
1949 4029 2208 4107 dignum
2247 4035 2360 4102 est,
2391 4031 2738 4090 reverentia

173 4111 517 4183 custoditis,
546 4109 785 4171 nullum
809 4107 1107 4186 relinquit
1127 4108 1334 4186 eulpae
1357 4109 1557 4171 locum
1588 4117 1830 4172 sanctae
1859 4108 2304 4170 observationis
2333 4108 2730 4170 obstaculum.

177 4186 263 4251 Ibi
311 4191 397 4251 sas
443 4191 729 4267 nefasque
771 4191 1209 4266 praescriptum
1251 4197 1368 4249 est:
1420 4189 1502 4251 ibi
1537 4189 1942 4268 prohibitum,
1973 4189 2049 4251 ad
2076 4189 2237 4266 quod
2274 4188 2483 4249 nullus
2512 4189 2736 4250 audeat

177 4269 514 4347 adspirare:
566 4269 646 4331 ibi
693 4283 1070 4340 concessum,
1112 4269 1271 4348 quod
1314 4269 1530 4332 debeat
1578 4285 1753 4332 mens
1801 4269 1923 4331 Deo
1975 4268 2267 4345 placitura
2322 4281 2733 4346 praesumere.

234 4417 259 4444 ⁸
287 4418 417 4459 Idest
436 4420 699 4467 Pin-puram
718 4417 1016 4459 consularem
1038 4419 1167 4460 Rom.
1197 4418 1405 4469 Imperii.

238 4473 299 4522 (α)
329 4470 458 4513 Sedit
476 4472 552 4513 hic
573 4474 616 4513 S.
639 4474 852 4514 Pontifex
875 4482 1022 4512 annos
1042 4475 1104 4520 10,
1124 4484 1150 4514 a
1170 4482 1287 4520 oxii,
1308 4473 1403 4513 Cal.
1428 4481 1478 4512 vi
1495 4473 1608 4522 Aug.
