<?xml version="1.0" encoding="UTF-8"?>
<!DOCTYPE html PUBLIC "-//W3C//DTD XHTML 1.0 Transitional//EN"
    "http://www.w3.org/TR/xhtml1/DTD/xhtml1-transitional.dtd">
<html xmlns="http://www.w3.org/1999/xhtml" xml:lang="en" lang="en">
 <head>
  <title>
</title>
<meta http-equiv="Content-Type" content="text/html;charset=utf-8" />
  <meta name='ocr-system' content='tesseract 3.04.00' />
  <meta name='ocr-capabilities' content='ocr_page ocr_carea ocr_par ocr_line ocrx_word'/>
</head>
<body>
  <div class='ocr_page' id='page_1' title='image "./historiaeseuvit03lippgoog_0112.png"; bbox 0 0 3347 4999; ppageno 0'>
   <div class='ocr_carea' id='block_1_1' title="bbox 724 318 3220 384">
    <p class='ocr_par' dir='ltr' id='par_1_1' title="bbox 724 318 3220 384">
     <span class='ocr_line' id='line_1_1' title="bbox 724 318 3220 384; baseline -0.001 0"><span class='ocrx_word' id='word_1_1' title='bbox 724 322 809 384; x_wconf 83' lang='lat'>98</span> <span class='ocrx_word' id='word_1_2' title='bbox 1296 336 1374 383; x_wconf 75' lang='lat' dir='ltr'>nr.</span> <span class='ocrx_word' id='word_1_3' title='bbox 1422 337 1473 383; x_wconf 89' lang='lat' dir='ltr'>s.</span> <span class='ocrx_word' id='word_1_4' title='bbox 1531 330 1820 382; x_wconf 66' lang='lat' dir='ltr'>canuno</span> <span class='ocrx_word' id='word_1_5' title='bbox 1870 332 2111 381; x_wconf 66' lang='lat' dir='ltr'>Anaua</span> <span class='ocrx_word' id='word_1_6' title='bbox 2161 334 2490 381; x_wconf 68' lang='lat' dir='ltr'>aaomexffl</span> <span class='ocrx_word' id='word_1_7' title='bbox 2908 318 3111 383; x_wconf 84' lang='lat' dir='ltr'>OCT.</span> <span class='ocrx_word' id='word_1_8' title='bbox 3179 321 3220 382; x_wconf 85' lang='lat'><strong>3</strong></span> 
     </span>
    </p>
   </div>
   <div class='ocr_carea' id='block_1_2' title="bbox 540 418 3300 4506">
    <p class='ocr_par' dir='ltr' id='par_1_2' title="bbox 540 418 3223 2727">
     <span class='ocr_line' id='line_1_2' title="bbox 633 418 3223 508; baseline -0.002 -15"><span class='ocrx_word' id='word_1_9' title='bbox 633 423 815 493; x_wconf 90' lang='lat' dir='ltr'>beati</span> <span class='ocrx_word' id='word_1_10' title='bbox 862 419 1273 490; x_wconf 86' lang='lat' dir='ltr'>confessoris</span> <span class='ocrx_word' id='word_1_11' title='bbox 1321 419 1578 488; x_wconf 86' lang='lat' dir='ltr'>Gisleni</span> <span class='ocrx_word' id='word_1_12' title='bbox 1628 418 1958 506; x_wconf 75' lang='lat' dir='ltr'>reliquias</span> <span class='ocrx_word' id='word_1_13' title='bbox 1992 420 2162 508; x_wconf 86' lang='lat' dir='ltr'>(jam</span> <span class='ocrx_word' id='word_1_14' title='bbox 2213 435 2370 487; x_wconf 86' lang='lat' dir='ltr'>ante</span> <span class='ocrx_word' id='word_1_15' title='bbox 2418 420 2602 488; x_wconf 90' lang='lat' dir='ltr'>enim</span> <span class='ocrx_word' id='word_1_16' title='bbox 2656 419 2973 489; x_wconf 82' lang='lat' dir='ltr'>diximus</span> <span class='ocrx_word' id='word_1_17' title='bbox 3029 421 3223 489; x_wconf 83' lang='lat' dir='ltr'>sub-</span> 
     </span>
     <span class='ocr_line' id='line_1_3' title="bbox 636 507 3215 597; baseline -0.002 -16"><span class='ocrx_word' id='word_1_18' title='bbox 636 512 807 581; x_wconf 88' lang='lat' dir='ltr'>latas</span> <span class='ocrx_word' id='word_1_19' title='bbox 847 508 1113 597; x_wconf 83' lang='lat' dir='ltr'>fuisse).</span> <span class='ocrx_word' id='word_1_20' title='bbox 1167 507 1507 577; x_wconf 88' lang='lat' dir='ltr'>immenso</span> <span class='ocrx_word' id='word_1_21' title='bbox 1555 507 1770 577; x_wconf 87' lang='lat' dir='ltr'>animi</span> <span class='ocrx_word' id='word_1_22' title='bbox 1825 507 2058 576; x_wconf 90' lang='lat' dir='ltr'>dolore</span> <span class='ocrx_word' id='word_1_23' title='bbox 2105 507 2501 596; x_wconf 90' lang='lat' dir='ltr'>corripitur,</span> <span class='ocrx_word' id='word_1_24' title='bbox 2551 509 2869 578; x_wconf 85' lang='lat' dir='ltr'>nesciens</span> <span class='ocrx_word' id='word_1_25' title='bbox 2900 507 3091 596; x_wconf 89' lang='lat' dir='ltr'>quid</span> <span class='ocrx_word' id='word_1_26' title='bbox 3144 508 3215 576; x_wconf 90' lang='lat' dir='ltr'>in</span> 
     </span>
     <span class='ocr_line' id='line_1_4' title="bbox 637 595 3219 686; baseline -0.002 -16"><span class='ocrx_word' id='word_1_27' title='bbox 637 613 774 670; x_wconf 88' lang='lat' dir='ltr'>tam</span> <span class='ocrx_word' id='word_1_28' title='bbox 825 597 1350 668; x_wconf 86' lang='lat' dir='ltr'>inaestimabilis</span> <span class='ocrx_word' id='word_1_29' title='bbox 1414 595 1827 686; x_wconf 82' lang='lat' dir='ltr'>margaritae</span> <span class='ocrx_word' id='word_1_30' title='bbox 1885 595 2251 686; x_wconf 89' lang='lat' dir='ltr'>dispendio</span> <span class='ocrx_word' id='word_1_31' title='bbox 2317 595 2588 666; x_wconf 83' lang='lat' dir='ltr'>faceret.</span> <span class='ocrx_word' id='word_1_32' title='bbox 2661 601 2898 684; x_wconf 91' lang='lat' dir='ltr'>Itaque</span> <span class='ocrx_word' id='word_1_33' title='bbox 2951 618 2993 665; x_wconf 88' lang='lat' dir='ltr'>e</span> <span class='ocrx_word' id='word_1_34' title='bbox 3048 598 3219 666; x_wconf 86' lang='lat' dir='ltr'>suis</span> 
     </span>
     <span class='ocr_line' id='line_1_5' title="bbox 634 684 3216 777; baseline -0.001 -18"><span class='ocrx_word' id='word_1_35' title='bbox 634 687 970 777; x_wconf 89' lang='lat' dir='ltr'>quosdam</span> <span class='ocrx_word' id='word_1_36' title='bbox 1023 685 1107 756; x_wconf 89' lang='lat' dir='ltr'>ad</span> <span class='ocrx_word' id='word_1_37' title='bbox 1159 707 1230 754; x_wconf 89' lang='lat' dir='ltr'>se</span> <span class='ocrx_word' id='word_1_38' title='bbox 1277 705 1551 766; x_wconf 90' lang='lat' dir='ltr'>vocans,</span> <span class='ocrx_word' id='word_1_39' title='bbox 1605 684 1827 771; x_wconf 86' lang='lat' dir='ltr'>iisque</span> <span class='ocrx_word' id='word_1_40' title='bbox 1862 685 1971 754; x_wconf 89' lang='lat' dir='ltr'>sui</span> <span class='ocrx_word' id='word_1_41' title='bbox 2007 685 2221 755; x_wconf 92' lang='lat' dir='ltr'>animi</span> <span class='ocrx_word' id='word_1_42' title='bbox 2268 706 2563 775; x_wconf 82' lang='lat' dir='ltr'>angores</span> <span class='ocrx_word' id='word_1_43' title='bbox 2594 707 2978 775; x_wconf 82' lang='lat' dir='ltr'>exponens,</span> <span class='ocrx_word' id='word_1_44' title='bbox 3021 707 3216 773; x_wconf 85' lang='lat' dir='ltr'>qua·</span> 
     </span>
     <span class='ocr_line' id='line_1_6' title="bbox 636 772 3213 874; baseline -0.001 -27"><span class='ocrx_word' id='word_1_45' title='bbox 636 797 1048 866; x_wconf 88' lang='lat' dir='ltr'>quaversum</span> <span class='ocrx_word' id='word_1_46' title='bbox 1096 795 1212 844; x_wconf 88' lang='lat' dir='ltr'>eos</span> <span class='ocrx_word' id='word_1_47' title='bbox 1262 775 1468 843; x_wconf 89' lang='lat' dir='ltr'>mittit</span> <span class='ocrx_word' id='word_1_48' title='bbox 1514 772 1983 874; x_wconf 84' lang='lat' dir='ltr'>exploratum,</span> <span class='ocrx_word' id='word_1_49' title='bbox 2087 773 2253 844; x_wconf 90' lang='lat' dir='ltr'>ossit</span> <span class='ocrx_word' id='word_1_50' title='bbox 2302 795 2385 843; x_wconf 91' lang='lat' dir='ltr'>ne</span> <span class='ocrx_word' id='word_1_51' title='bbox 2443 775 2606 844; x_wconf 89' lang='lat' dir='ltr'>certi</span> <span class='ocrx_word' id='word_1_52' title='bbox 2657 774 3034 864; x_wconf 79' lang='lat' dir='ltr'>quippiam</span> <span class='ocrx_word' id='word_1_53' title='bbox 3106 798 3213 844; x_wconf 84' lang='lat' dir='ltr'>re-</span> 
     </span>
     <span class='ocr_line' id='line_1_7' title="bbox 638 860 3205 946; baseline -0.002 -8"><span class='ocrx_word' id='word_1_54' title='bbox 638 865 823 946; x_wconf 88' lang='lat' dir='ltr'>sciri,</span> <span class='ocrx_word' id='word_1_55' title='bbox 878 865 1165 935; x_wconf 87' lang='lat' dir='ltr'>ubinam</span> <span class='ocrx_word' id='word_1_56' title='bbox 1202 863 1569 933; x_wconf 85' lang='lat' dir='ltr'>thesaurus</span> <span class='ocrx_word' id='word_1_57' title='bbox 1599 861 1717 931; x_wconf 79' lang='lat' dir='ltr'>ille</span> <span class='ocrx_word' id='word_1_58' title='bbox 1750 861 1976 931; x_wconf 90' lang='lat' dir='ltr'>lateat.</span> <span class='ocrx_word' id='word_1_59' title='bbox 2013 867 2041 931; x_wconf 94' lang='grc' dir='ltr'>Ι</span> <span class='ocrx_word' id='word_1_60' title='bbox 2077 861 2160 931; x_wconf 89' lang='lat' dir='ltr'>lis</span> <span class='ocrx_word' id='word_1_61' title='bbox 2194 884 2351 932; x_wconf 90' lang='lat' dir='ltr'>vero</span> <span class='ocrx_word' id='word_1_62' title='bbox 2381 862 2635 933; x_wconf 85' lang='lat' dir='ltr'>frustra</span> <span class='ocrx_word' id='word_1_63' title='bbox 2666 860 3205 942; x_wconf 83' lang='lat' dir='ltr'>laborantibus,</span> 
     </span>
     <span class='ocr_line' id='line_1_8' title="bbox 635 950 3205 1045; baseline -0.001 -21"><span class='ocrx_word' id='word_1_64' title='bbox 635 968 702 1026; x_wconf 88' lang='lat' dir='ltr'>et</span> <span class='ocrx_word' id='word_1_65' title='bbox 739 951 1170 1045; x_wconf 86' lang='lat' dir='ltr'>perlustratis</span> <span class='ocrx_word' id='word_1_66' title='bbox 1199 951 1742 1038; x_wconf 83' lang='lat' dir='ltr'>circumquaque</span> <span class='ocrx_word' id='word_1_67' title='bbox 1771 951 2122 1031; x_wconf 81' lang='lat' dir='ltr'>omnibuS‚</span> <span class='ocrx_word' id='word_1_68' title='bbox 2156 950 2330 1020; x_wconf 89' lang='lat' dir='ltr'>nihil</span> <span class='ocrx_word' id='word_1_69' title='bbox 2373 951 2538 1020; x_wconf 88' lang='lat' dir='ltr'>certi</span> <span class='ocrx_word' id='word_1_70' title='bbox 2575 952 3205 1031; x_wconf 80' lang='lat' dir='ltr'>renunciantibus,</span> 
     </span>
     <span class='ocr_line' id='line_1_9' title="bbox 639 1040 3211 1127; baseline -0.001 -14"><span class='ocrx_word' id='word_1_71' title='bbox 639 1043 914 1114; x_wconf 89' lang='lat' dir='ltr'>tandem</span> <span class='ocrx_word' id='word_1_72' title='bbox 966 1040 1297 1110; x_wconf 88' lang='lat' dir='ltr'>divinitus</span> <span class='ocrx_word' id='word_1_73' title='bbox 1336 1040 1397 1107; x_wconf 93' lang='lat' dir='ltr'>ei</span> <span class='ocrx_word' id='word_1_74' title='bbox 1450 1041 1629 1108; x_wconf 81' lang='lat' dir='ltr'>venit</span> <span class='ocrx_word' id='word_1_75' title='bbox 1676 1041 1744 1108; x_wconf 90' lang='lat' dir='ltr'>in</span> <span class='ocrx_word' id='word_1_76' title='bbox 1801 1051 2144 1120; x_wconf 87' lang='lat' dir='ltr'>mentem,</span> <span class='ocrx_word' id='word_1_77' title='bbox 2196 1052 2274 1109; x_wconf 90' lang='lat' dir='ltr'>ut</span> <span class='ocrx_word' id='word_1_78' title='bbox 2321 1040 2473 1127; x_wconf 87' lang='lat' dir='ltr'>ejus</span> <span class='ocrx_word' id='word_1_79' title='bbox 2526 1042 2621 1109; x_wconf 90' lang='lat' dir='ltr'>rei</span> <span class='ocrx_word' id='word_1_80' title='bbox 2669 1044 2880 1110; x_wconf 75' lang='lat' dir='ltr'>causa</span> <span class='ocrx_word' id='word_1_81' title='bbox 2930 1042 3211 1111; x_wconf 83' lang='lat' dir='ltr'>Melbo-</span> 
     </span>
     <span class='ocr_line' id='line_1_10' title="bbox 638 1126 3208 1221; baseline -0.001 -19"><span class='ocrx_word' id='word_1_82' title='bbox 638 1133 833 1202; x_wconf 89' lang='lat' dir='ltr'>dium</span> <span class='ocrx_word' id='word_1_83' title='bbox 883 1129 1380 1221; x_wconf 88' lang='lat' dir='ltr'>proficiscatur.</span> <span class='ocrx_word' id='word_1_84' title='bbox 1415 1126 1566 1197; x_wconf 82' lang='lat' dir='ltr'>Abit</span> <span class='ocrx_word' id='word_1_85' title='bbox 1616 1127 2057 1207; x_wconf 87' lang='lat' dir='ltr'>Melbodium,</span> <span class='ocrx_word' id='word_1_86' title='bbox 2088 1128 2250 1197; x_wconf 83' lang='lat' dir='ltr'>etin</span> <span class='ocrx_word' id='word_1_87' title='bbox 2284 1128 2508 1218; x_wconf 86' lang='lat' dir='ltr'>ipsius</span> <span class='ocrx_word' id='word_1_88' title='bbox 2550 1130 2828 1199; x_wconf 89' lang='lat' dir='ltr'>oratorii</span> <span class='ocrx_word' id='word_1_89' title='bbox 2861 1130 3208 1220; x_wconf 85' lang='lat' dir='ltr'>ingressu</span> 
     </span>
     <span class='ocr_line' id='line_1_11' title="bbox 640 1216 3207 1307; baseline -0 -17"><span class='ocrx_word' id='word_1_90' title='bbox 640 1222 726 1291; x_wconf 86' lang='lat' dir='ltr'>ab</span> <span class='ocrx_word' id='word_1_91' title='bbox 774 1218 1282 1289; x_wconf 75' lang='lat' dir='ltr'>introeuntibus</span> <span class='ocrx_word' id='word_1_92' title='bbox 1348 1216 1766 1286; x_wconf 87' lang='lat' dir='ltr'>subauditur</span> <span class='ocrx_word' id='word_1_93' title='bbox 1829 1216 2193 1307; x_wconf 88' lang='lat' dir='ltr'>cujusdam</span> <span class='ocrx_word' id='word_1_94' title='bbox 2260 1217 2707 1288; x_wconf 88' lang='lat' dir='ltr'>tintinnabuli</span> <span class='ocrx_word' id='word_1_95' title='bbox 2771 1240 2994 1288; x_wconf 90' lang='lat' dir='ltr'>sonus</span> <span class='ocrx_word' id='word_1_96' title='bbox 3048 1242 3207 1289; x_wconf 83' lang='lat' dir='ltr'>cre·</span> 
     </span>
     <span class='ocr_line' id='line_1_12' title="bbox 642 1304 3206 1396; baseline -0 -17"><span class='ocrx_word' id='word_1_97' title='bbox 642 1310 853 1389; x_wconf 91' lang='lat' dir='ltr'>brior,</span> <span class='ocrx_word' id='word_1_98' title='bbox 908 1306 1179 1378; x_wconf 90' lang='lat' dir='ltr'>cunctis</span> <span class='ocrx_word' id='word_1_99' title='bbox 1227 1305 1733 1396; x_wconf 81' lang='lat' dir='ltr'>ignorantibuS,</span> <span class='ocrx_word' id='word_1_100' title='bbox 1787 1318 1874 1385; x_wconf 90' lang='lat' dir='ltr'>et,</span> <span class='ocrx_word' id='word_1_101' title='bbox 1931 1305 2003 1373; x_wconf 89' lang='lat' dir='ltr'>ni</span> <span class='ocrx_word' id='word_1_102' title='bbox 2050 1304 2286 1386; x_wconf 84' lang='lat' dir='ltr'>fallor,</span> <span class='ocrx_word' id='word_1_103' title='bbox 2344 1308 2495 1395; x_wconf 90' lang='lat' dir='ltr'>ipso</span> <span class='ocrx_word' id='word_1_104' title='bbox 2541 1307 2744 1376; x_wconf 89' lang='lat' dir='ltr'>etiam</span> <span class='ocrx_word' id='word_1_105' title='bbox 2813 1308 2926 1376; x_wconf 89' lang='lat' dir='ltr'>Dei</span> <span class='ocrx_word' id='word_1_106' title='bbox 2992 1330 3206 1378; x_wconf 74' lang='lat' dir='ltr'>servo</span> 
     </span>
     <span class='ocr_line' id='line_1_13' title="bbox 642 1392 3205 1485; baseline -0.001 -18"><span class='ocrx_word' id='word_1_107' title='bbox 642 1398 1022 1475; x_wconf 89' lang='lat' dir='ltr'>nesciente,</span> <span class='ocrx_word' id='word_1_108' title='bbox 1074 1393 1239 1482; x_wconf 89' lang='lat' dir='ltr'>quid</span> <span class='ocrx_word' id='word_1_109' title='bbox 1306 1395 1363 1465; x_wconf 90' lang='lat' dir='ltr'>is</span> <span class='ocrx_word' id='word_1_110' title='bbox 1412 1393 1545 1463; x_wconf 89' lang='lat' dir='ltr'>sibi</span> <span class='ocrx_word' id='word_1_111' title='bbox 1594 1392 1775 1463; x_wconf 85' lang='lat' dir='ltr'>velit.</span> <span class='ocrx_word' id='word_1_112' title='bbox 1855 1399 2033 1464; x_wconf 86' lang='lat' dir='ltr'>Fusa</span> <span class='ocrx_word' id='word_1_113' title='bbox 2080 1407 2306 1463; x_wconf 86' lang='lat' dir='ltr'>autem</span> <span class='ocrx_word' id='word_1_114' title='bbox 2359 1394 2555 1485; x_wconf 87' lang='lat' dir='ltr'>prius</span> <span class='ocrx_word' id='word_1_115' title='bbox 2602 1396 2910 1465; x_wconf 88' lang='lat' dir='ltr'>oratione</span> <span class='ocrx_word' id='word_1_116' title='bbox 2961 1410 3205 1466; x_wconf 86' lang='lat' dir='ltr'>atten-</span> 
     </span>
     <span class='ocr_line' id='line_1_14' title="bbox 643 1481 3205 1574; baseline -0.001 -18"><span class='ocrx_word' id='word_1_117' title='bbox 643 1487 935 1566; x_wconf 90' lang='lat' dir='ltr'>tissima,</span> <span class='ocrx_word' id='word_1_118' title='bbox 990 1483 1397 1570; x_wconf 88' lang='lat' dir='ltr'>Dominique</span> <span class='ocrx_word' id='word_1_119' title='bbox 1445 1482 1811 1553; x_wconf 87' lang='lat' dir='ltr'>clementia</span> <span class='ocrx_word' id='word_1_120' title='bbox 1858 1481 2222 1572; x_wconf 89' lang='lat' dir='ltr'>implorata</span> <span class='ocrx_word' id='word_1_121' title='bbox 2270 1505 2429 1552; x_wconf 90' lang='lat' dir='ltr'>cum</span> <span class='ocrx_word' id='word_1_122' title='bbox 2492 1483 2841 1574; x_wconf 78' lang='lat' dir='ltr'>lacrymis,</span> <span class='ocrx_word' id='word_1_123' title='bbox 2888 1499 2962 1554; x_wconf 87' lang='lat' dir='ltr'>ut</span> <span class='ocrx_word' id='word_1_124' title='bbox 3036 1508 3205 1554; x_wconf 86' lang='lat' dir='ltr'>san·</span> 
     </span>
     <span class='ocr_line' id='line_1_15' title="bbox 643 1571 3205 1663; baseline -0 -18"><span class='ocrx_word' id='word_1_125' title='bbox 643 1587 828 1646; x_wconf 90' lang='lat' dir='ltr'>ctum</span> <span class='ocrx_word' id='word_1_126' title='bbox 891 1595 1095 1643; x_wconf 88' lang='lat' dir='ltr'>suum</span> <span class='ocrx_word' id='word_1_127' title='bbox 1157 1571 1471 1641; x_wconf 89' lang='lat' dir='ltr'>indicare</span> <span class='ocrx_word' id='word_1_128' title='bbox 1525 1571 1902 1663; x_wconf 80' lang='lat' dir='ltr'>dignetur,</span> <span class='ocrx_word' id='word_1_129' title='bbox 1957 1593 2035 1640; x_wconf 82' lang='lat' dir='ltr'>ex</span> <span class='ocrx_word' id='word_1_130' title='bbox 2101 1572 2249 1660; x_wconf 88' lang='lat' dir='ltr'>ejus</span> <span class='ocrx_word' id='word_1_131' title='bbox 2295 1571 2624 1643; x_wconf 87' lang='lat' dir='ltr'>ecclesiae</span> <span class='ocrx_word' id='word_1_132' title='bbox 2673 1573 3205 1644; x_wconf 86' lang='lat' dir='ltr'>habitatoribus</span> 
     </span>
     <span class='ocr_line' id='line_1_16' title="bbox 540 1660 3202 1753; baseline -0.001 -19"><span class='ocrx_word' id='word_1_133' title='bbox 540 1671 547 1679; x_wconf 89' lang='lat'>&#39;</span> <span class='ocrx_word' id='word_1_134' title='bbox 641 1686 800 1734; x_wconf 89' lang='lat' dir='ltr'>cum</span> <span class='ocrx_word' id='word_1_135' title='bbox 852 1683 1125 1732; x_wconf 90' lang='lat' dir='ltr'>summa</span> <span class='ocrx_word' id='word_1_136' title='bbox 1179 1660 1507 1730; x_wconf 90' lang='lat' dir='ltr'>modestia</span> <span class='ocrx_word' id='word_1_137' title='bbox 1545 1671 2008 1750; x_wconf 87' lang='lat' dir='ltr'>percontatur,</span> <span class='ocrx_word' id='word_1_138' title='bbox 2056 1660 2355 1730; x_wconf 90' lang='lat' dir='ltr'>habeant</span> <span class='ocrx_word' id='word_1_139' title='bbox 2398 1683 2479 1730; x_wconf 88' lang='lat' dir='ltr'>ne</span> <span class='ocrx_word' id='word_1_140' title='bbox 2536 1661 2633 1732; x_wconf 81' lang='lat' dir='ltr'>vel</span> <span class='ocrx_word' id='word_1_141' title='bbox 2691 1662 3021 1753; x_wconf 81' lang='lat' dir='ltr'>exiguam</span> <span class='ocrx_word' id='word_1_142' title='bbox 3079 1686 3202 1732; x_wconf 86' lang='lat' dir='ltr'>ea·</span> 
     </span>
     <span class='ocr_line' id='line_1_17' title="bbox 643 1748 3204 1853; baseline -0.001 -30"><span class='ocrx_word' id='word_1_143' title='bbox 643 1775 796 1823; x_wconf 91' lang='lat' dir='ltr'>rum</span> <span class='ocrx_word' id='word_1_144' title='bbox 865 1750 1313 1839; x_wconf 89' lang='lat' dir='ltr'>reliquiarum</span> <span class='ocrx_word' id='word_1_145' title='bbox 1378 1748 1724 1819; x_wconf 90' lang='lat' dir='ltr'>notionem</span> <span class='ocrx_word' id='word_1_146' title='bbox 1791 1760 1994 1835; x_wconf 91' lang='lat' dir='ltr'>atque</span> <span class='ocrx_word' id='word_1_147' title='bbox 2063 1750 2580 1853; x_wconf 62' lang='lat' dir='ltr'>consciegttiam.</span> <span class='ocrx_word' id='word_1_148' title='bbox 2652 1750 2756 1819; x_wconf 91' lang='lat' dir='ltr'>Illi</span> <span class='ocrx_word' id='word_1_149' title='bbox 2823 1767 3204 1841; x_wconf 88' lang='lat' dir='ltr'>persancte</span> 
     </span>
     <span class='ocr_line' id='line_1_18' title="bbox 631 1837 3206 1932; baseline -0 -21"><span class='ocrx_word' id='word_1_150' title='bbox 631 1842 894 1932; x_wconf 89' lang='lat' dir='ltr'>jurant,</span> <span class='ocrx_word' id='word_1_151' title='bbox 926 1839 1056 1909; x_wconf 90' lang='lat' dir='ltr'>sibi</span> <span class='ocrx_word' id='word_1_152' title='bbox 1089 1859 1371 1928; x_wconf 89' lang='lat' dir='ltr'>prorsus</span> <span class='ocrx_word' id='word_1_153' title='bbox 1402 1837 1574 1906; x_wconf 89' lang='lat' dir='ltr'>nihil</span> <span class='ocrx_word' id='word_1_154' title='bbox 1608 1837 1693 1907; x_wconf 94' lang='lat' dir='ltr'>de</span> <span class='ocrx_word' id='word_1_155' title='bbox 1724 1837 1822 1906; x_wconf 90' lang='lat' dir='ltr'>eis</span> <span class='ocrx_word' id='word_1_156' title='bbox 1853 1848 2200 1907; x_wconf 84' lang='lat' dir='ltr'>constare:</span> <span class='ocrx_word' id='word_1_157' title='bbox 2239 1839 2619 1925; x_wconf 83' lang='lat' dir='ltr'>quinetiam</span> <span class='ocrx_word' id='word_1_158' title='bbox 2658 1840 3206 1910; x_wconf 87' lang='lat' dir='ltr'>stomachantur</span> 
     </span>
     <span class='ocr_line' id='line_1_19' title="bbox 639 1925 3201 2019; baseline -0.001 -20"><span class='ocrx_word' id='word_1_159' title='bbox 639 1944 705 2000; x_wconf 90' lang='lat' dir='ltr'>et</span> <span class='ocrx_word' id='word_1_160' title='bbox 753 1927 1236 2019; x_wconf 88' lang='lat' dir='ltr'>indignissime</span> <span class='ocrx_word' id='word_1_161' title='bbox 1283 1925 1512 1996; x_wconf 85' lang='lat' dir='ltr'>serunt</span> <span class='ocrx_word' id='word_1_162' title='bbox 1561 1948 1633 1997; x_wconf 90' lang='lat' dir='ltr'>se</span> <span class='ocrx_word' id='word_1_163' title='bbox 1679 1926 1748 1995; x_wconf 89' lang='lat' dir='ltr'>in</span> <span class='ocrx_word' id='word_1_164' title='bbox 1793 1925 2135 2016; x_wconf 88' lang='lat' dir='ltr'>sacrilegii</span> <span class='ocrx_word' id='word_1_165' title='bbox 2179 1928 2644 2017; x_wconf 87' lang='lat' dir='ltr'>suspicionem</span> <span class='ocrx_word' id='word_1_166' title='bbox 2710 1929 2962 1998; x_wconf 90' lang='lat' dir='ltr'>vocari.</span> <span class='ocrx_word' id='word_1_167' title='bbox 3015 1934 3201 1999; x_wconf 88' lang='lat' dir='ltr'>Tum</span> 
     </span>
     <span class='ocr_line' id='line_1_20' title="bbox 639 2013 3203 2104; baseline -0 -16"><span class='ocrx_word' id='word_1_168' title='bbox 639 2020 744 2088; x_wconf 85' lang='lat' dir='ltr'>vir</span> <span class='ocrx_word' id='word_1_169' title='bbox 790 2019 907 2087; x_wconf 88' lang='lat' dir='ltr'>Dei</span> <span class='ocrx_word' id='word_1_170' title='bbox 955 2038 1113 2086; x_wconf 91' lang='lat' dir='ltr'>cum</span> <span class='ocrx_word' id='word_1_171' title='bbox 1152 2014 1363 2085; x_wconf 88' lang='lat' dir='ltr'>multa</span> <span class='ocrx_word' id='word_1_172' title='bbox 1408 2016 1624 2084; x_wconf 91' lang='lat' dir='ltr'>animi</span> <span class='ocrx_word' id='word_1_173' title='bbox 1675 2013 2205 2101; x_wconf 87' lang='lat' dir='ltr'>tranquillitate:</span> <span class='ocrx_word' id='word_1_174' title='bbox 2262 2038 2298 2081; x_wconf 91' lang='lat'>«</span> <span class='ocrx_word' id='word_1_175' title='bbox 2328 2021 2442 2097; x_wconf 83' lang='lat' dir='ltr'>Ne,</span> <span class='ocrx_word' id='word_1_176' title='bbox 2486 2038 2764 2104; x_wconf 90' lang='lat' dir='ltr'>quaeso,</span> <span class='ocrx_word' id='word_1_177' title='bbox 2806 2017 3073 2104; x_wconf 88' lang='lat' dir='ltr'>inquit,</span> <span class='ocrx_word' id='word_1_178' title='bbox 3117 2018 3203 2087; x_wconf 86' lang='lat' dir='ltr'>fi-</span> 
     </span>
     <span class='ocr_line' id='line_1_21' title="bbox 642 2104 3206 2196; baseline 0 -20"><span class='ocrx_word' id='word_1_179' title='bbox 642 2107 787 2176; x_wconf 89' lang='lat' dir='ltr'>lioli</span> <span class='ocrx_word' id='word_1_180' title='bbox 843 2106 1068 2177; x_wconf 88' lang='lat' dir='ltr'>isthuc</span> <span class='ocrx_word' id='word_1_181' title='bbox 1117 2104 1398 2174; x_wconf 88' lang='lat' dir='ltr'>moleste</span> <span class='ocrx_word' id='word_1_182' title='bbox 1454 2104 1731 2174; x_wconf 89' lang='lat' dir='ltr'>feratis:</span> <span class='ocrx_word' id='word_1_183' title='bbox 1778 2115 1998 2193; x_wconf 89' lang='lat' dir='ltr'>potest</span> <span class='ocrx_word' id='word_1_184' title='bbox 2046 2104 2353 2174; x_wconf 87' lang='lat' dir='ltr'>Christus</span> <span class='ocrx_word' id='word_1_185' title='bbox 2403 2127 2524 2195; x_wconf 92' lang='lat' dir='ltr'>pro</span> <span class='ocrx_word' id='word_1_186' title='bbox 2583 2128 2706 2176; x_wconf 89' lang='lat' dir='ltr'>sua</span> <span class='ocrx_word' id='word_1_187' title='bbox 2755 2108 3206 2196; x_wconf 86' lang='lat' dir='ltr'>benignitate</span> 
     </span>
     <span class='ocr_line' id='line_1_22' title="bbox 642 2192 3200 2276; baseline -0.001 -11"><span class='ocrx_word' id='word_1_188' title='bbox 642 2218 783 2265; x_wconf 89' lang='lat' dir='ltr'>rem</span> <span class='ocrx_word' id='word_1_189' title='bbox 820 2216 1093 2266; x_wconf 90' lang='lat' dir='ltr'>omnem</span> <span class='ocrx_word' id='word_1_190' title='bbox 1137 2194 1336 2263; x_wconf 89' lang='lat' dir='ltr'>nobis</span> <span class='ocrx_word' id='word_1_191' title='bbox 1379 2192 1697 2262; x_wconf 84' lang='lat' dir='ltr'>revelare.</span> <span class='ocrx_word' id='word_1_192' title='bbox 1746 2193 1870 2262; x_wconf 91' lang='lat' dir='ltr'>Ubi</span> <span class='ocrx_word' id='word_1_193' title='bbox 1910 2193 2094 2262; x_wconf 90' lang='lat' dir='ltr'>enim</span> <span class='ocrx_word' id='word_1_194' title='bbox 2130 2193 2514 2263; x_wconf 91' lang='lat' dir='ltr'>humanum</span> <span class='ocrx_word' id='word_1_195' title='bbox 2558 2195 2811 2276; x_wconf 84' lang='lat' dir='ltr'>deficit,</span> <span class='ocrx_word' id='word_1_196' title='bbox 2858 2194 3200 2265; x_wconf 84' lang='lat' dir='ltr'>divinum</span> 
     </span>
     <span class='ocr_line' id='line_1_23' title="bbox 642 2282 3204 2373; baseline -0.001 -17"><span class='ocrx_word' id='word_1_197' title='bbox 642 2285 975 2356; x_wconf 84' lang='lat' dir='ltr'>auxilium</span> <span class='ocrx_word' id='word_1_198' title='bbox 1028 2295 1311 2373; x_wconf 87' lang='lat' dir='ltr'>oportet.</span> <span class='ocrx_word' id='word_1_199' title='bbox 1354 2305 1389 2348; x_wconf 87' lang='lat'>»</span> <span class='ocrx_word' id='word_1_200' title='bbox 1440 2287 1641 2352; x_wconf 89' lang='lat' dir='ltr'>Nocte</span> <span class='ocrx_word' id='word_1_201' title='bbox 1701 2282 2012 2370; x_wconf 90' lang='lat' dir='ltr'>sequenti</span> <span class='ocrx_word' id='word_1_202' title='bbox 2084 2282 2226 2351; x_wconf 90' lang='lat' dir='ltr'>viro</span> <span class='ocrx_word' id='word_1_203' title='bbox 2281 2285 2389 2352; x_wconf 87' lang='lat' dir='ltr'>Dei</span> <span class='ocrx_word' id='word_1_204' title='bbox 2442 2283 2508 2351; x_wconf 91' lang='lat' dir='ltr'>in</span> <span class='ocrx_word' id='word_1_205' title='bbox 2582 2285 2877 2353; x_wconf 84' lang='lat' dir='ltr'>oratorio</span> <span class='ocrx_word' id='word_1_206' title='bbox 2931 2306 3204 2373; x_wconf 88' lang='lat' dir='ltr'>perno-</span> 
     </span>
     <span class='ocr_line' id='line_1_24' title="bbox 644 2369 3205 2461; baseline -0.002 -19"><span class='ocrx_word' id='word_1_207' title='bbox 644 2374 878 2454; x_wconf 87' lang='lat' dir='ltr'>ctanti,</span> <span class='ocrx_word' id='word_1_208' title='bbox 906 2384 971 2442; x_wconf 88' lang='lat' dir='ltr'>et</span> <span class='ocrx_word' id='word_1_209' title='bbox 991 2376 1201 2442; x_wconf 91' lang='lat' dir='ltr'>Deum</span> <span class='ocrx_word' id='word_1_210' title='bbox 1235 2371 1482 2440; x_wconf 87' lang='lat' dir='ltr'>obnixe</span> <span class='ocrx_word' id='word_1_211' title='bbox 1514 2369 1933 2461; x_wconf 87' lang='lat' dir='ltr'>deprecanti,</span> <span class='ocrx_word' id='word_1_212' title='bbox 1979 2382 2260 2440; x_wconf 87' lang='lat' dir='ltr'>sanctus</span> <span class='ocrx_word' id='word_1_213' title='bbox 2300 2371 2646 2453; x_wconf 77' lang='lat' dir='ltr'>GislenuS,</span> <span class='ocrx_word' id='word_1_214' title='bbox 2690 2373 2860 2442; x_wconf 90' lang='lat' dir='ltr'>stola</span> <span class='ocrx_word' id='word_1_215' title='bbox 2892 2372 3205 2442; x_wconf 64' lang='lat' dir='ltr'>indutus</span> 
     </span>
     <span class='ocr_line' id='line_1_25' title="bbox 639 2458 3203 2557; baseline -0 -25"><span class='ocrx_word' id='word_1_216' title='bbox 639 2465 944 2554; x_wconf 87' lang='lat' dir='ltr'>apparet,</span> <span class='ocrx_word' id='word_1_217' title='bbox 979 2474 1180 2557; x_wconf 90' lang='lat' dir='ltr'>atque</span> <span class='ocrx_word' id='word_1_218' title='bbox 1209 2460 1293 2530; x_wconf 91' lang='lat' dir='ltr'>ad</span> <span class='ocrx_word' id='word_1_219' title='bbox 1332 2458 1569 2530; x_wconf 89' lang='lat' dir='ltr'>illum:</span> <span class='ocrx_word' id='word_1_220' title='bbox 1608 2483 1642 2526; x_wconf 87' lang='lat'>«</span> <span class='ocrx_word' id='word_1_221' title='bbox 1670 2465 1840 2541; x_wconf 61' lang='lat' dir='ltr'>Cur,</span> <span class='ocrx_word' id='word_1_222' title='bbox 1858 2480 2004 2528; x_wconf 88' lang='lat' dir='ltr'>mea</span> <span class='ocrx_word' id='word_1_223' title='bbox 2039 2481 2271 2541; x_wconf 91' lang='lat' dir='ltr'>causa,</span> <span class='ocrx_word' id='word_1_224' title='bbox 2318 2461 2536 2531; x_wconf 90' lang='lat' dir='ltr'>amice</span> <span class='ocrx_word' id='word_1_225' title='bbox 2571 2462 2709 2542; x_wconf 90' lang='lat' dir='ltr'>Dei,</span> <span class='ocrx_word' id='word_1_226' title='bbox 2751 2473 3026 2532; x_wconf 88' lang='lat' dir='ltr'>tantum</span> <span class='ocrx_word' id='word_1_227' title='bbox 3074 2463 3203 2532; x_wconf 91' lang='lat' dir='ltr'>tibi</span> 
     </span>
     <span class='ocr_line' id='line_1_26' title="bbox 642 2547 3200 2631; baseline -0.001 -9"><span class='ocrx_word' id='word_1_228' title='bbox 642 2552 904 2622; x_wconf 82' lang='lat' dir='ltr'>laboris·</span> <span class='ocrx_word' id='word_1_229' title='bbox 936 2564 1001 2620; x_wconf 89' lang='lat' dir='ltr'>et</span> <span class='ocrx_word' id='word_1_230' title='bbox 1047 2550 1399 2621; x_wconf 88' lang='lat' dir='ltr'>molestiae</span> <span class='ocrx_word' id='word_1_231' title='bbox 1437 2550 1703 2620; x_wconf 73' lang='lat' dir='ltr'>sumis?</span> <span class='ocrx_word' id='word_1_232' title='bbox 1731 2547 1857 2618; x_wconf 90' lang='lat' dir='ltr'>Sed</span> <span class='ocrx_word' id='word_1_233' title='bbox 1903 2569 2088 2617; x_wconf 90' lang='lat' dir='ltr'>nunc</span> <span class='ocrx_word' id='word_1_234' title='bbox 2128 2549 2316 2620; x_wconf 89' lang='lat' dir='ltr'>disce</span> <span class='ocrx_word' id='word_1_235' title='bbox 2347 2572 2426 2619; x_wconf 87' lang='lat' dir='ltr'>ex</span> <span class='ocrx_word' id='word_1_236' title='bbox 2469 2573 2576 2620; x_wconf 90' lang='lat' dir='ltr'>me</span> <span class='ocrx_word' id='word_1_237' title='bbox 2615 2551 3032 2631; x_wconf 89' lang='lat' dir='ltr'>certissime,</span> <span class='ocrx_word' id='word_1_238' title='bbox 3074 2553 3200 2622; x_wconf 89' lang='lat' dir='ltr'>ubi</span> 
     </span>
     <span class='ocr_line' id='line_1_27' title="bbox 644 2638 2740 2727; baseline -0.003 -15"><span class='ocrx_word' id='word_1_239' title='bbox 644 2642 754 2722; x_wconf 90' lang='lat' dir='ltr'>sit,</span> <span class='ocrx_word' id='word_1_240' title='bbox 807 2639 988 2727; x_wconf 92' lang='lat' dir='ltr'>quod</span> <span class='ocrx_word' id='word_1_241' title='bbox 1031 2638 1331 2727; x_wconf 88' lang='lat' dir='ltr'>quaeris.</span> <span class='ocrx_word' id='word_1_242' title='bbox 2735 2720 2740 2725; x_wconf 33' lang='lat'>‚</span> 
     </span>
    </p>

    <p class='ocr_par' dir='ltr' id='par_1_3' title="bbox 635 2726 3300 4506">
     <span class='ocr_line' id='line_1_28' title="bbox 728 2726 3200 2819; baseline -0.001 -19"><span class='ocrx_word' id='word_1_243' title='bbox 728 2733 765 2819; x_wconf 67' lang='grc' dir='ltr'>ἓ</span> <span class='ocrx_word' id='word_1_244' title='bbox 816 2733 958 2800; x_wconf 65' lang='lat'>2⁸2.</span> <span class='ocrx_word' id='word_1_245' title='bbox 1015 2751 1049 2794; x_wconf 89' lang='lat'>«</span> <span class='ocrx_word' id='word_1_246' title='bbox 1103 2733 1270 2798; x_wconf 88' lang='lat' dir='ltr'>Ecce</span> <span class='ocrx_word' id='word_1_247' title='bbox 1318 2749 1526 2817; x_wconf 88' lang='lat' dir='ltr'>super</span> <span class='ocrx_word' id='word_1_248' title='bbox 1565 2726 1913 2796; x_wconf 90' lang='lat' dir='ltr'>lacunaris</span> <span class='ocrx_word' id='word_1_249' title='bbox 1955 2726 2363 2808; x_wconf 88' lang='lat' dir='ltr'>tabulatum,</span> <span class='ocrx_word' id='word_1_250' title='bbox 2401 2728 2582 2815; x_wconf 91' lang='lat' dir='ltr'>quod</span> <span class='ocrx_word' id='word_1_251' title='bbox 2621 2729 2940 2797; x_wconf 89' lang='lat' dir='ltr'>imminet</span> <span class='ocrx_word' id='word_1_252' title='bbox 2973 2731 3200 2819; x_wconf 86' lang='lat' dir='ltr'>capiti</span> 
     </span>
     <span class='ocr_line' id='line_1_29' title="bbox 643 2815 3196 2901; baseline -0 -12"><span class='ocrx_word' id='word_1_253' title='bbox 643 2835 780 2901; x_wconf 92' lang='lat' dir='ltr'>tuo,</span> <span class='ocrx_word' id='word_1_254' title='bbox 820 2817 1005 2888; x_wconf 90' lang='lat' dir='ltr'>unde</span> <span class='ocrx_word' id='word_1_255' title='bbox 1046 2817 1193 2886; x_wconf 90' lang='lat' dir='ltr'>heri</span> <span class='ocrx_word' id='word_1_256' title='bbox 1237 2815 1682 2887; x_wconf 88' lang='lat' dir='ltr'>tintinnabuli</span> <span class='ocrx_word' id='word_1_257' title='bbox 1743 2835 1956 2885; x_wconf 88' lang='lat' dir='ltr'>sonus</span> <span class='ocrx_word' id='word_1_258' title='bbox 2006 2815 2092 2885; x_wconf 93' lang='lat' dir='ltr'>ab</span> <span class='ocrx_word' id='word_1_259' title='bbox 2147 2815 2657 2886; x_wconf 88' lang='lat' dir='ltr'>admirantibus</span> <span class='ocrx_word' id='word_1_260' title='bbox 2712 2817 2999 2887; x_wconf 87' lang='lat' dir='ltr'>auditus</span> <span class='ocrx_word' id='word_1_261' title='bbox 3065 2833 3196 2899; x_wconf 83' lang='lat' dir='ltr'>est,</span> 
     </span>
     <span class='ocr_line' id='line_1_30' title="bbox 642 2903 3202 2997; baseline 0 -20"><span class='ocrx_word' id='word_1_262' title='bbox 642 2908 961 2977; x_wconf 80' lang='lat' dir='ltr'>indecore</span> <span class='ocrx_word' id='word_1_263' title='bbox 1011 2907 1386 2997; x_wconf 88' lang='lat' dir='ltr'>repositum</span> <span class='ocrx_word' id='word_1_264' title='bbox 1439 2916 1540 2974; x_wconf 88' lang='lat' dir='ltr'>est</span> <span class='ocrx_word' id='word_1_265' title='bbox 1591 2903 2081 2993; x_wconf 87' lang='lat' dir='ltr'>corpusculum</span> <span class='ocrx_word' id='word_1_266' title='bbox 2122 2924 2378 2974; x_wconf 89' lang='lat' dir='ltr'>meum.</span> <span class='ocrx_word' id='word_1_267' title='bbox 2415 2905 2632 2975; x_wconf 89' lang='lat' dir='ltr'>Nolim</span> <span class='ocrx_word' id='word_1_268' title='bbox 2676 2919 2905 2976; x_wconf 90' lang='lat' dir='ltr'>autem</span> <span class='ocrx_word' id='word_1_269' title='bbox 2964 2929 3202 2995; x_wconf 89' lang='lat' dir='ltr'>neque</span> 
     </span>
     <span class='ocr_line' id='line_1_31' title="bbox 641 2992 3196 3085; baseline -0.003 -19"><span class='ocrx_word' id='word_1_270' title='bbox 641 3009 726 3075; x_wconf 87' lang='lat' dir='ltr'>te,</span> <span class='ocrx_word' id='word_1_271' title='bbox 770 3018 988 3083; x_wconf 89' lang='lat' dir='ltr'>neque</span> <span class='ocrx_word' id='word_1_272' title='bbox 1028 3008 1330 3085; x_wconf 88' lang='lat' dir='ltr'>posteros</span> <span class='ocrx_word' id='word_1_273' title='bbox 1372 2993 1577 3064; x_wconf 88' lang='lat' dir='ltr'>latere</span> <span class='ocrx_word' id='word_1_274' title='bbox 1608 3006 1784 3073; x_wconf 75' lang='lat' dir='ltr'>tu05,</span> <span class='ocrx_word' id='word_1_275' title='bbox 1819 3014 1951 3062; x_wconf 92' lang='lat' dir='ltr'>non</span> <span class='ocrx_word' id='word_1_276' title='bbox 1991 2992 2054 3061; x_wconf 91' lang='lat' dir='ltr'>id</span> <span class='ocrx_word' id='word_1_277' title='bbox 2092 2992 2352 3081; x_wconf 89' lang='lat' dir='ltr'>absque</span> <span class='ocrx_word' id='word_1_278' title='bbox 2388 2996 2501 3063; x_wconf 91' lang='lat' dir='ltr'>Dei</span> <span class='ocrx_word' id='word_1_279' title='bbox 2537 3007 2707 3064; x_wconf 89' lang='lat' dir='ltr'>nutu</span> <span class='ocrx_word' id='word_1_280' title='bbox 2746 2994 3124 3065; x_wconf 89' lang='lat' dir='ltr'>accidisse.</span> <span class='ocrx_word' id='word_1_281' title='bbox 3163 3022 3196 3059; x_wconf 61' lang='lat' dir='ltr'>n</span> 
     </span>
     <span class='ocr_line' id='line_1_32' title="bbox 642 3081 3194 3171; baseline 0 -16"><span class='ocrx_word' id='word_1_282' title='bbox 642 3088 763 3155; x_wconf 89' lang='lat' dir='ltr'>His</span> <span class='ocrx_word' id='word_1_283' title='bbox 795 3085 1037 3165; x_wconf 90' lang='lat' dir='ltr'>dictis,</span> <span class='ocrx_word' id='word_1_284' title='bbox 1075 3084 1145 3152; x_wconf 89' lang='lat' dir='ltr'>in</span> <span class='ocrx_word' id='word_1_285' title='bbox 1193 3082 1460 3154; x_wconf 90' lang='lat' dir='ltr'>coelum</span> <span class='ocrx_word' id='word_1_286' title='bbox 1502 3084 1667 3152; x_wconf 90' lang='lat' dir='ltr'>abit.</span> <span class='ocrx_word' id='word_1_287' title='bbox 1715 3086 1789 3151; x_wconf 76' lang='lat' dir='ltr'>At</span> <span class='ocrx_word' id='word_1_288' title='bbox 1830 3081 1931 3150; x_wconf 90' lang='lat' dir='ltr'>vir</span> <span class='ocrx_word' id='word_1_289' title='bbox 1975 3081 2089 3150; x_wconf 89' lang='lat' dir='ltr'>Dei</span> <span class='ocrx_word' id='word_1_290' title='bbox 2135 3104 2210 3150; x_wconf 89' lang='lat' dir='ltr'>ea</span> <span class='ocrx_word' id='word_1_291' title='bbox 2250 3084 2512 3154; x_wconf 89' lang='lat' dir='ltr'>visione</span> <span class='ocrx_word' id='word_1_292' title='bbox 2552 3083 2737 3153; x_wconf 92' lang='lat' dir='ltr'>haud</span> <span class='ocrx_word' id='word_1_293' title='bbox 2801 3083 3194 3171; x_wconf 67' lang='lat' dir='ltr'>vulgariter</span> 
     </span>
     <span class='ocr_line' id='line_1_33' title="bbox 641 3170 3196 3273; baseline 0 -31"><span class='ocrx_word' id='word_1_294' title='bbox 641 3174 1083 3252; x_wconf 75' lang='lat' dir='ltr'>exhilaratuS,</span> <span class='ocrx_word' id='word_1_295' title='bbox 1122 3173 1376 3273; x_wconf 84' lang='lat' dir='ltr'>gratias</span> <span class='ocrx_word' id='word_1_296' title='bbox 1410 3172 1552 3262; x_wconf 89' lang='lat' dir='ltr'>agit</span> <span class='ocrx_word' id='word_1_297' title='bbox 1585 3176 1738 3252; x_wconf 91' lang='lat' dir='ltr'>De0‚</span> <span class='ocrx_word' id='word_1_298' title='bbox 1780 3190 1862 3238; x_wconf 91' lang='lat' dir='ltr'>ne</span> <span class='ocrx_word' id='word_1_299' title='bbox 1897 3170 2415 3260; x_wconf 89' lang='lat' dir='ltr'>ingratitudinis</span> <span class='ocrx_word' id='word_1_300' title='bbox 2449 3184 2876 3263; x_wconf 84' lang='lat' dir='ltr'>argueretur.</span> <span class='ocrx_word' id='word_1_301' title='bbox 2911 3177 2996 3241; x_wconf 89' lang='lat' dir='ltr'>Ut</span> <span class='ocrx_word' id='word_1_302' title='bbox 3031 3196 3196 3243; x_wconf 87' lang='lat' dir='ltr'>vero</span> 
     </span>
     <span class='ocr_line' id='line_1_34' title="bbox 644 3260 3192 3351; baseline 0.001 -20"><span class='ocrx_word' id='word_1_303' title='bbox 644 3261 904 3351; x_wconf 91' lang='lat' dir='ltr'>primos</span> <span class='ocrx_word' id='word_1_304' title='bbox 951 3275 1173 3349; x_wconf 79' lang='lat' dir='ltr'>coepit</span> <span class='ocrx_word' id='word_1_305' title='bbox 1217 3283 1465 3331; x_wconf 87' lang='lat' dir='ltr'>aurora</span> <span class='ocrx_word' id='word_1_306' title='bbox 1512 3282 1759 3329; x_wconf 90' lang='lat' dir='ltr'>cursus</span> <span class='ocrx_word' id='word_1_307' title='bbox 1810 3260 2200 3348; x_wconf 86' lang='lat' dir='ltr'>provehere,</span> <span class='ocrx_word' id='word_1_308' title='bbox 2247 3283 2407 3330; x_wconf 91' lang='lat' dir='ltr'>cum</span> <span class='ocrx_word' id='word_1_309' title='bbox 2468 3263 2613 3334; x_wconf 90' lang='lat' dir='ltr'>suis</span> <span class='ocrx_word' id='word_1_310' title='bbox 2667 3262 2734 3329; x_wconf 90' lang='lat' dir='ltr'>in</span> <span class='ocrx_word' id='word_1_311' title='bbox 2767 3260 3192 3333; x_wconf 74' lang='lat' dir='ltr'>’tabulatum</span> 
     </span>
     <span class='ocr_line' id='line_1_35' title="bbox 644 3349 3194 3441; baseline 0 -21"><span class='ocrx_word' id='word_1_312' title='bbox 644 3350 975 3430; x_wconf 87' lang='lat' dir='ltr'>ascendit,</span> <span class='ocrx_word' id='word_1_313' title='bbox 1028 3350 1296 3436; x_wconf 90' lang='lat' dir='ltr'>quaerit</span> <span class='ocrx_word' id='word_1_314' title='bbox 1341 3370 1572 3418; x_wconf 89' lang='lat' dir='ltr'>sacros</span> <span class='ocrx_word' id='word_1_315' title='bbox 1620 3361 1836 3427; x_wconf 90' lang='lat' dir='ltr'>artus,</span> <span class='ocrx_word' id='word_1_316' title='bbox 1886 3349 2194 3417; x_wconf 85' lang='lat' dir='ltr'>inventos</span> <span class='ocrx_word' id='word_1_317' title='bbox 2243 3370 2405 3439; x_wconf 90' lang='lat' dir='ltr'>prae</span> <span class='ocrx_word' id='word_1_318' title='bbox 2465 3350 2723 3441; x_wconf 90' lang='lat' dir='ltr'>gaudio</span> <span class='ocrx_word' id='word_1_319' title='bbox 2781 3350 3194 3439; x_wconf 63' lang='lat' dir='ltr'>lacrymans</span> 
     </span>
     <span class='ocr_line' id='line_1_36' title="bbox 644 3436 3188 3528; baseline 0.002 -20"><span class='ocrx_word' id='word_1_320' title='bbox 644 3439 805 3508; x_wconf 88' lang='lat' dir='ltr'>inde</span> <span class='ocrx_word' id='word_1_321' title='bbox 852 3438 1180 3528; x_wconf 90' lang='lat' dir='ltr'>deponit,</span> <span class='ocrx_word' id='word_1_322' title='bbox 1235 3438 1439 3507; x_wconf 89' lang='lat' dir='ltr'>sociis</span> <span class='ocrx_word' id='word_1_323' title='bbox 1489 3436 1722 3506; x_wconf 87' lang='lat' dir='ltr'>itidem</span> <span class='ocrx_word' id='word_1_324' title='bbox 1787 3436 2137 3517; x_wconf 81' lang='lat' dir='ltr'>flentibuS,</span> <span class='ocrx_word' id='word_1_325' title='bbox 2196 3438 2455 3508; x_wconf 79' lang='lat' dir='ltr'>munda</span> <span class='ocrx_word' id='word_1_326' title='bbox 2513 3438 2795 3509; x_wconf 91' lang='lat' dir='ltr'>involvit</span> <span class='ocrx_word' id='word_1_327' title='bbox 2855 3439 3188 3521; x_wconf 87' lang='lat' dir='ltr'>sindone,</span> 
     </span>
     <span class='ocr_line' id='line_1_37' title="bbox 642 3525 3188 3617; baseline 0.001 -20"><span class='ocrx_word' id='word_1_328' title='bbox 642 3541 846 3615; x_wconf 90' lang='lat' dir='ltr'>atque</span> <span class='ocrx_word' id='word_1_329' title='bbox 894 3526 964 3595; x_wconf 91' lang='lat' dir='ltr'>in</span> <span class='ocrx_word' id='word_1_330' title='bbox 1012 3525 1256 3595; x_wconf 86' lang='lat' dir='ltr'>feretro</span> <span class='ocrx_word' id='word_1_331' title='bbox 1289 3526 1533 3596; x_wconf 79' lang='lat' dir='ltr'>decore</span> <span class='ocrx_word' id='word_1_332' title='bbox 1564 3546 2013 3616; x_wconf 90' lang='lat' dir='ltr'>componens,</span> <span class='ocrx_word' id='word_1_333' title='bbox 2053 3525 2349 3614; x_wconf 83' lang='lat' dir='ltr'>hymnos</span> <span class='ocrx_word' id='word_1_334' title='bbox 2387 3533 2517 3599; x_wconf 89' lang='lat' dir='ltr'>Deo</span> <span class='ocrx_word' id='word_1_335' title='bbox 2550 3529 2769 3598; x_wconf 89' lang='lat' dir='ltr'>laetus</span> <span class='ocrx_word' id='word_1_336' title='bbox 2801 3528 3188 3617; x_wconf 81' lang='lat' dir='ltr'>depromit,</span> 
     </span>
     <span class='ocr_line' id='line_1_38' title="bbox 642 3614 3188 3706; baseline 0.001 -20"><span class='ocrx_word' id='word_1_337' title='bbox 642 3628 846 3704; x_wconf 90' lang='lat' dir='ltr'>atque</span> <span class='ocrx_word' id='word_1_338' title='bbox 895 3617 1022 3686; x_wconf 88' lang='lat' dir='ltr'>iter</span> <span class='ocrx_word' id='word_1_339' title='bbox 1070 3615 1478 3706; x_wconf 76' lang='lat' dir='ltr'>ingreditur,</span> <span class='ocrx_word' id='word_1_340' title='bbox 1530 3614 1690 3685; x_wconf 84' lang='lat' dir='ltr'>illos</span> <span class='ocrx_word' id='word_1_341' title='bbox 1730 3637 1964 3686; x_wconf 89' lang='lat' dir='ltr'>secum</span> <span class='ocrx_word' id='word_1_342' title='bbox 2014 3627 2400 3705; x_wconf 87' lang='lat' dir='ltr'>asportans.</span> <span class='ocrx_word' id='word_1_343' title='bbox 2445 3617 2702 3706; x_wconf 88' lang='lat' dir='ltr'>Ecquid</span> <span class='ocrx_word' id='word_1_344' title='bbox 2764 3638 2919 3686; x_wconf 87' lang='lat' dir='ltr'>vero</span> <span class='ocrx_word' id='word_1_345' title='bbox 2961 3620 3188 3688; x_wconf 88' lang='lat' dir='ltr'>animi</span> 
     </span>
     <span class='ocr_line' id='line_1_39' title="bbox 642 3703 3300 3795; baseline 0 -20"><span class='ocrx_word' id='word_1_346' title='bbox 642 3718 785 3775; x_wconf 90' lang='lat' dir='ltr'>tum</span> <span class='ocrx_word' id='word_1_347' title='bbox 840 3704 1418 3775; x_wconf 87' lang='lat' dir='ltr'>Melbodiensibus</span> <span class='ocrx_word' id='word_1_348' title='bbox 1458 3703 1672 3774; x_wconf 83' lang='lat' dir='ltr'>fuisse</span> <span class='ocrx_word' id='word_1_349' title='bbox 1724 3705 2094 3794; x_wconf 74' lang='lat' dir='ltr'>putamus?</span> <span class='ocrx_word' id='word_1_350' title='bbox 2139 3703 2370 3775; x_wconf 88' lang='lat' dir='ltr'>Clerus</span> <span class='ocrx_word' id='word_1_351' title='bbox 2403 3728 2564 3777; x_wconf 89' lang='lat' dir='ltr'>cum</span> <span class='ocrx_word' id='word_1_352' title='bbox 2602 3705 2857 3795; x_wconf 90' lang='lat' dir='ltr'>populo</span> <span class='ocrx_word' id='word_1_353' title='bbox 2893 3706 3190 3794; x_wconf 86' lang='lat' dir='ltr'>pudefa·</span> <span class='ocrx_word' id='word_1_354' title='bbox 3299 3740 3300 3747; x_wconf 43' lang='lat'>1</span> 
     </span>
     <span class='ocr_line' id='line_1_40' title="bbox 641 3791 3300 3875; baseline 0 -10"><span class='ocrx_word' id='word_1_355' title='bbox 641 3807 794 3865; x_wconf 91' lang='lat' dir='ltr'>ctus</span> <span class='ocrx_word' id='word_1_356' title='bbox 823 3793 1176 3872; x_wconf 89' lang='lat' dir='ltr'>conticuit,</span> <span class='ocrx_word' id='word_1_357' title='bbox 1223 3807 1287 3863; x_wconf 89' lang='lat' dir='ltr'>et</span> <span class='ocrx_word' id='word_1_358' title='bbox 1331 3793 1455 3861; x_wconf 89' lang='lat' dir='ltr'>viri</span> <span class='ocrx_word' id='word_1_359' title='bbox 1504 3793 1612 3862; x_wconf 91' lang='lat' dir='ltr'>Dei</span> <span class='ocrx_word' id='word_1_360' title='bbox 1650 3814 1785 3862; x_wconf 93' lang='lat' dir='ltr'>non</span> <span class='ocrx_word' id='word_1_361' title='bbox 1822 3792 2047 3862; x_wconf 85' lang='lat' dir='ltr'>ferens</span> <span class='ocrx_word' id='word_1_362' title='bbox 2091 3791 2382 3875; x_wconf 90' lang='lat' dir='ltr'>vultum,</span> <span class='ocrx_word' id='word_1_363' title='bbox 2429 3796 2496 3863; x_wconf 91' lang='lat' dir='ltr'>in</span> <span class='ocrx_word' id='word_1_364' title='bbox 2538 3794 2833 3863; x_wconf 89' lang='lat' dir='ltr'>latebras</span> <span class='ocrx_word' id='word_1_365' title='bbox 2873 3815 3028 3864; x_wconf 89' lang='lat' dir='ltr'>sese</span> <span class='ocrx_word' id='word_1_366' title='bbox 3066 3797 3190 3866; x_wconf 89' lang='lat' dir='ltr'>ab·</span> <span class='ocrx_word' id='word_1_367' title='bbox 3299 3860 3300 3871; x_wconf 71' lang='grc'>,</span> 
     </span>
     <span class='ocr_line' id='line_1_41' title="bbox 640 3880 3185 3973; baseline -0 -21"><span class='ocrx_word' id='word_1_368' title='bbox 640 3882 815 3952; x_wconf 90' lang='lat' dir='ltr'>didit</span> <span class='ocrx_word' id='word_1_369' title='bbox 864 3905 1026 3973; x_wconf 91' lang='lat' dir='ltr'>prae</span> <span class='ocrx_word' id='word_1_370' title='bbox 1073 3882 1345 3951; x_wconf 89' lang='lat' dir='ltr'>rubore.</span> <span class='ocrx_word' id='word_1_371' title='bbox 1385 3887 1525 3950; x_wconf 89' lang='lat' dir='ltr'>Non</span> <span class='ocrx_word' id='word_1_372' title='bbox 1563 3880 1692 3950; x_wconf 84' lang='lat' dir='ltr'>fuit</span> <span class='ocrx_word' id='word_1_373' title='bbox 1731 3881 1826 3950; x_wconf 92' lang='lat' dir='ltr'>ibi</span> <span class='ocrx_word' id='word_1_374' title='bbox 1857 3883 2253 3968; x_wconf 89' lang='lat' dir='ltr'>quisquam,</span> <span class='ocrx_word' id='word_1_375' title='bbox 2287 3884 2404 3968; x_wconf 89' lang='lat' dir='ltr'>qui</span> <span class='ocrx_word' id='word_1_376' title='bbox 2437 3882 2534 3951; x_wconf 91' lang='lat' dir='ltr'>vel</span> <span class='ocrx_word' id='word_1_377' title='bbox 2574 3884 2824 3952; x_wconf 87' lang='lat' dir='ltr'>mutire</span> <span class='ocrx_word' id='word_1_378' title='bbox 2862 3883 3185 3955; x_wconf 86' lang='lat' dir='ltr'>auderet.</span> 
     </span>
     <span class='ocr_line' id='line_1_42' title="bbox 640 3969 3188 4063; baseline -0 -21"><span class='ocrx_word' id='word_1_379' title='bbox 640 3971 1062 4063; x_wconf 78' lang='lat' dir='ltr'>completum</span> <span class='ocrx_word' id='word_1_380' title='bbox 1106 3970 1247 4040; x_wconf 89' lang='lat' dir='ltr'>illic</span> <span class='ocrx_word' id='word_1_381' title='bbox 1277 3970 1428 4049; x_wconf 88' lang='lat' dir='ltr'>suit,</span> <span class='ocrx_word' id='word_1_382' title='bbox 1466 3969 1648 4056; x_wconf 90' lang='lat' dir='ltr'>quod</span> <span class='ocrx_word' id='word_1_383' title='bbox 1687 3970 2022 4059; x_wconf 90' lang='lat' dir='ltr'>Propheta</span> <span class='ocrx_word' id='word_1_384' title='bbox 2053 3971 2185 4039; x_wconf 87' lang='lat' dir='ltr'>ait:</span> <span class='ocrx_word' id='word_1_385' title='bbox 2227 3974 2452 4040; x_wconf 78' lang='lat' dir='ltr'>Omnis</span> <span class='ocrx_word' id='word_1_386' title='bbox 2482 3974 2809 4060; x_wconf 79' lang='lat' dir='ltr'>iniquitas</span> <span class='ocrx_word' id='word_1_387' title='bbox 2849 3975 3188 4062; x_wconf 75' lang='lat' dir='ltr'>oppilabit</span> 
     </span>
     <span class='ocr_line' id='line_1_43' title="bbox 643 4058 3189 4149; baseline 0 -19"><span class='ocrx_word' id='word_1_388' title='bbox 643 4084 713 4130; x_wconf 83' lang='lat' dir='ltr'>os</span> <span class='ocrx_word' id='word_1_389' title='bbox 758 4084 952 4130; x_wconf 81' lang='lat' dir='ltr'>suum</span> <span class='ocrx_word' id='word_1_390' title='bbox 988 4061 1125 4149; x_wconf 70' lang='lat' dir='ltr'>(Pa.</span> <span class='ocrx_word' id='word_1_391' title='bbox 1168 4060 1348 4148; x_wconf 69' lang='lat'>⁴06).</span> <span class='ocrx_word' id='word_1_392' title='bbox 1401 4059 1563 4148; x_wconf 88' lang='lat' dir='ltr'>Ejus</span> <span class='ocrx_word' id='word_1_393' title='bbox 1614 4059 1709 4128; x_wconf 89' lang='lat' dir='ltr'>rei</span> <span class='ocrx_word' id='word_1_394' title='bbox 1745 4058 1926 4128; x_wconf 86' lang='lat' dir='ltr'>sama</span> <span class='ocrx_word' id='word_1_395' title='bbox 1953 4060 2144 4129; x_wconf 85' lang='lat' dir='ltr'>velox</span> <span class='ocrx_word' id='word_1_396' title='bbox 2186 4059 2441 4148; x_wconf 88' lang='lat' dir='ltr'>passim</span> <span class='ocrx_word' id='word_1_397' title='bbox 2487 4059 2803 4141; x_wconf 83' lang='lat' dir='ltr'>volitanS,</span> <span class='ocrx_word' id='word_1_398' title='bbox 2846 4060 3189 4131; x_wconf 84' lang='lat' dir='ltr'>finitimos</span> 
     </span>
     <span class='ocr_line' id='line_1_44' title="bbox 641 4147 3182 4239; baseline -0.002 -19"><span class='ocrx_word' id='word_1_399' title='bbox 641 4171 730 4238; x_wconf 92' lang='lat' dir='ltr'>po</span> <span class='ocrx_word' id='word_1_400' title='bbox 783 4149 936 4220; x_wconf 88' lang='lat' dir='ltr'>ulos</span> <span class='ocrx_word' id='word_1_401' title='bbox 962 4149 1270 4218; x_wconf 88' lang='lat' dir='ltr'>certatim</span> <span class='ocrx_word' id='word_1_402' title='bbox 1299 4170 1379 4217; x_wconf 91' lang='lat' dir='ltr'>eo</span> <span class='ocrx_word' id='word_1_403' title='bbox 1405 4169 1773 4239; x_wconf 90' lang='lat' dir='ltr'>properare</span> <span class='ocrx_word' id='word_1_404' title='bbox 1802 4148 2159 4237; x_wconf 91' lang='lat' dir='ltr'>compulit,</span> <span class='ocrx_word' id='word_1_405' title='bbox 2186 4147 2565 4219; x_wconf 88' lang='lat' dir='ltr'>clamantes</span> <span class='ocrx_word' id='word_1_406' title='bbox 2595 4163 2797 4237; x_wconf 89' lang='lat' dir='ltr'>atque</span> <span class='ocrx_word' id='word_1_407' title='bbox 2827 4149 3182 4221; x_wconf 84' lang='lat' dir='ltr'>dicentes:</span> 
     </span>
     <span class='ocr_line' id='line_1_45' title="bbox 642 4172 3185 4326; baseline -0 -18"><span class='ocrx_word' id='word_1_408' title='bbox 642 4172 835 4308; x_wconf 57' lang='lat' dir='ltr'>Saste</span> <span class='ocrx_word' id='word_1_409' title='bbox 868 4251 1100 4308; x_wconf 86' lang='lat' dir='ltr'>sancte</span> <span class='ocrx_word' id='word_1_410' title='bbox 1135 4237 1273 4318; x_wconf 91' lang='lat' dir='ltr'>Dei,</span> <span class='ocrx_word' id='word_1_411' title='bbox 1305 4237 1571 4306; x_wconf 82' lang='lat' dir='ltr'>cineres</span> <span class='ocrx_word' id='word_1_412' title='bbox 1607 4238 1857 4307; x_wconf 82' lang='lat' dir='ltr'>salvete</span> <span class='ocrx_word' id='word_1_413' title='bbox 1885 4237 2162 4326; x_wconf 91' lang='lat' dir='ltr'>recepti.</span> <span class='ocrx_word' id='word_1_414' title='bbox 2202 4238 2650 4309; x_wconf 89' lang='lat' dir='ltr'>Omnimodas</span> <span class='ocrx_word' id='word_1_415' title='bbox 2685 4260 3005 4309; x_wconf 89' lang='lat' dir='ltr'>summae</span> <span class='ocrx_word' id='word_1_416' title='bbox 3034 4241 3185 4307; x_wconf 86' lang='lat' dir='ltr'>Tri-</span> 
     </span>
     <span class='ocr_line' id='line_1_46' title="bbox 635 4325 3186 4417; baseline 0 -22"><span class='ocrx_word' id='word_1_417' title='bbox 635 4327 836 4397; x_wconf 75' lang='lat' dir='ltr'>&#39;nitati</span> <span class='ocrx_word' id='word_1_418' title='bbox 871 4343 935 4396; x_wconf 89' lang='lat' dir='ltr'>et</span> <span class='ocrx_word' id='word_1_419' title='bbox 983 4327 1108 4396; x_wconf 89' lang='lat' dir='ltr'>tibi</span> <span class='ocrx_word' id='word_1_420' title='bbox 1158 4325 1415 4417; x_wconf 89' lang='lat' dir='ltr'>gratias</span> <span class='ocrx_word' id='word_1_421' title='bbox 1464 4327 1772 4417; x_wconf 90' lang='lat' dir='ltr'>agimus,</span> <span class='ocrx_word' id='word_1_422' title='bbox 1832 4326 2014 4415; x_wconf 91' lang='lat' dir='ltr'>quod</span> <span class='ocrx_word' id='word_1_423' title='bbox 2077 4328 2385 4414; x_wconf 90' lang='lat' dir='ltr'>corporis</span> <span class='ocrx_word' id='word_1_424' title='bbox 2435 4328 2530 4397; x_wconf 88' lang='lat' dir='ltr'>tui</span> <span class='ocrx_word' id='word_1_425' title='bbox 2587 4327 2946 4417; x_wconf 87' lang='lat' dir='ltr'>prodidisti</span> <span class='ocrx_word' id='word_1_426' title='bbox 2998 4329 3186 4396; x_wconf 83' lang='lat' dir='ltr'>cela—</span> 
     </span>
     <span class='ocr_line' id='line_1_47' title="bbox 644 4415 3189 4506; baseline 0 -21"><span class='ocrx_word' id='word_1_427' title='bbox 644 4427 865 4499; x_wconf 77' lang='lat' dir='ltr'>toreS,</span> <span class='ocrx_word' id='word_1_428' title='bbox 925 4415 1317 4506; x_wconf 82' lang='lat' dir='ltr'>versipelles</span> <span class='ocrx_word' id='word_1_429' title='bbox 1365 4427 1430 4485; x_wconf 92' lang='lat' dir='ltr'>et</span> <span class='ocrx_word' id='word_1_430' title='bbox 1481 4415 1811 4485; x_wconf 88' lang='lat' dir='ltr'>subdolos</span> <span class='ocrx_word' id='word_1_431' title='bbox 1868 4415 2130 4505; x_wconf 92' lang='lat' dir='ltr'>pudore</span> <span class='ocrx_word' id='word_1_432' title='bbox 2191 4416 2520 4497; x_wconf 81' lang='lat' dir='ltr'>affecisti,</span> <span class='ocrx_word' id='word_1_433' title='bbox 2590 4429 2865 4488; x_wconf 89' lang='lat' dir='ltr'>tuarum</span> <span class='ocrx_word' id='word_1_434' title='bbox 2938 4418 3189 4488; x_wconf 87' lang='lat' dir='ltr'>merita</span> 
     </span>
    </p>
   </div>
  </div>
 </body>
</html>
