3347 4999
191 357 363 424 OCT.
416 358 457 423 4
1058 377 1137 422 ns
1185 377 1240 422 s,
1295 375 1637 423 rancisco
1685 377 1867 424 conr.
2518 361 2645 427 ⁴79

184 459 346 530 facit
396 482 514 550 per
572 459 750 544 illos,
803 459 923 547 qui
975 461 1210 530 minus
1242 461 1421 528 inter
1451 460 1845 530 Cardinales
1877 460 2284 532 favorabiles
2331 484 2416 532 ne
2467 463 2604 533 otio
2635 463 2738 532 vi-

185 548 547 619 debantur.
581 548 850 634 Quibus
877 548 1245 638 diligenter
1274 547 1632 631 discussiS,
1653 563 1718 618 et
1738 551 1825 619 ab
1855 551 2180 622 omnibus
2207 574 2422 641 appro
2473 553 2627 634 atis,
2649 551 2738 622 de

181 637 472 707 fratrum
503 661 786 708 suorum
824 650 888 707 et
914 637 1225 707 omnium
1267 636 1753 727 praelatorum,
1806 640 1927 725 qui
1963 652 2124 709 tunc
2164 654 2359 710 erant
2391 641 2460 709 in
2507 641 2729 723 curia,

180 727 508 796 concordi
568 727 860 796 consilio
899 739 964 796 et
1009 748 1301 795 assensu
1340 727 1891 796 canonizandum
1944 726 2263 809 decrevit,
2317 730 2735 816 veniensque

180 815 637 907 personaliter
686 816 772 884 ad
822 815 1163 884 civitatem
1213 815 1448 884 Assisii
1481 869 1496 895 ,
1550 837 1735 884 anno
1785 816 2178 886 Dominicae
2238 817 2735 890 incarnationis

179 905 554 974 millesimo
602 905 1076 974 ducentesimo
1126 904 1454 994 vigesimo
1502 918 1763 985 octavo,
1803 904 2365 996 decimoseptimo
2400 906 2731 976 Calendas

174 994 492 1084 Augusti,
545 994 656 1063 die
708 993 1107 1073 Dominic0,
1166 1013 1323 1062 curn
1368 993 1725 1073 maximis,
1766 1014 1944 1079 quae
1993 994 2275 1085 longum
2326 993 2496 1064 foret
2534 1016 2737 1064 enar-

176 1105 357 1163 rare,
412 1083 791 1165 solemniis,
832 1083 1105 1152 beatum
1150 1087 1411 1151 Patrem
1447 1080 1758 1171 catalogo
1808 1087 2212 1153 Sanctorum
2249 1084 2638 1174 adscripsit.

273 1176 435 1244 95.
490 1177 697 1245 Anno,
731 1189 887 1240 vero
921 1171 1192 1240 Domini
1237 1169 1603 1240 millesimo
1635 1170 2110 1242 ducentesimo
2153 1172 2527 1262 trigesim0‚
2567 1193 2735 1241 con-

127 1311 131 1314 ψ
177 1261 622 1330 venientibus
680 1260 1011 1330 fratribus
1058 1259 1141 1328 ad
1193 1259 1575 1347 capitulum
1629 1259 1946 1349 generale
1994 1261 2230 1330 Assisii
2280 1261 2727 1344 celebratum,

176 1349 266 1420 ad
312 1349 696 1429 basilicam,
754 1350 821 1417 in
874 1349 1133 1418 honore
1182 1349 1405 1437 ipsius
1430 1359 1896 1417 constructam
1947 1371 2200 1439 corpus
2230 1349 2402 1419 illud
2444 1350 2731 1419 Domino

176 1438 604 1518 dedicatum,
645 1450 881 1508 octavo
916 1437 1246 1506 Calendas
1276 1437 1470 1506 Junii
1508 1437 1916 1506 translatum
1965 1449 2088 1507 est.
2128 1443 2304 1508 Dum
2335 1450 2563 1508 autem
2609 1438 2729 1508 ille

180 1549 376 1598 sacer
409 1541 594 1596 trans
646 1539 986 1617 ortaretur
1018 1526 1409 1604 thesaurus,
1450 1525 1643 1596 bulla
1670 1527 1875 1616 Regis
1901 1526 2221 1596 altissimi
2253 1528 2728 1628 consignatus,

181 1616 520 1686 miracula
554 1550 855 1706 pfurima
888 1615 1027 1695 ille,
1066 1616 1268 1705 cujus
1298 1614 1407 1683 effi
1460 1615 1594 1683 iem
1629 1614 2075 1705 praeferebat,
2107 1616 2376 1704 operari
2406 1616 2473 1684 di
2530 1630 2734 1686 natus

178 1719 307 1786 est,
354 1717 432 1775 ut
480 1727 600 1795 per
643 1705 921 1774 odorem
975 1704 1199 1794 ipsius
1246 1703 1414 1772 salvi
1446 1725 1629 1772 1cum
1663 1704 1950 1773 affectus
1986 1704 2369 1774 traheretur
2417 1705 2462 1774 fi
2516 1704 2732 1774 elium

180 1795 265 1864 ad
325 1793 746 1864 currendum
808 1806 961 1894 post
1006 1793 1377 1862 Christum.
1432 1797 1589 1861 Erat
1640 1814 1872 1862 revera
1911 1793 2365 1883 condignum,
2401 1804 2477 1863 ut
2524 1815 2733 1881 quem

182 1888 383 1953 Deus·
412 1883 480 1951 in
516 1882 653 1951 vita
691 1882 826 1951 sibi
876 1881 1257 1982 placentem
1308 1894 1373 1950 et
1415 1880 1745 1950 dilectum
1782 1882 2099 1951 effectum
2136 1935 2152 1962 ‚
2205 1883 2273 1950 in
2330 1882 2731 1973 paradisum

182 1993 308 2071 per
337 1969 938 2060 contemplationis
1015 1971 1254 2040 ratiam
1293 1970 1759 2050 transtulerat,
1798 1983 1875 2039 ut
1912 1970 2143 2040 Enoch
2177 1993 2194 2052 ;
2244 1982 2310 2040 et
2341 1971 2425 2040 ad
2461 1971 2733 2041 coelum

180 2081 257 2128 ln
300 2081 512 2128 curru
550 2059 752 2148 igneo
786 2081 907 2149 per
942 2081 978 2128 c
1033 2059 1299 2128 aritatis
1346 2058 1569 2128 zelum
1614 2073 1958 2147 rapuerat,
1998 2073 2073 2129 ut
2120 2060 2363 2142 Eliam,
2405 2060 2560 2148 ejus
2582 2060 2734 2150 jam

180 2148 534 2217 vernantis
567 2149 743 2217 inter
780 2150 982 2219 flores
1017 2147 1173 2217 illos
1206 2147 1500 2216 coelicos
1542 2146 1985 2236 plantationis
2033 2159 2370 2231 aeternae,
2423 2170 2576 2218 ossa
2613 2147 2736 2218 illa

178 2235 409 2305 felicia
451 2235 535 2306 de
586 2236 732 2307 loco
783 2259 909 2306 suo
965 2234 1424 2328 pullulatione
1472 2236 1770 2306 mirifica
1831 2237 2235 2306 redolerent.
2291 2243 2497 2306 Porro
2553 2237 2734 2307 sicut

177 2325 297 2394 Vir
343 2325 469 2393 iste
516 2325 758 2396 beatus
808 2326 1146 2395 mirandis
1195 2325 1526 2394 virtutum
1577 2325 1798 2415 signis
1849 2325 1916 2393 in
1967 2326 2106 2395 vita
2151 2326 2517 2408 claruerat,
2563 2327 2662 2396 sic
2693 2348 2736 2395 a

177 2413 293 2482 die
350 2414 679 2484 transitus
740 2415 848 2485 sui
898 2436 1116 2502 usque
1166 2415 1233 2481 in
1348 2435 1625 2483 raesens
1681 2435 1801 2504 per
1852 2414 2158 2486 diversas
2207 2415 2455 2485 mundi
2507 2428 2734 2506 partes

180 2503 557 2594 praeclaris
609 2504 1104 2574 miraculorum
1148 2436 1506 2594 prodigiis,
1543 2502 1779 2573 divina
1828 2526 1900 2573 se
1933 2504 2232 2594 potentia
2274 2504 2728 2596 glorificante,

181 2606 522 2661 coruscat.
575 2598 740 2669 Nam
790 2593 1014 2662 caecis
1060 2606 1126 2662 et
1173 2593 1429 2674 surdis,
1484 2595 1695 2662 mutis
1742 2605 1808 2662 et
1867 2593 2163 2673 claudiS,
2217 2594 2619 2685 hydropicis
2667 2603 2735 2662 et

178 2680 605 2782 paralyticis,
642 2681 1110 2751 daemoniacis
1156 2694 1223 2750 et
1269 2681 1582 2771 leprosis,
1630 2680 1987 2773 naufragis
2019 2696 2084 2752 et
2112 2683 2442 2772 captiviS‚
2506 2682 2732 2771 ipsius

176 2771 443 2839 meritis
492 2770 794 2839 remedia
840 2770 1311 2851 conferuntur,
1367 2771 1832 2857 omnibusque
1869 2771 2151 2851 morbiS,
2209 2770 2734 2841 necessitatibus

172 2871 240 2928 et
273 2858 602 2948 periculis
633 2859 1069 2929 subvenitur¹
1120 2859 1245 2929 Sed
1296 2870 1361 2929 et
1395 2859 1631 2929 multis
1671 2859 1965 2929 mortuis
2005 2857 2296 2928 mirifice
2335 2858 2684 2927 suscitatis
2710 2912 2725 2937 ,

175 2947 541 3017 innotescit
566 2947 890 3017 fidelibus
918 2948 1294 3018 mirificans
1322 2952 1644 3018 Sanctum
1680 2970 1884 3018 suum
1921 2947 2431 3037 magnificentia
2461 2945 2733 3015 virtutis

172 3035 529 3193 filtissimi,
581 3036 697 3107 cui
742 3050 847 3108 est
892 3036 1111 3107 honor
1156 3049 1222 3107 et
1269 3036 1486 3127 gloria
1537 3058 1656 3127 per
1697 3036 1968 3105 infinita
2016 3034 2246 3107 secula
2302 3035 2723 3115 seculorum,

230 3147 386 3195 men
461 3175 479 3193 .

228 3322 256 3350 ⁶
284 3318 518 3361 Postridie
545 3319 712 3362 mortis
740 3331 868 3368 suae,
895 3331 921 3360 e
948 3322 1221 3363 suburbano
1253 3322 1296 3362 S.
1329 3319 1505 3362 Mariae
1524 3321 1582 3360 de
1601 3316 1911 3361 Portiuncula
1933 3323 2184 3367 conventu.
2203 3320 2285 3360 ubi
2307 3318 2529 3370 spiritum
2547 3321 2732 3361 exhala-

172 3377 325 3419 verat.
352 3375 548 3414 beatiss.
586 3373 869 3420 Patriareha,
897 3377 1129 3416 Assisium
1157 3375 1371 3416 delatum
1401 3374 1508 3420 fuit,
1528 3375 1704 3423 ibique,
1726 3372 1772 3413 in
1791 3375 1988 3414 ecclesia
2008 3375 2052 3414 S.
2078 3372 2266 3424 Georgii
2288 3375 2564 3419 tumulatur,
2584 3384 2732 3423 quum

174 3426 514 3469 Portinnculae
529 3429 755 3468 sacellum
770 3427 911 3488 nimis
929 3432 1180 3478 augustum
1196 3431 1336 3473 esset,
1354 3439 1437 3468 neo
1454 3428 1602 3467 sacris
1620 3425 1801 3467 exuviis
1818 3428 2141 3468 custodiendis
2158 3430 2275 3468 satis
2294 3429 2451 3468 tutum
2470 3427 2730 3469 videretur.

172 3484 309 3522 Anno
338 3491 454 3521 vero
472 3482 588 3526 1228.
612 3482 736 3522 idest
761 3483 954 3522 biennio
982 3485 1090 3531 post
1118 3484 1225 3531 ejus
1256 3481 1451 3526 obitum.
1470 3479 1730 3526 Gregorius
1756 3482 1832 3527 lx,
1852 3482 2071 3521 Summus
2090 3480 2322 3527 Pontifex,
2339 3483 2420 3531 qui
2442 3482 2594 3531 ipsius
2615 3478 2731 3521 ami-

174 3533 400 3575 cissimus
428 3535 662 3581 extiterat,
678 3537 859 3575 Perusii
886 3533 1290 3576 canonizationem
1309 3536 1352 3575 ei
1373 3533 1670 3578 decernebat,
1688 3544 1843 3584 quam,
1864 3535 2028 3574 eodem
2050 3545 2186 3580 anuo.
2204 3533 2370 3575 Assisii
2394 3536 2726 3585 exequebatur.

177 3590 310 3628 'runc
339 3598 515 3628 novum
543 3589 785 3637 templum.
815 3590 872 3629 ad
901 3591 947 3630 S.
978 3587 1219 3630 Francisci
1251 3590 1450 3629 cadaver
1486 3588 1850 3633 recondendum,
1874 3586 1924 3628 in
1943 3590 2143 3638 quadam
2165 3599 2296 3639 rupe,
2316 3598 2461 3639 prope
2481 3585 2733 3635 Assisium.

174 3651 311 3690 quae,
338 3643 503 3689 utpote
532 3643 889 3682 sentiet-storum
919 3643 1169 3692 suppliciis
1198 3643 1435 3691 deputata.
1465 3642 1587 3680 cvnis
1616 3641 1795 3691 Inferni
1823 3643 2092 3689 vocabatur,
2123 3644 2221 3688 sed,
2254 3643 2573 3690 postmodum,
2603 3640 2732 3681 collis

178 3696 390 3734 Pau-adim·
416 3694 541 3735 dicta
568 3695 673 3740 fuit.
702 3705 727 3734 e
753 3693 1072 3736 fundamentis
1102 3696 1346 3736 excitatur.
1375 3692 1685 3744 splendidum
1714 3705 1841 3741 sane.
1865 3697 2179 3745 magnificum,
2211 3696 2494 3744 penitusque
2513 3695 2732 3735 mirabile

179 3749 426 3798 tempium,
455 3749 512 3788 ad
541 3749 667 3796 quod
696 3750 1008 3789 extruendum
1040 3760 1204 3789 omnes
1234 3746 1409 3789 Christi
1445 3748 1623 3793 fideles,
1642 3749 1953 3797 eleemosynis
1973 3748 2086 3794 suis,
2103 3750 2463 3799 participavere.
2481 3749 2733 3797 ipsumque

179 3802 501 3842 exornandum
530 3802 901 3851 praestant-iores
930 3799 1134 3842 artifices
1164 3812 1353 3851 operam
1374 3811 1507 3841 suam
1527 3802 1785 3844 contulere.
1806 3802 1892 3843 Die
1913 3805 1964 3842 25
1985 3801 2097 3852 maJi
2117 3804 2227 3842 anni
2248 3803 2366 3848 1230,
2385 3802 2734 3842 solemnissima

179 3865 364 3906 pompa,
393 3854 717 3903 immensoque
747 3856 909 3904 popuii
938 3866 1199 3901 concursu,
1235 3856 1549 3904 fratrumque
1583 3855 1820 3896 minorum
1852 3857 2032 3906 ingenti
2070 3856 2402 3901 multitudine,
2436 3855 2732 3897 venerandae

181 3910 225 3948 S.
253 3907 493 3948 Francisoi
521 3909 749 3956 reliquiae
778 3908 843 3949 ibi
872 3912 1135 3949 translatae
1172 3910 1319 3949 mere.
1353 3906 1659 3949 Innocentius
1690 3910 1766 3956 n‘,
1796 3912 1967 3957 autem,
2003 3909 2218 3950 Pontifex
2255 3909 2501 3956 Maximus,
2530 3906 2732 3959 ipsemet

182 3963 416 4013 tempium
434 3961 571 4008 illud,
591 3971 712 4003 anno
734 3963 852 4010 1243,
871 3963 961 4004 rite
982 3964 1239 4010 dedicabat,
1257 3963 1666 4011 consacrabatque.
