3347 4999
706 313 832 378 7⁴4
2850 316 3032 382 OCT.
3085 319 3165 381 25

1244 521 1381 600 DE
1436 522 1788 601 IISDEM
1851 525 2540 609 MARTYRIBUS

876 758 959 805 Ex
1006 757 1312 806 sozoussm
1358 758 1878 826 nqcfflsus'rlcm
1924 757 2263 809 msromAss
2308 761 2432 808 Lm.
2485 762 2572 822 lv,
2625 761 2766 811 CAP.
2818 762 2893 809 11.

700 953 794 1018 Eo
821 957 1150 1037 tempore,
1179 969 1318 1035 quo
1348 948 1792 1020 Macedonius
1812 949 2230 1041 Episcopatu
2253 949 2582 1020 ecclesiae
2604 953 3172 1042 Constantinopo-

616 1038 871 1108 litanae
904 1037 1266 1107 abdicatus
1297 1050 1497 1119 esset,
1541 1037 1802 1124 malum
1854 1039 1926 1107 in
1960 1038 2236 1108 caedem
2273 1039 2611 1130 prorupit.
2647 1045 2812 1110 Nam
2850 1063 3019 1111 cum
3054 1040 3168 1111 alii

614 1124 973 1206 nonnulli,
1027 1138 1173 1195 tum
1242 1127 1609 1217 Martyrius
1653 1140 1721 1197 et
1768 1128 2157 1197 Marcianus
2204 1129 2599 1199 obtruncati
2656 1144 2871 1211 sunt,
2932 1153 3161 1218 quos,

613 1227 848 1306 utpote
896 1213 1090 1283 Pauli
1154 1216 1578 1286 convictores
1612 1272 1628 1297 ,
1682 1239 1718 1285 a
1764 1216 2161 1286 Macedonio
2223 1215 2437 1288 fertur
2484 1217 2826 1289 Praefecto
2879 1220 3165 1290 traditos

612 1326 801 1384 esse;
852 1314 1116 1373 etcum
1164 1318 1658 1375 accusarentur
1706 1319 2056 1393 tamquam
2108 1319 2425 1377 auctores
2474 1307 2662 1377 necis
2711 1309 3164 1399 Hermogenis

609 1407 675 1464 et
722 1391 1080 1463 seditionis
1127 1405 1366 1463 contra
1421 1414 1580 1463 euru
1623 1395 2000 1475 conflatae,
2055 1394 2317 1465 fortiter
2383 1410 2665 1466 mortem
2717 1399 3155 1487 oppetivisse.

612 1488 916 1566 Quorum
966 1479 1139 1550 alter
1184 1482 1657 1552 subdiaconus
1695 1496 1882 1565 erat;
1925 1483 2119 1566 alter,
2180 1483 2494 1556 videlicet
2543 1486 2961 1568 Marcianus,
3004 1492 3165 1556 Can·

614 1585 739 1651 tor,
792 1584 857 1639 et
903 1582 1299 1640 sanctarum
1351 1571 1863 1661 scripturarum
1917 1577 2174 1643 Lector.
2231 1577 2487 1643 Horum
2547 1575 2826 1662 quidem
2892 1575 3166 1667 insigne

613 1658 1012 1749 sepulcrum
1048 1672 1171 1742 est,
1214 1681 1336 1747 pro
1373 1661 1733 1731 moenibus
1766 1662 2393 1753 Constantinopolis
2421 1676 2834 1743 extructum,
2883 1678 2954 1734 et
2989 1666 3166 1736 velut

615 1747 1116 1819 monimentum
1183 1753 1603 1838 Martyrum,
1666 1750 1922 1840 templo
1984 1751 2533 1821 circumdatum:
2585 1751 2767 1840 quod
2819 1753 3161 1844 templum

613 1836 976 1907 aedificare
1023 1837 1249 1927 coepit
1294 1837 1573 1925 quidem
1622 1843 1951 1919 Joannes,
2006 1840 2304 1910 Sisinius
2355 1852 2582 1909 autem
2642 1841 2962 1922 absolvit,
3025 1865 3168 1932 per-

614 1925 952 2012 fecitque:
1016 1926 1137 2013 qui
1200 1926 1338 1997 duo
1411 1939 1642 2016 postea
1708 1928 2047 1999 Ecclesiae
2113 1929 2912 2019 Constantinopolitanae
2977 1930 3166 2000 fuere

613 2014 983 2084 Antistites.
1035 2020 1200 2085 Nam
1254 2015 1619 2106 indignum
1670 2029 2139 2101 censuerunt,
2194 2039 2311 2088 eos
2379 2017 2635 2089 honore
2686 2019 3006 2110 martyrii
3061 2043 3168 2090 ca·

615 2105 785 2185 rere,
841 2125 1017 2190 quos
1066 2109 1242 2174 Deus
1289 2105 1438 2196 ipse
1489 2105 1746 2176 honore
1794 2106 2149 2177 affecerat:
2203 2107 2764 2195 quandoquidem
2811 2107 3043 2186 locus,
3088 2107 3168 2178 ad

613 2212 814 2278 quem
867 2191 1172 2272 abducti,
1227 2195 1452 2264 securi
1504 2195 1814 2283 percussi
1864 2209 2049 2275 sunt,
2102 2217 2259 2265 cum
2312 2208 2469 2265 ante
2518 2197 2921 2267 inaccessus
2959 2211 3163 2276 esset,

614 2302 652 2349 a
681 2281 971 2369 spectris
1014 2294 1349 2371 purgatus
1377 2295 1502 2363 est,
1541 2283 1752 2371 inque
1777 2304 1855 2352 eo
1886 2284 2203 2355 homines
2235 2283 2620 2354 daemoniis
2650 2286 2892 2375 agitati
2927 2287 3166 2356 morbo

617 2367 933 2448 liberati,
987 2384 1192 2457 atque
1242 2370 1458 2440 multa
1505 2371 1640 2441 alia
1694 2388 2040 2472 praeterea
2094 2371 2427 2442 miracula
2476 2372 2560 2442 ad
2624 2395 2860 2444 eorum
2931 2376 3167 2465 sepul-

612 2478 809 2528 crum
858 2457 1063 2528 edita.
1119 2458 1247 2530 Sed
1298 2458 1382 2530 de
1431 2464 1754 2552 Martyrto
1802 2474 1867 2531 et
1913 2461 2259 2532 Marciano
2322 2460 2488 2533 haec
2556 2461 2917 2534 hactenus.
2973 2464 3166 2547 Quod

614 2547 671 2616 si
730 2546 969 2617 eadem
1029 2548 1355 2635 cuiquam
1428 2551 1715 2620 minime
1780 2550 2139 2621 credibilia
2192 2549 2602 2632 videantur,
2672 2552 2948 2624 nullius
3001 2576 3171 2644 pene

616 2636 869 2736 negotii
917 2637 1068 2717 erit,
1121 2639 1209 2707 ab
1256 2636 1396 2708 illis
1444 2639 1565 2726 qui
1612 2661 1692 2709 ea
1744 2639 1895 2732 ipsa
1940 2640 2295 2729 explorare
2327 2640 2601 2729 cognita
2642 2641 2929 2721 habent,
2969 2666 3171 2713 accu-

614 2736 829 2794 ratius
879 2725 1287 2827 perdiscere,
1338 2728 1590 2798 etenim
1643 2729 1794 2800 istis
1837 2728 2053 2800 multo
2104 2742 2267 2799 suut
2312 2727 2598 2800 fortasse
2637 2729 3170 2803 admirabiliora

614 2828 981 2886 narraturi.

1234 3076 1855 3179 MARTYRHJM
1932 3078 2009 3178 S.
2081 3077 2544 3179 MlNlATlS

1458 3295 1768 3361 M1L1T1s
1822 3294 2316 3362 FLonnn'rntt

613 3488 691 3534 An
742 3487 1004 3536 menno
1051 3490 1288 3546 Qulmffl
1336 3489 1642 3549 AUCTORE,
1697 3492 1811 3538 sm)
1858 3492 2149 3550 numm,
2195 3490 2444 3538 nuum
2493 3490 2742 3540 Ptuoms
2791 3493 3162 3551 msronuz,

893 3595 1061 3652 QUAE
1095 3595 1163 3642 m
1194 3596 1490 3644 vss'rusrls
1524 3599 1662 3644 MSS.
1703 3598 1906 3645 unlus
1938 3598 2157 3657 EXTAT,
2194 3598 2384 3646 STYLO
2417 3596 2877 3647 consculptum

845 3772 1177 3840 martyrio
1218 3778 1587 3830 coronatus
1629 3778 1735 3831 est
1775 3789 1954 3831 anno
1995 3776 2281 3844 probab.
2316 3778 2465 3844 250,
2499 3776 2919 3835 Florentiae.

697 3972 733 4057 ξ
783 3975 858 4040 1.
916 3974 1005 4038 Eo
1056 3981 1383 4059 tempore,
1437 3991 1575 4058 quo
1627 3975 2010 4042 Romanum
2063 3972 2441 4061 Imperium
2494 3972 2738 4043 Decius
2776 3972 2811 4007 ⁴
2864 3972 3159 4054 tenebat,

612 4079 809 4127 saeva
852 4059 1348 4147 persecutionis
1398 4071 1767 4149 tempestas
1810 4060 2063 4149 passim
2116 4060 2456 4132 Ecclesias
2505 4063 2619 4131 Dei
2673 4062 3002 4152 populata
3028 4073 3164 4140 θεῖς

614 4168 736 4216 nec
799 4161 1027 4216 tamen
1090 4148 1607 4237 conjuratorum
1678 4148 1743 4217 in
1814 4149 2060 4218 Christi
2131 4171 2324 4219 arma
2390 4150 2688 4221 militum
2753 4150 3170 4221 charitatem

611 4255 828 4321 aquae
878 4234 1133 4305 multae
1178 4249 1551 4326 potuerunt
1597 4238 2018 4327 extinguere,
2073 4250 2193 4308 aut
2240 4238 2530 4309 flumina
2572 4240 2890 4309 obruere.
2927 4239 3173 4327 Siqui-

615 4321 795 4404 dem,
850 4327 1078 4412 spreta
1128 4336 1619 4396 tormentorum
1665 4326 2115 4406 immanitate,
2169 4324 2366 4397 fortia
2419 4327 2846 4398 credentium
2887 4336 3174 4416 pectora

669 4448 694 4474 ⁸
721 4448 894 4488 Decius
912 4446 1185 4499 imperatori
1207 4450 1422 4500 Philippo
1442 4451 1673 4492 successit
1692 4451 1845 4492 medlo
1865 4448 2042 4493 octobri
2070 4461 2144 4493 an.
2164 4454 2264 4498 um
2282 4454 2439 4503 periit.
2458 4456 2662 4495 exeunte
2681 4460 2806 4495 tuno
2824 4454 2920 4495 2⁶1.
