3347 4999
226 300 401 366 OCT.
464 300 542 364 44
970 318 1047 363 mi
1096 318 1150 363 s.
1206 313 1578 363 nnncaanno
1626 318 1874 364 HERBIP.
1929 319 2027 364 ΕΡ.
2543 301 2668 366 393

223 423 400 489 quos
438 400 719 470 idoneos
769 412 1063 479 noverat,
1114 399 1353 489 legatis
1386 413 1585 486 atque
1621 399 1864 469 litteris
1903 401 1984 468 ad
2021 400 2465 470 excolendum
2522 401 2759 471 novale

224 490 689 569 Dominicum,
743 488 924 576 quod
965 509 1207 556 novare
1232 489 1375 576 jam
1427 502 1761 578 coeperat,
1804 490 2186 558 accersiret.
2224 495 2407 559 Inter
2453 512 2625 577 quos
2654 491 2756 559 in·-

223 580 481 669 clytuS,
539 591 603 647 et
632 579 821 647 omni
871 577 1224 667 religionis
1288 577 1679 646 testimonio
1746 578 2343 647 nominatissimus
2407 581 2760 669 presbyter

222 668 693 747 BurcharduS‚
734 667 816 735 ad
846 668 1125 756 nuptias
1157 667 1326 755 Agni
1357 677 1656 745 vocatus,
1695 666 2007 756 geminae
2032 666 2383 735 charitatis
2416 667 2521 735 bis
2548 671 2759 737 tincto

219 779 426 826 cocco
481 756 849 845 praecipue
897 755 1221 824 rutilabat
1270 753 1576 823 indutus.
1617 760 1757 824 Hoc
1797 754 1998 823 modo
2038 776 2308 844 semper
2342 755 2544 824 corda
2603 779 2758 844 pro-

219 847 397 916 bans
431 846 696 914 Arbiter
745 846 1076 925 internus,
1131 843 1549 913 desiderium
1604 864 1986 933 pauperum
2040 865 2324 915 suorum
2383 843 2752 925 exaudivit,

220 936 320 1004 sic
367 933 788 1004 voluntatem
839 933 1225 1002 timentium
1281 954 1351 1002 se
1403 931 1700 1021 perfecit,
1746 932 1912 1001 dum
1958 932 2378 1021 corporalem
2435 954 2757 1022 praesen-

220 1025 413 1104 tiam,
471 1045 676 1109 quam
730 1021 1180 1110 spiritualiter
1209 1020 1276 1088 in
1329 1020 1729 1090 alterutrum
1765 1032 2052 1107 uterque
2079 1022 2395 1091 sacerdos
2428 1022 2514 1090 ob
2547 1044 2752 1091 suum

221 1124 633 1201 perpetuum
679 1111 1055 1189 servitium,
1100 1109 1611 1195 multorumque
1664 1109 2073 1198 populorum
2113 1110 2426 1191 salutem,
2485 1110 2761 1179 nunciis

217 1201 500 1270 vicariis
537 1198 965 1280 moliebatur,
1010 1199 1180 1288 ipse,
1239 1198 1578 1267 mediante
1609 1199 1959 1278 charitate,
2002 1199 2391 1287 colligabat.

307 1293 342 1376 ἓ
392 1294 483 1361 5.
537 1294 668 1357 Nec
732 1310 942 1368 mora,
998 1287 1161 1355 dum
1234 1287 1389 1355 talia
1449 1286 1615 1356 soris
1687 1288 2097 1376 operabatur
2160 1289 2384 1357 Sancti
2453 1287 2749 1377 Spiritus

216 1378 466 1468 gratia.
526 1377 590 1445 in
647 1377 867 1466 primo
920 1389 1260 1444 tantorum
1307 1376 1606 1444 virorum
1659 1389 1995 1445 conventu
2048 1378 2503 1476 praesentiam
2557 1397 2751 1445 suam

216 1466 587 1556 propalare
653 1487 784 1534 non
861 1464 1368 1553 dedignabatur
1417 1486 1534 1553 per
1604 1464 1803 1533 solita
1873 1465 2310 1536 charismata.
2374 1471 2538 1535 Nam
2608 1485 2756 1532 mox

215 1570 370 1644 post
421 1554 903 1623 salutationem
942 1552 1410 1621 humillimam
1451 1566 1514 1621 et
1565 1553 1800 1621 oscula
1859 1568 2116 1635 sancta,
2162 1576 2480 1624 summus
2512 1552 2758 1622 Christi

215 1643 547 1733 pontifex,
605 1642 1014 1721 Bonisacius‚
1077 1641 1469 1731 prophetiae
1519 1642 1767 1731 spiritu
1805 1642 2124 1731 repletuS,
2173 1641 2569 1730 hujusmodi
2606 1663 2758 1731 pro-

216 1733 413 1821 rupit
458 1732 523 1800 in
568 1730 892 1800 oracula:
949 1754 983 1795 «
1019 1730 1479 1809 Gaudeainu5‚
1536 1730 1780 1817 inquit,
1840 1730 2098 1812 fratres,
2148 1732 2212 1798 in
2269 1732 2575 1811 Domino,
2631 1729 2750 1815 qui

216 1820 671 1910 benignitatis
705 1841 866 1889 suae
918 1840 1201 1887 manum
1256 1819 1599 1909 porrigere
1646 1818 1973 1910 dignatur
2022 1820 2237 1889 labori
2291 1831 2553 1899 nostro,
2620 1817 2746 1887 fra·

219 1913 414 1979 terna
468 1931 592 1978 nos
651 1908 1114 1978 consolatione
1162 1905 1640 1994 frequentanS‚
1712 1921 1775 1976 et
1826 1908 2118 1978 rudibus
2203 1908 2538 1977 Ecclesiae
2594 1907 2758 1976 filiis
2803 1940 2808 1944 ·

219 2021 436 2068 novos
476 2019 747 2087 semper
795 1995 1173 2067 eruditores
1214 1996 1300 2065 ab
1336 1995 1583 2064 insulis
1616 2008 1681 2064 et
1728 2019 1767 2065 a
1798 1996 2056 2066 finibus
2089 2009 2304 2066 terrae
2349 2018 2750 2086 procurans.

218 2088 488 2156 Gratias
522 2108 811 2175 agamus
850 2084 1107 2175 ingenti
1166 2085 1315 2184 ejus
1375 2084 1783 2174 provisioni„
1838 2086 1952 2172 qui
2006 2087 2392 2155 societatem
2454 2098 2753 2153 nostram

217 2175 582 2265 ampliavit
620 2175 765 2263 jam
804 2174 1256 2243 contubernio
1305 2173 1472 2242 tanti
1517 2173 1663 2240 viri.
1720 2174 1837 2242 Isti
1875 2174 2328 2262 proculdubio
2368 2174 2756 2244 custodien-

216 2263 386 2332 dum
443 2263 729 2332 debetur
787 2262 960 2330 ovile
1011 2262 1441 2330 Dominicum
1477 2316 1491 2342 ,
1547 2262 1725 2331 beati
1775 2262 2024 2331 Kiliani
2075 2264 2560 2349 sociorumque
2606 2262 2758 2349 ejus

220 2352 551 2421 instantia
601 2350 1006 2430 collectum,
1063 2350 1393 2419 doctrinis
1441 2364 1502 2419 et
1560 2351 1892 2440 exemplis
1939 2351 2392 2431 instructum,
2445 2374 2524 2420 ac
2563 2372 2757 2439 ‘mar-

218 2441 396 2530 tyrio
431 2453 933 2511 consecratum.
977 2462 1012 2505 »
1064 2444 1310 2508 Servus
1350 2452 1574 2509 autem
1629 2441 1896 2520 Christi,
1954 2440 2414 2516 Burcbardus,
2473 2438 2753 2510 humili-

217 2532 374 2601 tatis
443 2529 721 2598 oculum
775 2530 843 2597 in
898 2529 1202 2617 seipsum
1256 2541 1656 2615 retorquens
1692 2584 1706 2609 ‚
1775 2529 1933 2598 licet
1982 2530 2074 2599 nil
2131 2532 2361 2599 minus
2409 2552 2479 2598 se
2532 2529 2758 2617 suspi-

217 2632 494 2688 caretur
526 2618 953 2697 auditurum,
1005 2630 1238 2706 utpote
1302 2617 1417 2703 qui
1476 2617 1695 2687 modis
1743 2619 2069 2688 omnibus
2118 2619 2400 2688 subesse
2458 2629 2752 2696 venerat,

217 2730 350 2776 non
410 2728 758 2797 praeesse;
842 2718 1064 2775 tamen
1131 2705 1587 2774 humilitatem
1640 2707 1788 2775 sine
1851 2707 2234 2777 obedientia
2296 2705 2591 2774 sterilem
2654 2705 2756 2774 vel

217 2797 484 2865 nullam
538 2817 685 2865 esse
736 2793 1188 2885 perpendens,
1246 2794 1516 2864 tandem
1587 2807 1737 2884 post
1785 2795 2132 2870 silentium
2185 2810 2460 2882 stupore
2512 2812 2756 2863 conce-

218 2898 439 2973 ptum,
497 2885 562 2952 in
610 2883 1009 2973 hujusmodi
1059 2881 1273 2952 fertur
1321 2905 1729 2974 responsum
1776 2886 2208 2973 prorupisse:
2264 2906 2298 2948 «
2334 2881 2576 2963 Cred0,
2633 2887 2755 2950 Pa-

215 2984 315 3042 ter
364 2972 770 3052 venerande,
827 2971 1068 3052 credo,
1139 2992 1316 3058 quae
1376 2985 1491 3040 tua
1551 2975 1905 3061 proposuit
1953 2972 2365 3052 auctoritaS,
2433 2970 2645 3040 otiose
2693 2983 2756 3039 te

214 3083 653 3149 nequaquam
707 3060 1111 3151 protulisse:
1171 3081 1278 3128 me
1310 3082 1583 3147 quoque
1633 3061 1688 3130 si
1722 3061 1907 3129 intus
1959 3081 2306 3139 noscereS,
2354 3059 2494 3129 scio
2533 3058 2757 3128 nulla-

221 3161 422 3220 tenus
477 3162 999 3239 prosecuturum
1068 3148 1302 3218 fuisse.
1366 3154 1504 3238 Ego
1566 3169 1719 3218 vero
1786 3149 1841 3217 si
1906 3148 1987 3218 ad
2043 3148 2109 3217 id
2166 3146 2346 3235 quod
2415 3147 2748 3234 loqueris»,

216 3239 421 3307 etiam
465 3259 571 3307 me
621 3237 944 3306 idoneum
990 3256 1120 3305 non
1173 3260 1322 3306 esse
1355 3238 1682 3306 veraciter
1725 3237 2063 3325 profiteor,
2097 3251 2320 3306 tamen
2371 3235 2754 3323 quodcum-

216 3349 350 3412 que
404 3348 525 3417 per
583 3338 766 3396 tuam
820 3325 1242 3395 sanctitatem
1299 3326 1467 3394 mihi
1524 3326 1926 3414 imponitur,
1989 3327 2178 3395 oneri
2232 3347 2365 3394 non
2416 3325 2747 3395 obluctor.

217 3418 399 3486 Deus
449 3415 630 3483 enim
671 3415 726 3482 si
792 3427 1010 3504 perte
1064 3413 1230 3482 mihi
1277 3414 1807 3484 misericorditer
1868 3437 2044 3484 onus
2084 3415 2400 3503 imponit,
2483 3413 2754 3485 consido

212 3505 375 3590 quia
407 3503 777 3573 clementer
805 3503 1075 3572 levabit.
1109 3503 1361 3573 Adsum
1400 3503 1657 3592 quippe
1692 3525 1811 3592 per
1843 3504 2075 3573 omnia
2108 3518 2221 3574 tuo
2255 3525 2489 3593 parere
2528 3525 2756 3594 prom-

220 3605 380 3680 ptus
431 3592 763 3681 imperio:
799 3606 864 3661 et
910 3592 1074 3678 quia
1124 3591 1250 3660 hoc
1304 3590 1728 3681 pronomine
1777 3593 2143 3664 Salvatoris
2170 3615 2320 3683 ago,
2374 3614 2494 3682 per
2541 3591 2606 3661 id
2648 3613 2756 3662 me

216 3680 468 3750 salvari
516 3702 674 3750 curn
726 3679 877 3768 ejus
911 3680 1130 3771 gratia
1180 3701 1312 3748 non
1351 3679 1647 3770 ambigo.
1688 3702 1722 3747 »

302 3771 338 3856 ξ
387 3776 481 3839 ss.
536 3775 625 3837 Ex
677 3770 803 3838 hoc
857 3781 1156 3858 tempore
1198 3768 1628 3838 nobilissimo
1677 3781 2068 3838 sanctorum
2122 3769 2422 3837 virorum
2465 3768 2755 3857 collegio

216 3858 343 3925 sub
396 3857 789 3946 magisterio
824 3857 1078 3925 summi
1118 3857 1454 3946 praesulis
1488 3857 1819 3927 Bonifacii
1859 3858 2292 3926 consociatus
2336 3862 2465 3927 Deo
2498 3856 2755 3958 dignus

215 3948 572 4036 presbyter
638 3945 1116 4026 Burcbardus,
1171 3946 1393 4035 coepit
1439 3946 1524 4015 ab
1573 3946 1905 4036 exemplis
1972 3946 2406 4035 singulorum
2482 3945 2754 4016 solitam

218 4053 382 4103 suae
431 4034 966 4104 conversationis
1015 4035 1441 4103 sanctitatem
1494 4035 1700 4104 veluti
1751 4034 2168 4122 quibusdam
2224 4034 2591 4125 pigmentis
2644 4058 2756 4105 ac·

218 4124 655 4192 curatissime
702 4122 1005 4203 condire,
1061 4135 1125 4192 et
1173 4123 1448 4194 illorum
1491 4125 2001 4215 comparatione
2049 4124 2353 4213 seipsum
2407 4134 2755 4210 totamque

216 4221 626 4281 transactam
682 4213 882 4282 vitam
936 4211 1310 4302 despicere.
1369 4211 1671 4299 Indeque
1720 4212 1973 4281 sactum
2026 4224 2150 4293 est,
2189 4225 2267 4282 ut
2366 4234 2438 4282 ro
2481 4234 2749 4282 morum

214 4295 599 4381 honestate,
679 4302 948 4388 vitaque
996 4300 1061 4369 in
1115 4301 1441 4371 omnibus
1514 4301 1612 4370 vel
1681 4302 1974 4370 maxime
2024 4301 2299 4371 laudabi
2339 4302 2382 4382 i,
2442 4301 2511 4370 in
2564 4302 2751 4371 brevi

213 4388 542 4459 omnibus
611 4403 788 4460 esset
853 4391 1071 4460 amori
1137 4402 1201 4459 et
1269 4389 1539 4461 honori.
1613 4395 1857 4459 Contra
1924 4413 2078 4460 vero
2140 4390 2254 4460 ille
2311 4390 2551 4461 beatus
2614 4411 2751 4459 non
