3347 4999
205 336 380 402 OCT.
437 336 476 399 6
718 353 797 399 ne
845 353 903 400 s.
956 353 1257 418 nemone
1300 353 1805 402 caarnusiffioa.
1863 355 2258 403 ramunculi
2547 340 2672 403 217

208 438 327 509 sed
380 437 527 507 suis
576 436 934 506 dumtaxat
987 437 1189 505 rebus
1230 437 1603 506 studerent.
1663 438 1891 508 Solent
1945 441 2126 507 enim
2186 441 2484 529 imperiti
2537 440 2762 510 homi-

207 550 331 597 nes
389 548 505 597 eos
566 527 820 595 otiosos
880 539 945 595 et
1004 538 1279 595 sanctae
1351 526 1692 595 Ecclesiae
1743 549 1987 616 parum
2041 527 2244 597 utiles
2313 530 2707 600 existimare
2743 586 2758 612 ,

192 617 326 705 ·qui
375 615 460 684 ab
510 615 914 684 hominibus
962 614 1281 705 separati,
1337 615 1463 682 soli
1507 620 1633 684 Deo
1672 629 1737 684 et
1772 616 1902 684 sibi
1945 614 2301 685 dumtaxat
2335 632 2597 687 vacent.
2639 625 2761 688 Ne-

208 705 437 775 sciunt
462 705 647 773 enim
683 702 748 772 id
786 724 1030 791 genuS,
1068 702 1487 788 spiritalium
1525 726 1752 773 rerum
1783 704 2008 793 ignari
2037 717 2100 772 et
2154 705 2384 785 rudeS,
2421 721 2760 791 quantum

205 795 475 895 possint
522 792 707 883 apud
764 797 971 860 Deum
1025 790 1292 861 efficere
1344 815 1577 881 preces
1629 807 2024 862 sanctorum
2080 794 2497 873 hominum,
2554 797 2761 864 etiam

206 905 275 951 tn
327 882 783 953 abditissimis
818 879 1315 951 solitudinibus
1362 882 1970 961 commorantium,
2027 883 2234 968 idque
2273 883 2361 951 ob
2415 883 2586 951 vitae
2635 889 2788 972 pu-'

209 972 475 1040 ritatem
526 983 590 1040 et
647 970 1137 1050 innocentiam,
1191 992 1396 1056 quarn
1451 968 1725 1039 facilius
1769 972 1944 1039 tueri
2008 985 2342 1061 possunt,
2406 972 2527 1057 qui
2576 987 2764 1041 extra

205 1061 523 1129 homines
587 1060 868 1136 vivunt,
930 1081 1137 1144 quam
1203 1059 1319 1144 qui
1378 1059 1741 1128 hominum
1798 1059 2019 1128 turbis
2068 1060 2564 1139 admiscentur,
2630 1061 2760 1130 nisi

206 1161 469 1228 sancta,
509 1161 583 1217 ut
616 1148 683 1215 id
724 1148 1002 1225 faciant,
1037 1169 1153 1217 eos
1191 1162 1390 1237 cogat
1423 1148 1836 1229 obedientia,
1874 1149 2153 1234 quando
2192 1150 2395 1217 etiam
2440 1149 2762 1218 ethnicus

206 1238 491 1325 quidam
554 1237 779 1305 dicere
824 1236 1091 1326 potuit,
1166 1258 1236 1305 se
1288 1258 1642 1323 nunquam
1695 1235 1910 1306 fuisse
1951 1237 2128 1307 inter
2179 1238 2534 1318 homines,
2590 1240 2757 1325 quin

207 1328 433 1415 seipso
498 1326 722 1394 minor
782 1325 1053 1395 rediret.
1114 1325 1237 1393 Sed
1292 1338 1514 1393 tamen
1571 1326 1994 1395 sanctissimi
2048 1340 2271 1416 patres
2326 1328 2587 1406 nostri,
2642 1330 2762 1413 qui

208 1414 700 1484 Carthusianae
748 1415 925 1483 vitae
966 1413 1189 1502 prima
1220 1413 1443 1500 jecere
1505 1413 1978 1495 fundamenta,
2039 1415 2209 1484 nihil
2274 1415 2402 1485 tale
2463 1416 2591 1485 sibi
2649 1418 2763 1485 tri-

205 1504 516 1583 buentes,
556 1504 769 1596 etiam·
798 1502 996 1571 libris
1045 1502 1429 1571 scribendis
1476 1524 1757 1592 operam
1811 1503 1974 1573 dare
2023 1504 2408 1586 voluerunt,
2446 1517 2510 1574 et
2544 1517 2618 1573 ut
2654 1506 2762 1574 sui

211 1614 644 1664 successores
683 1592 745 1660 id
800 1591 1121 1670 facerent,
1166 1591 1406 1660 hortati
1454 1605 1637 1672 sunt,
1689 1605 1761 1660 ut
1802 1593 2040 1661 saltem
2100 1594 2425 1663 manibus
2478 1595 2761 1662 verbum

211 1682 328 1752 Dei
376 1681 877 1772 praedicarent,
922 1679 1201 1765 quando
1257 1702 1374 1749 ore
1439 1703 1570 1750 non
1632 1695 1933 1771 possent.
1990 1682 2097 1751 Sic
2146 1683 2330 1751 enim
2384 1681 2763 1769 loquuntur

208 1782 458 1841 statuta
512 1775 783 1839 Patrum
837 1770 1307 1854 antiquorum.
2338 1840 2346 1849 ,

296 1861 331 1945 ἓ
380 1863 525 1929 13.
582 1863 819 1944 Itaque
863 1858 969 1927 his
999 1869 1064 1925 et
1096 1855 1251 1925 aliis
1291 1858 1421 1946 piis
1455 1858 1798 1927 exercitiis
1832 1881 1980 1928 sese
2010 1873 2451 1948 occupantes,
2490 1881 2760 1928 omnem

207 1969 446 2016 curam
494 1969 716 2026 suam,
764 1960 839 2016 ut
888 1947 1247 2015 Psalmista
1299 1946 1645 2026 admonet,
1703 1969 1912 2035 super
1963 1950 2327 2018 Dominum
2376 1948 2756 2035 jactabant,

209 2057 333 2102 nec
381 2035 753 2121 quicquam
807 2034 890 2104 de
938 2035 1239 2104 crastino
1289 2034 1559 2104 solliciti
1610 2050 1828 2116 erant,
1864 2059 2101 2106 earum
2160 2059 2413 2118 rerum,
2455 2060 2631 2123 quae
2671 2038 2758 2106 ad

208 2123 391 2191 diem
450 2124 832 2193 crastinum
896 2123 1348 2212 pertinerent,
1411 2125 1821 2214 cogitatione
1871 2127 2060 2194 omni
2119 2126 2186 2194 in
2243 2127 2607 2195 Dominum
2655 2148 2759 2195 re-

198 2212 432 2301 jecta,
491 2234 623 2281 non
678 2212 1070 2302 ignorantes
1135 2212 1304 2281 illud
1363 2214 1890 2301 propheticum:
1948 2220 2084 2305 qu
2133 2227 2359 2284 autem
2419 2217 2762 2285 mendicas

203 2324 353 2370 sum
393 2312 455 2369 et
549 2324 784 2401 auper,
839 2302 955 2372 sed
1004 2303 1320 2371 Dominus
1358 2303 1691 2370 sollicitus
1722 2314 1817 2370 est
1865 2305 2043 2382 mez',·
2094 2306 2296 2391 cujus
2329 2317 2431 2372 est
2474 2318 2644 2373 terra
2700 2317 2762 2373 et

206 2389 469 2480 plenitu
524 2412 563 2458 o
595 2412 767 2479 eJuS,
807 2392 930 2481 qui
955 2391 1073 2458 dat
1099 2393 1429 2480 jumentis
1463 2414 1681 2459 escam
1713 2393 2033 2481 ipsorum,
2073 2404 2134 2462 ec
2162 2394 2378 2482 pullis
2413 2417 2760 2462 corvorum

206 2481 666 2549 invocantibus
697 2504 846 2549 eum
871 2479 1010 2567 (Ps.
1044 2484 1128 2549 39
1161 2492 1224 2549 et
1253 2485 1433 2562 1146).
1464 2485 1673 2549 Tanta
1711 2504 1868 2552 vero
1903 2482 1970 2550 in
2003 2482 2141 2553 illis
2174 2482 2475 2551 charitas
2509 2484 2754 2563 inerat,

203 2580 282 2637 ut
324 2568 442 2636 alii
477 2568 648 2637 alios
689 2570 951 2639 mutuis
983 2568 1229 2638 officiis
1279 2582 1698 2638 antevertere
1738 2587 2198 2640 conarentur:
2257 2584 2579 2659 tantaque
2627 2572 2756 2641 hu-

203 2656 485 2738 militaS,
550 2669 622 2727 ut
668 2658 973 2727 certatim
1027 2679 1289 2739 eorum,
1344 2680 1519 2743 quae
1567 2672 1745 2728 recte
1799 2658 2140 2740 fecissent,
2183 2660 2456 2728 laudem
2510 2673 2574 2728 et
2609 2661 2758 2749 glo-

200 2746 376 2814 riam
431 2746 499 2814 in
534 2746 705 2818 alios
743 2745 1109 2815 transferre
1158 2746 1417 2835 singuli
1469 2770 1554 2815 cu
1610 2761 1823 2816 erent.
1878 2749 2001 2817 Sed
2043 2750 2132 2818 ita
2177 2748 2404 2827 siebat,
2460 2762 2534 2817 ut
2585 2748 2751 2818 dum

200 2834 500 2922 quisque
535 2836 677 2906 vult
710 2836 841 2905 sub
874 2835 1157 2905 alterius
1194 2834 1435 2903 umbra
1478 2835 1561 2904 de
1596 2836 1898 2917 itescere‚
1944 2859 2389 2927 repercussus
2425 2838 2756 2906 virtutum

200 2923 530 3012 splendor
575 2946 818 2993 omnes
869 2923 1293 3013 praeclarius
1344 2924 1743 2994 illustraret.
1801 2931 1956 2995 Erat
2005 2927 2071 2994 in
2135 2927 2407 2995 cunctis
2458 2940 2762 3016 spectata

201 3035 472 3082 morum
523 3013 823 3103 gravitas
871 3026 935 3081 et
988 3012 1371 3093 maturitas,
1425 3025 1490 3082 et
1542 3014 2000 3083 nihilominus
2053 3015 2229 3084 inter
2283 3028 2372 3083 tot
2426 3016 2756 3084 virtutum

198 3116 656 3183 ornamenta,
716 3102 957 3171 horror
1001 3114 1067 3170 et
1113 3114 1549 3190 contemptus
1616 3103 1936 3172 vanitatis
1997 3104 2248 3184 omniS,
2312 3126 2513 3190 quae,
2572 3104 2761 3173 haud

196 3213 402 3260 secus
449 3213 528 3259 ac
595 3191 776 3260 tinea
824 3212 1111 3280 pannos,
1169 3190 1451 3260 virtutes
1499 3203 1563 3261 et
1616 3192 1857 3261 merita
1905 3192 2139 3260 omnia
2188 3192 2434 3262 exedit.
2486 3193 2764 3263 Licebat

198 3278 270 3347 in
330 3278 430 3347 eis
479 3278 870 3369 Angelicam
923 3278 1253 3348 admirari
1316 3280 1546 3349 vitam.
1603 3280 1931 3349 Vivebant
1980 3280 2049 3347 in
2106 3280 2320 3350 multa
2379 3282 2703 3369 patientia
2740 3337 2755 3363 ,

200 3367 273 3436 in
329 3367 608 3456 vigiliis.
669 3368 733 3436 in
776 3368 1089 3458 jejuniis,
1147 3368 1216 3436 in
1252 3370 1583 3449 castitate,
1630 3369 1699 3436 in
1739 3368 2050 3447 scientia,
2089 3369 2155 3437 in
2205 3370 2752 3459 longanimitate,

198 3456 269 3524 in
315 3456 672 3537 suavitate,
730 3458 797 3525 in
859 3457 1115 3547 Spiritu
1179 3462 1448 3541 Sanct0,
1495 3457 1563 3525 in
1610 3456 1940 3526 charitate
1996 3479 2126 3527 non
2191 3459 2370 3542 ficta,
2434 3460 2501 3528 in
2557 3461 2761 3529 verbo

200 3545 528 3625 veritatiS,
568 3546 636 3613 in
676 3545 922 3615 virtute
960 3546 1070 3614 Dei
1110 3547 1228 3635 (lI.
1280 3551 1423 3617 Cor.
1479 3546 1634 3633 xv1).

290 3636 325 3720 ἓ
374 3639 517 3706 14.
573 3634 775 3703 Initio
823 3635 1148 3720 quidem,
1204 3656 1361 3703 cum
1416 3634 1483 3703 in
1538 3656 1688 3703 eam
1745 3633 2191 3704 solitudinem
2256 3635 2755 3725 pervenissent,

200 3745 397 3792 casas
441 3722 690 3803 verius,
743 3744 950 3809 quam
1004 3722 1237 3803 cellaS,
1294 3722 1424 3792 sibi
1460 3736 1929 3793 extruxerunt.
1985 3729 2171 3793 Inter
2217 3747 2333 3793 eos
2381 3738 2607 3793 autem
2647 3726 2762 3793 de-

201 3833 371 3901 gens
423 3812 523 3880 vir
571 3811 1053 3883 sanctissimus
1104 3812 1378 3891 Bruno,
1434 3823 1498 3879 et
1558 3811 2014 3882 fundamenta
2062 3814 2553 3883 Carthusianae
2606 3813 2763 3883 reli-

202 3899 434 3990 gionis
472 3901 791 3990 jaciens,
856 3900 1083 3970 verbis
1130 3914 1195 3971 et
1240 3900 1573 3989 exemplis
1638 3900 1986 3989 praeclare
2033 3924 2149 3972 eos
2198 3902 2626 3972 instituebat.
2683 3908 2764 3971 Ut

200 3990 386 4057 enim
443 3988 619 4059 inter
665 4001 848 4059 astra
898 3988 1023 4069 sol,
1078 3990 1177 4058 sic
1225 3987 1344 4057 itte·
1392 3988 1567 4059 inter
1614 3990 1788 4061 alios
1823 3992 1999 4059 vitae
2032 3991 2393 4059 sanctitate
2431 3990 2763 4059 excellere

199 4077 583 4147 videbatur.
623 4084 698 4147 In
732 4079 881 4167 ejus
917 4092 1185 4166 pectore
1216 4089 1491 4148 aeterna
1528 4080 1745 4149 Patris
1781 4080 2041 4149 aeterni
2083 4080 2419 4168 sapientia
2455 4079 2764 4149 Christus

199 4166 535 4238 Dominus
584 4181 935 4254 tamquam
992 4166 1059 4234 in
1103 4165 1391 4235 sublimi
1440 4190 1597 4237 arce
1633 4168 1998 4247 residebat,
2035 4180 2099 4237 et
2134 4168 2433 4257 Spiritus
2468 4173 2772 4241 Sanctus,

203 4253 337 4324 sibi
386 4256 856 4345 gratissimum
899 4254 1301 4325 condiderat
1349 4255 1810 4326 domicilium.
1868 4256 2201 4327 Sublimis
2241 4258 2425 4325 enim
2461 4269 2526 4326 et
2558 4256 2761 4325 ardui

203 4343 500 4412 instituti
565 4345 843 4414 futurus
905 4345 1369 4421 architectus,
1437 4345 1779 4434 singulari
1839 4346 2077 4415 debuit
2139 4346 2452 4415 coelestis
2502 4346 2761 4435 gratiae

204 4435 676 4522 praerogativa
726 4434 1051 4503 eminere.
1106 4437 1399 4523 Apparet
1432 4450 1660 4503 autem
1702 4458 1888 4512 sane,
1929 4435 2129 4503 etiam
2170 4450 2325 4504 ante
2361 4435 2760 4504 carthusiae
