3347 4999
684 312 812 375 560
1384 327 1462 372 nr.
1510 326 1601 373 ss.
1655 325 1820 372 vano
1867 325 1943 371 nr
1990 324 2189 373 socns
2236 326 2351 372 un.
2838 308 3010 375 OCT.
3066 310 3150 374 ⁴9

596 411 894 497 (volebat
940 411 1164 490 enim,
1218 422 1284 479 et
1328 410 1516 478 omni
1569 431 1698 499 ope
1746 409 2199 480 contendebat
2248 410 2557 500 conspici
2615 410 2830 480 victor
2877 412 2944 479 in
2998 433 3154 501 per-

596 500 953 570 suadendo
1020 501 1105 568 iis
1162 499 1283 586 qui
1348 512 1543 567 erant
1617 512 1753 567 tam
1805 497 2271 587 constantes),
2330 513 2482 589 post
2540 498 2755 568 multa
2827 511 2891 568 et
2962 499 3151 570 varia

596 589 945 679 supplicia
983 610 1100 657 eos
1149 587 1588 662 condemnat.
1646 601 1722 656 ut
1756 586 1988 677 gladio
2030 602 2316 657 mortem
2370 588 2686 657 subeant.
2732 589 3150 679 Martyribus

594 693 820 748 autem
872 677 1049 747 laeto
1098 689 1162 746 et
1208 676 1422 746 alacri
1497 677 1732 745 animo
1789 677 2296 745 consummatis
2327 731 2342 756 ,
2397 700 2559 746 cum
2625 700 2856 747 sacras
2904 699 3145 748 eorum

592 767 927 854 reliquias
982 778 1188 835 noctu
1248 765 1532 853 quidam
1599 765 1964 836 Christiani
2023 765 2490 847 sustulissent,
2552 766 2620 834 in
2682 766 2941 856 insigni
3000 766 3146 837 loco

593 869 829 926 sancte
879 855 1372 945 deposuerunt.

682 953 721 1026 ἓ
771 950 865 1016 ss.
920 945 1267 1027 Quaedam
1321 956 1547 1013 autem
1601 942 1852 1011 mulier
1905 965 1987 1012 ex
2044 942 2152 1022 iis,
2205 964 2385 1029 quae
2434 942 2503 1011 in
2558 942 2704 1013 solo
2762 948 2894 1012 Deo
2950 966 3144 1034 spem

592 1047 985 1123 posuerant,
1025 1047 1172 1102 orta
1207 1034 1274 1100 in
1311 1031 1718 1111 Palaestina,
1767 1032 2045 1101 nomine
2094 1033 2469 1121 Cleopatra,
2524 1054 2700 1119 quae
2746 1055 2955 1123 prope
2988 1034 3149 1102 ade-

593 1135 720 1203 rat,
762 1146 922 1194 cum
957 1122 1333 1192 decertaret
1366 1133 1543 1190 mart
1598 1143 1626 1188 r
1660 1125 1900 1202 Varus,
1937 1132 2002 1190 et
2037 1120 2310 1190 videbat
2342 1122 2588 1190 acerba.
2624 1121 2740 1191 illa
2782 1136 3141 1203 tormenta,

591 1233 771 1299 quae
818 1212 1124 1281 subierat
1174 1221 1450 1300 propter
1497 1214 1539 1279 C
1599 1210 1868 1291 ristum,
1922 1221 1986 1278 et
2035 1210 2104 1277 in
2156 1209 2362 1280 corde
2396 1232 2668 1299 gravem
2716 1210 2990 1302 plagam
3035 1233 3146 1281 ac·

592 1301 890 1402 cipiebat
925 1353 940 1382 ‚
993 1313 1058 1369 et
1108 1303 1362 1388 magna
1409 1298 1836 1368 afficiebatur
1888 1298 2197 1368 molestia
2234 1353 2248 1378 ,
2312 1303 2664 1385 Deumque
2712 1300 3140 1381 obsecrabat,

599 1389 852 1479 'ejunio
898 1410 1146 1459 vacans
1176 1404 1241 1458 et
1286 1387 1602 1468 orationi,
1655 1401 1733 1455 ut
1777 1409 1972 1456 suam
2027 1387 2330 1457 visitaret
2360 1387 2844 1457 haereditatem
2879 1388 2963 1457 ad
3003 1412 3147 1459 ma-

583 1411 818 1548 iorum
849 1478 1344 1548 revocationem
1379 1500 1391 1545 :
1427 1477 1599 1568 ipsa,
1636 1475 1947 1563 inquam,
1980 1499 2136 1545 cum
2169 1499 2371 1546 suum
2403 1476 2653 1555 filium,
2691 1478 2811 1564 qui
2848 1478 3143 1566 primam

593 1569 837 1657 agebat
875 1580 1188 1648 aetatem,
1239 1580 1449 1635 noctu
1504 1588 1661 1634 cum
1723 1564 1879 1633 aliis
1928 1565 2442 1655 assumpsisset,
2487 1579 2552 1634 et
2593 1568 2884 1636 venisset
2925 1568 2990 1634 in
3045 1566 3144 1635 lo-

591 1679 778 1737 cum,
818 1658 885 1724 in
920 1679 1056 1744 quo
1087 1655 1361 1744 jacebat
1408 1676 1662 1743 corpus
1712 1656 2050 1744 Martyris,
2111 1654 2178 1722 id
2217 1654 2413 1733 tollit,
2468 1677 2546 1724 ac
2600 1656 2914 1755 pretiosis
2949 1655 3144 1724 unxit

591 1747 1042 1825 aromatibuS‚
1087 1758 1152 1814 et
1185 1743 1571 1844 splendidis
1621 1742 1848 1812 induit
1898 1743 2219 1812 vestibus.
2276 1748 2354 1813 Et
2402 1765 2729 1830 quoniam
2774 1744 3143 1814 vehemens

589 1848 733 1905 erat
772 1836 1026 1904 fluctus
1075 1833 1448 1922 impletatis
1497 1831 1826 1901 adversus
1876 1832 2319 1912 Christianos,
2350 1845 2415 1900 et
2447 1833 2682 1923 gravia
2716 1845 2880 1902 tunc
2931 1832 3141 1922 capiti

589 1923 1072 2004 imminebant,
1110 1922 1360 1990 timens
1407 1922 1475 1990 in
1527 1931 1762 2010 aperto
1795 1920 2151 1990 ostendere
2189 1922 2530 2010 pietatem,
2570 1945 2729 1991 cum
2768 1922 2897 1990 sub
2927 1943 3137 1990 suum

590 2011 841 2082 lectum
895 2011 1163 2081 tulisset
1211 2023 1548 2096 quantum
1600 2023 1818 2078 terrae
1857 2008 2263 2089 sufficiebat,
2300 2031 2458 2079 eum
2492 2009 2787 2100 deponit
2829 2031 3138 2079 reveren-

591 2114 711 2179 ter,
752 2101 1087 2170 accedens
1130 2099 1377 2177 lucem,
1413 2112 1478 2168 et
1512 2097 1885 2178 suffitibus,
1924 2111 2001 2167 ut
2037 2100 2277 2188 potuit,
2315 2100 2377 2167 ei
2418 2099 2747 2168 honorem
2802 2100 3132 2170 tribuens.

589 2189 1001 2259 Procedente
1039 2202 1267 2257 autem
1320 2201 1624 2276 tempore
1665 2210 1827 2256 cum
1871 2186 2211 2257 idolorum
2267 2202 2713 2258 marcesceret
2768 2189 3129 2278 impietaS,

591 2279 773 2347 venit
819 2278 879 2347 ei
933 2279 998 2346 in
1055 2290 1351 2345 mentem
1402 2275 1695 2344 alienam
1733 2276 2075 2345 dimittere
2125 2276 2500 2366 regionem,
2541 2290 2606 2346 et
2643 2278 2861 2346 redire
2905 2277 2971 2345 in
3018 2298 3138 2376 pa-

591 2366 818 2436 triam.
860 2372 1024 2435 Cum
1063 2379 1288 2434 autem
1344 2386 1475 2434 non
1533 2379 1759 2451 posset
1806 2386 2058 2453 corpus
2106 2365 2477 2435 transferre
2517 2366 2855 2456 Martyris,
2903 2366 3035 2434 nist
3069 2364 3135 2433 id

591 2455 786 2544 prius
836 2455 1257 2545 significaret
1288 2452 1614 2535 Praesidi,
1664 2454 1869 2523 rebus
1916 2453 2243 2526 omnibus
2293 2456 2439 2526 suis
2488 2455 2659 2525 bene
2707 2455 3131 2545 compositis,

589 2566 712 2635 per
757 2544 1127 2631 quemdam
1179 2565 1257 2612 ex
1307 2544 1393 2611 iis
1440 2544 1560 2628 qui
1598 2542 1929 2632 adscripti
1977 2559 2171 2613 erant
2219 2544 2287 2612 in
2325 2567 2694 2614 numerum
2745 2558 3127 2624 oratorum,

588 2634 851 2704 accedit
889 2633 973 2701 ad
1027 2633 1156 2702 loci
1206 2630 1619 2711 Praesidem,
1672 2646 1737 2701 et
1785 2654 1942 2701 eum
1997 2632 2311 2721 pecuniis
2366 2634 2774 2790 aggrediens
2826 2634 3131 2722 rogabat,

584 2737 661 2792 ut
691 2723 824 2791 sibi
863 2744 1115 2812 corpus
1156 2736 1504 2790 mortuum
1557 2722 1797 2790 efferre
1835 2720 2259 2790 concederet.
2298 2726 2444 2804 Quo
2500 2744 2656 2790 nam
2694 2735 2922 2791 autem
2961 2734 3139 2792 esset

586 2834 862 2900 corpuS,
903 2825 967 2886 et
1006 2810 1327 2898 quisnam
1384 2808 1631 2879 modus
1682 2810 1920 2879 mortis
1969 2810 2342 2910 explicanS,
2396 2810 2673 2881 dicebat
2729 2833 2935 2880 suum
2991 2833 3136 2880 ma-

585 2901 821 2980 ritum,
866 2900 986 2988 qui
1039 2900 1297 2999 primas
1331 2898 1724 2967 obtinuerat
1776 2911 1999 2989 partes
2048 2922 2117 2967 tn
2151 2899 2478 2980 exercitu,
2534 2898 2887 2985 multaque
2940 2921 3138 2989 prae-

584 2990 772 3058 clara
810 3004 875 3059 et
923 2990 1226 3079 instgnia
1279 2987 1602 3076 trophaea
1651 2987 1980 3057 adversus
2030 2988 2258 3057 hostes
2307 3001 2630 3070 erexerat,
2685 3011 2847 3058 cum
2898 2989 2966 3058 in
3003 3010 3136 3072 ‚eos

588 3079 804 3147 multa
853 3093 1127 3148 strenue
1175 3091 1240 3146 et
1279 3075 1538 3144 fortiter
1586 3077 1929 3166 gessisset,
1983 3099 2060 3144 ex
2104 3077 2232 3145 hac
2275 3077 2409 3146 vita
2447 3078 2844 3156 excessisse,
2905 3099 2988 3146 ne
3029 3099 3137 3148 se·

586 3167 938 3256 pulturam
989 3166 1295 3253 quidem,
1350 3187 1556 3251 quam
1614 3188 1737 3254 par
1784 3181 1964 3246 erat,
2018 3179 2495 3235 consecutum.
2550 3166 2774 3255 Hujus
2811 3221 2825 3244 ‚
2880 3166 3130 3252 inquit,

584 3278 710 3345 ego
742 3278 995 3343 corpus
1032 3256 1225 3323 valde
1265 3253 1506 3323 studeo
1541 3254 1609 3321 in
1650 3276 1844 3324 suam
1882 3254 2248 3324 transferre
2280 3256 2653 3345 regionem.
2689 3255 2877 3324 Cedit
2906 3256 3135 3341 itaque

640 3345 978 3412 rovinciae
1036 3349 1315 3413 Praeses
1368 3343 1723 3430 petitioni,
1786 3356 1849 3412 et
1914 3344 2239 3432 permittit
2285 3344 2348 3413 ei
2396 3343 2616 3413 facere
2665 3343 2849 3429 quod
2903 3358 3128 3433 postu-

585 3366 792 3500 fabat.
849 3431 972 3500 llla
1022 3445 1245 3501 autem
1282 3432 1390 3501 sui
1424 3431 1703 3518 quidem
1742 3431 1968 3501 mariti
2018 3453 2294 3522 coerS,
2336 3433 2457 3519 qui
2491 3433 2561 3500 in
2595 3432 2821 3501 aliena
2858 3433 3133 3521 regione

585 3520 708 3677 diul
739 3532 896 3589 ante
935 3543 971 3589 e
1007 3520 1173 3589 vivis
1211 3533 1611 3601 excesserat,
1670 3536 2116 3590 monumento
2159 3520 2621 3601 mandaverat,
2672 3522 2743 3589 in
2780 3521 2847 3590 id
2884 3521 3136 3610 injecto

638 3632 683 3678 u
719 3631 891 3678 vere.

587 3632 631 3699 p
673 3701 708 3785 ἓ
756 3703 911 3770 ss).
967 3703 1131 3767 Cum
1186 3697 1398 3788 igitur
1448 3697 1764 3786 Martyris
1825 3720 2078 3788 corpus
2144 3698 2588 3780 sustulisset,
2645 3711 2710 3769 et
2758 3699 2842 3767 id·
2892 3721 3141 3770 rursus

582 3789 914 3866 unxisset,
963 3801 1027 3856 et
1057 3786 1493 3876 splendidius
1524 3787 2049 3876 composuisset,
2091 3802 2153 3856 et
2197 3810 2279 3856 ne
2322 3787 2449 3857 hoc
2491 3788 2920 3859 Christianus
2945 3791 3142 3875 quis-

581 3878 766 3967 piam
818 3878 992 3946 scire
1046 3890 1316 3965 posset,·
1350 3875 1416 3944 in
1454 3877 1615 3945 arca
1653 3876 1968 3965 oleagina
2013 3876 2477 3966 imposuisset,
2539 3891 2603 3946 et
2660 3877 3144 3948 abscondisset

578 3967 769 4055 (nam
817 3967 1119 4054 primum
1164 3965 1441 4053 quidem
1485 3964 1765 4035 timebat
1800 3965 2107 4055 gentium
2144 3966 2485 4034 insaniam
2520 3990 2536 4046 ;
2590 3965 2841 4035 deinde
2873 3980 3138 4048 autem,

580 4068 645 4124 et
694 4056 908 4124 multo
947 4055 1168 4144 magis
1204 4056 1471 4145 piorum
1508 4053 1865 4136 servorem,
1921 4055 2273 4134 omnibns,
2328 4069 2406 4124 ut
2457 4077 2579 4143 par
2612 4069 2778 4135 erat,
2835 4055 3144 4125 maximo

581 4144 809 4212 studio
858 4145 1456 4224 contendentibus,
1516 4165 1597 4212 ne
1648 4143 2048 4212 tollerentur
2099 4144 2429 4228 reliquiae
2477 4164 2742 4223 eorum,
2781 4145 2903 4230 qui
2946 4145 3147 4233 passi

583 4245 779 4302 erant
817 4255 937 4331 pro
970 4232 1283 4320 Christo),
1331 4232 1514 4301 venit
1549 4233 1617 4299 in
1649 4231 2130 4301 Palaestinam.
2197 4237 2359 4301 Cum
2407 4232 2547 4301 illic
2582 4232 2823 4302 fuisset
2853 4232 2923 4301 in
2964 4254 3149 4319 quo-

581 4319 740 4388 dam
780 4344 947 4403 vtco,
990 4323 1107 4408 qui
1145 4322 1319 4390 situs
1352 4322 1715 4409 eratjuxta
1750 4320 2192 4402 Thabor-ium,
2248 4323 2360 4389 cui
2412 4343 2660 4390 nomen
2714 4335 2857 4390 crat
2904 4322 3092 4391 Edra
3124 4376 3142 4405 ,

581 4408 863 4499 deponit
911 4411 1221 4479 divinum
1282 4432 1535 4501 corpus
1588 4411 1946 4500 Martyris,
2022 4410 2513 4500 lampadesque
2578 4404 3017 4493 accendehS,
3079 4425 3150 4483 et
