3347 4999
743 328 867 392 544
1542 340 1620 389 nn
1669 343 1723 390 s.
1780 342 2030 391 mortona
2078 344 2264 390 mar.
2867 324 3045 389 OCT.
3113 326 3197 388 18

659 430 967 499 videlicet
1016 428 1240 498 nolam
1322 428 1356 463 ³³
1413 427 1699 498 ferream
1739 482 1754 509 ,
1809 428 1874 498 in
1930 428 2055 498 viri
2108 428 2219 497 Dei
2291 428 2673 518 praesentia
2738 453 2778 499 a
2844 450 3052 517 porco
3105 427 3201 496 de

658 534 834 590 terra
879 519 1217 599 effossam,
1270 539 1446 605 quae
1492 517 1721 587 adhuc
1770 517 1837 587 in
1891 540 2015 588 sua
2062 518 2398 607 dependet
2441 517 2751 590 ecclesia.
2806 523 2952 601 Quo
3000 516 3199 587 dono

660 632 793 679 non
833 631 1072 696 parum
1107 606 1534 690 laetificatuS,
1567 607 1843 697 agnovit
1890 606 2298 697 intrepidus,
2339 609 2528 709 pium
2578 609 2823 680 Jesum
2865 607 3201 677 inchoato

655 698 839 788 operi
876 696 1170 786 benigne
1209 696 1454 766 favere.
1502 701 1647 767 Mox
1680 694 1862 766 fama
1892 696 2141 784 quietis
2178 719 2406 767 nescia
2444 698 2984 787 circumquaque
3020 696 3201 766 voli-

657 803 828 867 tans,
869 808 1201 877 pagenses
1247 786 1562 857 excitavit
1612 807 1745 854 non
1799 785 2253 867 mediocriter,
2306 799 2382 856 ut
2417 786 2578 856 huic
2622 789 2731 857 Dei
2767 786 3033 857 homini
3071 785 3201 853 ad-

658 878 983 954 haereret,
1031 897 1323 964 quorum
1366 897 1492 966 ope
1538 886 1602 944 et
1651 874 1880 945 labore
1930 876 2224 945 nimium
2275 887 2696 947 sustentatus
2743 876 2955 946 erexit
3001 874 3201 944 aedi-

655 966 908 1046 culam,
950 965 1207 1034 divitiis
1236 964 1514 1051 quidem
1549 964 1761 1034 seculi
1797 986 2106 1045 vacuam,
2153 964 2269 1034 sed
2303 965 2546 1035 virtute
2577 988 2825 1057 supera
2877 965 3191 1056 plenam.

658 1062 820 1125 Nam
878 1054 1421 1145 promerentibus
1467 1054 1616 1143 ejus
1666 1053 1926 1123 meritis
1975 1053 2370 1135 vivacibus,
2428 1054 2801 1125 multorum
2847 1054 3200 1144 languen-

665 1145 829 1214 tium
880 1165 1163 1233 corpora
1214 1143 1383 1213 inibi
1433 1165 1554 1212 sua
1605 1142 2033 1213 offerentium
2088 1165 2399 1221 munera,
2443 1166 2521 1213 ex
2563 1144 2825 1236 integro
2874 1143 3198 1233 sospitati

663 1234 968 1303 restituta
1024 1245 1206 1303 sunt.
1262 1238 1503 1302 Verum
1555 1231 1770 1302 hostis
1829 1233 2119 1302 humani
2168 1234 2438 1322 generis
2488 1257 2699 1324 supra
2749 1232 3035 1303 modum
3095 1233 3199 1300 in-

661 1323 868 1413 digne
928 1320 1148 1391 ferens
1180 1377 1195 1404 ‚
1247 1323 1451 1392 etiam
1501 1321 1727 1391 locum
1789 1321 1987 1391 istius
2034 1322 2246 1390 eremi
2314 1321 2507 1392 titulo
2569 1321 3108 1393 Christianitatis
3158 1344 3199 1390 a

657 1413 842 1500 justo
894 1412 1033 1480 viro
1082 1411 1180 1480 sic
1232 1410 1600 1491 nobilitari,
1654 1412 1899 1482 anxius
1945 1411 2112 1498 quid
2146 1423 2394 1501 ageret,
2447 1412 2819 1499 qualiterve
2866 1424 3198 1501 coeptum

662 1522 835 1602 opus
884 1500 1428 1590 interrumperet,
1485 1521 1717 1569 secum
1757 1501 2105 1570 tractabat.
2160 1501 2456 1570 Tandem
2507 1501 2652 1572 sace
2700 1522 3044 1570 accensus
3095 1501 3201 1568 in-

664 1590 905 1670 vidiae,
958 1612 1093 1677 qua
1144 1590 1637 1679 protoplastum
1691 1602 1950 1679 patrem
2004 1602 2309 1660 nostrum
2350 1590 2709 1672 Adamum,
2751 1588 3192 1681 proh-dolori

659 1679 920 1769 expulit
976 1678 1062 1747 ab
1112 1679 1304 1748 horto
1353 1678 1802 1758 deliciarum,
1856 1678 2125 1768 appulit
2181 1680 2311 1750 sibi
2370 1702 2532 1749 suae
2581 1679 2953 1750 voluntatis
3003 1700 3201 1749 com-

663 1783 871 1859 potes,
926 1768 1183 1838 scilicet
1234 1769 1526 1839 latrones
1574 1768 1879 1849 sicarios,
1936 1790 2110 1856 quos
2157 1769 2418 1856 jamdiu
2469 1769 2599 1838 sibi
2640 1767 3201 1838 obsecundantes

659 1857 915 1927 sciebat
969 1880 1044 1926 ae
1100 1880 1168 1926 re
1218 1857 1424 1937 ferre,
1478 1856 1661 1943 quod
1714 1857 1812 1927 vir
1878 1858 2083 1927 totius
2123 1858 2499 1928 sanctitatis
2547 1857 2917 1948 exemplar,
2979 1858 3200 1927 lustra

662 1969 946 2017 suarum
997 1880 1407 2016 iniiiabitaret
1453 1947 1808 2016 silvarum.
1864 1947 2022 2015 Sine
2074 1969 2261 2017 mora
2317 1947 2526 2049 igitur
2570 1947 2931 2027 irruente8‚
2995 1948 3200 2037 pesti—

662 2037 937 2123 feroque
992 2058 1209 2106 cuneo
1261 2047 1798 2127 perstrepentes,
1852 2035 2109 2105 crudeli
2167 2049 2363 2106 morti
2416 2036 2809 2126 mancipant
2858 2041 3194 2106 Sanctum

667 2127 800 2196 Dei.
856 2125 963 2194 Sic
1013 2138 1272 2215 martyr
1335 2124 1613 2194 effectus
1662 2126 2004 2214 gloriosus
2053 2130 2342 2207 Monon,
2400 2125 2657 2195 calcato
2709 2125 2976 2195 mundo
3025 2147 3186 2194 cum

666 2215 813 2285 suis
846 2214 1444 2304 concupiscentiis,
1478 2214 1900 2285 indefectivis
1933 2214 2183 2286 fruitur
2215 2214 2510 2305 gaudiiS,
2555 2215 2997 2303 conspiciens
3035 2236 3198 2283 cum

665 2302 936 2394 Angelis
983 2303 1504 2373 desiderabilem
1574 2305 1835 2373 vultum
1887 2305 2050 2385 Dei,
2108 2304 2484 2374 associatus
2534 2301 2716 2372 haud
2766 2304 2987 2373 dubio
3039 2308 3202 2372 Pro-

670 2394 1024 2477 phetarum
1067 2392 1315 2474 choris,
1357 2392 1824 2483 Apostolorum
1861 2393 2190 2485 collegiis,
2234 2399 2604 2483 Martyrum
2640 2391 2991 2481 dignitati,
3031 2398 3202 2463 Gon·

664 2481 1000 2557 sessorum
1037 2480 1399 2564 sodalitati,
1455 2482 1807 2572 virginum
1849 2483 2227 2554 dulcisonis
2265 2485 2553 2554 choreis.

752 2575 788 2659 ξ
835 2576 920 2644 4.
974 2577 1156 2654 Quae
1192 2594 1296 2641 res
1348 2584 1704 2662 postquam
1760 2573 2132 2643 vicinorum
2185 2575 2588 2664 gravissimo
2641 2572 2934 2665 perculit
2994 2595 3202 2642 aures

670 2660 973 2741 nuncio,
1040 2674 1521 2741 accurrentes,
1589 2684 1668 2730 ac
1727 2666 2049 2734 Sanctum
2119 2666 2230 2732 Dei
2294 2663 2475 2733 letali
2540 2665 2857 2735 affectum
2912 2662 3202 2732 vulnere

664 2751 1184 2839 conspiciente5‚
1228 2751 1686 2841 lacrymarum
1726 2752 1977 2821 rivulos
2013 2775 2172 2842 prae
2206 2752 2437 2822 dolore
2466 2754 2738 2824 abunde
2769 2751 3198 2826 effuderunt:

666 2838 1056 2929 gaudebant
1106 2853 1330 2910 tamen
1376 2840 1645 2930 spiritu,
1699 2841 1881 2928 quod
1924 2842 1991 2910 in
2036 2843 2182 2913 suis
2215 2842 2534 2913 confiniis
2585 2843 2784 2913 talem
2839 2845 3205 2913 merebant

666 2929 915 2999 habere
967 2941 1327 3019 patronum
1377 2953 1454 2999 ac
1504 2941 1794 2999 tutorem
1844 2931 2028 3022 apud
2092 2932 2496 3012 Dominum,
2552 2931 3196 3022 vigilantissimum.

667 3018 831 3087 Inde
861 3018 1361 3109 quamplurimi
1397 3020 1709 3108 Martyris
1753 3021 2028 3110 pretiosi
2061 3020 2282 3090 locum
2327 3019 2602 3100 adeunt,
2641 3042 2847 3107 quem
2884 3020 3204 3107 undique

666 3108 1032 3178 sentientes
1072 3107 1304 3178 divino
1360 3107 1624 3177 lumine
1670 3108 2024 3189 illustrari,
2080 3109 2410 3200 gloriosas
2456 3111 2774 3198 exequias
2812 3109 3199 3186 celebrant,

666 3219 744 3265 ac
785 3197 1092 3287 corporis
1144 3198 1541 3268 thesaurum
1585 3197 2193 3289 incomparabilem
2238 3199 2670 3268 invictissimi
2705 3199 2896 3267 testis
2947 3199 3202 3267 Christi

665 3285 1059 3373 sepulturae
1095 3286 1395 3368 tradunt,
1452 3287 1768 3357 candidis
1804 3289 2107 3375 undique
2154 3288 2259 3378 (ut
2307 3286 2616 3377 decebat)
2659 3286 3201 3356 honorificatum

662 3374 1107 3473 ornamentis.
1138 3380 1281 3456 Quo
1314 3375 1459 3444 loco
1484 3389 1649 3462 quot
1680 3389 1905 3466 postea
1935 3377 2306 3446 derivarint
2341 3377 2670 3446 beneficia
2707 3375 2820 3445 Dei
2849 3376 2919 3444 in
2957 3398 3040 3468 ae
3100 3398 3202 3445 ro-

667 3474 955 3530 tantium
999 3464 1329 3546 membra,
1368 3463 1772 3534 claudorum
1816 3465 2097 3544 scilicet,
2136 3486 2521 3546 caecorum,
2561 3465 2942 3542 aridorum,
2991 3464 3053 3532 se
3115 3466 3201 3534 ri—

663 3551 1051 3632 citantium‚
1091 3551 1381 3639 aliisque
1420 3552 1740 3641 plurimis
1779 3553 2205 3625 detentorum
2258 3553 2633 3634 doloribus,
2685 3553 2925 3624 nullus
2969 3575 3202 3625 sermo

666 3652 893 3710 noster
925 3640 1009 3708 ad
1059 3640 1429 3712 dicendum
1466 3641 1740 3712 sufficit.

749 3731 785 3816 ξ
831 3733 916 3802 5.
975 3735 1218 3800 Beatus
1254 3753 1409 3800 vero
1437 3735 1739 3803 Joannes
1776 3747 2192 3806 memoratus
2224 3731 2628 3823 EpiscopUS,
2671 3731 2753 3803 ad
2797 3731 3199 3820 exemplum

663 3819 1373 3914 sequentiuniadhuc
1425 3832 1794 3909 superstes,
1844 3822 2137 3892 indoluit
2185 3828 2463 3893 Servum
2532 3823 2642 3891 Dei
2698 3822 2830 3892 sibi
2882 3823 2950 3890 in
2999 3822 3200 3891 fami-

665 3909 806 3978 litio
854 3908 1248 3978 devinctum
1300 3932 1340 3977 a
1393 3911 1903 3981 conversatione
1953 3912 2338 3992 hominum,
2392 3933 2563 3997 quos
2612 3911 2867 3981 sanctis
2918 3912 3200 3981 monitis

662 3998 1097 4082 informabat,
1151 3997 1601 4088 exemploque
1650 3999 1897 4089 dignos
1951 4006 2079 4069 Deo
2128 3999 2474 4079 reddebat,
2528 3999 2626 4067 sic
2676 4000 2846 4068 vitae
2882 4002 3202 4070 transito-

661 4088 797 4155 riae
834 4087 1184 4176 insperato
1229 4088 1655 4177 percurrisse
1691 4089 1986 4159 stadium
2024 4115 2037 4157 z
2077 4088 2390 4176 quamvis
2424 4087 2647 4167 sciret,
2685 4090 2914 4177 potius
2951 4091 3016 4159 ei
3043 4112 3202 4158 con·

657 4175 1104 4264 gaudendum
1132 4177 1278 4266 jam
1317 4176 1384 4245 in
1428 4177 1839 4248 coelestibus
1874 4178 2405 4248 immortalitatis
2439 4176 2656 4262 gloria
2687 4192 3040 4249 coronato.
3082 4180 3200 4249 Hic

657 4276 932 4343 autem,
1003 4266 1537 4356 cooperantibus
1588 4265 1913 4338 fidelibus
1967 4268 2249 4347 vicinis,
2304 4266 2656 4336 basilicam
2708 4267 3200 4338 condecentem

659 4353 785 4424 sibi
822 4352 1231 4437 aedificavit,
1279 4377 1489 4442 quam
1535 4356 1603 4423 in
1644 4355 1969 4427 honorem
2023 4358 2256 4428 beatae
2297 4356 2544 4425 Mariae
2591 4376 2864 4446 semper
2911 4359 3201 4448 virginis

712 4481 737 4507 *
768 4481 873 4527 Seu,
891 4479 1050 4523 italice
1067 4482 1349 4533 campanella,
1368 4481 1477 4532 gan.
1494 4483 1704 4524 czoeheue.
