3347 4999
200 358 380 425 OCT.
433 360 471 422 4
1075 375 1153 420 na
1201 375 1257 421 s.
1313 373 1657 421 manusco
1708 374 1888 421 conr.
2543 353 2666 422 1159

202 461 482 541 Abbate,
514 460 684 530 dixit
719 459 943 528 fidelis
984 458 1394 528 Franciscus
1432 457 1514 526 ad
1559 458 1862 527 socium:
1902 480 1939 523 «
1963 463 2311 547 Exspecta,
2343 457 2572 538 frater,
2610 481 2754 527 mo-

205 551 472 624 dicum.
507 550 673 637 quia
722 548 1031 618 debitum
1070 545 1220 616 volo
1259 545 1542 626 solvere,
1582 545 1764 633 quod
1863 547 2123 615 romisi.
2166 569 2202 612 »
2237 550 2484 618 Orante
2523 559 2753 617 autem

204 639 351 720 illo,
406 639 633 707 subito
653 639 878 707 Abbas
907 634 1262 705 insolitum
1293 634 1586 704 calorem
1625 647 1690 705 et
1723 634 1816 704 du
1849 634 2160 704 cedinem
2198 635 2532 706 hactenus
2561 636 2754 704 inex-

205 741 466 818 pertam
517 727 734 797 sensit
762 727 832 794 in
885 748 917 795 s
970 723 1421 810 iritu,·quod,
1478 723 1547 791 in
1597 745 1882 794 excessu
1917 723 2166 793 mentis
2211 724 2515 804 effectus,
2572 738 2753 794 totus

201 840 241 886 a
277 817 504 905 seipso
537 817 605 884 in
660 820 871 885 Deum
963 812 1182 882 efecit.
1237 817 1446 880 Parva
1499 811 1770 881 morula
1820 811 2151 893 substitit,
2189 825 2255 881 et
2299 814 2369 881 in
2406 836 2477 884 se
2531 833 2752 881 rever-

203 928 350 985 sus,
391 905 708 974 virtutem
758 901 1088 973 orationis
1136 902 1355 970 sancti
1397 901 1739 970 Francisci
1792 922 1872 971 co
1929 902 2134 970 novit.
2171 900 2412 989 Majori
2465 901 2752 992 proinde

201 995 387 1064 circa
421 993 746 1062 Ordinem
798 1011 1069 1081 semper
1097 1010 1330 1059 amore
1366 989 1707 1080 flagravit,
1746 1011 1865 1060 mu
1899 990 2120 1076 tisque
2152 988 2407 1059 factum
2462 1011 2586 1080 pro
2620 990 2751 1058 mi-

202 1082 440 1153 raculo
476 1082 728 1152 retulit.

290 1175 326 1258 ξ
365 1174 536 1242 88.
591 1170 846 1240 Solitus
878 1180 1022 1238 erat
1052 1168 1164 1236 Vir
1210 1179 1492 1236 sanctus
1531 1171 1750 1236 Horas
1800 1167 2175 1237 Canonicas
2226 1189 2359 1237 non
2394 1168 2628 1237 minus
2672 1167 2749 1235 ti-

203 1278 462 1330 morate
503 1265 634 1331 Deo
698 1258 1104 1348 persolvere,
1150 1277 1358 1343 quam
1411 1254 1668 1325 devote.
1730 1259 1893 1325 Nam
1957 1255 2114 1325 licet
2160 1256 2557 1335 oculorum,
2611 1269 2747 1325 sto-

204 1348 459 1429 machi,
533 1348 796 1439 splenis
843 1360 910 1415 et
956 1344 1224 1435 hepatis
1277 1343 1710 1433 aegritudine
1758 1344 2133 1424 laboraret,
2192 1345 2466 1415 nolebat
2520 1359 2744 1414 tamen

202 1459 403 1507 muro
454 1437 555 1506 vel
611 1437 851 1527 parieti
892 1436 1272 1512 inhaerere,
1312 1432 1478 1503 dum
1524 1432 1868 1521 psalleret,
1904 1434 2024 1502 sed
2057 1438 2273 1502 Horas
2299 1455 2572 1524 semper
2599 1455 2746 1503 ere-

198 1539 377 1607 ctus,
416 1540 482 1595 et
529 1527 677 1594 sine
715 1546 791 1594 ca
847 1524 1015 1602 utio,
1075 1543 1208 1591 non
1251 1522 1616 1679 ggrovagis
1663 1522 1910 1602 oculis,
1956 1544 2079 1591 nec
2111 1544 2268 1591 cum
2305 1523 2536 1610 aliqua
2585 1546 2618 1592 s
2650 1544 2747 1590 ἠ-

198 1636 373 1704 copa
402 1616 435 1646 ⁴*
487 1547 935 1704 persolvebat.
977 1612 1046 1680 Si
1094 1633 1276 1698 quan
1330 1633 1370 1678 o
1417 1624 1595 1680 esset
1643 1611 1710 1679 in
1749 1611 1991 1680 itinere
2017 1612 2454 1692 constitutus,
2494 1611 2626 1702 fige
2679 1625 2746 1680 at

200 1717 364 1772 tunc
425 1703 754 1793 temporis
817 1721 1157 1791 gressum,
1225 1698 1625 1787 hujusmodi
1676 1700 2246 1769 consuetudinem
2299 1713 2740 1780 reverentem,

197 1805 265 1861 et
311 1813 605 1872 sacram,
666 1804 938 1880 propter
992 1787 1381 1878 pluviarum
1441 1787 1924 1857 inundantiam
1981 1811 2113 1858 non
2165 1790 2509 1859 amittens.
2553 1790 2741 1858 Dice-

198 1881 317 1949 bat
350 1881 578 1949 enim:
634 1903 669 1945 «
701 1879 766 1948 Si
817 1880 1043 1966 quiete
1071 1876 1368 1946 comedit
1396 1898 1647 1966 corpus
1681 1878 1915 1946 cibum
1954 1899 2187 1956 suum,
2230 1876 2540 1948 futurum
2582 1901 2740 1948 cum

202 1971 219 2035 i
278 1990 352 2036 so
409 1968 741 2036 vermium
783 1989 963 2045 esca,
1020 1987 1176 2034 cum
1214 1978 1469 2052 quanta
1539 1987 1705 2055 pace
1767 1981 1832 2034 et
1881 1966 2373 2053 tranquillitate
2434 1967 2744 2054 accipere

251 2057 402 2125 ebet
430 2056 660 2126 anima
703 2056 935 2125 cibum
977 2055 1260 2123 vitae‘i»
1293 2055 1599 2124 Graviter
1626 2055 1830 2122 etiam
1870 2076 1939 2123 se
1974 2054 2257 2143 putabat
2285 2055 2649 2134 offendere,
2687 2055 2740 2124 si

197 2145 482 2232 quando
511 2145 799 2214 orationi
849 2143 1148 2221 dedituS,
1205 2144 1399 2212 vanis
1453 2142 2054 2232 phantasmatibus
2106 2145 2397 2214 interius
2456 2165 2737 2234 vagare-

203 2251 340 2303 tur.
395 2238 561 2304 Cum
611 2232 871 2320 aliquid
926 2232 1058 2301 tale
1098 2231 1466 2312 accideret,
1522 2252 1655 2300 non
1711 2233 2033 2320 parcebat
2078 2231 2530 2313 confessioni,
2574 2233 2742 2320 quin

204 2321 378 2392 illud
449 2322 765 2419 protinus
814 2323 1138 2410 expiaret.
1195 2324 1335 2389 Hoc
1401 2319 1709 2389 studium
1763 2322 1861 2390 sic
1912 2321 1980 2388 in
2026 2343 2230 2391 usum
2291 2333 2737 2404 converterat,

198 2422 276 2479 ut
329 2412 680 2479 rarissime
721 2432 998 2480 muscas
1045 2408 1445 2498 hujusmodi
1501 2420 1868 2498 pateretur.
1925 2415 2194 2479 Fecerat
2242 2411 2310 2478 in
2348 2412 2744 2501 Quadrage·

202 2501 382 2569 sima
421 2498 719 2587 quadam
757 2497 1111 2570 vasculum
1156 2520 1400 2579 unum,
1440 2511 1515 2567 ut
1565 2497 1893 2567 minutias
1944 2501 2294 2590 temporiS,
2330 2523 2413 2570 ne
2461 2502 2746 2570 omnino

201 2588 615 2668 exciderent,
669 2600 1055 2676 occuparet.
1127 2586 1319 2669 Quod
1361 2608 1520 2656 cum
1573 2586 1828 2655 dicenti
1870 2589 2159 2657 Tertiam
2215 2590 2283 2657 in
2340 2590 2742 2659 memoriam

200 2678 506 2757 venienS‚
546 2675 913 2766 paululum
951 2677 1171 2765 ipsius
1209 2676 1522 2744 animum
1557 2675 2007 2758 distraxisset,
2042 2690 2267 2746 motus
2316 2676 2576 2746 fervore
2606 2677 2745 2762 spi-

195 2766 398 2846 rituS,
457 2765 817 2836 vasculum
867 2764 1026 2865 igne
1083 2764 1541 2853 consumpsit,
1581 2764 1852 2835 dicens:
1910 2764 2322 2835 sacrificabo
2389 2765 2564 2834 illud
2619 2770 2743 2832 Do-

193 2854 433 2933 mino,
486 2855 690 2943 cujus
739 2854 1158 2923 sacrificium
1224 2853 1605 2943 impedivit.
1686 2854 1993 2924 Psalmos
2043 2875 2202 2923 cum
2254 2866 2441 2923 tanta
2493 2853 2741 2921 mentis

196 2944 570 3012 attentione
619 2942 911 3022 dicebat,
956 2942 1154 3029 quasi
1189 2946 1399 3011 Deum
1445 2955 1870 3031 praesentem
1932 2942 2244 3021 haberet;
2296 2954 2361 3011 et
2407 2964 2564 3011 cum
2620 2963 2742 3010 no·

195 3053 351 3100 men
408 3031 678 3103 Domini
728 3031 796 3098 in
848 3032 949 3100 eis
1008 3043 1432 3107 occurreret,
1506 3052 1667 3118 prae
1731 3031 2087 3100 suavitatis
2143 3030 2510 3099 dulcedine
2562 3029 2743 3097 labia

193 3143 321 3189 sua
360 3120 620 3210 lingere
654 3119 1035 3189 videbatur.
1090 3125 1327 3209 Ipsurn
1389 3140 1665 3206 quoque
1700 3119 1967 3187 Domini
2027 3140 2273 3187 nomen
2330 3141 2461 3187 non
2514 3118 2740 3189 solum

191 3209 593 3298 cogitatum,
650 3230 884 3278 verum
935 3209 1138 3278 etiam
1195 3207 1535 3298 prolatum
1588 3220 1652 3276 et
1685 3206 2045 3296 scriptum,
2084 3210 2458 3278 reverentia
2509 3207 2742 3278 volens

190 3297 535 3367 honorare
582 3297 1018 3387 {praecipua,
1075 3296 1406 3367 fratribus
1476 3296 1817 3385 persuasit
1884 3295 2305 3382 aliquando,
2359 3309 2436 3365 ut
2501 3318 2743 3366 omnes

188 3385 563 3455 schedulas
597 3386 887 3474 scriptas
914 3387 1342 3472 ubicumque
1374 3397 1678 3475 repertas
1707 3384 2128 3475 colligerent,
2158 3385 2556 3472 mundoque
2592 3384 2742 3454 loco

188 3485 628 3564 reponerent,
681 3496 768 3542 ne
806 3473 975 3544 sorte
1025 3495 1296 3561 sacrum
1335 3472 1505 3543 illud
1562 3494 1810 3543 nornen
1853 3474 2278 3564 contingeret
2311 3474 2732 3545 conculcari.

189 3567 451 3633 Nomen
490 3563 951 3633 autem-Iesu
1000 3584 1158 3632 cum
1210 3563 1620 3650 exprimeret
1676 3561 1773 3630 vel
1825 3562 2117 3643 audiret,
2161 3563 2388 3652 jubilo
2435 3562 2739 3648 quodam

192 3650 503 3740 repletus
551 3649 883 3732 interiuS,
953 3665 1134 3721 totus
1183 3651 1540 3719 videbatur
1586 3651 1884 3721 exterius
1922 3651 2232 3731 alterari,
2295 3674 2373 3722 ac
2422 3652 2480 3720 si
2520 3650 2740 3720 melli-

190 3741 385 3809 fluus
434 3760 640 3829 sapor
684 3754 962 3829 gustum
992 3796 1007 3821 ‚
1064 3739 1163 3807 vel
1215 3739 1706 3809 harmoniacus
1769 3761 1983 3810 sonus
2032 3741 2256 3829 ipsius
2308 3742 2741 3809 immutasset

189 3828 539 3898 auditum.

281 3918 317 4004 ξ
363 3919 520 3988 20.
563 3915 857 4005 Contigit
886 3928 1111 3986 autem
1148 3936 1332 3985 anno
1360 3916 1553 3985 tertio
1585 3930 1743 3986 ante
1782 3918 2044 3987 obitum
2088 3939 2319 3997 suum,
2370 3930 2445 3987 ut
2480 3937 2738 3986 memo·

187 4005 366 4075 riam
400 4005 773 4075 nativitatis
819 4006 1018 4104 pueri
1050 4010 1217 4075 Jesu
1248 4004 1331 4073 ad
1392 4004 1817 4075 devotionem
1865 4005 2321 4087 excitandam,
2376 4006 2556 4096 apud
2623 4026 2738 4074 ca-

189 4108 409 4165 strum
460 4094 724 4163 Graecii
773 4092 1169 4181 disponeret
1213 4115 1416 4194 agere
1460 4107 1942 4181 cum„quanto
2002 4095 2243 4184 majori
2305 4094 2739 4165 solemnitate

188 4182 464 4251 valeret.
505 4187 598 4252 Ne
644 4203 800 4252 vero
849 4182 977 4251 hoc
1040 4182 1292 4251 levitati
1341 4196 1568 4272 posset
1615 4183 1943 4263 adscribi,
2011 4205 2048 4251 a
2097 4198 2372 4253 summo
2410 4181 2738 4252 Pontifice

238 4273 399 4340 etita
448 4284 512 4340 et
544 4270 818 4342 obtenta
853 4269 1153 4350 licentia,
1191 4270 1349 4341 fecit
1447 4272 1795 4362 raeparari
1854 4271 2330 4361 praesepium,
2384 4293 2470 4362 ap
2523 4271 2735 4340 ortari

218 4381 498 4439 oenum,
537 4360 775 4437 bovem
810 4371 876 4429 et
913 4358 1185 4430 asinum
1245 4359 1329 4429 ad
1411 4382 1612 4431 ocurn
1665 4360 1944 4430 adduci.
1997 4359 2427 4431 Advocantur
2495 4372 2729 4435 ratres,

242 4486 270 4513 ⁸¹
296 4485 441 4532 Idest.
460 4483 563 4527 sine
581 4484 944 4536 interruptione.
