3347 4999
179 399 364 465 OCT.
419 400 457 463 4
768 410 773 416 ’
1060 416 1136 461 m:
1177 415 1232 461 s.
1290 414 1632 462 FRANclsco
1682 414 1862 462 coar.
2533 398 2648 462 ¹37

932 609 1024 672 De
1065 605 1451 673 luc-militate
1491 615 1552 672 et
1586 605 1997 673 obediencia:

470 705 532 763 et
565 696 645 762 de
693 694 1343 763 condescensionibus
1373 693 1620 761 divinis
1651 694 1782 761 sibi
1816 694 2018 781 factis
2049 694 2139 761 ad
2179 707 2438 762 nutum.

269 859 306 943 ξ
352 859 501 927 32.
556 855 880 925 Omnium
934 853 1262 923 virtutum
1314 865 1545 923 custos
1614 866 1681 922 et
1729 852 1935 921 decor
1986 853 2386 934 humilitas,
2457 857 2738 945 copiosa

169 945 420 1014 Virum
475 943 589 1013 Dei
638 944 947 1012 ubertate
1016 943 1410 1031 repleverat.
1466 947 1542 1011 In
1626 942 1905 1031 propria
1960 942 2241 1029 quidem
2307 946 2740 1034 reputatione
2827 951 2830 956 ⁴

168 1033 357 1102 nihil
409 1046 574 1114 erat,
618 1032 750 1102 nisi
795 1046 1128 1122 peccator,
1181 1030 1445 1101 cumin
1484 1031 1765 1099 veritate
1799 1030 2162 1189 εὲθουΙιιηι
2193 1045 2371 1101 esset
2403 1047 2467 1103 et
2508 1032 2741 1123 splen-

170 1123 311 1193 dor
337 1121 779 1191 omnimodae
808 1119 1208 1192 sanctitatis.
1241 1124 1461 1209 Super
1490 1119 1668 1188 hanc
1712 1131 1818 1189 stu
1877 1120 1977 1189 uit
2008 1118 2373 1190 aedificare
2404 1122 2736 1211 seipsum.

163 1226 255 1281 ut
292 1212 567 1302 sapiens
615 1210 1054 1290 architectuS‚
1094 1208 1622 1277 fundamentum
1658 1209 2105 1298 praejaciens‚
2160 1209 2342 1295 quod
2387 1232 2425 1278 a
2477 1212 2742 1280 Christo

173 1300 545 1370 didicerat.
604 1299 917 1378 Dicebat,
978 1310 1251 1386 propter
1308 1296 1438 1365 hoc
1492 1296 1738 1366 Filium
1813 1298 1917 1366 Dei
1971 1296 2055 1365 de
2117 1297 2483 1368 altitudine
2543 1301 2742 1370 sinus

177 1389 455 1480 paterni
504 1388 587 1456 ad
661 1400 891 1458 nostra
968 1385 1419 1477 despicabilia
1496 1385 1983 1465 descendisse,
2039 1399 2114 1455 ut
2184 1399 2318 1456 tam
2374 1387 2734 1478 exemplo,

171 1500 392 1567 quam
438 1478 667 1556 verb0,
728 1476 1058 1547 Dominus
1090 1487 1155 1544 et
1210 1475 1528 1564 Magister
1590 1474 2050 1545 humilitatem
2109 1474 2402 1546 doceret.
2458 1482 2742 1568 Propter

170 1567 363 1656 quod
403 1565 744 1645 studebat,
783 1578 1133 1651 tamquam
1166 1563 1411 1632 Christi
1461 1563 1878 1654 discipuluS,
1913 1563 1987 1653 in,
2034 1563 2254 1634 oculis
2292 1566 2439 1636 suis
2486 1577 2550 1635 et
2576 1566 2741 1636 alio·

174 1678 338 1727 rum
405 1655 780 1737 vilescere3
832 1676 874 1723 a
912 1674 1188 1722 summo
1236 1652 1496 1722 dictum
1556 1674 1705 1723 esse
1756 1653 2076 1743 Magistro
2137 1674 2734 1724 commemorans:

178 1746 377 1827 Quod
409 1749 628 1814 altum
667 1755 763 1812 est
797 1743 981 1833 apud
1036 1743 1354 1821 homine&
1405 1743 1815 1811 abominatio
1864 1752 1958 1810 est
1999 1743 2186 1832 apud
2229 1747 2440 1812 Deum
2477 1749 2740 1830 (Lucae

176 1856 315 1911 xv1,
373 1834 507 1922 ⁴5).
551 1832 679 1902 Sed
713 1844 777 1901 et
826 1832 1108 1900 verbum
1157 1832 1281 1900 hoc
1308 1829 1535 1899 dicere
1575 1830 1820 1900 solitus
1853 1843 2040 1900 erat:
2079 1854 2113 1895 «
2149 1837 2495 1913 Quantum
2531 1833 2741 1902 homo

179 1936 287 1992 est
339 1923 404 1990 in
456 1921 680 1990 oculis
748 1920 904 2000 Dei,
959 1932 1225 1989 tantum
1277 1932 1402 1999 est,
1470 1932 1534 1988 et
1576 1941 1711 1988 non
1777 1919 1963 2009 plus.
1999 1942 2034 1985 »
2087 1919 2385 1990 Stultum
2454 1921 2741 2010 proinde.

166 2010 506 2098 judicans
555 2009 932 2079 mundanis
963 2007 1191 2078 extolli
1241 2007 1611 2086 favoribus,
1667 2008 2017 2098 gaudebat
2063 2008 2146 2077 de
2194 2009 2623 2110 opprobriis,
2679 2026 2744 2079 et

180 2099 270 2168 de
318 2098 648 2168 laudibus
688 2098 1107 2168 tristabatur.
1137 2096 1428 2166 Malebat
1458 2096 1738 2184 quidem
1793 2096 1876 2166 de
1908 2119 1979 2166 se
2014 2097 2431 2186 vituperium
2466 2099 2733 2176 audire,

179 2208 394 2278 quam
448 2187 750 2266 laudem,
805 2188 1031 2257 sciens
1078 2184 1262 2273 quod
1315 2186 1443 2254 hoc.
1492 2184 1578 2254 ad
1629 2185 2142 2255 emendandum
2197 2187 2577 2267 induceret,
2622 2187 2735 2256 illa

183 2275 572 2368 impelleret
622 2276 703 2345 ad
756 2274 1174 2345 cadendum.
1230 2279 1306 2343 Et
1355 2274 1508 2343 ideo
1567 2296 1807 2364 saepe,
1864 2297 2019 2343 cum
2075 2275 2317 2366 populi
2370 2278 2611 2345 merita
2667 2278 2734 2345 in

178 2387 261 2435 eo
296 2366 678 2435 sanctitatis
724 2364 1146 2443 extollerent,
1194 2363 1658 2453 praecipiebat
1694 2363 1904 2433 alicui
1956 2363 2174 2444 fratri,
2233 2379 2312 2434 ut
2362 2365 2428 2433 in
2468 2379 2730 2435 contra·

184 2455 367 2525 rium
406 2455 612 2524 verba
658 2454 888 2544 ipsum
941 2451 1366 2533 vilificantia,
1410 2452 1556 2524 suis
1595 2453 1886 2524 auribus
1928 2453 2345 2525 inculcando
2381 2454 2732 2545 proferret.

181 2548 495 2630 Cumque
533 2543 739 2613 frater
775 2542 910 2623 ille,
967 2542 1125 2611 licet
1158 2542 1438 2621 invitus,
1476 2564 1637 2612 eum
1692 2543 2052 2623 rusticum,
2114 2558 2180 2613 et
2232 2548 2734 2614 mercenarium

180 2633 582 2734 imperitum
636 2647 699 2701 et
751 2632 1062 2700 inutilem
1114 2630 1415 2710 diceret,
1480 2630 1903 2701 exhilaratus
1975 2633 2144 2702 ta'm.
2195 2646 2418 2703 mente
2456 2688 2470 2714 ,
2525 2655 2733 2720 quam

178 2721 399 2800 facte,
457 2721 952 2811 respondebat:
1008 2742 1042 2785 «
1087 2719 1449 2789 Benedicat
1517 2720 1635 2789 tibi
1705 2721 2087 2801 DominuS,
2142 2721 2240 2790 fili
2319 2723 2679 2791 carissime
2714 2777 2729 2803 ,

183 2810 351 2897 quia
404 2823 476 2880 tu
526 2811 884 2881 verissima
917 2808 1261 2897 loqueris,
1309 2823 1372 2877 et
1424 2809 1582 2878 talia
1617 2808 1841 2878 filium
1896 2810 2072 2879 Petri
2113 2809 2575 2880 Bernardonis
2617 2810 2739 2879 de-

177 2912 284 2968 cet
318 2899 631 2968 audire.»
686 2904 762 2968 Ut
803 2911 1029 2968 autem
1067 2918 1139 2966 se
1171 2898 1457 2967 caeteris
1497 2898 1989 2988 despicabilem
2023 2897 2354 2977 redderet,
2402 2920 2535 2967 non
2584 2921 2734 2989 par-

176 2987 375 3057 cebat
426 2987 683 3069 rubori,
739 2989 907 3075 quin
955 2987 1022 3055 in
1077 2985 1585 3077 praedicatione
1634 3008 1863 3055 coram
1902 2987 2093 3056 o'mni
2131 2986 2386 3077 populo
2422 2988 2737 3077 proprios

181 3076 648 3147 manifestaret
694 3076 1024 3146 defectus.

270 3168 305 3251 ξ
352 3169 503 3237 38.
559 3166 818 3235 Accidit
866 3163 1124 3244 semel,
1178 3175 1254 3234 ut
1304 3164 1704 3234 infirmitate
1764 3176 2089 3264 gravatus
2169 3164 2465 3255 rigorem
2519 3164 2735 3233 absti-

181 3256 456 3323 nentiae
535 3276 655 3342 pro
719 3253 1192 3343 recuperanda
1263 3253 1553 3323 sanitate
1609 3252 1957 3322 modicum
2030 3252 2384 3323 relaxaret.
2457 3253 2737 3325 Viribus

180 3356 412 3412 autem
463 3344 772 3433 corporis
806 3356 1183 3428 utcumque
1232 3342 1645 3430 resumptis,
1703 3362 1903 3411 verus
1952 3343 2059 3412 sui
2123 3354 2593 3432 contemptor,
2648 3342 2734 3411 ad

183 3430 503 3532 propriae
549 3433 779 3501 carnis
840 3432 1191 3501 animatus
1238 3431 1732 3520 opprobrium:
1789 3453 1825 3496 «
1861 3436 2001 3500 Non
2055 3444 2179 3512 est,
2233 3432 2504 3519 inquit,
2573 3452 2732 3501 con-

184 3542 488 3598 vemens,
553 3533 628 3589 ut
679 3520 980 3621 populus
1048 3519 1504 3588 abstinentem
1552 3541 1661 3587 me
1709 3519 1961 3600 credat,
2010 3533 2075 3590 et
2128 3542 2254 3609 ego
2302 3544 2338 3590 e
2386 3520 2734 3590 contrario

183 3608 556 3678 carnaliter
606 3611 875 3678 reficiar
906 3610 971 3677 in
1024 3607 1368 3678 occulto.»
1421 3609 1726 3677 Surrexit
1776 3623 2132 3698 propterea
2181 3621 2457 3679 sanctae
2506 3609 2733 3678 humi-

187 3697 397 3767 litatis
448 3698 698 3787 spiritu
746 3698 1244 3777 inflammatuS‚
1305 3708 1371 3766 et
1426 3695 1492 3764 in
1549 3696 1767 3785 platea
1832 3698 2125 3768 civitatis
2190 3699 2424 3769 Assisii
2476 3720 2562 3788 po
2616 3697 2734 3767 ulo

184 3799 578 3866 convocato,
625 3785 1023 3856 solemniter
1062 3806 1220 3855 cum
1286 3784 1618 3854 fratribus
1667 3786 1931 3868 multis,
1984 3809 2158 3874 quos
2214 3808 2447 3856 secum
2510 3808 2548 3856 a
2602 3786 2734 3856 du-

182 3887 414 3955 xerat,
486 3875 814 3965 majorem
870 3874 1172 3944 introivit
1218 3872 1606 3943 ecclesiam:
1659 3874 1961 3963 suaeque
2008 3875 2096 3945 ad
2162 3875 2417 3945 collum
2471 3874 2678 3965 ligato
2714 3931 2729 3956 ‚

185 3964 449 4033 nudum
502 3987 662 4033 cum
714 3963 1165 4033 femoralibus
1214 3961 1379 4032 solis
1431 3963 1496 4031 in
1561 3964 1784 4035 oculis
1831 3966 2141 4034 omnium
2191 3985 2262 4033 se
2314 3964 2489 4033 trahi
2523 3968 2729 4054 'prae-

184 4054 359 4142 cepit
409 4074 630 4140 usque
677 4052 761 4122 ad
826 4052 1153 4141 lapidem,
1209 4051 1276 4119 in
1329 4073 1465 4138 quo
1507 4053 1978 4124 malefactores
2041 4053 2378 4143 puniendi
2440 4074 2733 4122 consue-

187 4155 418 4211 verant
464 4141 812 4211 collocari.
869 4146 1089 4242 Super
1126 4160 1332 4227 quem
1366 4142 1863 4220 conscendens,
1908 4142 2062 4211 licet
2110 4141 2603 4228 quartanarius
2628 4163 2735 4211 es·

188 4244 282 4299 set
319 4243 385 4299 et
430 4230 703 4311 debilis,
759 4231 988 4301 acerbi
1047 4228 1324 4318 frigoris
1373 4243 1679 4319 tempore
1728 4253 1906 4300 cum·
1960 4230 2176 4299 multo
2225 4231 2457 4322 vigore
2514 4231 2735 4299 animi

188 4318 625 4409 praedicavit.
687 4318 1279 4404 ⁴audientibusque
1326 4318 1619 4396 cunctis,
1679 4318 1972 4388 asseruit
2039 4340 2135 4398 se,
2190 4341 2321 4388 non
2377 4332 2727 4405 tamquam

188 4407 610 4496 spiritualem
664 4408 1148 4478 honorandum
1199 4404 1362 4486 fore,
1425 4407 1819 4492 quinimmo
1870 4420 2219 4493 tamquam
2273 4406 2618 4476 carnalem
2672 4419 2736 4474 et

189 4495 534 4585 glutonem
588 4498 673 4566 ab
708 4498 1035 4568 omnibus
1085 4495 1694 4566 contemnendum.
1757 4496 1994 4585 Igitur,
2050 4497 2164 4583 qui
2218 4507 2726 4571 convenerant,
