3347 4999
682 329 808 394 664
1273 344 1352 391 nu
1399 344 1456 392 s.
1509 342 1815 392 snvzamo
1860 342 2190 392 commta.
2241 342 2440 391 ausc.
2821 324 2992 392 oeT.
3043 328 3142 393 23

584 431 948 508 Martinus,
990 428 1311 519 migravit
1357 451 1393 497 a
1445 427 1702 507 seculO,
1755 442 1817 497 et
1860 450 2044 497 nunc
2074 451 2232 497 eum
2280 426 2659 517 hymnidici
2691 427 2942 498 civium
2976 452 3138 499 coe-

584 519 855 588 lestium
911 517 1102 586 chori
1164 519 1230 585 in
1298 538 1501 586 suum
1569 518 1990 587 consortium
2055 517 2381 585 laetantes
2427 517 2846 606 suscipiunt.
2921 519 3141 607 Cujus

577 606 1081 677 sanctissimam
1124 606 1440 675 animam
1476 627 1688 674 carne
1735 605 2058 684 solutam,
2098 605 2416 675 diabolus
2454 628 2613 674 cum
2665 606 2816 674 suis
2861 606 3135 694 angelis

576 697 867 766 retinere
914 696 1202 774 curavit,
1245 694 1359 763 sed
1402 692 1575 764 nibil
1619 695 1686 762 in
1721 716 1802 764 eo
1837 717 2036 763 suum
2081 695 2449 781 reperiens,
2492 693 2830 763 confusus
2858 699 3138 764 absces-

578 785 711 854 sit.⁴
743 789 1023 872 Propter
1067 783 1249 870 quod
1300 797 1368 852 et
1422 782 1794 872 paululum
1842 805 2072 852 morae
2103 784 2253 864 suit,
2289 782 2470 869 quod
2503 784 2948 869 exequiarum
2975 784 3140 872 ejus

576 873 787 961 digna
833 872 1201 941 celebratio
1246 895 1288 941 a
1341 872 1539 941 nobis
1575 872 1822 940 audire
1874 893 2006 940 non
2047 885 2287 959 potuit.
2322 893 2359 937 ι)
2390 872 2813 958 Requisitum
2844 886 2941 940 est
2966 893 3142 959 ergo

578 961 1128 1051 diligentissime,
1183 977 1248 1030 et
1298 961 1705 1038 inventum,
1752 959 1986 1028 eadem
2025 960 2137 1029 die.
2183 974 2246 1027 et
2298 960 2460 1028 horu
2514 975 2830 1028 sanctum
2898 961 3136 1029 Marti·

579 1072 746 1120 num
808 1064 1160 1119 aeternum
1214 1049 1325 1117 sui
1391 1048 1657 1116 Domini
1716 1049 2049 1136 gaudium
2105 1049 2422 1127 intrasse,
2496 1069 2635 1134 quo
2685 1049 2813 1118 boc
2853 1048 3130 1118 beatum

583 1139 978 1209 Severinum
1029 1138 1319 1224 mitigit
1372 1137 1772 1226 prophetiae
1823 1137 2074 1224 spiritu
2128 1150 2381 1204 tartum
2449 1137 2772 1206 sensisse.
2834 1138 3138 1225 Prophe·

587 1228 719 1296 tiae
764 1228 949 1295 enim
999 1248 1148 1295 esse
1179 1225 1484 1294 creditur
1529 1227 1712 1312 quod
1757 1225 2033 1294 divinae
2066 1226 2338 1294 virtutis
2374 1224 2772 1313 mysterium
2824 1247 2942 1314 per
2982 1249 3136 1293 ma·

584 1315 1085 1385 nifestationem
1132 1316 1429 1400 Spiritus
1479 1315 1706 1384 Sancti
1750 1315 2037 1383 cuilibet
2089 1315 2446 1382 revelatur.
2501 1313 2675 1395 Quid
2730 1335 2892 1400 ergo
2929 1315 3132 1385 nobis

583 1405 668 1473 de
717 1404 927 1493 hujus
988 1403 1410 1472 sanctissimi
1481 1403 1826 1491 pontilicis
1889 1403 2190 1471 Severini
2248 1426 2307 1469 m
2359 1402 2505 1470 ritis
2554 1400 2928 1470 dicendum
2978 1416 3125 1482 est,

587 1493 722 1562 nisi
771 1492 950 1578 quod
1001 1493 1437 1581 omnipotens
1494 1496 1664 1561 Deus
1712 1490 1878 1559 dum
1918 1491 2285 1560 martinum
2321 1491 2404 1558 ad
2439 1489 2798 1559 coelestem
2836 1490 3134 1580 gloriam

587 1581 849 1660 extulit,
909 1581 1070 1650 ltuic
1107 1583 1260 1668 ejus
1303 1602 1678 1650 consessus
1717 1594 1784 1648 et
1816 1580 2142 1649 consortii
2176 1580 2608 1648 securitatem
2639 1578 2864 1647 dedit:
2904 1581 3130 1666 utqui

591 1692 724 1739 non
776 1669 1138 1739 dissimilis
1185 1669 1394 1738 studii
1455 1682 1652 1736 erant
1703 1670 1767 1736 in
1817 1684 2219 1753 contemptu
2270 1667 2509 1745 ser-uli,
2581 1667 2850 1754 aequali
2909 1667 3142 1758 glut-ia·

587 1758 928 1848 fulgerent
976 1759 1042 1826 in
1095 1771 1366 1826 aeterna
1419 1756 1667 1825 laetitia
1721 1755 2324 1845 contemplationis
2382 1757 2546 1826 Dei?

683 1858 719 1926 ἓ
767 1850 849 1919 S.
904 1852 1140 1915 Fertur
1187 1847 1387 1914 etiam
1439 1845 1747 1935 ejusdem
1793 1845 2072 1935 gloriosi
2130 1845 2472 1934 pontilicis
2508 1846 2937 1934 temporibus
2981 1865 3141 1915 ere·-

593 1934 828 2005 mitam
894 1934 1259 2022 quemdam
1323 1936 1712 2023 praecipuis
1777 1936 2102 2002 virtutum
2168 1936 2497 2022 operibus
2571 1934 2942 2002 floruisse:
3006 1934 3133 2020 qui

594 2023 957 2113 cujusdam
1013 2024 1243 2111 magni
1290 2024 1624 2112 principis
1663 2022 1872 2091 fuisse
1921 2021 2133 2102 fitius,
2185 2038 2248 2091 et
2303 2023 2367 2090 in
2417 2022 2688 2090 deliciis
2734 2022 3137 2109 copiosissi-

595 2113 728 2182 mis
761 2133 911 2196 esse
956 2114 1298 2180 enutritus
1349 2111 1768 2200 perhibetur.
1825 2117 1898 2179 ln*
1936 2112 2193 2196 quibus
2240 2132 2543 2196 eousque
2581 2111 2953 2199 perductus
2997 2125 3134 2192 est,

594 2212 672 2270 ut
724 2214 1035 2286 parentes
1067 2201 1215 2289 ejus
1248 2201 1655 2289 magnific-as
1707 2199 1800 2268 illi
1841 2199 2115 2288 nuptias
2154 2215 2660 2287 praepararent,
2703 2215 2768 2268 et
2802 2221 3132 2289 sponsam

595 2288 1153 2370 delicatissimam
1228 2311 1385 2356 cum
1455 2304 1794 2376 apparatu
1847 2289 2059 2356 multo
2128 2288 2613 2356 conducerent.
2683 2289 2892 2376 Cujus
2955 2288 3130 2357 dum

594 2376 920 2467 conjugio
979 2372 1319 2462 potiturus
1366 2375 1765 2445 cubiculum
1823 2391 1971 2463 post
2017 2397 2297 2444 coenam
2370 2376 2968 2460 opulentissimam
3026 2380 3138 2445 in-

597 2477 826 2546 traret,
879 2464 1106 2534 subito
1173 2486 1417 2554 pavore
1491 2466 1718 2533 nescio
1786 2485 1926 2551 qno
1985 2478 2239 2553 raptus.
2300 2464 2466 2533 vidit
2532 2465 2730 2550 quasi
2800 2465 3130 2554 juvenem

597 2554 1214 2644 speciosissimum,
1258 2555 1377 2638 qui
1411 2554 1468 2621 ei
1525 2554 1851 2641 ntaJoretn
1905 2553 2190 2644 gloriam
2242 2554 2838 2623 commodaturum
2894 2569 3138 2624 sancte

600 2644 1043 2733 promitteret,
1103 2642 1159 2710 si
1209 2643 1339 2711 sibi
1408 2643 1643 2731 parere
1699 2642 2048 2728 sequendo
2106 2642 2480 2712 maluisset.
2538 2642 2726 2725 Quod
2781 2664 2939 2709 cunt
2995 2659 3138 2712 tota

597 2732 971 2801 ambitione
1009 2729 1289 2821 Juvenis
1328 2752 1399 2800 se
1449 2730 1616 2799 velle
1654 2731 1958 2810 dixisset,
2021 2732 2347 2809 surrexit,
2399 2746 2465 2799 et
2511 2729 2597 2799 de
2649 2732 2839 2799 omni
2894 2732 3136 2821 supel-

598 2820 832 2899 lectili,
884 2843 1092 2908 quam
1157 2819 1569 2908 possederat,
1626 2819 1977 2888 vasculum
2021 2818 2352 2908 ligneum,
2404 2841 2539 2904 quo
2599 2819 2830 2887 vinum
2885 2818 2972 2888 de
3037 2821 3126 2889 si·

600 2909 762 2979 tulis
813 2910 879 2978 in
934 2930 1086 2976 vasa
1139 2930 1344 2978 aurea
1377 2923 1442 2977 et
1474 2917 1798 2995 argentea
1847 2909 2129 2976 mixtum
2168 2908 2557 2976 bibentibus
2586 2906 2782 2976 fundi
2836 2908 3130 2990 solebat,

598 2999 820 3068 solum
873 3019 1104 3067 secum
1144 3019 1449 3075 sumens,
1494 2997 1710 3065 virum
1748 2996 1865 3081 qui
1920 2997 2263 3087 apparuit,
2317 3011 2616 3073 secutus,
2668 2997 3024 3066 abscessit.
3083 3005 3130 3068 A

596 3107 735 3173 quo
784 3086 848 3153 in
902 3085 1263 3154 remotiora
1300 3087 1509 3154 eremi
1563 3085 1707 3153 loca
1758 3086 2032 3164 ductuS,
2079 3085 2281 3153 vitam
2323 3084 2734 3153 laudabilem
2785 3098 2851 3154 et
2891 3088 3134 3173 paucis

597 3174 1004 3243 imitabilem
1057 3174 1273 3243 duxit.
1328 3179 1632 3261 Cumque
1683 3173 1932 3243 ibidem
1988 3172 2239 3242 multos
2272 3173 2419 3241 dies
2465 3174 2548 3240 ad
2592 3174 3123 3262 promerendum

601 3267 811 3331 Deum
858 3263 1213 3332 >continuis
1250 3263 1677 3331 orationibus
1718 3276 2005 3339 vacaret,
2058 3262 2452 3350 supplicare
2503 3283 2920 3351 magnopere
2976 3284 3128 3332 coe-

600 3351 724 3440 pit,
779 3363 854 3419 ut
900 3372 1060 3419 cum
1111 3371 1247 3436 quo
1277 3350 1751 3437 aequalitatem
1796 3349 2077 3437 praemii
2122 3350 2485 3419 habiturus
2527 3363 2728 3428 esset,
2774 3351 2985 3434 judex
3009 3374 3126 3420 ae-

599 3439 1346 3527 quissimusiapetiret.
1386 3440 1503 3508 Cui
1556 3440 1720 3508 dum
1757 3439 2178 3508 coloniensis
2210 3438 2548 3507 Ecclesiae
2597 3440 2868 3525 praesul
2915 3443 3119 3509 tamo-

601 3528 923 3596 sissimus
990 3528 1350 3596 Severinus
1406 3525 1477 3594 in
1531 3526 1927 3615 hujusmodi
1999 3529 2339 3597 consortio
2395 3542 2921 3617 proponeretur,
2996 3526 3117 3597 sibi

598 3639 784 3697 eum,
829 3616 987 3703 quis
1033 3633 1232 3696 esset,
1284 3615 1548 3684 ostendi
1614 3620 2040 3704 precabatur.
2092 3621 2223 3686 Nec
2275 3637 2489 3695 mora,
2545 3615 2720 3684 idem
2787 3622 2907 3702 qui
2965 3616 3124 3687 illuc

528 3704 531 3707 ’
599 3727 755 3775 eum
808 3704 1205 3782 adduxerat,
1261 3702 1504 3781 adsuit,
1555 3720 1619 3772 et
1656 3705 1715 3772 ei
1779 3704 2044 3781 locum,
2100 3706 2166 3771 in
2217 3727 2353 3790 quo
2413 3727 2698 3774 sanctus
2744 3706 3129 3795 Episcopus

599 3794 740 3863 illis
797 3793 1042 3864 dtebus
1095 3792 1525 3871 morabatur,
1592 3792 1909 3861 ostendit.
1965 3798 2156 3862 Forte
2226 3806 2428 3872 tunc,
2482 3793 2776 3863 instante
2823 3795 3124 3880 quadam

597 3882 1050 3963 solemnitate,
1096 3881 1467 3950 multitudo
1520 3881 1751 3968 populi
1789 3882 2198 3961 confluebat,
2248 3882 2360 3950 cui
2415 3896 2562 3970 post
2608 3882 2920 3950 divinum
2980 3881 3129 3952 offi-

596 3972 785 4041 cium
835 3994 874 4040 a
928 3986 1111 4040 tanto
1164 3969 1481 4058 pontifice.
1510 3970 1897 4039 convivium
1947 3970 2247 4040 exhiberi
2303 3969 2518 4039 bonor
2567 3970 2931 4060 impositus
2987 3971 3136 4040 exi-

597 4061 820 4149 gebat.
865 4059 987 4129 Ubi
1038 4059 1203 4148 dum
1252 4058 1642 4148 praedictus
1677 4058 2025 4128 solitarius
2058 4059 2457 4128 deliciarum
2510 4058 2928 4129 affluentiam
2976 4081 3131 4127 rer-

599 4166 798 4225 nens,
852 4170 924 4217 se
969 4148 1028 4217 ei
1070 4149 1135 4216 in
1183 4147 1485 4237 praemio
1532 4147 1935 4216 sociandum
1985 4168 2135 4217 esse
2186 4148 2711 4237 pertimesceret,
2763 4149 2883 4235 qui
2934 4148 3130 4229 talia,

596 4235 831 4323 qualia
868 4235 1013 4324 ipse
1059 4236 1406 4322 quondam
1471 4236 1871 4316 dimisisset,
1919 4234 2216 4313 baberet,
2272 4237 2625 4306 severitate
2672 4237 3135 4325 correptionis

596 4347 633 4392 a
674 4324 999 4413 magistro
1040 4325 1354 4413 imposita
1403 4323 1668 4405 didicit,
1716 4325 1895 4411 qnod
1938 4326 2578 4414 minusEpisc-opus
2622 4347 2893 4396 omnem
2932 4324 3124 4395 illam

600 4412 977 4485 secularem
1014 4411 1329 4503 gloriam,
1371 4435 1578 4501 quam
1630 4415 1779 4505 ipse
1827 4413 2129 4505 ligneum
2185 4415 2567 4496 vasculum,
2607 4414 2790 4502 quod
2843 4414 2976 4484 sibi
3036 4414 3133 4486 do
