3347 4999
635 317 679 381 8
1386 332 1466 379 1»ss
1513 333 1566 379 s.
1622 332 1880 381 amnem
1928 331 2219 381 anetum».
2809 313 2982 380 OCT.
3035 315 3066 378 t

540 411 1032 502 crepusculum
1082 411 1153 481 in
1202 411 1778 503 contemplatione
1826 414 2228 504 permansit.
2264 411 2609 496 Quicum,
2662 411 3077 484 lassitudine

540 523 622 571 ac
671 501 1034 592 fragilitate
1081 500 1310 571 carnis
1358 501 1849 592 compellente,
1907 503 2266 593 paululum
2320 501 2629 571 membra
2678 502 2907 592 sopori
2954 503 3076 573 de-

544 590 777 672 disset,
830 590 1058 659 subito
1106 612 1228 680 per
1274 590 1576 659 divinam
1628 592 1946 681 gratiam,
2000 590 2407 682 angelorum
2455 589 2687 660 choris
2717 605 2781 660 et
2809 591 3070 661 anima·

544 700 698 748 rum
766 678 1118 760 coetibuS,
1172 679 1726 748 beatissimorum
1793 681 2150 750 hominum
2193 679 2342 770 jam
2389 700 2547 748 cum
2601 684 2732 749 Deo
2779 701 3068 780 regnan·

542 768 740 845 tium,
771 784 835 836 et
856 766 1432 836 immortalitatem
1466 767 1695 838 adhuc
1714 790 2082 858 corporum
2113 765 2682 857 exspectantium,
2711 768 3074 858 spirltibus

541 855 870 937 interfuit,
908 868 973 925 et
1005 854 1626 925 familiarissimum
1677 858 1900 947 coepit
1938 855 2179 926 audire
2210 855 2660 943 colloquium.
2698 860 2881 926 Inter
2914 880 3071 927 cae—

544 957 682 1012 tera
716 945 949 1034 igitur,
984 966 1160 1032 quae
1201 945 1267 1013 in
1311 957 1650 1014 conventu
1685 944 1803 1015 illo
1838 946 2091 1015 coelico
2123 945 2407 1026 audivit,
2451 944 2658 1013 etiam
2703 944 2804 1014 illi
2846 947 3069 1016 sancti

543 1033 850 1121 spirituS,
907 1032 1250 1102 humanae
1299 1033 1541 1102 salutis
1589 1033 1794 1111 avidi,
1848 1035 2177 1121 queritari
2226 1045 2599 1123 coeperunt
2646 1033 2730 1102 de
2780 1033 3072 1104 Gallica-

544 1142 671 1190 nae
716 1120 1089 1212 dejectione
1135 1121 1485 1204 ecclesiae,
1522 1135 1587 1192 et
1618 1123 1783 1209 quid
1817 1121 1993 1192 facto
2031 1121 2116 1192 ad
2161 1123 2319 1192 talia
2368 1144 2544 1212 opus
2591 1134 2790 1204 esset,
2829 1122 3070 1193 crebro

542 1231 809 1280 versare
855 1231 1189 1291 sermone,
1227 1209 1552 1291 dicentes,
1587 1212 1751 1297 quia
1777 1212 1921 1300 jam
1962 1224 2232 1300 tempus
2265 1222 2442 1281 esset
2481 1209 2846 1280 miserendi
2884 1212 3060 1299 ejuS.

539 1298 852 1388 Duplicia
898 1298 1079 1367 enim
1133 1312 1477 1386 receperat
1527 1321 1647 1388 pro
1696 1299 2022 1370 omnibus
2072 1299 2367 1389 peccatis
2416 1301 2586 1380 suiS,
2640 1321 3063 1388 quamquam

541 1385 690 1456 faex
733 1388 885 1477 ejus
934 1408 1066 1455 non
1120 1387 1207 1456 sit
1253 1388 1622 1456 exinanita.
1687 1388 1807 1457 His
1857 1390 1948 1458 ita
2005 1389 2181 1457 inter
2221 1410 2292 1460 se
2338 1387 2850 1458 conferentibus
2880 1444 2895 1470 ,
2950 1412 3066 1459 su-

540 1476 680 1546 bito
731 1497 853 1545 vox
901 1475 1168 1558 adfuit,
1222 1497 1261 1544 a
1308 1477 1783 1566 superioribus
1829 1492 2032 1564 atque
2081 1477 2559 1548 secretioribus
2608 1476 2833 1567 adytis
2881 1477 3065 1549 salu-

539 1564 836 1634 berrime
868 1576 1071 1651 atque
1104 1564 1511 1634 suavissime
1546 1566 1891 1646 intonans,
1925 1588 2101 1653 quae
2133 1579 2198 1636 et
2234 1565 2691 1656 praesentium
2733 1565 3070 1638 solaretur

540 1652 910 1742 spirituum
965 1654 1399 1735 moestitiam,
1436 1667 1502 1722 et
1547 1654 1731 1740 quod
1783 1654 2093 1724 futurum
2141 1668 2308 1735 erat,
2354 1654 2867 1746 gratulabunda
2910 1677 3067 1745 pro—

540 1741 881 1830 mulgaret
944 1743 1281 1812 sententia
1311 1796 1330 1822 ‚
1388 1743 1479 1811 ita
1526 1742 1864 1812 dicendo:
1917 1746 2235 1813 Dominus
2275 1745 2630 1834 prospeoeit
2677 1744 2756 1812 de
2804 1748 3067 1815 eoecelso

535 1841 761 1898 sancto
805 1853 946 1913 suc,
991 1832 1307 1899 Dominus
1353 1831 1434 1900 de
1481 1834 1656 1901 coelo
1703 1834 1776 1900 in
1824 1843 2072 1900 terram
2120 1834 2457 1921 adspeoeit,
2516 1842 2587 1900 ut
2636 1833 2902 1901 audiret
2947 1857 3066 1923 qe—

534 1919 740 1988 mitus
787 1920 1304 2009 compeditorum
1336 1973 1350 2000 ‚
1402 1929 1478 1987 ut
1523 1924 1804 1989 solveret
1860 1922 2037 2010 filios
2075 1922 2649 2011 interemptorum:
2701 1931 2777 1989 ut
2815 1945 3066 1990 annun·

537 2008 750 2077 cietur
794 2031 1028 2077 nomen
1076 2009 1220 2098 ejus
1268 2010 1337 2076 in
1383 2010 1713 2098 qentibuS,
1771 2012 1841 2077 in
1890 2010 2327 2079 conveniendo
2374 2012 2655 2099 populos
2706 2011 2774 2078 in
2822 2033 3053 2090 unum,

537 2105 599 2164 et
646 2119 836 2187 reyes
859 2107 935 2164 ut
965 2098 1261 2165 serviant
1294 2098 1568 2166 Domino
1598 2098 1736 2197 (Ps.
1780 2101 1959 2182 lOl).
2000 2097 2267 2179 Cilinia,
2306 2097 2372 2165 in
2413 2111 2603 2166 utero
2636 2098 3056 2187 concipiens,

537 2183 761 2254 filium
812 2185 1030 2274 pariet
1093 2186 1371 2254 nomine
1433 2186 1824 2275 Remlgium
1864 2240 1880 2267 ,
1932 2186 2045 2256 cui
2093 2209 2131 2255 a
2184 2207 2289 2254 me
2337 2185 2711 2255 salvandus
2761 2187 3061 2276 populus

534 2272 1020 2342 committetur.
1077 2278 1275 2342 Beata
1321 2273 1661 2361 siquidem
1700 2274 1941 2344 Cilinia
1969 2274 2026 2355 ⁴²,
2066 2274 2326 2344 intenta
2360 2274 2492 2364 piis
2525 2273 2872 2364 operibus,
2907 2274 3063 2346 licet

535 2382 816 2451 corpore
845 2374 1186 2431 teneretur
1220 2362 1289 2431 in
1334 2362 1618 2443 mundo,
1665 2376 1890 2432 mente
1923 2364 2454 2432 conversabatur
2503 2363 2570 2431 in
2623 2362 2833 2432 coe10.
2873 2367 3059 2445 Quae

534 2450 602 2518 in
656 2451 820 2521 flore
857 2451 1241 2541 juventutis
1308 2462 1662 2541 pepererat
1718 2450 1802 2520 de
1849 2453 2056 2522 unico
2104 2452 2247 2522 viro
2296 2474 2422 2522 suo
2470 2451 2751 2521 Aemilio
2800 2453 3061 2522 Princi-

532 2538 725 2629 pium
764 2594 779 2620 ,
833 2539 1277 2609 Suessionum
1328 2539 1620 2609 civitatis
1669 2552 1902 2640 postea
1950 2553 2261 2611 sanctum
2314 2541 2714 2631 episcopum
2749 2595 2764 2621 ‚
2817 2555 2880 2610 et
2929 2540 3057 2611 fra·

531 2641 700 2697 trem
750 2628 923 2718 ejuS,
983 2640 1241 2717 patrem
1293 2629 1469 2697 beati
1522 2634 1694 2718 Lup1
1727 2630 2029 2719 episcopi
2070 2628 2382 2717 ejusdem
2420 2628 2745 2718 Principii
2788 2651 3049 2699 succes-

530 2716 727 2796 soriS,
781 2717 901 2803 qui
949 2738 1171 2803 usque
1218 2718 1303 2786 ad
1353 2717 1597 2788 ultima
1645 2717 1927 2807 gloriosi
1967 2718 2260 2808 Remigii
2313 2731 2641 2809 tempora,
2682 2718 3060 2788 sacerdotio

528 2818 629 2874 est
676 2803 976 2886 functUS,
1033 2807 1267 2893 sicque
1314 2804 1683 2875 defunctus
1729 2806 1819 2871 ⁸¹²⁴.

615 2895 652 2979 ξ
698 2897 791 2965 3.
844 2894 957 2962 Vir
1002 2905 1228 2964 autem
1265 2894 1381 2963 ille
1422 2895 1852 2976 venerabilis,
1900 2895 2076 2965 inter
2114 2894 2302 2964 illius
2335 2894 2660 2984 temporis
2693 2894 3057 2965 innumera

528 2981 859 3070 pericula,
916 2994 1100 3051 tanta
1148 2982 1614 3052 consolatione
1663 2997 1963 3070 accepta,
2005 2983 2286 3053 Ciliniae
2319 2983 2630 3052 divinum
2664 2982 3050 3065 oraculum,

529 3069 751 3160 gratia
800 3070 915 3138 Dei
966 3084 1359 3161 perceptum
1412 3070 1748 3172 patefecit.
1818 3071 2115 3141 Tandem
2166 3072 2605 3141 credentibus
2655 3073 3059 3162 parentibus

527 3157 753 3226 verbis
783 3159 908 3227 viri
942 3160 1080 3234 Dei,
1117 3159 1193 3229 fit
1218 3160 1578 3249 gaudium,
1663 3159 1798 3229 uod
1837 3160 2038 3230 talem
2076 3161 2461 3251 suscepturi
2502 3173 2730 3231 essent
2764 3160 3050 3250 prolem,

528 3246 600 3314 in
651 3245 854 3334 cujus
920 3249 1364 3336 conceptione
1421 3269 1556 3317 non
1655 3263 1799 3319 oret
1859 3249 2065 3318 ardor
2110 3250 2485 3340 explendae
2547 3249 2881 3330 lihidinis,
2937 3250 3053 3319 sed

526 3356 721 3404 amor
766 3336 1197 3424 generandae
1237 3336 1433 3423 juxta
1482 3336 1792 3407 divinum
1898 3338 2280 3428 raesagium
2332 3337 2607 3409 soboliS.
2664 3337 3056 3427 Concipitur

524 3444 685 3513 ergo
731 3422 1007 3493 futurus
1057 3425 1301 3494 Christi
1338 3425 1659 3515 pontifex,
1698 3436 1763 3494 et
1797 3360 2039 3495 Cfiristi
2082 3426 2625 3497 adminiculante
2666 3427 3052 3496 misericor-

524 3511 662 3591 dia,
720 3524 935 3580 mater
980 3511 1408 3594 beatissima,
1461 3535 1665 3600 quem
1716 3515 1997 3605 auspice
2048 3520 2178 3585 Deo
2226 3516 2581 3606 concepit,
2637 3515 2924 3584 feliciter
2972 3516 3051 3585 fi-

524 3599 692 3668 lium
744 3600 1026 3691 genuit,
1071 3601 1185 3672 cui
1235 3602 1529 3692 Remigii
1577 3603 1958 3673 secundum
2009 3604 2279 3674 Domini
2328 3605 2614 3684 dictum,
2671 3604 2737 3671 in
2790 3603 3050 3693 baptis-

526 3700 706 3758 mate
756 3710 1003 3759 nomen
1054 3690 1145 3759 im
1205 3690 1321 3759 oni
1369 3689 1545 3760 fecit.

608 3780 644 3864 ἓ
690 3783 775 3850 cl.
828 3783 957 3849 Nec
1006 3778 1130 3847 illu
1231 3779 1576 3849 silendum
1624 3792 1748 3860 est,
1805 3781 1969 3868 quia
2017 3781 2087 3850 in
2138 3780 2394 3850 chartis
2444 3780 2697 3849 recenti
2750 3791 3051 3869 tempore

522 3878 672 3954 post
721 3865 908 3935 illius
957 3867 1257 3949 obitum,
1312 3868 1427 3937 sed
1479 3880 1544 3937 et
1588 3881 1741 3958 post
1791 3869 1991 3959 plura
2039 3892 2375 3940 annorum
2428 3867 2778 3938 curricula
2827 3866 3045 3947 factis,

518 3954 603 4022 de
653 3956 857 4024 rebus
904 3955 1279 4027 Rhemensi
1330 3956 1666 4026 Ecclesiae
1716 3959 2007 4036 traditis,
2052 3960 2439 4029 Remedium
2477 3957 2691 4027 fuisse
2743 3957 3051 4025 nomina-

518 4054 662 4112 tum
716 4043 1034 4133 legimus
1091 4044 1282 4128 Quod
1334 4046 1454 4133 qui
1518 4047 1760 4116 merita
1805 4058 1871 4116 et
1918 4059 2066 4116 acta
2117 4046 2304 4117 illius
2353 4047 2677 4128 attendit,
2747 4067 3050 4135 congrue

516 4130 643 4200 hoc
692 4153 847 4200 eum
902 4135 1179 4203 nomine
1227 4134 1649 4224 appellatum
1700 4134 1913 4205 fuisse
1961 4136 2301 4226 intelligit.
2357 4136 2486 4219 Qui
2556 4134 2899 4204 miticrator
2946 4133 3051 4202 fu-

503 4220 689 4289 -roris
738 4221 1053 4304 Domini,
1107 4223 1177 4291 in
1229 4235 1533 4314 tempore
1582 4223 1982 4294 iracundiae
2031 4223 2248 4294 factus
2296 4238 2396 4297 est
2445 4187 2932 4304 reconciliatio,
2986 4235 3050 4291 et

566 4383 590 4406 ⁰
619 4384 859 4424 Recolltur
889 4382 937 4425 in
958 4386 1090 4426 Rom.
1112 4386 1356 4435 Mat-tyrol.
1382 4396 1466 4427 xx!
1487 4386 1587 4437 huj.

564 4437 617 4463 ⁸¹¹·
646 4436 891 4480 Memor-ati
910 4437 957 4480 in
976 4440 1062 4480 hnc
1082 4441 1273 4489 periodo
1294 4441 1559 4491 Princtptus
1578 4441 1625 4481 et
1644 4441 1809 4490 Lupus
1830 4441 2104 4481 recoluntur
2124 4450 2136 4481 ι
2159 4441 2206 4481 et
2228 4451 2330 4484 xxv
2355 4441 2479 4492 sept.
