3347 4999
295 304 469 372 01:⁹1⁸.
514 307 605 372 32
1047 326 1126 374 m:
1170 325 1228 373 s.
1278 323 1544 374 annucio
1588 325 1690 373 ιιι».
1733 323 2068 373 nunaunt..
2603 308 2734 376 657

289 411 564 487 animO,
623 431 863 480 rursus
920 413 1215 500 rogavit,
1274 426 1352 479 ut
1401 410 1592 480 navis
1657 409 1788 479 sibi
1857 420 2250 498 pararetur,
2305 431 2425 497 pet·
2468 430 2677 497 quain
2730 410 2818 481 ad

298 510 521 584 partes
569 499 801 587 Syriae
837 500 1204 589 navigaret.
1245 498 1541 567 Tandem
1592 519 1756 587 ergo
1793 519 2113 586 persuasa
2150 497 2237 567 ab
2289 496 2475 568 illius
2525 499 2824 569 assidui-

295 598 447 661 tate,
492 587 689 673 jubet
742 586 1219 657 Cornelianum
1261 588 1324 655 ei
1385 609 1623 676 parare
1673 586 2022 676 navigium
2053 639 2069 666 ,
2122 605 2187 653 et
2237 607 2414 673 quae
2460 602 2656 658 erant
2707 609 2821 657 ne-

288 676 633 754 cessaria,
701 676 1219 763 quamprimum
1292 676 1664 762 imponere.
1722 680 1888 744 Cum
1937 695 2101 760 ergo
2147 675 2205 744 ei
2262 677 2327 743 in
2380 681 2650 744 Portum
2701 676 2822 746 de-

291 761 496 832 ducta
544 778 722 834 esset
771 765 983 842 navis,
1051 763 1235 834 illam
1304 763 1795 834 conscendens.
1852 764 2146 852 septimo
2200 761 2312 832 die
2362 764 2820 854 navigationis

292 853 600 941 pervenit
671 854 737 920 in
808 856 1101 943 Syriam.
1160 859 1233 922 Et
1308 853 1606 941 primum
1659 851 1939 939 quidem
2010 865 2315 920 versatur
2379 853 2816 934 Antiocliiae;

277 939 541 1009 deinde
601 964 758 1011 eum
808 942 1056 1025 exi-ipit
1125 947 1455 1026 Apamea;
1508 955 1573 1010 et
1628 941 1821 1010 illinc
1871 940 2114 1008 transit
2160 939 2242 1008 ad
2312 939 2607 1026 reliquas
2655 942 2819 1009 civi·

283 1042 483 1107 tates,
520 1043 585 1098 et
635 1031 1028 1100 reconciliat
1057 1030 1394 1101 Ecclesiae
1446 1032 1619 1098 inter
1658 1051 1730 1098 se
1771 1028 2205 1098 dissidentes,
2246 1033 2434 1098 Tunc
2479 1029 2820 1117 euimper

272 1139 405 1185 eas
439 1117 630 1185 valde.
669 1121 983 1207 serpebat
1049 1119 1303 1188 malum
1365 1119 1664 1188 haeresis
1700 1118 2061 1187 Marcionis
2123 1116 2553 1186 Transmisso
2586 1132 2812 1187 autem

279 1205 654 1294 Euphrate,
705 1208 885 1276 venit
915 1207 998 1276 ad
1043 1208 1398 1287 istc-ctesias,
1454 1230 1629 1293 quae
1677 1223 1869 1276 erant
1922 1207 1987 1274 in
2025 1206 2263 1283 Nisibi,
2301 1223 2367 1276 et
2404 1207 2467 1274 in
2510 1221 2640 1275 tota
2683 1211 2817 1276 Me-

276 1297 692 1382 sopotamia,
734 1318 987 1383 easque
1033 1296 1267 1365 eodem
1315 1295 1516 1365 modo
1563 1294 1794 1365 afficit.
1832 1295 2006 1364 Hine
2040 1293 2122 1363 ad
2176 1317 2331 1363 eum
2368 1298 2458 1363 ab
2488 1295 2817 1367 omnibus

273 1382 691 1454 deseruntur
743 1386 1095 1471 pecuniae,
1153 1385 1514 1454 inediocris
1577 1384 2033 1454 remuneratio
2093 1404 2382 1474 magnae
2428 1383 2583 1469 ejus
2631 1384 2816 1453 circa

278 1472 624 1542 Ecclesias
668 1473 1001 1542 malorum
1045 1474 1523 1575 perpessinnis.
1563 1476 1978 1563 Ignorabant
2019 1487 2242 1540 autent
2281 1493 2353 1540 se
2391 1471 2670 1558 perinde
2717 1471 2817 1541 fa-

269 1582 460 1642 cere,
513 1583 592 1630 ac
641 1562 700 1631 si
748 1563 958 1633 alicui
1005 1585 1082 1632 ex
1136 1564 1245 1654 its,
1285 1562 1405 1649 qui
1449 1576 1737 1652 possunt
1786 1560 2211 1630 velocissime
2266 1581 2566 1640 cut-rere,
2625 1582 2814 1649 prae·

277 1650 523 1719 bei-ent
568 1653 959 1740 compedes,
1032 1651 1412 1740 praemium
1473 1650 1819 1738 quoddam
1884 1649 2236 1737 agilitatis,
2277 1663 2395 1718 aut
2444 1649 2497 1719 si
2547 1649 2806 1730 mavis,

276 1759 421 1806 non
458 1759 657 1808 secus
710 1762 789 1809 ac
853 1741 922 1820 ii,
974 1740 1094 1826 qui
1143 1762 1301 1808 eum
1352 1740 1468 1825 qui
1519 1738 1747 1808 nudus
1788 1737 2029 1807 luctari
2093 1738 2328 1826 pulcre
2375 1736 2641 1818 didicit,
2702 1759 2813 1807 co·

273 1842 539 1895 uantur
584 1827 853 1908 ducere,
896 1842 967 1897 ut
996 1850 1153 1897 enm
1191 1827 1567 1912 arripiendi
1600 1850 1837 1896 ansam
1880 1826 2124 1896 liabent
2170 1826 2629 1895 adversarius.

369 1917 406 2002 ξ
458 1921 610 1987 ²5.
663 1922 828 1985 Cum
879 1939 1041 2005 ergo
1093 1916 1203 1985 ille
1249 1916 1529 2004 quidem
1570 1929 1914 1985 recusaret
1944 1915 2279 2001 accipere,
2324 1913 2565 1983 dicens
2599 1912 2813 1983 fuisse

271 2002 505 2092 plura,
553 2026 728 2089 qnae
762 2005 969 2074 dabat
1004 2007 1430 2089 imperatrix,
1481 2021 1546 2073 et
1591 2026 1767 2091 quae
1806 2005 2098 2093 justiore
2126 2003 2213 2072 de
2257 2026 2465 2073 causa
2504 2015 2813 2089 poterant

262 2093 533 2180 accipi:
568 2093 662 2161 illi
693 2089 918 2163 autem
954 2094 1283 2164 insta-ntes
1319 2116 1448 2161 non
1485 2106 1759 2181 possent
1789 2091 2231 2180 persuadere:
2268 2106 2457 2161 stans
2487 2092 2552 2159 in
2586 2091 2810 2159 medio

258 2201 511 2249 eorum
553 2183 652 2249 vir
682 2182 991 2269 quidam,
1034 2183 1323 2251 ‘nomine
1374 2184 1858 2259 Bari-,ltasanes‚
1905 2202 2151 2270 genere
2198 2178 2653 2261 clarissimuS,
2706 2178 2812 2248 di-

269 2267 462 2336 vitiis
498 2271 1058 2359 copiosissimus:
1111 2296 1147 2338 «
1179 2276 1322 2340 Vim
1363 2270 1666 2357 quidem,
1706 2269 1952 2357 inquit,
1990 2269 2050 2337 ei
2101 2269 2341 2338 afferre
2385 2283 2660 2359 propter
2696 2289 2809 2367 pe-

254 2357 543 2436 cunias,
583 2381 623 2428 o
654 2358 912 2437 fratres,
957 2382 1174 2447 neque
1205 2377 1306 2429 est
1337 2361 1395 2429 ei
1433 2361 1784 2435 decorum,
1830 2380 2047 2444 neque
2075 2358 2271 2429 nobis
2301 2357 2583 2427 omnino
2613 2355 2804 2425 utile.

259 2447 465 2529 Quod
509 2465 734 2517 autem
787 2449 1022 2517 danim
1100 2470 1230 2518 non
1285 2448 1440 2517 licet
1496 2447 1860 2536 deponere,
1905 2462 1970 2516 et
2015 2447 2194 2534 quod
2247 2446 2306 2516 ei
2363 2446 2582 2538 magis
2641 2444 2835 2515 dant'

258 2558 440 2606 suae
486 2538 808 2617 actiones,
870 2537 1035 2606 illud
1086 2552 1187 2606 est
1233 2560 1268 2606 a
1325 2537 1520 2607 nobis
1575 2536 2088 2625 praestandum.
2161 2541 2615 2605 Decernetnus
2643 2555 2806 2603 eum

259 2626 633 2694 nominare
677 2629 1032 2718 aequalem
1082 2628 1432 2717 ‘ipos-colis,
1479 2630 1707 2712 Neque
1744 2626 1927 2694 enim
1998 2624 2218 2694 ullum
2271 2624 2484 2694 alium
2546 2622 2808 2721 scimus

258 2727 538 2783 tautum
587 2730 801 2784 terrae
848 2729 911 2783 et
954 2717 1163 2784 maris
1208 2716 1500 2794 obiisse,
1549 2729 1620 2783 ut
1667 2737 1907 2783 curam
1960 2727 2221 2801 gereret
2277 2712 2563 2781 fratrum
2596 2764 2612 2789 ,
2671 2711 2805 2778 uisi

258 2824 583 2872 summos
631 2804 873 2873 Christi
925 2803 1328 2893 discipulos,
1363 2825 1537 2890 quos
1586 2802 1866 2890 quidem
1924 2802 2068 2888 ipse
2114 2813 2216 2869 est
2249 2814 2598 2879 secutus.»
2625 2801 2806 2897 Haec

232 2891 385 2960 ‘ille
424 2893 744 2978 quidem:
789 2893 1116 2961 omnibus
1163 2906 1388 2961 autem
1446 2892 1664 2961 visunt
1707 2904 1810 2959 est
1859 2891 1949 2958 ita
2007 2910 2157 2958 esse
2202 2887 2623 2956 faciendum.
2664 2891 2805 2954 Ste-

248 3002 403 3067 que
452 2981 537 3049 ab
572 2981 688 3049 illo
719 2995 1021 3068 tempore.
1053 2982 1319 3071 accepit
1356 2985 1531 3048 lianc
1566 2978 2220 3055 denominationem,
2257 2977 2376 3060 qui
2406 2975 2608 3043 etiam
2645 2988 2805 3044 ante
2911 3012 2916 3019 ·

256 3070 547 3138 illorum
601 3070 1006 3139 sententiani
1062 3070 1238 3139 hauc
1270 3084 1416 3138 erat
1444 3069 1612 3156 ipsis
1645 3066 1842 3136 factis
1871 3067 2178 3135 sortitus.
2212 3069 2374 3134 Cum
2423 3065 2613 3132 illinc
2637 3084 2804 3151 ergo

188 3240 193 3245 ,
258 3158 682 3234 recessisset,
736 3174 801 3227 et
837 3160 901 3225 in
958 3176 1247 3244 utraque
1294 3157 1536 3226 fuisset
1582 3155 1842 3234 Cilicia,
1897 3168 1964 3223 et
2011 3154 2419 3242 Lycaoniam
2471 3152 2799 3233 obiisset,

248 3261 323 3317 et
376 3246 731 3327 Pisidiam,
788 3246 967 3315 venit
1018 3247 1355 3329 Synadem
1413 3246 1741 3334 Phrygiae
1793 3242 2247 3332 metropolim.
2302 3241 2613 3329 Hospitio
2679 3260 2804 3307 au-

250 3351 394 3405 tem
451 3349 773 3423 acceptus
821 3358 857 3404 a
897 3335 1312 3420 quibusdam
1366 3356 1444 3401 ex
1491 3334 1595 3410 iis.
1634 3330 1753 3418 qui
1792 3330 1934 3399 illie
1955 3331 2606 3413 eranttjltristianis,
2638 3349 2799 3398 cum

246 3445 331 3494 se
388 3445 762 3512 parumper
811 3439 1200 3497 recreasset.
1237 3421 1323 3491 ad
1375 3444 1572 3490 suain
1624 3420 1977 3490 contendit
2013 3421 2381 3489 civitatem.

350 3519 390 3593 ἓ
448 3515 610 3581 213.
649 3517 812 3580 Cum
868 3511 1092 3597 itaque
1141 3524 1393 3580 aestate.
1435 3509 1730 3578 venisset
1776 3509 1859 3577 ad
1918 3510 2166 3586 locum,
2219 3510 2338 3595 qui
2388 3506 2643 3576 dicitur
2671 3512 2804 3579 Au-

251 3600 403 3677 lon,
447 3599 623 3667 sedit
672 3599 736 3667 in
787 3618 967 3687 petra
1029 3600 1438 3688 propinqua.
1507 3604 1668 3665 llum
1722 3612 1949 3666 autem
2000 3612 2064 3666 et
2117 3614 2360 3666 ventus
2398 3597 2697 3683 spiraret
2742 3596 2805 3665 ei

251 3690 619 3767 adversuS,
683 3702 748 3756 et
793 3710 828 3754 a
884 3687 1157 3756 rusticis
1206 3687 1629 3756 frumentum
1696 3687 1761 3754 in
1813 3708 1968 3755 area
2006 3686 2480 3764 ventilaretur,
2523 3700 2587 3753 et
2633 3707 2807 3755 aura

250 3794 505 3848 tenues
560 3777 1174 3865 paleasexcitans,
1233 3777 1298 3843 in
1353 3776 1579 3845 Sancti
1631 3774 1895 3844 vultum
1946 3775 2321 3863 projiceret,
2379 3788 2576 3863 rogat
2621 3775 2806 3863 agri-

253 3867 475 3945 colas»,
519 3880 592 3935 ut
628 3866 925 3934 laborem
964 3864 1394 3952 aliquantum
1463 3865 1905 3932 remitterent.
1974 3863 2076 3931 llli
2128 3877 2353 3932 autem
2410 3884 2542 3929 noti
2596 3884 2808 3930 exau-

246 3956 566 4025 dierunt.
627 3953 877 4023 Deinde
927 3958 1218 4022 Sanctus
1265 3953 1543 4040 quidem
1595 3953 1762 4020 solis
1828 3952 2146 4041 precibus
2194 3951 2373 4039 sopit
2421 3950 2745 4038 spiritum
2784 4005 2800 4030 ,

254 4043 399 4112 illis
449 4055 677 4112 autetn
733 4042 829 4109 vel
886 4042 1115 4111 invitis
1161 4042 1452 4112 cessavit
1492 4041 1827 4110 studium.
1868 4046 2036 4110 Cum
2062 4062 2224 4127 ergo
2260 4040 2602 4108 nescirent
2631 4038 2803 4125 quid

246 4146 587 4227 agerent,
644 4132 688 4200 ii
740 4153 812 4199 se
871 4144 1276 4200 convertunt
1336 4129 1421 4198 ad
1471 4152 1778 4199 coenam.
1848 4133 2001 4217 Ipse
2060 4143 2285 4197 autem
2338 4150 2585 4215 aquam
2637 4128 2803 4217 (siti

254 4221 442 4287 cuim
515 4218 917 4308 laborabat)
962 4220 1048 4288 ab
1118 4220 1218 4287 eis
1272 4221 1480 4307 petiit.
1548 4218 1671 4288 Sed
1727 4218 2070 4305 agricolae
2111 4240 2271 4285 cum
2330 4230 2558 4286 essent
2605 4217 2803 4286 valde

258 4306 734 4393 inhospitales.
788 4326 852 4378 et
896 4308 1094 4397 plane
1129 4323 1455 4397 agrestes,
1508 4308 1858 4397 despectui
1905 4306 2248 4376 habebant
2283 4306 2700 4397 petitionem,
2738 4319 2806 4375 et

255 4406 400 4463 retu
458 4398 1034 4479 luditicabantur;
1086 4398 1374 4477 scilicet,
1441 4416 1713 4488 propter
1755 4418 1974 4466 unum
2025 4419 2307 4479 senem,
2368 4395 2706 4477 dicentes,
2761 4417 2805 4467 a

417 4518 659 4575 surius
684 4545 712 4564 ·
754 4516 919 4578 Vitae
942 4514 1047 4578 SS.
1079 4546 1110 4563 ·
1142 4513 1273 4578 Vol.
1301 4512 1376 4579 X.
2563 4511 2645 4573 49.
