3347 4999
91 359 248 424 )CT.
303 359 344 422 5
836 375 915 421 ne
950 374 1041 421 ss.
1082 373 1341 422 PLACIDO
1390 375 1463 421 m·
1511 373 1710 422 socus
1756 376 1870 421 im.
2413 357 2527 421 ,194

91 460 354 529 raleat‘?
401 458 702 530 Orationi
752 470 819 528 et
868 458 1141 528 lectioni
1192 458 1382 528 solus
1430 458 1733 546 quotidie
1767 457 2158 538 insudabat,
2212 481 2290 528 ac
2331 481 2533 548 saepe
2564 473 2628 530 et

91 550 377 619 nultum
447 571 604 618 cum
661 547 1087 616 meditationi
1138 547 1545 628 inserviret,
1602 547 1927 637 lacrymis
1979 547 2272 628 ssuebat;
2328 547 2622 619 habebat

91 639 260 708 enim
317 638 638 728 spiritum
684 657 974 726 magnae
1006 637 1585 725 compunctionis.
1626 641 1767 706 Non
1812 635 2081 716 diebus,
2137 658 2268 704 non
2311 638 2627 709 noctibus

91 753 107 795 ι
159 726 530 813 colloquiis
592 724 848 795 divinis
897 737 962 794 et
1012 725 1398 815 psalmodia
1455 726 1810 804 cessabat,
1866 724 2057 794 omni
2110 736 2410 814 tempore
2457 748 2625 813 qua-

91 815 603 905 lragesimalem
660 815 863 883 vitam
916 813 1227 896 ducens,
1284 815 1517 883 vinum
1583 835 1939 902 nunquam
1991 813 2259 882 bibens.
2315 818 2390 882 In
2444 819 2625 897 Qua-

91 905 468 995 lragesima
518 904 873 972 Dominico
922 903 1055 982 die,
1115 904 1305 972 tertia
1356 915 1420 972 et
1466 903 1710 989 quinta
1771 901 1961 982 ferie,
2019 923 2196 992 pane
2246 913 2512 971 tantum
2546 917 2627 972 et

91 999 249 1081 iqua
299 1006 665 1062 contentus
710 1004 876 1073 erat,
927 992 1081 1061 aliis
1129 992 1376 1062 diebus
1424 993 1597 1060 nihil
1647 993 1934 1061 omnino
1984 992 2344 1081 recipiens.
2392 991 2625 1061 Cilicio

91 1104 349 1172 emper
395 1081 478 1150 ad
530 1102 810 1150 carnem
860 1103 1030 1152 usus
1077 1093 1200 1162 est,
1254 1095 1318 1150 et
1364 1103 1524 1150 curn
1576 1080 1902 1170 fatigatus
1949 1092 2135 1150 esset
2183 1079 2270 1148 ab
2319 1081 2625 1149 oratione

91 1194 194 1241 aeu
245 1193 287 1240 a
335 1171 810 1261 genuflexione
841 1225 856 1252 ,
920 1169 1221 1240 sedendo
1281 1169 1504 1257 potius
1544 1191 1751 1255 quam
1794 1168 2092 1259 'jacendo
2141 1190 2462 1238 somnum
2514 1191 2625 1238 ca-

91 1262 329 1331 ›iebat.
384 1265 592 1330 Nemo
632 1258 830 1328 illum
881 1280 1188 1346 unquam
1238 1259 1328 1328 ali
1383 1258 1612 1328 nando
1655 1257 1824 1328 vidit
1871 1259 1940 1326 in
1991 1257 2223 1345 aliquo
2256 1269 2406 1327 acto
2439 1280 2625 1328 corn-

91 1363 367 1430 notum,
425 1348 541 1418 sed
594 1370 865 1437 semper
917 1348 1308 1429 honestum,
1419 1347 1729 1426 umilem,
1792 1367 2094 1437 gravem,
2154 1360 2617 1428 mansuetum,

91 1439 485 1528 ›enignum,
545 1437 804 1506 nemini
835 1450 1237 1518 -oocentem,
1294 1436 1557 1505 nemini
1605 1435 2053 1516 invidentem,
2095 1436 2381 1516 nemini,
2434 1435 2619 1522 quod

91 1526 337 1596 nalum
387 1541 509 1608 est,
562 1536 1050 1613 quaerentem:
1104 1538 1248 1594 erat
1294 1525 1504 1605 enim,
1559 1525 1750 1594 omni
1795 1524 1984 1604 bora,
2041 1524 2260 1614 gratia
2312 1524 2427 1592 Dei
2480 1524 2622 1614 ple-

91 1639 231 1685 ius.
286 1615 655 1702 Nunquam
705 1613 1079 1701 aliquando
1128 1614 1339 1683 alicui
1388 1613 1650 1682 homini
1704 1612 1974 1683 locutus
2014 1625 2137 1691 est,
2194 1612 2324 1681 nisi
2389 1633 2622 1682 neces-

91 1704 241 1775 ;itas
276 1705 632 1795 coegisset,
686 1716 806 1772 aut
853 1702 1138 1784 fratrum
1192 1703 1481 1782 affectiO,
1537 1703 1651 1771 sed
1710 1704 2043 1772 bonorum
2105 1701 2466 1770 hominum
2519 1702 2621 1772 vel

91 1803 491 1893 aauperum,
548 1805 667 1861 aut
716 1814 874 1861 cum
930 1792 1323 1861 monasterii
1362 1791 1730 1860 necessitas
1764 1803 2176 1880 exposceret,
2215 1801 2623 1878 semperque

91 1882 364 1970 ipiritus
411 1883 562 1971 ejus
613 1880 680 1947 in
723 1885 851 1949 Deo
903 1881 1162 1969 positus
1209 1893 1374 1949 erat.
1433 1878 1556 1949 Sed
1610 1879 1679 1948 in
1732 1879 2057 1950 omnibus
2108 1879 2494 1960 virtutibus,
2548 1881 2618 1948 in

91 1970 336 2055 quibus
385 1991 541 2038 eum
597 1968 1133 2058 perfectissimus
1166 1969 1492 2060 magister
1525 1991 1697 2038 suus
1730 1969 2138 2037 Benedictus
2180 1968 2614 2050 instruxerat,

91 2058 162 2126 ie
213 2056 324 2126 die
390 2058 458 2125 in
524 2056 702 2126 diem
757 2058 1154 2147 proficiebat
1211 2072 1413 2145 atque
1470 2059 1866 2127 crescebat:
1945 2078 2076 2126 non
2129 2055 2483 2143 aequalem
2551 2079 2675 2127 se·

91 2146 368 2216 iliorum
420 2146 704 2228 ducens,
758 2146 872 2215 sed
926 2146 1328 2216 ultimorum
1379 2147 1695 2215 omniurn
1745 2168 2045 2215 servum.
2094 2150 2249 2214 Jam
2304 2166 2480 2224 vero,
2529 2146 2615 2216 de

91 2238 248 2324 qius,
301 2235 467 2322 quid
518 2234 785 2316 dicam,
837 2235 1256 2304 clementia?
1303 2235 1398 2303 nil
1448 2235 1633 2304 enim
1700 2235 1912 2304 menti
1958 2234 2110 2325 ejus
2157 2233 2388 2302 carius
2435 2233 2613 2315 fuit,

92 2347 281 2412 luam
335 2336 675 2411 potentem
727 2324 1014 2413 pauperi
1062 2346 1197 2393 non
1253 2345 1693 2413 praeponere.
1748 2324 1818 2393 Si
1876 2344 2244 2414 pauperem
2300 2321 2615 2401 videbat,

91 2412 502 2482 mstinebat:
557 2413 613 2481 si
654 2412 959 2492 divitem,
997 2412 1081 2481 ad
1124 2411 1688 2482 benefaciendum
1739 2413 2165 2493 hortabatur,
2212 2410 2383 2480 illud
2427 2435 2616 2501 prae-

91 2504 318 2571 iicans
360 2502 884 2591 Evangelicum:
941 2505 1072 2585 Qui
1125 2504 1320 2572 habet
1390 2504 1559 2572 duas
1622 2505 1929 2583 tunicas,
2004 2504 2113 2572 det
2159 2524 2289 2570 non
2351 2502 2624 2572 habenti

91 2596 320 2675 [Lucae
352 2612 446 2667 111,
490 2592 650 2679 Μ);
704 2604 768 2659 et
800 2591 919 2678 qui
985 2590 1187 2661 babet
1231 2613 1446 2672 escaS,
1506 2591 1824 2661 similiter
1877 2591 2102 2672 faciat,
2143 2602 2219 2659 ut
2268 2590 2615 2661 coelorum

91 2701 368 2769 regnum
418 2680 730 2770 accipere
760 2679 1001 2748 valeat.
1057 2679 1205 2749 Ibat
1250 2694 1475 2749 autem
1526 2679 1918 2767 frequenter
1962 2681 2047 2750 ad
2098 2678 2447 2768 operarios
2499 2680 2620 2766 qui

91 2768 479 2838 :oenobium
529 2780 595 2837 et
649 2768 1006 2838 ecclesiam
1057 2769 1566 2863 construebant,
1620 2769 1706 2838 ad
1759 2780 2031 2859 portum
2082 2788 2357 2856 quoque
2408 2769 2617 2837 maris

91 2870 136 2926 et
184 2870 403 2927 cortes
452 2857 667 2947 patris
715 2858 825 2927 sui
867 2856 1205 2939 visendaS,
1260 2858 1497 2945 sicque
1542 2858 1824 2927 demum
1876 2856 2339 2928 revertebatur
2368 2854 2455 2923 ad
2494 2857 2620 2926 do·

91 2968 261 3015 num
312 2968 519 3033 quam
570 2946 705 3016 sibi
753 2947 1387 3017 accommodaverat
1436 2947 1868 3017 Messalinus.

160 3037 196 3121 ξ
243 3041 375 3106 ¹1.
430 3039 683 3117 Quarto
732 3057 887 3104 vero
918 3056 1101 3104 anno
1138 3048 1498 3126 postquam
1552 3036 1619 3105 in
1676 3034 1977 3105 Siciliam
2028 3044 2307 3102 sanctus
2345 3033 2615 3104 Domini

91 3123 390 3194 .³lacidus
439 3136 758 3204 venerat,
812 3125 1306 3195 monasterium
1373 3147 1577 3194 omne
1634 3144 1772 3192 una
1831 3143 1990 3191 curn
2041 3121 2329 3192 ecclesia
2392 3122 2615 3193 sancti

91 3212 417 3301 3aptistae
442 3213 726 3282 ‚loannis
760 3214 925 3283 satis
957 3213 1277 3283 decenter
1322 3213 1393 3281 in
1444 3213 1631 3282 omni
1667 3210 2176 3281 constructione
2211 3210 2611 3301 perfectum,

91 3313 274 3388 itque
322 3299 408 3369 ab
457 3303 791 3392 Episcopo
838 3301 1144 3389 ejusdem
1205 3307 1553 3372 Messanae
1608 3301 1904 3370 civitatis
1954 3300 2241 3369 ecclesia
2303 3301 2617 3371 dedicata

91 3404 176 3460 {st
220 3389 459 3476 quinto
508 3389 846 3460 Kalendas
879 3391 1189 3481 Augusti.
1244 3390 1530 3481 Rogavit
1566 3389 1769 3459 etiam
1809 3388 1986 3458 idern
2026 3404 2305 3461 sanctus
2335 3391 2618 3480 Episco-

91 3501 269 3559 mm,
323 3489 400 3548 ut
449 3479 653 3548 totius
703 3480 1101 3548 monasterii
1140 3479 1477 3549 ambitum
1515 3483 1691 3566 aqua
1741 3478 2112 3548 exorcizata
2168 3490 2609 3570 respergeret,

91 3581 136 3638 §t
183 3567 557 3636 orationem
610 3566 825 3647 daret,
881 3569 1116 3655 sicque
1166 3568 1234 3637 in
1284 3589 1439 3637 eum
1493 3580 1773 3636 sanctus
1813 3567 2077 3636 Domini
2121 3567 2477 3668 ingressus
2511 3579 2613 3637 est

91 3678 230 3726 :um
291 3654 437 3725 suis
505 3655 590 3724 ad
648 3656 1122 3726 habitandum.
1179 3661 1561 3745 Coeperunt
1606 3655 1854 3725 deinde
1904 3654 2221 3725 nonnulli
2273 3657 2614 3725 mundum

92 3744 483 3832 elinquere,
536 3757 601 3812 et
648 3746 778 3815 sub
826 3746 1004 3815 beati
1062 3744 1312 3821 Placidi
1379 3745 1771 3835 magisterio
1826 3744 2054 3815 cordis
2101 3744 2402 3814 cervices
2451 3744 2615 3814 edo-

91 3855 284 3903 nare.
339 3837 526 3902 Intra
575 3832 777 3902 breve
811 3856 1110 3922 namque
1158 3833 1489 3925 temporis
1538 3833 1865 3924 spatium,
1921 3833 2196 3924 triginta
2250 3831 2492 3904 fratres
2540 3833 2612 3902 in

91 3921 306 3993 todem
342 3921 489 3991 loco
519 3922 602 3990 ad
640 3923 1129 4012 omnipotentis
1178 3922 1293 3992 Dei
1341 3923 1696 3992 servitium
1732 3921 2127 4012 congregati
2159 3935 2344 3993 sunt.

159 4014 195 4097 ξ
241 4017 386 4082 12.
440 4016 564 4079 Per
598 4010 778 4079 idem
817 4025 1086 4101 tempus
1119 4010 1282 4080 dum
1318 4011 1395 4093 in,
1433 4012 1609 4081 Urbe
1634 4011 1817 4080 fama
1860 4011 2202 4091 crevisset,
2241 4010 2424 4097 quod
2458 4032 2616 4079 san-

89 4111 223 4168 :tus
251 4099 517 4169 Domini
546 4098 866 4169 Placidus
898 4122 937 4169 a
974 4100 1342 4170 venerabili
1376 4112 1564 4191 patre
1598 4100 1962 4170 Benedicto
1994 4099 2079 4168 ad
2118 4098 2613 4170 monasterium

91 4188 637 4269 :onstruendum‚
690 4201 755 4257 et
801 4201 1020 4260 cortes
1059 4211 1138 4259 ac
1188 4190 1657 4280 possessiones
1706 4188 1985 4258 Tertulli
2034 4189 2251 4279 patris
2290 4189 2400 4258 sui
2458 4188 2614 4257 reti-

91 4275 338 4344 nendas
372 4331 387 4357 ,
442 4277 509 4345 in
564 4277 868 4347 Siciliam
929 4278 1231 4349 directus
1293 4277 1580 4360 fuisset,
1634 4290 1698 4347 et
1744 4277 1909 4365 quia
1957 4277 2025 4345 in
2077 4278 2405 4348 coenobio
2453 4299 2492 4345 a
2540 4297 2614 4345 se

91 4378 462 4435 :onstructo
511 4368 790 4458 triginta
858 4368 991 4437 'am
1042 4371 1304 4438 Fratres
1353 4367 1482 4437 sub
1532 4366 1746 4458 patris
1813 4364 1920 4436 sui
1969 4366 2312 4436 Benedicti
2374 4364 2615 4455 regula

91 4467 553 4544 aggregasset3
620 4460 831 4547 Eutyc
889 4456 996 4529 ius
1043 4468 1108 4528 et
1154 4455 1589 4540 VictorinuS,
1662 4453 1975 4547 germani
2043 4456 2192 4546 ejus
2226 4510 2243 4539 ‚
2316 4474 2611 4543 quorum
