3347 4999
715 344 800 407 68
1279 361 1357 407 mi
1404 360 1460 407 s.
1511 358 1903 408 monscamo
1951 358 2151 407 arnse.
2204 359 2279 406 ar
2327 359 2518 406 nar.
2903 342 3094 407 OCT.
3143 342 3194 405 2

624 457 908 516 statum.
965 444 1361 533 Usqueadeo
1414 466 1568 515 vero
1609 458 1825 515 totum
1865 449 2286 514 Francorum
2325 465 2615 535 regnum
2669 465 3196 532 usquequaque

627 535 946 615 restituit,
990 548 1065 603 ut
1112 555 1351 604 omnes
1402 556 1472 604 se
1520 533 2037 625 gratularentur
2065 538 2317 624 Regem
2371 534 2622 603 habere
2670 532 3189 614 childericum,

622 636 693 692 et
742 623 973 713 palatii
1029 622 1441 712 praefectum
1493 621 2012 711 Leodegarium.
2066 627 2235 691 Cum
2289 623 2456 692 haec
2500 623 2707 690 annis
2751 621 2892 691 fere
2944 624 3193 691 tribus

626 734 784 780 cum
839 712 1052 782 multo
1099 712 1342 780 decore
1389 725 1781 801 agerentur,
1836 709 2064 779 malus
2111 710 2428 790 daemon,
2469 711 2591 797 qui
2628 732 2750 800 pro
2792 710 3003 781 insita
3039 711 3192 780 sibi

627 800 1027 879 invidentia,
1066 803 1242 870 bona
1276 800 1629 870 destruere
1655 799 1848 880 solet,
1885 798 2317 869 administris
2365 799 2533 879 suis,
2570 821 2744 886 quos
2775 799 2954 869 idem
2989 800 3193 869 anti·

628 902 764 959 stes
808 891 943 959 sibi
990 891 1211 958 socios
1257 887 1669 958 adhibuerat
1702 910 1930 957 rerum
1971 887 2457 978 gerendarum,
2498 888 2797 957 invidiae
2831 888 3016 958 faces
3054 887 3192 957 ad·

624 1000 898 1048 movere
943 980 1190 1067 coepit,
1243 990 1310 1046 et
1356 1000 1477 1067 per
1524 978 1681 1047 illos
1732 978 1906 1046 inter
1947 978 2356 1067 Episcopum
2395 990 2460 1045 et
2489 982 2744 1067 Regem
2777 977 3194 1047 discordiae

625 1068 955 1136 zizaniam
1009 1068 1377 1137 seminare.
1431 1067 1846 1136 Imminente
1894 1067 2107 1156 igitur
2146 1080 2289 1135 tum
2336 1066 2683 1135 Paschatis
2719 1066 3191 1136 celeberrimo

622 1156 778 1236 die,
832 1156 1213 1245 Episcopus
1259 1178 1299 1224 a
1350 1161 1530 1246 Rege
1582 1156 1820 1243 petiit,
1885 1169 1958 1223 ut
2027 1155 2507 1245 Augustoduni
2575 1154 2756 1223 diem
2810 1155 3190 1226 sanctissi-

628 1266 819 1313 mum
869 1245 1263 1313 celebraret.
1320 1249 1461 1313 Non
1513 1244 1758 1314 abnuit
1781 1249 1948 1324 Rex,
2008 1245 2122 1314 sed
2181 1244 2500 1333 Episcopi
2567 1244 2886 1332 precibus
2934 1243 3188 1314 studet

627 1335 941 1419 obsequi.
997 1338 1070 1401 In
1125 1333 1294 1421 ipsis
1353 1333 1563 1422 igitur
1623 1332 1877 1421 vigiliis
1919 1333 2218 1402 Paschae
2270 1354 2393 1422 pro
2455 1334 2740 1418 antiquo
2788 1354 2979 1401 more
3031 1332 3189 1403 illis

626 1424 884 1511 pariter
927 1422 1255 1491 euntibus
1299 1421 1388 1489 ad
1452 1422 1812 1490 Missarum
1877 1420 2208 1492 solemnia
2272 1420 2706 1502 celebranda,
2758 1421 2900 1490 odii
2952 1423 3186 1492 semi·

630 1512 825 1579 nario
882 1510 1111 1580 adhuc
1162 1511 1511 1590 latitante,
1568 1510 1626 1581 is
1671 1510 1791 1597 qui
1844 1509 2185 1579 malorum
2235 1510 2546 1580 incentor
2591 1523 2780 1590 erat,
2833 1510 3189 1580 accedens

626 1599 714 1667 ad
769 1599 1208 1688 Episcopum,
1240 1599 1366 1667 ait:
1406 1605 1652 1668 Caveas
1701 1598 1851 1673 tibi,
1907 1612 2142 1669 sancte
2183 1599 2507 1688 pontifex.
2568 1600 2931 1669 Missurum
2976 1600 3183 1668 enim

622 1687 1021 1758 celebritate
1070 1702 1340 1778 peracta
1372 1743 1387 1769 ,
1431 1689 1641 1778 jussu
1701 1688 1905 1778 Regis
1955 1688 2476 1758 interficiendus
2540 1710 2635 1757 es.
2711 1692 2879 1757 Nam
2930 1710 3186 1757 semen

628 1798 954 1863 nequam,
999 1779 1087 1847 ab
1130 1776 1443 1846 hostibus
1492 1777 1634 1845 tuis
1675 1777 1743 1845 in
1793 1778 1946 1866 eJus
1993 1789 2217 1846 satum
2272 1790 2559 1866 pectore,
2602 1777 2727 1845 hac
2768 1791 2969 1846 nocte
3016 1798 3187 1846 exe-

630 1879 731 1934 ret
778 1889 948 1935 sese.

718 1957 895 2042 §a
949 1956 1069 2024 His
1134 1953 1431 2033 auditis,
1487 1952 1882 2023 dissimulat
1930 1954 2206 2023 interim
2257 1959 2303 2023 E
2360 1954 2679 2044 iscopus,
2738 1975 2962 2040 neque
3012 1975 3186 2022 eam

632 2065 774 2112 rem
818 2042 1388 2131 magnipendens,
1444 2041 1697 2111 laetum
1748 2055 1814 2111 et
1859 2064 2176 2112 serenum
2223 2065 2308 2112 vu
2344 2057 2486 2112 tum
2536 2042 2831 2124 exhibet,
2885 2042 3182 2112 inchoa·

632 2145 834 2218 taque
897 2134 1258 2201 Missarum
1322 2130 1654 2201 solemnia
1716 2131 2195 2200 honestissime
2250 2144 2715 2201 consummat.
2789 2137 3179 2217 ⁴Postquam

627 2239 860 2290 autem
909 2222 1055 2310 ipse
1101 2235 1166 2289 et
1219 2226 1355 2289 Rex
1405 2220 1906 2289 Eucharistiam
1958 2235 2444 2307 sumpserant,
2502 2225 2641 2290 Rex
2688 2220 2771 2289 ad
2823 2220 3181 2310 palatium

632 2331 1015 2399 pransurus
1054 2310 1418 2380 abscessit:
1460 2311 1842 2398 Episcopus
1887 2330 2043 2378 vero
2096 2323 2365 2398 peracto
2419 2310 2832 2389 ministeri0‚
2882 2310 3184 2379 hausto—

626 2420 764 2484 que
811 2420 969 2467 cum
1007 2401 1152 2468 suis
1200 2420 1411 2479 mero,
1467 2412 1542 2467 ut
1589 2419 1737 2467 sese
1778 2397 1981 2467 habet
2029 2398 2337 2468 humana
2385 2399 2746 2487 fragilitaS,
2778 2399 2985 2488 Regis
3018 2399 3186 2468 ani·

622 2510 781 2557 ffmos
816 2502 1150 2562 metuens.
1190 2510 1346 2559 eum
1401 2487 1539 2557 illis
1590 2501 1875 2557 tractare
1922 2489 2167 2576 coepit,
2221 2487 2387 2575 quid
2433 2486 2560 2556 hac
2591 2487 2661 2556 in
2713 2510 2784 2556 re
2816 2490 3181 2577 agendum

629 2576 998 2646 videretur.
1081 2577 1203 2647 Ubi
1265 2589 1492 2645 autem
1550 2577 1635 2646 ad
1709 2577 2070 2646 Dominum
2123 2599 2358 2665 preces
2405 2575 2622 2658 fudit,
2676 2576 3076 2646 consultius
3118 2579 3184 2646 ei

628 2666 854 2736 visum
904 2679 1028 2746 est,
1070 2665 1479 2755 posthabitis
1525 2665 1855 2734 omnibus
1905 2666 2247 2735 Christum
2299 2667 2518 2753 sequi,
2572 2687 2782 2751 quam
2832 2665 3034 2734 caedi
3090 2665 3182 2735 lo·

623 2776 787 2823 cum
840 2754 1028 2835 dare,
1072 2778 1154 2824 ne
1199 2776 1448 2824 manus
1486 2755 1690 2844 Regis
1726 2767 1860 2823 tam
1898 2753 2067 2823 sesto
2104 2755 2239 2830 die,
2286 2755 2660 2825 sacerdotis
2685 2755 3034 2843 sanguine
3070 2755 3182 2823 in-

626 2844 1108 2930 quinarentur,
1146 2859 1349 2930 atque
1382 2844 1447 2911 in
1480 2848 1900 2912 Francorum
1930 2844 2168 2912 odium
2200 2856 2265 2913 et
2297 2855 2768 2932 contemptum
2805 2842 3176 2924 incideret,

626 2933 979 3020 uniusque
1047 2933 1349 3002 hominis
1396 2937 1609 3002 causa
1661 2932 1867 3001 totius
1917 2933 2151 3021 populi
2203 2933 2618 3002 concertatio
2669 2946 2739 3001 et
2799 2932 3180 3002 conflictus

624 3022 945 3090 oriret'ur.
1027 3023 1285 3092 Relicto
1336 3022 1548 3112 igitur
1605 3026 1788 3111 Rege
1835 3022 2241 3108 cunctisque
2291 3022 2485 3110 regni
2538 3022 2938 3109 proceribus
2968 3074 2985 3101 ,
3044 3042 3175 3109 pro

626 3110 849 3178 nihilo
879 3110 1164 3192 ducens,
1200 3111 1365 3198 quid
1403 3112 1470 3179 in
1502 3109 1765 3179 mundo
1801 3109 2190 3188 haberetur,
2225 3111 2464 3179 eadem
2507 3122 2697 3179 nocte
2722 3131 2882 3178 cum
2923 3111 3176 3198 paucis

629 3197 762 3267 iter
806 3202 1131 3289 suscepit,
1184 3221 1262 3268 eo
1314 3200 1770 3288 profecturus,
1824 3199 1943 3267 ubi
1995 3220 2259 3288 pauper
2305 3199 2552 3268 Christi
2584 3198 2766 3268 effici
2798 3212 3052 3287 posset.
3095 3199 3174 3267 Id

630 3288 752 3356 ubi
804 3294 939 3357 Rex
976 3310 1054 3356 co
1110 3289 1315 3367 novit,
1375 3288 1567 3357 valde
1611 3287 2058 3357 contristatus
2104 3310 2185 3357 ac
2234 3289 2466 3356 animo
2538 3308 2871 3367 [ηοω-θῦε,
2923 3307 3174 3374 quem-

626 3375 790 3444 dam
839 3398 877 3445 e
925 3378 1057 3445 fide
1092 3377 1247 3446 ibus
1295 3377 1441 3446 suis
1488 3399 1648 3445 cum
1704 3397 1953 3465 magno
1992 3378 2292 3446 exercitu
2344 3387 2493 3467 post
2542 3375 2742 3445 illum
2791 3376 2999 3456 misit,
3039 3374 3172 3462 qui

623 3485 786 3533 eum
839 3479 971 3535 tota
1025 3482 1218 3535 nocte
1266 3466 1645 3544 insecutus,
1701 3464 2011 3535 diluculo
2043 3477 2402 3536 assecutus
2431 3478 2554 3535 est.
2599 3470 2687 3534 De
2741 3477 3010 3533 recante
3043 3486 3173 3532 au·

626 3565 763 3622 tem
818 3555 1172 3624 humiliter
1220 3554 1583 3645 pontifice,
1653 3566 1730 3623 ut
1781 3554 2011 3624 liceret
2057 3555 2192 3643 ipsi
2238 3576 2553 3641 quoque,
2617 3488 2848 3623 reiicto
2896 3552 3163 3632 seculo,

630 3664 872 3713 vacare
942 3648 1073 3712 Deo
1120 3643 1189 3712 in
1243 3643 1646 3713 Luxoviensi
1693 3644 2067 3723 coenobio,
2132 3664 2284 3712 mox
2335 3642 2404 3712 id
2452 3643 2516 3712 ei
2563 3643 2981 3731 permissum
3033 3655 3166 3710 est.

628 3736 867 3818 Itaque
912 3732 1225 3802 celeriter
1269 3732 1355 3801 ad
1409 3733 1900 3801 monasterium
1957 3733 2383 3822 pervenienS,
2438 3732 2811 3801 Ebrolnum
2845 3731 2992 3822 jam
3029 3728 3166 3799 cle·

629 3821 851 3889 ricum
902 3822 1184 3902 invenit,
1237 3842 1537 3908 eumque
1585 3822 1868 3912 rogavit,
1924 3834 2000 3890 ut
2051 3823 2105 3891 si
2156 3820 2324 3908 quid
2380 3822 2450 3888 in
2506 3822 2735 3909 ipsum
2789 3831 3166 3909 peccasset,

626 3911 899 3977 veniam
950 3911 1239 3980 invicem
1294 3923 1634 4000 peterent,
1689 3924 1755 3978 et
1800 3909 2194 3980 animorum
2248 3909 2425 3978 inter
2472 3931 2544 3978 se
2592 3909 2960 3978 concordia
2999 3907 3170 3997 jun-

626 4013 979 4089 gerentur.
1049 4005 1126 4069 At
1173 4013 1394 4068 tamen
1445 4000 1533 4069 ab
1583 3999 1835 4067 Abbate
1883 3999 2220 4081 sejuncti,
2274 3998 2509 4084 aliquo
2565 3998 2893 4088 temporis
2940 3997 3168 4085 spatio

631 4087 1117 4176 poenitentiam
1149 4101 1449 4179 agentes,
1489 4090 1666 4157 inter
1699 4088 2193 4157 monachorum
2235 4087 2685 4156 contubernia
2724 4101 2858 4155 tam
2889 4100 3169 4155 strenue

629 4198 705 4245 se
752 4192 1149 4266 gesserunt,
1202 4192 1280 4246 ut
1328 4190 1655 4269 perpetuo
1711 4175 1856 4244 illic
1914 4175 1984 4245 in
2057 4177 2437 4246 monastico
2485 4176 2799 4245 instituto
2850 4176 3165 4244 mansuri

628 4266 1052 4336 viderentur.

718 4357 755 4441 ἓ
799 4359 878 4426 θ.
932 4361 1056 4424 Per
1103 4354 1282 4424 idem
1332 4368 1565 4424 autem
1617 4365 1890 4443 tempus
1938 4352 2320 4423 Childerico
2372 4375 2527 4446 rege
2565 4351 2910 4432 defuncto,
2957 4351 3166 4421 frater

616 4442 780 4534 ejus
837 4444 1300 4515 Theodoricus
1367 4444 1452 4512 ad
1522 4441 1716 4533 regni
1789 4454 2057 4533 sceptra
2124 4443 2453 4534 pervenit.
2506 4442 2582 4513 Id
2634 4441 2755 4512 ubi
2804 4441 3168 4529 utriusque
