3347 4999
609 345 737 408 558
1307 360 1383 405 na
1436 359 1527 404 ss.
1582 358 1747 405 vano
1799 360 1871 404 m·
1920 358 2119 405 sociis
2170 359 2282 404 uu.
2762 340 2935 406 OCT.
2996 342 3087 406 ⁴9

521 449 756 517 animo
813 445 976 513 haec
1029 444 1206 513 mala
1257 443 1483 513 serens
1544 444 1806 511 Athleta
1842 443 1994 522 ,ad
2051 449 2334 513 Sanctos
2390 442 2720 511 omnibus
2782 442 3111 512 audien-'

523 539 708 606 tibus
755 556 1164 603 conversus:
1221 556 1254 597 «
1321 532 1706 601 Benedicite
1754 532 2006 601 famulo
2067 548 2308 619 vestro,
2379 533 2597 600 sancti
2664 546 2913 619 patres,
2972 533 3080 601 in-

521 626 692 713 quit,
742 623 1146 693 benedicite.
1203 627 1478 712 Rogate,
1535 636 1607 689 ut
1661 622 1828 691 mihi
1888 623 2073 714 vires
2097 621 2599 690 confirmentur
2657 644 2694 690 a
2760 623 3067 704 Domine,

520 729 584 784 et
635 736 740 782 me
788 713 941 798 ejus
987 711 1258 779 dextera
1334 711 1690 799 suscipiat.
1747 711 1937 780 Novit
2008 712 2191 779 enim
2248 711 2551 779 humana
2631 709 3071 780 imbecillita-

519 817 680 883 tem,
720 804 835 888 qui
887 823 1035 869 eam
1093 801 1237 890 ipse
1286 822 1560 887 quoque
1609 814 1873 888 gestare
1924 800 2160 877 voluit,
2215 816 2276 868 et
2325 799 2533 869 dixit:
2578 800 2875 889 Spiritus
2921 804 3071 891 qui·

520 895 668 962 dem
690 901 1038 982 promptus
1066 900 1181 967 est,
1216 912 1371 957 caro
1399 900 1622 958 autem
1665 890 2230 977 infirma(Ma1tlz.
2270 888 2465 975 xxvt).
2500 912 2533 953 »
2565 889 2790 957 Sancti
2829 890 3065 978 igitur,

517 1004 675 1051 cum
728 979 965 1049 oculos
1014 980 1084 1047 in
1121 978 1386 1047 coelum
1456 978 1898 1047 sustulissent
1930 1001 2011 1041 :ia
2063 983 2258 1055 Deus,
2299 979 2643 1053 dixerunt,
2706 983 2878 1046 Deus
2929 979 3067 1045 vir-

522 1084 771 1149 tutum,
829 1071 974 1158 ipse
1022 1068 1281 1135 emittet
1332 1067 1450 1135 tibi
1504 1067 1820 1135 virtutem
1880 1089 1959 1135 ex
2009 1066 2167 1147 alto,
2221 1078 2286 1135 et
2333 1068 2543 1156 capiti
2596 1082 2708 1135 tuo
2758 1067 3067 1155 imponet

567 1160 784 1228 aleam
856 1156 1123 1233 salutis,
1184 1170 1249 1225 et
1301 1171 1358 1222 te
1431 1156 1669 1225 induet
1720 1156 2140 1225 vestimentis
2216 1155 2522 1225 ultioniS.
2579 1161 2821 1224 Manus
2872 1156 3069 1225 illius

568 1247 836 1316 esendet
888 1260 969 1325 te,
1009 1260 1073 1315 et
1121 1245 1482 1314 brachium
1523 1259 1581 1314 te
1618 1245 2109 1324 corroborabit,
2164 1261 2227 1312 et
2273 1244 2658 1333 praeclaras
2712 1245 3065 1333 praebebit

519 1336 835 1406 victorias
882 1347 1117 1403 contra
1168 1334 1666 1402 adversarium.
1698 1340 2009 1424 Eoesurye
2039 1358 2219 1425 erqo,
2257 1356 2573 1423 eoesurye,
2617 1335 2892 1402 induere
2922 1336 3063 1422 sor-

519 1428 805 1496 titudine
852 1425 1119 1493 brachii
1171 1425 1277 1491 lui
1331 1426 1497 1512 (Isa.
1547 1422 1655 1511 ιι),
1714 1423 1839 1491 hoc
1890 1424 2165 1492 discens
2214 1446 2249 1490 a
2293 1422 2523 1491 divina
2564 1423 2705 1490 Scri
2765 1435 2939 1502 tura,
2996 1434 3061 1491 et

518 1518 741 1584 sciens
789 1513 1017 1599 qualis
1065 1512 1152 1579 ab
1201 1511 1337 1581 alto
1384 1512 1563 1580 adsit
1617 1511 1815 1581 nobis
1874 1512 2167 1600 adjutor,
2221 1524 2284 1580 et
2332 1511 2644 1597 qualium
2761 1532 3051 1580 onorum

518 1604 864 1694 perceptio
897 1624 1011 1670 eos
1062 1614 1313 1673 manet,
1359 1602 1475 1688 qui
1524 1614 1797 1689 propter
1840 1601 2031 1669 illum
2081 1603 2243 1669 haec
2287 1601 2421 1690 pati
2468 1599 2781 1668 lubenter
2830 1598 3058 1669 volue-

521 1708 702 1762 runt.
747 1716 781 1756 »
835 1697 1084 1778 Martyr
1132 1704 1357 1759 autem
1412 1691 1656 1758 Christi
1709 1713 1867 1759 cum
1922 1691 2176 1759 interea
2242 1689 2737 1769 verberaretur,
2776 1702 2841 1757 et
2886 1710 3057 1775 quo-

516 1781 888 1851 dammodo
937 1781 1215 1848 sentiret
1267 1801 1547 1847 manum
1600 1801 1797 1868 opem
1842 1801 1877 1846 e
1909 1779 2097 1847 coelo
2126 1778 2478 1858 ferentem,
2537 1778 2601 1845 in
2636 1778 3057 1847 exultatione

517 1873 786 1939 animae
836 1870 1004 1937 dixit
1047 1868 1360 1937 Sanctis:
1399 1892 1432 1932 «
1486 1867 1684 1937 ΝυΙΙ3
1739 1882 2012 1955 propter
2063 1891 2167 1936 me
2221 1868 2491 1935 tristitia
2552 1866 2791 1936 subeat
2839 1866 3052 1936 corda

517 1975 758 2028 vestra.
801 1964 968 2027 Ecce
999 1958 1180 2025 enim
1235 1970 1492 2024 vestrae
1546 1979 1805 2046 preces,
1857 1978 2033 2043 quae
2085 1962 2214 2025 Deo
2266 1969 2776 2044 persuaserunt,
2815 1977 3062 2044 aspera

518 2062 851 2118 tormenta
909 2047 1108 2135 plana
1176 2047 1547 2114 effecerunt
1595 2060 1659 2113 et
1711 2046 1922 2125 levia,
1989 2059 2052 2114 et
2114 2044 2492 2114 molestiam
2564 2058 2921 2113 mutarunt
2986 2045 3052 2112 in

520 2138 1039 2214 recreationem,
1098 2134 1264 2202 adeo
1316 2148 1388 2202 ut.
1439 2157 1561 2203 nec
1614 2134 1851 2224 plagas
1899 2134 2176 2220 quidem
2230 2130 2552 2202 sentiam}
2594 2157 2629 2199 »

606 2232 639 2313 ξ
689 2234 781 2296 θ.
840 2231 990 2293 Post
1045 2225 1208 2292 haec
1259 2246 1501 2292 rursus
1559 2246 1591 2291 a
1648 2246 1927 2313 gressus
1952 2238 2053 2293 est
2086 2229 2448 2312 Tyrannus
2501 2221 2936 2311 persuadere,
2995 2235 3057 2291 et

518 2315 850 2384 Athletam
884 2312 1222 2381 attrahere
1250 2311 1331 2379 ad
1363 2335 1577 2400 nagan
1641 2337 1782 2393 um,
1813 2313 1989 2381 bona
2029 2312 2088 2380 ei
2128 2312 2566 2400 pollicenssst
2607 2311 2894 2379 horumi
2955 2333 3062 2380 so-

518 2426 699 2479 rum,
733 2424 909 2488 quae
945 2402 1294 2480 sustinuit,
1345 2413 1865 2481 tormentorum,
1902 2402 2125 2469 nonin
2163 2400 2382 2475 illum,
2416 2399 2530 2468 sed
2574 2400 2638 2467 in
2664 2399 2835 2468 alios
2863 2404 2905 2467 C
2967 2401 3053 2468 ri-

517 2492 599 2561 sti
659 2497 982 2581 Martyres
1036 2490 1311 2577 culpam
1356 2489 1734 2558 conferens.
1794 2496 2155 2578 Postquam
2210 2505 2435 2560 autem
2505 2489 2673 2558 vidit
2723 2493 3065 2558 Sanctum·

514 2581 760 2650 callida
831 2581 1017 2649 illius
1069 2580 1341 2648 inventa
1388 2580 1690 2667 amplius
1767 2580 2187 2652 irridentem.
2245 2581 2344 2647 ira
2399 2579 2619 2668 magis
2686 2600 3045 2658 accensuS,

508 2671 708 2759 jubet
760 2676 1004 2737 Varum
1061 2690 1301 2736 rursus
1350 2668 1676 2757 suspendi
1725 2669 1790 2736 in
1839 2669 2023 2757 ligno
2057 2682 2451 2758 comparato
2487 2668 2569 2737 ad
2612 2667 3048 2753 torquedum‚

512 2774 576 2828 et
616 2781 771 2827 eum
840 2758 1076 2827 ferreis
1142 2758 1439 2846 discerpi
1494 2758 1798 2848 ungulis.
1853 2763 2016 2826 Cum
2071 2771 2297 2827 autem
2352 2759 2625 2846 Martyri
2679 2755 2843 2824 dum
2897 2778 3053 2825 cae-

513 2849 788 2917 deretur
835 2869 1108 2936 corpus,
1167 2845 1504 2934 plurimae
1536 2868 1778 2914 carnes
1817 2846 1880 2914 in
1922 2861 2165 2914 terram
2204 2846 2524 2914 caderent
2554 2859 2615 2913 et
2653 2845 2843 2913 illius
2892 2866 3049 2912 san·

514 2938 721 3029 guine
756 2937 978 3005 solum
1021 2949 1519 3012 cruentaretur,
1581 2935 1803 3004 bonus
1851 2935 2127 3020 quidem
2184 2941 2423 3005 VaruS.
2473 2948 2824 3020 tamquam
2873 2932 3046 3001 nihil

515 3029 806 3117 patiens,
879 3038 1020 3092 erat
1059 3024 1369 3111 quietus:
1427 3025 1693 3093 Sanctis
1742 3038 1966 3092 autem
2020 3025 2316 3113 graviter
2362 3024 2645 3092 affectus
2692 3036 2836 3090 erat
2898 3023 3049 3090 ani-

513 3139 693 3196 muS,
734 3128 798 3183 et
844 3136 1080 3183 eorum
1135 3113 1391 3182 viscera
1441 3113 1885 3182 laniabantur
1919 3128 2194 3203 propter
2233 3113 2448 3181 animi
2496 3112 3045 3181 consensionem.

511 3209 650 3273 Non
705 3204 997 3272 ferentes
1046 3204 1272 3288 itaque
1317 3201 1586 3271 Judicis
1635 3201 2153 3270 crudelitatem:
2209 3226 2231 3262 α
2290 3201 2463 3284 Quid
2533 3222 2685 3269 vero
2761 3222 2892 3268 non
2947 3200 3048 3267 in·

514 3293 788 3380 telligis,
846 3292 1090 3379 inquit,
1144 3305 1314 3369 otu,
1358 3291 1452 3358 vel
1492 3291 1654 3359 feris
1705 3291 1872 3378 ipsis
1921 3291 2275 3381 agrestior,
2334 3289 2513 3377 quod
2563 3304 2625 3358 et
2677 3288 2939 3378 lapides
2985 3302 3047 3357 et

511 3381 766 3449 ferrum
822 3403 1023 3467 passa
1054 3394 1301 3459 essent,
1361 3402 1681 3468 percussa
1737 3380 1976 3448 toties?
2013 3404 2046 3444 »
2099 3385 2252 3468 Ipse
2300 3392 2526 3448 autem
2585 3402 2704 3446 nec
2756 3379 2852 3447 sic
2885 3379 3040 3465 qui-

512 3469 664 3538 dem
723 3470 941 3553 potuit
993 3466 1287 3547 molliri;
1342 3482 1406 3537 et
1438 3490 1586 3537 eam
1642 3491 1777 3536 rem
1831 3468 2342 3553 quodammodo
2403 3467 2646 3537 habuit
2698 3466 3037 3536 ludibrio:

513 3582 548 3625 «
584 3557 915 3636 Christus,
994 3559 1336 3643 inquiens,
1393 3572 1608 3626 vester
1668 3559 1982 3636 accedat,
2066 3558 2435 3645 ipsumque
2484 3580 2519 3624 a
2574 3559 2746 3626 meis
2813 3557 3050 3626 liberet

513 3647 881 3734 manibus5
929 3668 964 3712 »
1025 3646 1336 3714 nesciens
1384 3646 1661 3727 stultuS‚
1717 3646 1896 3732 quod
1970 3648 2134 3714 haec
2185 3645 2357 3713 ferro
2427 3667 2626 3734 posse
2676 3665 2929 3732 magno
2983 3658 3048 3712 et

511 3735 665 3805 forti
713 3736 971 3814 anim0‚
1019 3735 1504 3823 significabant
1541 3735 1735 3803 illum
1780 3736 2059 3803 affuisse
2099 3747 2164 3803 et
2200 3734 2549 3814 liberasse,
2605 3748 2669 3803 et
2700 3754 2902 3801 suum
2946 3753 3047 3801 ro-

511 3848 648 3895 rem
694 3825 966 3894 dedisse
1016 3824 1329 3893 dolorum
1386 3824 1825 3892 medicinam.
1879 3829 2126 3892 Beatus
2175 3837 2400 3891 autem
2443 3822 2576 3898 ille,
2632 3823 2833 3890 etiam
2879 3820 3043 3888 dum

510 3914 1045 4004 discerperetur:
1095 3941 1116 3972 «c
1176 3914 1418 3990 Nolim,
1483 3914 1728 4000 inquit,
1786 3914 2059 3982 liberari
2113 3913 2198 3981 ab
2252 3913 2380 3992 his,
2429 3934 2604 3998 quae
2639 3911 2721 3978 ad
2777 3923 3048 3999 tempus

513 4002 788 4082 durant,
835 4003 1224 4073 tormentis:
1272 4002 1384 4071 sed
1439 4003 1525 4072 ab
1589 4004 1692 4076 iis,
1748 4024 1922 4089 quae
1977 4013 2275 4081 manent,
2336 4023 2531 4069 meus
2584 4021 2690 4068 me
2740 3998 3049 4069 Christus

510 4090 937 4161 liberaverit:
994 4107 1054 4163 te
1104 4106 1357 4172 autem,
1413 4107 1476 4162 et
1525 4105 1710 4161 tuam
1754 4090 2228 4160 crudelitatem
2297 4090 2547 4159 talibus
2600 4089 2839 4157 merito
2887 4107 3051 4156 con·

510 4179 886 4251 damnabit.
927 4205 962 4247 »

602 4271 745 4356 §2
812 4275 1000 4339 Hanc
1043 4270 1257 4355 judex
1328 4271 1475 4358 ipso
1539 4269 1715 4339 facto
1764 4269 2109 4339 ulciscens
2179 4267 2595 4347 orationem,
2658 4269 2722 4335 in
2790 4266 3044 4335 viscera

510 4359 834 4446 martyris
889 4360 1119 4427 intulit
1168 4359 1610 4428 novaculam:
1653 4382 1688 4424 «
1742 4359 2024 4435 Videat,
2090 4358 2351 4436 dic-en&
2405 4355 2830 4427 execrandus
2889 4366 3047 4422 ante

509 4448 767 4529 oculos,
832 4463 1180 4536 tamquam
1235 4470 1532 4534 aquam,
1579 4470 1705 4517 sua
1755 4447 2015 4517 effundi
2068 4447 2407 4517 intestina.
2460 4474 2481 4509 a
2534 4446 2659 4515 Sed
2714 4466 2793 4513 ne
2834 4443 3046 4533 hujus
