<?xml version="1.0" encoding="UTF-8"?>
<!DOCTYPE html PUBLIC "-//W3C//DTD XHTML 1.0 Transitional//EN"
    "http://www.w3.org/TR/xhtml1/DTD/xhtml1-transitional.dtd">
<html xmlns="http://www.w3.org/1999/xhtml" xml:lang="en" lang="en">
 <head>
  <title>
</title>
<meta http-equiv="Content-Type" content="text/html;charset=utf-8" />
  <meta name='ocr-system' content='tesseract 3.04.00' />
  <meta name='ocr-capabilities' content='ocr_page ocr_carea ocr_par ocr_line ocrx_word'/>
</head>
<body>
  <div class='ocr_page' id='page_1' title='image "./historiaeseuvit03lippgoog_0523.png"; bbox 0 0 3347 4999; ppageno 0'>
   <div class='ocr_carea' id='block_1_1' title="bbox 251 277 2683 344">
    <p class='ocr_par' dir='ltr' id='par_1_1' title="bbox 251 277 2683 344">
     <span class='ocr_line' id='line_1_1' title="bbox 251 277 2683 344; baseline -0.001 -1"><span class='ocrx_word' id='word_1_1' title='bbox 251 277 420 344; x_wconf 88' lang='lat' dir='ltr'>OCT.</span> <span class='ocrx_word' id='word_1_2' title='bbox 478 278 560 342; x_wconf 72' lang='grc'>16</span> <span class='ocrx_word' id='word_1_3' title='bbox 1153 296 1231 341; x_wconf 74' lang='grc' dir='ltr'>ΒΕ</span> <span class='ocrx_word' id='word_1_4' title='bbox 1281 294 1336 341; x_wconf 92' lang='lat' dir='ltr'>s.</span> <span class='ocrx_word' id='word_1_5' title='bbox 1390 294 1641 342; x_wconf 80' lang='lat' dir='ltr'>ELlrmo</span> <span class='ocrx_word' id='word_1_6' title='bbox 1689 295 1878 340; x_wconf 75' lang='lat' dir='ltr'>MART.</span> <span class='ocrx_word' id='word_1_7' title='bbox 2139 298 2151 312; x_wconf 93' lang='lat'><strong>·</strong></span> <span class='ocrx_word' id='word_1_8' title='bbox 2567 278 2683 342; x_wconf 58' lang='lat'>44³}</span> 
     </span>
    </p>
   </div>
   <div class='ocr_carea' id='block_1_2' title="bbox 230 379 2786 4478">
    <p class='ocr_par' dir='ltr' id='par_1_2' title="bbox 238 379 2786 1978">
     <span class='ocr_line' id='line_1_2' title="bbox 249 379 2784 469; baseline -0 -20"><span class='ocrx_word' id='word_1_9' title='bbox 249 380 475 449; x_wconf 84' lang='lat' dir='ltr'>dicere</span> <span class='ocrx_word' id='word_1_10' title='bbox 514 389 788 469; x_wconf 89' lang='lat' dir='ltr'>posset:</span> <span class='ocrx_word' id='word_1_11' title='bbox 848 382 1050 467; x_wconf 77' lang='lat' dir='ltr'>Capio</span> <span class='ocrx_word' id='word_1_12' title='bbox 1100 380 1417 461; x_wconf 82' lang='lat' dir='ltr'>dissolvi,</span> <span class='ocrx_word' id='word_1_13' title='bbox 1482 389 1545 447; x_wconf 78' lang='lat' dir='ltr'>ec</span> <span class='ocrx_word' id='word_1_14' title='bbox 1592 401 1728 447; x_wconf 87' lang='lat' dir='ltr'>esse</span> <span class='ocrx_word' id='word_1_15' title='bbox 1785 401 1933 447; x_wconf 78' lang='lat' dir='ltr'>cum</span> <span class='ocrx_word' id='word_1_16' title='bbox 1995 379 2301 448; x_wconf 79' lang='lat' dir='ltr'>Christo:</span> <span class='ocrx_word' id='word_1_17' title='bbox 2351 383 2562 449; x_wconf 78' lang='lat' dir='ltr'>multo</span> <span class='ocrx_word' id='word_1_18' title='bbox 2611 382 2784 448; x_wconf 84' lang='lat' dir='ltr'>enim</span> 
     </span>
     <span class='ocr_line' id='line_1_3' title="bbox 244 466 2784 559; baseline 0 -22"><span class='ocrx_word' id='word_1_19' title='bbox 244 470 490 538; x_wconf 80' lang='lat' dir='ltr'>melius</span> <span class='ocrx_word' id='word_1_20' title='bbox 525 468 808 559; x_wconf 79' lang='lat' dir='ltr'>(Philip.</span> <span class='ocrx_word' id='word_1_21' title='bbox 845 469 918 556; x_wconf 89' lang='lat'>1).</span> <span class='ocrx_word' id='word_1_22' title='bbox 957 473 1262 554; x_wconf 81' lang='lat' dir='ltr'>Itemque</span> <span class='ocrx_word' id='word_1_23' title='bbox 1302 466 1512 535; x_wconf 88' lang='lat' dir='ltr'>illud:</span> <span class='ocrx_word' id='word_1_24' title='bbox 1547 472 1802 536; x_wconf 80' lang='lat' dir='ltr'>Bonum</span> <span class='ocrx_word' id='word_1_25' title='bbox 1837 477 2169 536; x_wconf 82' lang='lat' dir='ltr'>certamen</span> <span class='ocrx_word' id='word_1_26' title='bbox 2200 470 2474 548; x_wconf 80' lang='lat' dir='ltr'><em>certavi,</em></span> <span class='ocrx_word' id='word_1_27' title='bbox 2517 491 2784 538; x_wconf 82' lang='lat' dir='ltr'>cursum</span> 
     </span>
     <span class='ocr_line' id='line_1_4' title="bbox 246 557 2786 647; baseline 0.001 -22"><span class='ocrx_word' id='word_1_28' title='bbox 246 560 752 637; x_wconf 79' lang='lat' dir='ltr'>consummavi,</span> <span class='ocrx_word' id='word_1_29' title='bbox 827 559 1024 647; x_wconf 75' lang='lat' dir='ltr'>fidem</span> <span class='ocrx_word' id='word_1_30' title='bbox 1091 557 1410 625; x_wconf 81' lang='lat' dir='ltr'>servavi:</span> <span class='ocrx_word' id='word_1_31' title='bbox 1482 558 1769 646; x_wconf 79' lang='lat' dir='ltr'>reposita</span> <span class='ocrx_word' id='word_1_32' title='bbox 1833 566 1926 624; x_wconf 78' lang='lat' dir='ltr'>est</span> <span class='ocrx_word' id='word_1_33' title='bbox 1973 557 2145 623; x_wconf 74' lang='lat' dir='ltr'>mihi</span> <span class='ocrx_word' id='word_1_34' title='bbox 2198 578 2435 625; x_wconf 79' lang='lat' dir='ltr'>corona</span> <span class='ocrx_word' id='word_1_35' title='bbox 2470 560 2786 646; x_wconf 81' lang='lat' dir='ltr'>justitiae</span> 
     </span>
     <span class='ocr_line' id='line_1_5' title="bbox 241 643 2786 736; baseline 0 -21"><span class='ocrx_word' id='word_1_36' title='bbox 241 647 340 736; x_wconf 76' lang='lat'>(2.</span> <span class='ocrx_word' id='word_1_37' title='bbox 403 649 561 716; x_wconf 88' lang='lat' dir='ltr'>Tim.</span> <span class='ocrx_word' id='word_1_38' title='bbox 614 646 731 734; x_wconf 85' lang='lat' dir='ltr'>1v);</span> <span class='ocrx_word' id='word_1_39' title='bbox 781 645 1106 715; x_wconf 82' lang='lat' dir='ltr'><strong>Julianus</strong></span> <span class='ocrx_word' id='word_1_40' title='bbox 1144 645 1230 713; x_wconf 91' lang='lat' dir='ltr'>ad</span> <span class='ocrx_word' id='word_1_41' title='bbox 1267 644 1637 713; x_wconf 80' lang='lat' dir='ltr'>blanditias</span> <span class='ocrx_word' id='word_1_42' title='bbox 1685 665 1831 713; x_wconf 87' lang='lat' dir='ltr'>sese</span> <span class='ocrx_word' id='word_1_43' title='bbox 1873 643 2121 712; x_wconf 88' lang='lat' dir='ltr'>callide</span> <span class='ocrx_word' id='word_1_44' title='bbox 2156 643 2542 714; x_wconf 91' lang='lat' dir='ltr'>inclinans:</span> <span class='ocrx_word' id='word_1_45' title='bbox 2598 652 2786 716; x_wconf 82' lang='lat' dir='ltr'>«Ac-</span> 
     </span>
     <span class='ocr_line' id='line_1_6' title="bbox 244 733 2781 825; baseline -0.001 -20"><span class='ocrx_word' id='word_1_46' title='bbox 244 735 422 825; x_wconf 84' lang='lat' dir='ltr'>cipe,</span> <span class='ocrx_word' id='word_1_47' title='bbox 477 734 726 821; x_wconf 88' lang='lat' dir='ltr'>inquit‚</span> <span class='ocrx_word' id='word_1_48' title='bbox 777 735 846 803; x_wconf 89' lang='lat' dir='ltr'>di</span> <span class='ocrx_word' id='word_1_49' title='bbox 905 735 1193 813; x_wconf 89' lang='lat' dir='ltr'>nitates;</span> <span class='ocrx_word' id='word_1_50' title='bbox 1248 734 1482 824; x_wconf 81' lang='lat' dir='ltr'>accipe</span> <span class='ocrx_word' id='word_1_51' title='bbox 1520 735 1837 814; x_wconf 83' lang='lat' dir='ltr'>honores,</span> <span class='ocrx_word' id='word_1_52' title='bbox 1892 733 2124 822; x_wconf 83' lang='lat' dir='ltr'>accipe</span> <span class='ocrx_word' id='word_1_53' title='bbox 2160 756 2407 803; x_wconf 91' lang='lat' dir='ltr'>aurum</span> <span class='ocrx_word' id='word_1_54' title='bbox 2445 747 2509 803; x_wconf 88' lang='lat' dir='ltr'>et</span> <span class='ocrx_word' id='word_1_55' title='bbox 2541 756 2781 825; x_wconf 90' lang='lat' dir='ltr'>argen-</span> 
     </span>
     <span class='ocr_line' id='line_1_7' title="bbox 244 822 2783 912; baseline -0 -19"><span class='ocrx_word' id='word_1_56' title='bbox 244 836 418 903; x_wconf 92' lang='lat' dir='ltr'>tum,</span> <span class='ocrx_word' id='word_1_57' title='bbox 475 836 539 893; x_wconf 91' lang='lat' dir='ltr'>et</span> <span class='ocrx_word' id='word_1_58' title='bbox 585 823 820 892; x_wconf 91' lang='lat' dir='ltr'>omnia</span> <span class='ocrx_word' id='word_1_59' title='bbox 915 845 1045 892; x_wconf 89' lang='lat' dir='ltr'>ona</span> <span class='ocrx_word' id='word_1_60' title='bbox 1095 822 1391 912; x_wconf 86' lang='lat' dir='ltr'>posside,</span> <span class='ocrx_word' id='word_1_61' title='bbox 1445 844 1621 909; x_wconf 87' lang='lat' dir='ltr'>quae</span> <span class='ocrx_word' id='word_1_62' title='bbox 1668 822 1869 893; x_wconf 87' lang='lat' dir='ltr'>nobis</span> <span class='ocrx_word' id='word_1_63' title='bbox 1918 823 2212 912; x_wconf 89' lang='lat' dir='ltr'>pretiosa</span> <span class='ocrx_word' id='word_1_64' title='bbox 2270 834 2475 903; x_wconf 89' lang='lat' dir='ltr'>sunt,</span> <span class='ocrx_word' id='word_1_65' title='bbox 2531 835 2595 891; x_wconf 91' lang='lat' dir='ltr'>et</span> <span class='ocrx_word' id='word_1_66' title='bbox 2641 835 2783 892; x_wconf 88' lang='lat' dir='ltr'>esto</span> 
     </span>
     <span class='ocr_line' id='line_1_8' title="bbox 243 911 2782 993; baseline 0 -12"><span class='ocrx_word' id='word_1_67' title='bbox 243 913 515 982; x_wconf 89' lang='lat' dir='ltr'>amicus</span> <span class='ocrx_word' id='word_1_68' title='bbox 562 925 791 982; x_wconf 88' lang='lat' dir='ltr'>noster</span> <span class='ocrx_word' id='word_1_69' title='bbox 830 913 899 981; x_wconf 94' lang='lat' dir='ltr'>in</span> <span class='ocrx_word' id='word_1_70' title='bbox 951 912 1188 981; x_wconf 75' lang='lat' dir='ltr'>eadem</span> <span class='ocrx_word' id='word_1_71' title='bbox 1239 912 1545 993; x_wconf 71' lang='lat' dir='ltr'>scientia,</span> <span class='ocrx_word' id='word_1_72' title='bbox 1589 912 1659 980; x_wconf 92' lang='lat' dir='ltr'>in</span> <span class='ocrx_word' id='word_1_73' title='bbox 1695 911 1930 980; x_wconf 88' lang='lat' dir='ltr'>eodem</span> <span class='ocrx_word' id='word_1_74' title='bbox 1982 933 2215 981; x_wconf 87' lang='lat' dir='ltr'>sensu.</span> <span class='ocrx_word' id='word_1_75' title='bbox 2257 934 2293 978; x_wconf 85' lang='lat'>»</span> <span class='ocrx_word' id='word_1_76' title='bbox 2343 912 2455 981; x_wconf 89' lang='lat' dir='ltr'>Vir</span> <span class='ocrx_word' id='word_1_77' title='bbox 2502 927 2782 981; x_wconf 87' lang='lat' dir='ltr'>sanctus</span> 
     </span>
     <span class='ocr_line' id='line_1_9' title="bbox 241 1000 2782 1088; baseline -0 -18"><span class='ocrx_word' id='word_1_78' title='bbox 241 1013 472 1070; x_wconf 89' lang='lat' dir='ltr'>autem</span> <span class='ocrx_word' id='word_1_79' title='bbox 527 1023 790 1070; x_wconf 90' lang='lat' dir='ltr'>memor</span> <span class='ocrx_word' id='word_1_80' title='bbox 827 1001 1018 1071; x_wconf 90' lang='lat' dir='ltr'>illius</span> <span class='ocrx_word' id='word_1_81' title='bbox 1067 1000 1478 1072; x_wconf 83' lang='lat' dir='ltr'>ostensionis</span> <span class='ocrx_word' id='word_1_82' title='bbox 1509 1056 1524 1080; x_wconf 92' lang='lat'><strong><em>‚</em></strong></span> <span class='ocrx_word' id='word_1_83' title='bbox 1590 1022 1728 1088; x_wconf 88' lang='lat' dir='ltr'>qua</span> <span class='ocrx_word' id='word_1_84' title='bbox 1783 1012 2073 1069; x_wconf 88' lang='lat' dir='ltr'>tentator</span> <span class='ocrx_word' id='word_1_85' title='bbox 2120 1000 2438 1071; x_wconf 90' lang='lat' dir='ltr'>diabolus</span> <span class='ocrx_word' id='word_1_86' title='bbox 2496 1000 2782 1069; x_wconf 91' lang='lat' dir='ltr'>Domino</span> 
     </span>
     <span class='ocr_line' id='line_1_10' title="bbox 242 1088 2775 1192; baseline -0 -33"><span class='ocrx_word' id='word_1_87' title='bbox 242 1103 479 1161; x_wconf 91' lang='lat' dir='ltr'>nostro</span> <span class='ocrx_word' id='word_1_88' title='bbox 516 1095 681 1159; x_wconf 87' lang='lat' dir='ltr'>Jesu</span> <span class='ocrx_word' id='word_1_89' title='bbox 732 1090 995 1160; x_wconf 90' lang='lat' dir='ltr'>Christo</span> <span class='ocrx_word' id='word_1_90' title='bbox 1042 1112 1254 1192; x_wconf 86' lang='lat' dir='ltr'>regna</span> <span class='ocrx_word' id='word_1_91' title='bbox 1317 1089 1559 1159; x_wconf 91' lang='lat' dir='ltr'>mundi</span> <span class='ocrx_word' id='word_1_92' title='bbox 1613 1102 1677 1157; x_wconf 92' lang='lat' dir='ltr'>et</span> <span class='ocrx_word' id='word_1_93' title='bbox 1734 1089 2022 1179; x_wconf 80' lang='lat' dir='ltr'>gloriam</span> <span class='ocrx_word' id='word_1_94' title='bbox 2073 1110 2310 1159; x_wconf 90' lang='lat' dir='ltr'>eorum</span> <span class='ocrx_word' id='word_1_95' title='bbox 2360 1088 2775 1166; x_wconf 87' lang='lat' dir='ltr'>ostendens,</span> 
     </span>
     <span class='ocr_line' id='line_1_11' title="bbox 242 1177 2774 1259; baseline -0 -12"><span class='ocrx_word' id='word_1_96' title='bbox 242 1179 456 1247; x_wconf 82' lang='lat' dir='ltr'>dixit:</span> <span class='ocrx_word' id='word_1_97' title='bbox 509 1184 692 1248; x_wconf 86' lang='lat' dir='ltr'>Haec</span> <span class='ocrx_word' id='word_1_98' title='bbox 743 1182 970 1248; x_wconf 81' lang='lat' dir='ltr'>omnia</span> <span class='ocrx_word' id='word_1_99' title='bbox 1018 1180 1136 1247; x_wconf 78' lang='lat' dir='ltr'>tibi</span> <span class='ocrx_word' id='word_1_100' title='bbox 1184 1179 1390 1259; x_wconf 81' lang='lat' dir='ltr'>dabo,</span> <span class='ocrx_word' id='word_1_101' title='bbox 1443 1182 1505 1247; x_wconf 87' lang='lat' dir='ltr'>si</span> <span class='ocrx_word' id='word_1_102' title='bbox 1550 1179 1791 1247; x_wconf 83' lang='lat' dir='ltr'>cadens</span> <span class='ocrx_word' id='word_1_103' title='bbox 1838 1180 2225 1247; x_wconf 80' lang='lat' dir='ltr'>adoraveris</span> <span class='ocrx_word' id='word_1_104' title='bbox 2274 1202 2425 1247; x_wconf 88' lang='lat' dir='ltr'>me:</span> <span class='ocrx_word' id='word_1_105' title='bbox 2478 1177 2648 1248; x_wconf 86' lang='lat' dir='ltr'>dixit</span> <span class='ocrx_word' id='word_1_106' title='bbox 2694 1180 2774 1247; x_wconf 83' lang='lat' dir='ltr'>ad</span> 
     </span>
     <span class='ocr_line' id='line_1_12' title="bbox 240 1265 2779 1354; baseline -0 -17"><span class='ocrx_word' id='word_1_107' title='bbox 240 1289 452 1337; x_wconf 89' lang='lat' dir='ltr'>eum:</span> <span class='ocrx_word' id='word_1_108' title='bbox 509 1291 544 1334; x_wconf 88' lang='lat'>«</span> <span class='ocrx_word' id='word_1_109' title='bbox 583 1270 825 1338; x_wconf 91' lang='lat' dir='ltr'>Caesar</span> <span class='ocrx_word' id='word_1_110' title='bbox 855 1323 869 1348; x_wconf 94' lang='lat'><em>‚</em></span> <span class='ocrx_word' id='word_1_111' title='bbox 923 1290 959 1336; x_wconf 93' lang='lat' dir='ltr'>a</span> <span class='ocrx_word' id='word_1_112' title='bbox 1018 1267 1292 1337; x_wconf 89' lang='lat' dir='ltr'>diabolo</span> <span class='ocrx_word' id='word_1_113' title='bbox 1341 1267 1668 1337; x_wconf 86' lang='lat' dir='ltr'>seductus</span> <span class='ocrx_word' id='word_1_114' title='bbox 1707 1288 1778 1335; x_wconf 90' lang='lat' dir='ltr'>es</span> <span class='ocrx_word' id='word_1_115' title='bbox 1810 1321 1824 1347; x_wconf 95' lang='lat'>,</span> <span class='ocrx_word' id='word_1_116' title='bbox 1878 1280 1942 1336; x_wconf 89' lang='lat' dir='ltr'>et</span> <span class='ocrx_word' id='word_1_117' title='bbox 1991 1265 2290 1337; x_wconf 89' lang='lat' dir='ltr'>veritatis</span> <span class='ocrx_word' id='word_1_118' title='bbox 2339 1268 2779 1354; x_wconf 78' lang='lat' dir='ltr'>inquisitores</span> 
     </span>
     <span class='ocr_line' id='line_1_13' title="bbox 242 1355 2778 1447; baseline 0 -21"><span class='ocrx_word' id='word_1_119' title='bbox 242 1356 665 1426; x_wconf 81' lang='lat' dir='ltr'>Christianos</span> <span class='ocrx_word' id='word_1_120' title='bbox 713 1356 1039 1426; x_wconf 87' lang='lat' dir='ltr'>seducere</span> <span class='ocrx_word' id='word_1_121' title='bbox 1071 1355 1425 1427; x_wconf 85' lang='lat' dir='ltr'>festinans.</span> <span class='ocrx_word' id='word_1_122' title='bbox 1483 1356 1781 1425; x_wconf 86' lang='lat' dir='ltr'>Pecunia</span> <span class='ocrx_word' id='word_1_123' title='bbox 1821 1369 1936 1425; x_wconf 88' lang='lat' dir='ltr'>tua</span> <span class='ocrx_word' id='word_1_124' title='bbox 1986 1367 2051 1424; x_wconf 90' lang='lat' dir='ltr'>et</span> <span class='ocrx_word' id='word_1_125' title='bbox 2097 1377 2573 1443; x_wconf 90' lang='lat' dir='ltr'>quaecumque</span> <span class='ocrx_word' id='word_1_126' title='bbox 2625 1380 2778 1447; x_wconf 90' lang='lat' dir='ltr'>pro—</span> 
     </span>
     <span class='ocr_line' id='line_1_14' title="bbox 242 1443 2773 1535; baseline 0.001 -21"><span class='ocrx_word' id='word_1_127' title='bbox 242 1445 482 1525; x_wconf 81' lang='lat' dir='ltr'>mittis,</span> <span class='ocrx_word' id='word_1_128' title='bbox 539 1458 760 1514; x_wconf 90' lang='lat' dir='ltr'>tecum</span> <span class='ocrx_word' id='word_1_129' title='bbox 806 1445 942 1515; x_wconf 92' lang='lat' dir='ltr'>sint</span> <span class='ocrx_word' id='word_1_130' title='bbox 987 1445 1059 1513; x_wconf 93' lang='lat' dir='ltr'>in</span> <span class='ocrx_word' id='word_1_131' title='bbox 1103 1444 1579 1535; x_wconf 88' lang='lat' dir='ltr'>perditionem.</span> <span class='ocrx_word' id='word_1_132' title='bbox 1635 1443 1796 1515; x_wconf 90' lang='lat' dir='ltr'>Ideo</span> <span class='ocrx_word' id='word_1_133' title='bbox 1844 1444 2025 1513; x_wconf 90' lang='lat' dir='ltr'>enim</span> <span class='ocrx_word' id='word_1_134' title='bbox 2078 1456 2344 1513; x_wconf 89' lang='lat' dir='ltr'>terrena</span> <span class='ocrx_word' id='word_1_135' title='bbox 2392 1445 2773 1535; x_wconf 89' lang='lat' dir='ltr'>promittis,</span> 
     </span>
     <span class='ocr_line' id='line_1_15' title="bbox 238 1533 2772 1623; baseline 0 -20"><span class='ocrx_word' id='word_1_136' title='bbox 238 1546 320 1603; x_wconf 92' lang='lat' dir='ltr'>ut</span> <span class='ocrx_word' id='word_1_137' title='bbox 351 1533 668 1603; x_wconf 89' lang='lat' dir='ltr'>coelestia</span> <span class='ocrx_word' id='word_1_138' title='bbox 703 1533 951 1614; x_wconf 88' lang='lat' dir='ltr'>tollas;</span> <span class='ocrx_word' id='word_1_139' title='bbox 1004 1544 1068 1602; x_wconf 90' lang='lat' dir='ltr'>et</span> <span class='ocrx_word' id='word_1_140' title='bbox 1104 1534 1307 1602; x_wconf 90' lang='lat' dir='ltr'>vitam</span> <span class='ocrx_word' id='word_1_141' title='bbox 1352 1534 1815 1603; x_wconf 86' lang='lat' dir='ltr'>transitoriam</span> <span class='ocrx_word' id='word_1_142' title='bbox 1861 1533 2250 1623; x_wconf 87' lang='lat' dir='ltr'>promittis,</span> <span class='ocrx_word' id='word_1_143' title='bbox 2308 1545 2382 1602; x_wconf 92' lang='lat' dir='ltr'>ut</span> <span class='ocrx_word' id='word_1_144' title='bbox 2431 1547 2772 1603; x_wconf 88' lang='lat' dir='ltr'>aeternam</span> 
     </span>
     <span class='ocr_line' id='line_1_16' title="bbox 240 1621 2779 1703; baseline 0.001 -12"><span class='ocrx_word' id='word_1_145' title='bbox 240 1622 655 1703; x_wconf 90' lang='lat' dir='ltr'>subtrahas;</span> <span class='ocrx_word' id='word_1_146' title='bbox 709 1635 772 1691; x_wconf 92' lang='lat' dir='ltr'>et</span> <span class='ocrx_word' id='word_1_147' title='bbox 819 1622 905 1690; x_wconf 92' lang='lat' dir='ltr'>ad</span> <span class='ocrx_word' id='word_1_148' title='bbox 966 1635 1343 1691; x_wconf 85' lang='lat' dir='ltr'>extremum</span> <span class='ocrx_word' id='word_1_149' title='bbox 1408 1623 1556 1692; x_wconf 89' lang='lat' dir='ltr'>sine</span> <span class='ocrx_word' id='word_1_150' title='bbox 1618 1621 1831 1691; x_wconf 91' lang='lat' dir='ltr'>dubio</span> <span class='ocrx_word' id='word_1_151' title='bbox 1894 1621 2151 1691; x_wconf 90' lang='lat' dir='ltr'>idcirco</span> <span class='ocrx_word' id='word_1_152' title='bbox 2205 1623 2454 1691; x_wconf 85' lang='lat' dir='ltr'>suades</span> <span class='ocrx_word' id='word_1_153' title='bbox 2517 1623 2779 1693; x_wconf 91' lang='lat' dir='ltr'>caduca</span> 
     </span>
     <span class='ocr_line' id='line_1_17' title="bbox 240 1711 2776 1801; baseline 0.001 -22"><span class='ocrx_word' id='word_1_154' title='bbox 240 1711 520 1801; x_wconf 89' lang='lat' dir='ltr'>gaudia,</span> <span class='ocrx_word' id='word_1_155' title='bbox 574 1725 650 1781; x_wconf 92' lang='lat' dir='ltr'>ut</span> <span class='ocrx_word' id='word_1_156' title='bbox 696 1732 1012 1782; x_wconf 90' lang='lat' dir='ltr'>amoveas</span> <span class='ocrx_word' id='word_1_157' title='bbox 1052 1733 1129 1780; x_wconf 91' lang='lat' dir='ltr'>ea</span> <span class='ocrx_word' id='word_1_158' title='bbox 1158 1733 1334 1798; x_wconf 90' lang='lat' dir='ltr'>quae</span> <span class='ocrx_word' id='word_1_159' title='bbox 1376 1723 1536 1781; x_wconf 89' lang='lat' dir='ltr'>sunt</span> <span class='ocrx_word' id='word_1_160' title='bbox 1569 1721 1865 1780; x_wconf 89' lang='lat' dir='ltr'>aeterna.</span> <span class='ocrx_word' id='word_1_161' title='bbox 1909 1736 1934 1774; x_wconf 73' lang='lat' dir='ltr'><strong>n</strong></span> <span class='ocrx_word' id='word_1_162' title='bbox 1992 1716 2179 1779; x_wconf 87' lang='lat' dir='ltr'>Tunc</span> <span class='ocrx_word' id='word_1_163' title='bbox 2214 1711 2283 1778; x_wconf 92' lang='lat' dir='ltr'>in</span> <span class='ocrx_word' id='word_1_164' title='bbox 2326 1732 2557 1781; x_wconf 88' lang='lat' dir='ltr'>vocem</span> <span class='ocrx_word' id='word_1_165' title='bbox 2591 1712 2776 1781; x_wconf 85' lang='lat' dir='ltr'>exul-</span> 
     </span>
     <span class='ocr_line' id='line_1_18' title="bbox 239 1798 2771 1889; baseline 0.001 -21"><span class='ocrx_word' id='word_1_166' title='bbox 239 1800 519 1869; x_wconf 85' lang='lat' dir='ltr'>tationis</span> <span class='ocrx_word' id='word_1_167' title='bbox 553 1813 616 1868; x_wconf 90' lang='lat' dir='ltr'>et</span> <span class='ocrx_word' id='word_1_168' title='bbox 641 1798 1095 1870; x_wconf 85' lang='lat' dir='ltr'>consessionis</span> <span class='ocrx_word' id='word_1_169' title='bbox 1119 1822 1311 1869; x_wconf 89' lang='lat' dir='ltr'>erum</span> <span class='ocrx_word' id='word_1_170' title='bbox 1326 1821 1492 1889; x_wconf 88' lang='lat' dir='ltr'>pens</span> <span class='ocrx_word' id='word_1_171' title='bbox 1519 1799 1848 1868; x_wconf 86' lang='lat' dir='ltr'>adversus</span> <span class='ocrx_word' id='word_1_172' title='bbox 1884 1799 2300 1888; x_wconf 89' lang='lat' dir='ltr'>impietatem</span> <span class='ocrx_word' id='word_1_173' title='bbox 2337 1800 2771 1889; x_wconf 84' lang='lat' dir='ltr'>paganicam,</span> 
     </span>
     <span class='ocr_line' id='line_1_19' title="bbox 247 1887 2775 1978; baseline 0.001 -22"><span class='ocrx_word' id='word_1_174' title='bbox 247 1887 621 1970; x_wconf 82' lang='lat' dir='ltr'>‘udaicam,</span> <span class='ocrx_word' id='word_1_175' title='bbox 666 1901 868 1975; x_wconf 91' lang='lat' dir='ltr'>atque</span> <span class='ocrx_word' id='word_1_176' title='bbox 917 1889 1327 1958; x_wconf 90' lang='lat' dir='ltr'>haereticam</span> <span class='ocrx_word' id='word_1_177' title='bbox 1367 1943 1381 1969; x_wconf 91' lang='lat'>,</span> <span class='ocrx_word' id='word_1_178' title='bbox 1434 1910 1610 1975; x_wconf 91' lang='lat' dir='ltr'>quae</span> <span class='ocrx_word' id='word_1_179' title='bbox 1657 1887 1971 1957; x_wconf 90' lang='lat' dir='ltr'>videlicet</span> <span class='ocrx_word' id='word_1_180' title='bbox 2010 1889 2349 1978; x_wconf 88' lang='lat' dir='ltr'>impietas,</span> <span class='ocrx_word' id='word_1_181' title='bbox 2396 1889 2577 1958; x_wconf 85' lang='lat' dir='ltr'>velut</span> <span class='ocrx_word' id='word_1_182' title='bbox 2625 1895 2775 1959; x_wconf 89' lang='lat' dir='ltr'>Cer—</span> 
     </span>
    </p>

    <p class='ocr_par' dir='ltr' id='par_1_3' title="bbox 235 1976 2779 2954">
     <span class='ocr_line' id='line_1_20' title="bbox 290 1976 2778 2066; baseline 0 -20"><span class='ocrx_word' id='word_1_183' title='bbox 290 1998 450 2046; x_wconf 91' lang='lat' dir='ltr'>erus</span> <span class='ocrx_word' id='word_1_184' title='bbox 498 1977 692 2046; x_wconf 88' lang='lat' dir='ltr'>canis</span> <span class='ocrx_word' id='word_1_185' title='bbox 745 1976 1101 2047; x_wconf 84' lang='lat' dir='ltr'>infernalis</span> <span class='ocrx_word' id='word_1_186' title='bbox 1154 1977 1358 2047; x_wconf 91' lang='lat' dir='ltr'>trium</span> <span class='ocrx_word' id='word_1_187' title='bbox 1408 1978 1710 2066; x_wconf 87' lang='lat' dir='ltr'>capitum</span> <span class='ocrx_word' id='word_1_188' title='bbox 1744 2032 1759 2057; x_wconf 86' lang='lat'>,</span> <span class='ocrx_word' id='word_1_189' title='bbox 1821 1977 2227 2046; x_wconf 86' lang='lat' dir='ltr'>catholicam</span> <span class='ocrx_word' id='word_1_190' title='bbox 2284 1989 2449 2047; x_wconf 88' lang='lat' dir='ltr'>tunc</span> <span class='ocrx_word' id='word_1_191' title='bbox 2497 1980 2778 2048; x_wconf 86' lang='lat' dir='ltr'>vexabat</span> 
     </span>
     <span class='ocr_line' id='line_1_21' title="bbox 237 2065 2778 2166; baseline 0 -32"><span class='ocrx_word' id='word_1_192' title='bbox 237 2066 613 2134; x_wconf 86' lang='lat' dir='ltr'>Ecclesiam</span> <span class='ocrx_word' id='word_1_193' title='bbox 652 2120 667 2148; x_wconf 91' lang='lat'>,</span> <span class='ocrx_word' id='word_1_194' title='bbox 722 2065 1042 2136; x_wconf 90' lang='lat' dir='ltr'>clamavit</span> <span class='ocrx_word' id='word_1_195' title='bbox 1088 2078 1153 2135; x_wconf 90' lang='lat' dir='ltr'>et</span> <span class='ocrx_word' id='word_1_196' title='bbox 1208 2066 1420 2134; x_wconf 85' lang='lat' dir='ltr'>dixit:</span> <span class='ocrx_word' id='word_1_197' title='bbox 1477 2090 1512 2132; x_wconf 83' lang='lat'>‹&lt;</span> <span class='ocrx_word' id='word_1_198' title='bbox 1550 2071 1688 2166; x_wconf 85' lang='lat' dir='ltr'>Ego</span> <span class='ocrx_word' id='word_1_199' title='bbox 1741 2066 1805 2134; x_wconf 92' lang='lat' dir='ltr'>in</span> <span class='ocrx_word' id='word_1_200' title='bbox 1853 2070 2062 2135; x_wconf 89' lang='lat' dir='ltr'>Deum</span> <span class='ocrx_word' id='word_1_201' title='bbox 2110 2088 2347 2135; x_wconf 86' lang='lat' dir='ltr'>verum</span> <span class='ocrx_word' id='word_1_202' title='bbox 2410 2066 2660 2147; x_wconf 81' lang='lat' dir='ltr'>credo,</span> <span class='ocrx_word' id='word_1_203' title='bbox 2715 2081 2778 2136; x_wconf 91' lang='lat' dir='ltr'>et</span> 
     </span>
     <span class='ocr_line' id='line_1_22' title="bbox 238 2154 2774 2244; baseline 0 -21"><span class='ocrx_word' id='word_1_204' title='bbox 238 2155 468 2244; x_wconf 90' lang='lat' dir='ltr'>ipsum</span> <span class='ocrx_word' id='word_1_205' title='bbox 507 2154 715 2223; x_wconf 93' lang='lat' dir='ltr'>adoro</span> <span class='ocrx_word' id='word_1_206' title='bbox 766 2156 833 2223; x_wconf 93' lang='lat' dir='ltr'>in</span> <span class='ocrx_word' id='word_1_207' title='bbox 886 2154 1272 2224; x_wconf 90' lang='lat' dir='ltr'>substantia</span> <span class='ocrx_word' id='word_1_208' title='bbox 1319 2176 1562 2237; x_wconf 89' lang='lat' dir='ltr'>unum,</span> <span class='ocrx_word' id='word_1_209' title='bbox 1605 2176 1671 2222; x_wconf 90' lang='lat' dir='ltr'>m</span> <span class='ocrx_word' id='word_1_210' title='bbox 1712 2155 2023 2244; x_wconf 89' lang='lat' dir='ltr'>personis</span> <span class='ocrx_word' id='word_1_211' title='bbox 2072 2155 2355 2236; x_wconf 88' lang='lat' dir='ltr'>trinum,</span> <span class='ocrx_word' id='word_1_212' title='bbox 2403 2168 2774 2225; x_wconf 86' lang='lat' dir='ltr'>creatorem</span> 
     </span>
     <span class='ocr_line' id='line_1_23' title="bbox 239 2243 2771 2334; baseline 0 -22"><span class='ocrx_word' id='word_1_213' title='bbox 239 2243 450 2312; x_wconf 84' lang='lat' dir='ltr'>totius</span> <span class='ocrx_word' id='word_1_214' title='bbox 477 2243 723 2313; x_wconf 93' lang='lat' dir='ltr'>mundi</span> <span class='ocrx_word' id='word_1_215' title='bbox 745 2256 947 2330; x_wconf 90' lang='lat' dir='ltr'>atque</span> <span class='ocrx_word' id='word_1_216' title='bbox 978 2244 1529 2334; x_wconf 85' lang='lat' dir='ltr'>gubernatorem,</span> <span class='ocrx_word' id='word_1_217' title='bbox 1562 2243 1838 2311; x_wconf 90' lang='lat' dir='ltr'>initium</span> <span class='ocrx_word' id='word_1_218' title='bbox 1873 2256 1938 2311; x_wconf 92' lang='lat' dir='ltr'>et</span> <span class='ocrx_word' id='word_1_219' title='bbox 1969 2243 2175 2313; x_wconf 89' lang='lat' dir='ltr'>finem</span> <span class='ocrx_word' id='word_1_220' title='bbox 2217 2266 2350 2313; x_wconf 92' lang='lat' dir='ltr'>non</span> <span class='ocrx_word' id='word_1_221' title='bbox 2381 2243 2771 2313; x_wconf 89' lang='lat' dir='ltr'>habentem:</span> 
     </span>
     <span class='ocr_line' id='line_1_24' title="bbox 239 2332 2777 2422; baseline 0 -21"><span class='ocrx_word' id='word_1_222' title='bbox 239 2332 442 2422; x_wconf 85' lang='lat' dir='ltr'>cujus</span> <span class='ocrx_word' id='word_1_223' title='bbox 473 2354 760 2421; x_wconf 91' lang='lat' dir='ltr'>regnum</span> <span class='ocrx_word' id='word_1_224' title='bbox 803 2332 1279 2422; x_wconf 90' lang='lat' dir='ltr'>incorruptum</span> <span class='ocrx_word' id='word_1_225' title='bbox 1319 2335 1673 2421; x_wconf 79' lang='lat' dir='ltr'>permanet</span> <span class='ocrx_word' id='word_1_226' title='bbox 1699 2332 1769 2400; x_wconf 92' lang='lat' dir='ltr'>in</span> <span class='ocrx_word' id='word_1_227' title='bbox 1811 2332 2332 2421; x_wconf 90' lang='lat' dir='ltr'>sempiternum.</span> <span class='ocrx_word' id='word_1_228' title='bbox 2373 2333 2581 2402; x_wconf 84' lang='lat' dir='ltr'>Credo</span> <span class='ocrx_word' id='word_1_229' title='bbox 2622 2335 2777 2403; x_wconf 89' lang='lat' dir='ltr'>Uni-</span> 
     </span>
     <span class='ocr_line' id='line_1_25' title="bbox 240 2420 2771 2512; baseline 0.001 -24"><span class='ocrx_word' id='word_1_230' title='bbox 240 2421 548 2512; x_wconf 88' lang='lat' dir='ltr'>genitum</span> <span class='ocrx_word' id='word_1_231' title='bbox 595 2420 708 2489; x_wconf 91' lang='lat' dir='ltr'>Dei</span> <span class='ocrx_word' id='word_1_232' title='bbox 744 2421 958 2511; x_wconf 89' lang='lat' dir='ltr'>patris</span> <span class='ocrx_word' id='word_1_233' title='bbox 997 2421 1484 2512; x_wconf 90' lang='lat' dir='ltr'>omnipotentis</span> <span class='ocrx_word' id='word_1_234' title='bbox 1518 2420 1739 2489; x_wconf 88' lang='lat' dir='ltr'>filium</span> <span class='ocrx_word' id='word_1_235' title='bbox 1775 2475 1789 2499; x_wconf 92' lang='lat'>,</span> <span class='ocrx_word' id='word_1_236' title='bbox 1835 2421 2015 2489; x_wconf 90' lang='lat' dir='ltr'>Patri</span> <span class='ocrx_word' id='word_1_237' title='bbox 2063 2421 2717 2491; x_wconf 88' lang='lat' dir='ltr'>consubstantialem</span> <span class='ocrx_word' id='word_1_238' title='bbox 2758 2477 2771 2502; x_wconf 90' lang='lat'>‚</span> 
     </span>
     <span class='ocr_line' id='line_1_26' title="bbox 238 2511 2779 2600; baseline 0 -21"><span class='ocrx_word' id='word_1_239' title='bbox 238 2522 675 2579; x_wconf 89' lang='lat' dir='ltr'>coaeternum</span> <span class='ocrx_word' id='word_1_240' title='bbox 728 2522 929 2597; x_wconf 89' lang='lat' dir='ltr'>atque</span> <span class='ocrx_word' id='word_1_241' title='bbox 977 2511 1439 2597; x_wconf 78' lang='lat' dir='ltr'>coaequalem,</span> <span class='ocrx_word' id='word_1_242' title='bbox 1497 2511 1753 2600; x_wconf 88' lang='lat' dir='ltr'>Spiritu</span> <span class='ocrx_word' id='word_1_243' title='bbox 1795 2515 2039 2580; x_wconf 92' lang='lat' dir='ltr'>Sancto</span> <span class='ocrx_word' id='word_1_244' title='bbox 2087 2524 2409 2600; x_wconf 88' lang='lat' dir='ltr'>operante</span> <span class='ocrx_word' id='word_1_245' title='bbox 2451 2512 2517 2579; x_wconf 90' lang='lat' dir='ltr'>in</span> <span class='ocrx_word' id='word_1_246' title='bbox 2570 2512 2779 2580; x_wconf 87' lang='lat' dir='ltr'>Maria</span> 
     </span>
     <span class='ocr_line' id='line_1_27' title="bbox 239 2599 2778 2690; baseline 0.001 -25"><span class='ocrx_word' id='word_1_247' title='bbox 239 2599 508 2687; x_wconf 83' lang='lat' dir='ltr'>virgine</span> <span class='ocrx_word' id='word_1_248' title='bbox 556 2611 990 2689; x_wconf 85' lang='lat' dir='ltr'>conceptum,</span> <span class='ocrx_word' id='word_1_249' title='bbox 1045 2620 1278 2667; x_wconf 90' lang='lat' dir='ltr'>verum</span> <span class='ocrx_word' id='word_1_250' title='bbox 1318 2599 1663 2667; x_wconf 87' lang='lat' dir='ltr'>hominem</span> <span class='ocrx_word' id='word_1_251' title='bbox 1703 2600 1851 2668; x_wconf 89' lang='lat' dir='ltr'>sine</span> <span class='ocrx_word' id='word_1_252' title='bbox 1887 2600 2298 2690; x_wconf 85' lang='lat' dir='ltr'>virginitatis</span> <span class='ocrx_word' id='word_1_253' title='bbox 2338 2602 2778 2689; x_wconf 88' lang='lat' dir='ltr'>corruptione</span> 
     </span>
     <span class='ocr_line' id='line_1_28' title="bbox 236 2687 2779 2776; baseline 0 -20"><span class='ocrx_word' id='word_1_254' title='bbox 236 2709 317 2757; x_wconf 81' lang='lat' dir='ltr'>ex</span> <span class='ocrx_word' id='word_1_255' title='bbox 365 2708 444 2756; x_wconf 89' lang='lat' dir='ltr'>ea</span> <span class='ocrx_word' id='word_1_256' title='bbox 486 2699 749 2767; x_wconf 90' lang='lat' dir='ltr'>natum,</span> <span class='ocrx_word' id='word_1_257' title='bbox 804 2689 934 2756; x_wconf 90' lang='lat' dir='ltr'>sub</span> <span class='ocrx_word' id='word_1_258' title='bbox 983 2688 1219 2776; x_wconf 81' lang='lat' dir='ltr'>Pontio</span> <span class='ocrx_word' id='word_1_259' title='bbox 1267 2687 1479 2756; x_wconf 88' lang='lat' dir='ltr'>Pilato</span> <span class='ocrx_word' id='word_1_260' title='bbox 1527 2687 1962 2766; x_wconf 83' lang='lat' dir='ltr'>crucifixum,</span> <span class='ocrx_word' id='word_1_261' title='bbox 2021 2710 2058 2757; x_wconf 92' lang='lat' dir='ltr'>a</span> <span class='ocrx_word' id='word_1_262' title='bbox 2111 2689 2398 2756; x_wconf 87' lang='lat' dir='ltr'>mortuis</span> <span class='ocrx_word' id='word_1_263' title='bbox 2438 2689 2627 2757; x_wconf 87' lang='lat' dir='ltr'>tertia</span> <span class='ocrx_word' id='word_1_264' title='bbox 2668 2688 2779 2756; x_wconf 91' lang='lat' dir='ltr'>die</span> 
     </span>
     <span class='ocr_line' id='line_1_29' title="bbox 239 2775 2778 2866; baseline -0 -22"><span class='ocrx_word' id='word_1_265' title='bbox 239 2776 722 2844; x_wconf 89' lang='lat' dir='ltr'>resuscitatum</span> <span class='ocrx_word' id='word_1_266' title='bbox 754 2830 772 2855; x_wconf 91' lang='lat'>,</span> <span class='ocrx_word' id='word_1_267' title='bbox 832 2777 899 2844; x_wconf 92' lang='lat' dir='ltr'>in</span> <span class='ocrx_word' id='word_1_268' title='bbox 959 2775 1182 2846; x_wconf 90' lang='lat' dir='ltr'>coelos</span> <span class='ocrx_word' id='word_1_269' title='bbox 1231 2787 1604 2866; x_wconf 91' lang='lat' dir='ltr'>receptum,</span> <span class='ocrx_word' id='word_1_270' title='bbox 1658 2777 1727 2844; x_wconf 91' lang='lat' dir='ltr'>in</span> <span class='ocrx_word' id='word_1_271' title='bbox 1772 2776 1881 2845; x_wconf 89' lang='lat' dir='ltr'>die</span> <span class='ocrx_word' id='word_1_272' title='bbox 1920 2775 2166 2865; x_wconf 85' lang='lat' dir='ltr'>judicii</span> <span class='ocrx_word' id='word_1_273' title='bbox 2228 2777 2410 2844; x_wconf 89' lang='lat' dir='ltr'>vivos</span> <span class='ocrx_word' id='word_1_274' title='bbox 2463 2798 2540 2844; x_wconf 92' lang='lat' dir='ltr'>ac</span> <span class='ocrx_word' id='word_1_275' title='bbox 2596 2797 2778 2845; x_wconf 88' lang='lat' dir='ltr'>mor-</span> 
     </span>
     <span class='ocr_line' id='line_1_30' title="bbox 235 2863 2775 2954; baseline -0.001 -21"><span class='ocrx_word' id='word_1_276' title='bbox 235 2877 390 2935; x_wconf 88' lang='lat' dir='ltr'>tuos</span> <span class='ocrx_word' id='word_1_277' title='bbox 417 2863 920 2952; x_wconf 87' lang='lat' dir='ltr'>judicaturum,</span> <span class='ocrx_word' id='word_1_278' title='bbox 960 2877 1024 2934; x_wconf 90' lang='lat' dir='ltr'>et</span> <span class='ocrx_word' id='word_1_279' title='bbox 1055 2865 1435 2952; x_wconf 88' lang='lat' dir='ltr'>unicuique</span> <span class='ocrx_word' id='word_1_280' title='bbox 1467 2864 1847 2934; x_wconf 90' lang='lat' dir='ltr'>secundum</span> <span class='ocrx_word' id='word_1_281' title='bbox 1880 2886 2086 2954; x_wconf 91' lang='lat' dir='ltr'>opera</span> <span class='ocrx_word' id='word_1_282' title='bbox 2114 2887 2239 2933; x_wconf 90' lang='lat' dir='ltr'>sua</span> <span class='ocrx_word' id='word_1_283' title='bbox 2268 2864 2775 2933; x_wconf 84' lang='lat' dir='ltr'>redditurum.»</span> 
     </span>
    </p>

    <p class='ocr_par' dir='ltr' id='par_1_4' title="bbox 230 2951 2779 4478">
     <span class='ocr_line' id='line_1_31' title="bbox 326 2951 2776 3044; baseline -0.001 -19"><span class='ocrx_word' id='word_1_284' title='bbox 326 2955 362 3040; x_wconf 66' lang='grc' dir='ltr'>ξ</span> <span class='ocrx_word' id='word_1_285' title='bbox 410 2958 559 3025; x_wconf 64' lang='lat'>12.</span> <span class='ocrx_word' id='word_1_286' title='bbox 613 2954 833 3044; x_wconf 87' lang='lat' dir='ltr'>Igitur</span> <span class='ocrx_word' id='word_1_287' title='bbox 893 2953 1236 3042; x_wconf 83' lang='lat' dir='ltr'>lacrymae</span> <span class='ocrx_word' id='word_1_288' title='bbox 1300 2955 1557 3023; x_wconf 89' lang='lat' dir='ltr'>interea</span> <span class='ocrx_word' id='word_1_289' title='bbox 1609 2953 1982 3022; x_wconf 90' lang='lat' dir='ltr'>manabant</span> <span class='ocrx_word' id='word_1_290' title='bbox 2027 2974 2105 3021; x_wconf 81' lang='lat' dir='ltr'>ex</span> <span class='ocrx_word' id='word_1_291' title='bbox 2168 2951 2387 3022; x_wconf 89' lang='lat' dir='ltr'>oculis</span> <span class='ocrx_word' id='word_1_292' title='bbox 2442 2953 2529 3022; x_wconf 92' lang='lat' dir='ltr'>ab</span> <span class='ocrx_word' id='word_1_293' title='bbox 2583 2952 2776 3022; x_wconf 91' lang='lat' dir='ltr'>initio</span> 
     </span>
     <span class='ocr_line' id='line_1_32' title="bbox 235 3033 2777 3132; baseline 0 -22"><span class='ocrx_word' id='word_1_294' title='bbox 235 3041 589 3122; x_wconf 88' lang='lat' dir='ltr'>orationis,</span> <span class='ocrx_word' id='word_1_295' title='bbox 628 3063 834 3128; x_wconf 89' lang='lat' dir='ltr'>quam</span> <span class='ocrx_word' id='word_1_296' title='bbox 872 3042 1275 3132; x_wconf 89' lang='lat' dir='ltr'>impetratis,</span> <span class='ocrx_word' id='word_1_297' title='bbox 1335 3055 1407 3112; x_wconf 91' lang='lat' dir='ltr'>ut</span> <span class='ocrx_word' id='word_1_298' title='bbox 1443 3044 1588 3131; x_wconf 58' lang='lat' dir='ltr'>,jam</span> <span class='ocrx_word' id='word_1_299' title='bbox 1638 3033 1896 3110; x_wconf 82' lang='lat' dir='ltr'>dicttim</span> <span class='ocrx_word' id='word_1_300' title='bbox 1934 3052 2058 3122; x_wconf 90' lang='lat' dir='ltr'>est,</span> <span class='ocrx_word' id='word_1_301' title='bbox 2112 3039 2290 3109; x_wconf 83' lang='lat' dir='ltr'>fudit</span> <span class='ocrx_word' id='word_1_302' title='bbox 2337 3039 2658 3109; x_wconf 69' lang='lat' dir='ltr'>induciis</span> <span class='ocrx_word' id='word_1_303' title='bbox 2701 3047 2777 3111; x_wconf 88' lang='lat' dir='ltr'>Et</span> 
     </span>
     <span class='ocr_line' id='line_1_33' title="bbox 232 3128 2772 3215; baseline 0 -17"><span class='ocrx_word' id='word_1_304' title='bbox 232 3130 366 3199; x_wconf 91' lang='lat' dir='ltr'>hoc</span> <span class='ocrx_word' id='word_1_305' title='bbox 416 3129 838 3199; x_wconf 87' lang='lat' dir='ltr'>infirmitatis</span> <span class='ocrx_word' id='word_1_306' title='bbox 886 3149 1033 3199; x_wconf 84' lang='lat' dir='ltr'>esse</span> <span class='ocrx_word' id='word_1_307' title='bbox 1074 3129 1432 3199; x_wconf 85' lang='lat' dir='ltr'>videbatur</span> <span class='ocrx_word' id='word_1_308' title='bbox 1472 3130 1608 3199; x_wconf 90' lang='lat' dir='ltr'>illis</span> <span class='ocrx_word' id='word_1_309' title='bbox 1648 3131 1767 3215; x_wconf 90' lang='lat' dir='ltr'>qui</span> <span class='ocrx_word' id='word_1_310' title='bbox 1820 3129 2211 3198; x_wconf 84' lang='lat' dir='ltr'>nesciebant</span> <span class='ocrx_word' id='word_1_311' title='bbox 2257 3128 2421 3214; x_wconf 91' lang='lat' dir='ltr'>quid</span> <span class='ocrx_word' id='word_1_312' title='bbox 2473 3129 2560 3198; x_wconf 91' lang='lat' dir='ltr'>sit</span> <span class='ocrx_word' id='word_1_313' title='bbox 2598 3129 2772 3198; x_wconf 92' lang='lat' dir='ltr'>illud</span> 
     </span>
     <span class='ocr_line' id='line_1_34' title="bbox 233 3218 2775 3308; baseline 0 -20"><span class='ocrx_word' id='word_1_314' title='bbox 233 3218 418 3306; x_wconf 91' lang='lat' dir='ltr'>quod</span> <span class='ocrx_word' id='word_1_315' title='bbox 458 3220 525 3286; x_wconf 88' lang='lat' dir='ltr'>in</span> <span class='ocrx_word' id='word_1_316' title='bbox 568 3219 836 3288; x_wconf 88' lang='lat' dir='ltr'>Psalmo</span> <span class='ocrx_word' id='word_1_317' title='bbox 885 3219 1142 3288; x_wconf 91' lang='lat' dir='ltr'>dictum</span> <span class='ocrx_word' id='word_1_318' title='bbox 1203 3230 1343 3287; x_wconf 89' lang='lat' dir='ltr'>est:</span> <span class='ocrx_word' id='word_1_319' title='bbox 1401 3221 1844 3308; x_wconf 73' lang='lat' dir='ltr'>Sacrificium,</span> <span class='ocrx_word' id='word_1_320' title='bbox 1883 3223 2013 3287; x_wconf 88' lang='lat' dir='ltr'>Deo</span> <span class='ocrx_word' id='word_1_321' title='bbox 2043 3219 2323 3308; x_wconf 80' lang='lat' dir='ltr'>spiritus</span> <span class='ocrx_word' id='word_1_322' title='bbox 2371 3219 2775 3288; x_wconf 63' lang='lat' dir='ltr'>contribula-</span> 
     </span>
     <span class='ocr_line' id='line_1_35' title="bbox 234 3306 2774 3398; baseline 0 -22"><span class='ocrx_word' id='word_1_323' title='bbox 234 3319 384 3376; x_wconf 85' lang='lat' dir='ltr'>tus:</span> <span class='ocrx_word' id='word_1_324' title='bbox 423 3330 533 3376; x_wconf 87' lang='lat' dir='ltr'>cor</span> <span class='ocrx_word' id='word_1_325' title='bbox 571 3310 926 3376; x_wconf 77' lang='lat' dir='ltr'>contritum</span> <span class='ocrx_word' id='word_1_326' title='bbox 959 3319 1023 3377; x_wconf 81' lang='lat' dir='ltr'>et</span> <span class='ocrx_word' id='word_1_327' title='bbox 1055 3309 1513 3398; x_wconf 61' lang='lat' dir='ltr'>humiliatum„</span> <span class='ocrx_word' id='word_1_328' title='bbox 1567 3313 1761 3387; x_wconf 82' lang='lat' dir='ltr'>Deus,</span> <span class='ocrx_word' id='word_1_329' title='bbox 1814 3331 1944 3375; x_wconf 76' lang='lat' dir='ltr'>non</span> <span class='ocrx_word' id='word_1_330' title='bbox 1978 3308 2295 3397; x_wconf 77' lang='lat' dir='ltr'>despicies</span> <span class='ocrx_word' id='word_1_331' title='bbox 2330 3306 2467 3396; x_wconf 87' lang='lat' dir='ltr'>(Ps.</span> <span class='ocrx_word' id='word_1_332' title='bbox 2522 3308 2659 3396; x_wconf 81' lang='lat'>50).</span> <span class='ocrx_word' id='word_1_333' title='bbox 2697 3312 2774 3377; x_wconf 88' lang='lat' dir='ltr'>Et</span> 
     </span>
     <span class='ocr_line' id='line_1_36' title="bbox 233 3395 2778 3475; baseline -0 -10"><span class='ocrx_word' id='word_1_334' title='bbox 233 3395 399 3465; x_wconf 88' lang='lat' dir='ltr'>alibi</span> <span class='ocrx_word' id='word_1_335' title='bbox 434 3419 447 3463; x_wconf 91' lang='lat'><strong>:</strong></span> <span class='ocrx_word' id='word_1_336' title='bbox 505 3397 1027 3466; x_wconf 79' lang='lat' dir='ltr'>Tribulationem</span> <span class='ocrx_word' id='word_1_337' title='bbox 1061 3407 1124 3465; x_wconf 83' lang='lat' dir='ltr'>et</span> <span class='ocrx_word' id='word_1_338' title='bbox 1163 3398 1448 3466; x_wconf 76' lang='lat' dir='ltr'>dolorem</span> <span class='ocrx_word' id='word_1_339' title='bbox 1498 3398 1744 3475; x_wconf 82' lang='lat' dir='ltr'>inveni,</span> <span class='ocrx_word' id='word_1_340' title='bbox 1803 3408 1865 3464; x_wconf 81' lang='lat' dir='ltr'>ec</span> <span class='ocrx_word' id='word_1_341' title='bbox 1904 3419 2137 3465; x_wconf 79' lang='lat' dir='ltr'>nomen</span> <span class='ocrx_word' id='word_1_342' title='bbox 2175 3399 2441 3465; x_wconf 78' lang='lat' dir='ltr'>Domini</span> <span class='ocrx_word' id='word_1_343' title='bbox 2472 3398 2778 3466; x_wconf 77' lang='lat' dir='ltr'>invocavi</span> 
     </span>
     <span class='ocr_line' id='line_1_37' title="bbox 232 3484 2774 3576; baseline 0 -22"><span class='ocrx_word' id='word_1_344' title='bbox 232 3486 370 3576; x_wconf 91' lang='lat' dir='ltr'>(Ps.</span> <span class='ocrx_word' id='word_1_345' title='bbox 413 3484 616 3574; x_wconf 56' lang='lat' dir='ltr'>sltl‘l);</span> <span class='ocrx_word' id='word_1_346' title='bbox 668 3500 733 3555; x_wconf 92' lang='lat' dir='ltr'>et</span> <span class='ocrx_word' id='word_1_347' title='bbox 779 3485 959 3572; x_wconf 88' lang='lat' dir='ltr'>quod</span> <span class='ocrx_word' id='word_1_348' title='bbox 1004 3484 1087 3554; x_wconf 90' lang='lat' dir='ltr'>de</span> <span class='ocrx_word' id='word_1_349' title='bbox 1129 3486 1275 3574; x_wconf 88' lang='lat' dir='ltr'>ipso</span> <span class='ocrx_word' id='word_1_350' title='bbox 1316 3508 1391 3555; x_wconf 92' lang='lat' dir='ltr'>ca</span> <span class='ocrx_word' id='word_1_351' title='bbox 1453 3485 1536 3553; x_wconf 91' lang='lat' dir='ltr'>ite</span> <span class='ocrx_word' id='word_1_352' title='bbox 1584 3484 1940 3554; x_wconf 87' lang='lat' dir='ltr'>beatorum</span> <span class='ocrx_word' id='word_1_353' title='bbox 2005 3485 2414 3576; x_wconf 90' lang='lat' dir='ltr'>lugentium,</span> <span class='ocrx_word' id='word_1_354' title='bbox 2459 3487 2578 3572; x_wconf 89' lang='lat' dir='ltr'>qui</span> <span class='ocrx_word' id='word_1_355' title='bbox 2622 3507 2774 3575; x_wconf 89' lang='lat' dir='ltr'>pro-</span> 
     </span>
     <span class='ocr_line' id='line_1_38' title="bbox 230 3572 2775 3664; baseline 0 -22"><span class='ocrx_word' id='word_1_356' title='bbox 230 3585 386 3664; x_wconf 90' lang='lat' dir='ltr'>pter</span> <span class='ocrx_word' id='word_1_357' title='bbox 421 3574 550 3642; x_wconf 91' lang='lat' dir='ltr'>hoc</span> <span class='ocrx_word' id='word_1_358' title='bbox 585 3574 814 3663; x_wconf 88' lang='lat' dir='ltr'>ipsum</span> <span class='ocrx_word' id='word_1_359' title='bbox 849 3574 1030 3660; x_wconf 91' lang='lat' dir='ltr'>quod</span> <span class='ocrx_word' id='word_1_360' title='bbox 1083 3572 1342 3663; x_wconf 90' lang='lat' dir='ltr'>lugent,</span> <span class='ocrx_word' id='word_1_361' title='bbox 1447 3573 1578 3642; x_wconf 91' lang='lat' dir='ltr'>eati</span> <span class='ocrx_word' id='word_1_362' title='bbox 1627 3586 1811 3652; x_wconf 89' lang='lat' dir='ltr'>sunt,</span> <span class='ocrx_word' id='word_1_363' title='bbox 1864 3574 2225 3663; x_wconf 80' lang='lat' dir='ltr'>Apostolus</span> <span class='ocrx_word' id='word_1_364' title='bbox 2273 3573 2491 3643; x_wconf 91' lang='lat' dir='ltr'>dicit:</span> <span class='ocrx_word' id='word_1_365' title='bbox 2530 3576 2660 3656; x_wconf 85' lang='lat' dir='ltr'>Qui</span> <span class='ocrx_word' id='word_1_366' title='bbox 2704 3575 2775 3642; x_wconf 85' lang='lat' dir='ltr'>in</span> 
     </span>
     <span class='ocr_line' id='line_1_39' title="bbox 233 3664 2774 3754; baseline -0.001 -22"><span class='ocrx_word' id='word_1_367' title='bbox 233 3664 462 3732; x_wconf 83' lang='lat' dir='ltr'>diebus</span> <span class='ocrx_word' id='word_1_368' title='bbox 515 3665 737 3731; x_wconf 78' lang='lat' dir='ltr'>carnis</span> <span class='ocrx_word' id='word_1_369' title='bbox 784 3685 948 3732; x_wconf 83' lang='lat' dir='ltr'>suae</span> <span class='ocrx_word' id='word_1_370' title='bbox 990 3685 1218 3753; x_wconf 81' lang='lat' dir='ltr'>preces</span> <span class='ocrx_word' id='word_1_371' title='bbox 1263 3664 1915 3754; x_wconf 77' lang='lat' dir='ltr'>supplicationesque</span> <span class='ocrx_word' id='word_1_372' title='bbox 1963 3664 2052 3732; x_wconf 83' lang='lat' dir='ltr'>ad</span> <span class='ocrx_word' id='word_1_373' title='bbox 2114 3685 2265 3732; x_wconf 84' lang='lat' dir='ltr'>eum</span> <span class='ocrx_word' id='word_1_374' title='bbox 2325 3664 2447 3753; x_wconf 82' lang='lat' dir='ltr'>qui</span> <span class='ocrx_word' id='word_1_375' title='bbox 2508 3665 2774 3731; x_wconf 80' lang='lat' dir='ltr'>salvum</span> 
     </span>
     <span class='ocr_line' id='line_1_40' title="bbox 231 3753 2772 3854; baseline 0.002 -34"><span class='ocrx_word' id='word_1_376' title='bbox 231 3754 457 3840; x_wconf 78' lang='lat' dir='ltr'>facere</span> <span class='ocrx_word' id='word_1_377' title='bbox 491 3761 708 3854; x_wconf 78' lang='lat' dir='ltr'>posset</span> <span class='ocrx_word' id='word_1_378' title='bbox 747 3753 970 3833; x_wconf 78' lang='lat' dir='ltr'>illum,</span> <span class='ocrx_word' id='word_1_379' title='bbox 1017 3775 1166 3820; x_wconf 80' lang='lat' dir='ltr'>cum</span> <span class='ocrx_word' id='word_1_380' title='bbox 1199 3753 1481 3821; x_wconf 85' lang='lat' dir='ltr'>clamore</span> <span class='ocrx_word' id='word_1_381' title='bbox 1511 3753 1742 3820; x_wconf 85' lang='lat' dir='ltr'>valido</span> <span class='ocrx_word' id='word_1_382' title='bbox 1774 3763 1838 3821; x_wconf 84' lang='lat' dir='ltr'>et</span> <span class='ocrx_word' id='word_1_383' title='bbox 1861 3754 2093 3821; x_wconf 82' lang='lat' dir='ltr'>multis</span> <span class='ocrx_word' id='word_1_384' title='bbox 2127 3753 2447 3842; x_wconf 74' lang='lat' dir='ltr'>lacrymis</span> <span class='ocrx_word' id='word_1_385' title='bbox 2471 3753 2772 3841; x_wconf 78' lang='lat' dir='ltr'>offerens,</span> 
     </span>
     <span class='ocr_line' id='line_1_41' title="bbox 233 3839 2777 3930; baseline -0 -21"><span class='ocrx_word' id='word_1_386' title='bbox 233 3841 608 3910; x_wconf 76' lang='lat' dir='ltr'>eoeauditus</span> <span class='ocrx_word' id='word_1_387' title='bbox 655 3851 750 3909; x_wconf 80' lang='lat' dir='ltr'>est</span> <span class='ocrx_word' id='word_1_388' title='bbox 783 3863 906 3930; x_wconf 86' lang='lat' dir='ltr'>pro</span> <span class='ocrx_word' id='word_1_389' title='bbox 952 3863 1079 3909; x_wconf 82' lang='lat' dir='ltr'>sua</span> <span class='ocrx_word' id='word_1_390' title='bbox 1109 3842 1483 3910; x_wconf 77' lang='lat' dir='ltr'>reverentia</span> <span class='ocrx_word' id='word_1_391' title='bbox 1513 3840 1707 3929; x_wconf 86' lang='lat' dir='ltr'>(Heb.</span> <span class='ocrx_word' id='word_1_392' title='bbox 1763 3841 1852 3929; x_wconf 85' lang='lat' dir='ltr'>v).</span> <span class='ocrx_word' id='word_1_393' title='bbox 1906 3840 2309 3911; x_wconf 86' lang='lat' dir='ltr'>Nesciehant</span> <span class='ocrx_word' id='word_1_394' title='bbox 2358 3840 2523 3909; x_wconf 89' lang='lat' dir='ltr'>haec</span> <span class='ocrx_word' id='word_1_395' title='bbox 2573 3839 2777 3910; x_wconf 89' lang='lat' dir='ltr'>multi</span> 
     </span>
     <span class='ocr_line' id='line_1_42' title="bbox 232 3927 2768 4019; baseline 0.001 -24"><span class='ocrx_word' id='word_1_396' title='bbox 232 3929 354 4015; x_wconf 89' lang='lat' dir='ltr'>qui</span> <span class='ocrx_word' id='word_1_397' title='bbox 400 3927 706 4010; x_wconf 90' lang='lat' dir='ltr'>aderant,</span> <span class='ocrx_word' id='word_1_398' title='bbox 762 3928 1195 4015; x_wconf 78' lang='lat' dir='ltr'>maximeque</span> <span class='ocrx_word' id='word_1_399' title='bbox 1231 3942 1567 4017; x_wconf 82' lang='lat' dir='ltr'>tyrannus</span> <span class='ocrx_word' id='word_1_400' title='bbox 1608 3928 1745 4011; x_wconf 89' lang='lat' dir='ltr'>ille,</span> <span class='ocrx_word' id='word_1_401' title='bbox 1785 3930 1988 4019; x_wconf 90' lang='lat' dir='ltr'>cujus</span> <span class='ocrx_word' id='word_1_402' title='bbox 2019 3940 2162 3998; x_wconf 88' lang='lat' dir='ltr'>erat</span> <span class='ocrx_word' id='word_1_403' title='bbox 2191 3950 2308 3998; x_wconf 92' lang='lat' dir='ltr'>cor</span> <span class='ocrx_word' id='word_1_404' title='bbox 2340 3927 2768 4009; x_wconf 89' lang='lat' dir='ltr'>induratum,</span> 
     </span>
     <span class='ocr_line' id='line_1_43' title="bbox 233 4016 2777 4107; baseline 0 -21"><span class='ocrx_word' id='word_1_405' title='bbox 233 4017 414 4086; x_wconf 90' lang='lat' dir='ltr'>sicut</span> <span class='ocrx_word' id='word_1_406' title='bbox 460 4038 578 4087; x_wconf 90' lang='lat' dir='ltr'>cor</span> <span class='ocrx_word' id='word_1_407' title='bbox 616 4017 1028 4097; x_wconf 89' lang='lat' dir='ltr'>Pharaonis;</span> <span class='ocrx_word' id='word_1_408' title='bbox 1081 4029 1146 4087; x_wconf 90' lang='lat' dir='ltr'>et</span> <span class='ocrx_word' id='word_1_409' title='bbox 1184 4017 1442 4087; x_wconf 87' lang='lat' dir='ltr'>idcirco</span> <span class='ocrx_word' id='word_1_410' title='bbox 1503 4017 1826 4087; x_wconf 88' lang='lat' dir='ltr'>infirmus</span> <span class='ocrx_word' id='word_1_411' title='bbox 1866 4031 2068 4105; x_wconf 90' lang='lat' dir='ltr'>atque</span> <span class='ocrx_word' id='word_1_412' title='bbox 2127 4016 2475 4107; x_wconf 90' lang='lat' dir='ltr'>pendulus</span> <span class='ocrx_word' id='word_1_413' title='bbox 2524 4022 2777 4107; x_wconf 84' lang='lat' dir='ltr'>Martyr</span> 
     </span>
     <span class='ocr_line' id='line_1_44' title="bbox 235 4104 2772 4197; baseline 0.001 -24"><span class='ocrx_word' id='word_1_414' title='bbox 235 4104 482 4174; x_wconf 89' lang='lat' dir='ltr'>Christi</span> <span class='ocrx_word' id='word_1_415' title='bbox 531 4123 678 4177; x_wconf 88' lang='lat' dir='ltr'>esse</span> <span class='ocrx_word' id='word_1_416' title='bbox 728 4105 1106 4175; x_wconf 89' lang='lat' dir='ltr'>videbatur.</span> <span class='ocrx_word' id='word_1_417' title='bbox 1163 4105 1353 4176; x_wconf 90' lang='lat' dir='ltr'>Unde</span> <span class='ocrx_word' id='word_1_418' title='bbox 1400 4117 1465 4174; x_wconf 93' lang='lat' dir='ltr'>et</span> <span class='ocrx_word' id='word_1_419' title='bbox 1525 4106 1885 4196; x_wconf 88' lang='lat' dir='ltr'>promissis</span> <span class='ocrx_word' id='word_1_420' title='bbox 1946 4107 2092 4175; x_wconf 90' lang='lat' dir='ltr'>suis</span> <span class='ocrx_word' id='word_1_421' title='bbox 2146 4106 2579 4197; x_wconf 85' lang='lat' dir='ltr'>confringere</span> <span class='ocrx_word' id='word_1_422' title='bbox 2626 4120 2772 4175; x_wconf 89' lang='lat' dir='ltr'>ten-</span> 
     </span>
     <span class='ocr_line' id='line_1_45' title="bbox 237 4191 2765 4292; baseline 0.001 -30"><span class='ocrx_word' id='word_1_423' title='bbox 237 4193 400 4292; x_wconf 75' lang='lat' dir='ltr'>tavit</span> <span class='ocrx_word' id='word_1_424' title='bbox 447 4194 643 4265; x_wconf 91' lang='lat' dir='ltr'>illum</span> <span class='ocrx_word' id='word_1_425' title='bbox 681 4195 860 4263; x_wconf 91' lang='lat' dir='ltr'>idem</span> <span class='ocrx_word' id='word_1_426' title='bbox 917 4193 1228 4264; x_wconf 83' lang='lat' dir='ltr'>inefficax</span> <span class='ocrx_word' id='word_1_427' title='bbox 1279 4191 1577 4264; x_wconf 87' lang='lat' dir='ltr'>malitiae</span> <span class='ocrx_word' id='word_1_428' title='bbox 1617 4194 1881 4275; x_wconf 83' lang='lat' dir='ltr'>artifex,</span> <span class='ocrx_word' id='word_1_429' title='bbox 1939 4196 2116 4265; x_wconf 88' lang='lat' dir='ltr'>sicut</span> <span class='ocrx_word' id='word_1_430' title='bbox 2145 4196 2290 4285; x_wconf 78' lang='lat' dir='ltr'>Jam</span> <span class='ocrx_word' id='word_1_431' title='bbox 2334 4194 2593 4265; x_wconf 89' lang='lat' dir='ltr'>dictum</span> <span class='ocrx_word' id='word_1_432' title='bbox 2643 4208 2765 4266; x_wconf 90' lang='lat' dir='ltr'>est.</span> 
     </span>
     <span class='ocr_line' id='line_1_46' title="bbox 234 4281 2770 4373; baseline 0.001 -23"><span class='ocrx_word' id='word_1_433' title='bbox 234 4281 363 4350; x_wconf 84' lang='lat' dir='ltr'>Ub1</span> <span class='ocrx_word' id='word_1_434' title='bbox 412 4294 636 4352; x_wconf 90' lang='lat' dir='ltr'>autem</span> <span class='ocrx_word' id='word_1_435' title='bbox 689 4285 866 4353; x_wconf 88' lang='lat' dir='ltr'>inter</span> <span class='ocrx_word' id='word_1_436' title='bbox 913 4283 1098 4373; x_wconf 88' lang='lat' dir='ltr'>ipsas</span> <span class='ocrx_word' id='word_1_437' title='bbox 1150 4282 1490 4353; x_wconf 88' lang='lat' dir='ltr'>lacrvmas</span> <span class='ocrx_word' id='word_1_438' title='bbox 1539 4283 1652 4353; x_wconf 89' lang='lat' dir='ltr'>hic</span> <span class='ocrx_word' id='word_1_439' title='bbox 1701 4283 1970 4354; x_wconf 92' lang='lat' dir='ltr'>Domini</span> <span class='ocrx_word' id='word_1_440' title='bbox 2003 4285 2214 4363; x_wconf 73' lang='lat' dir='ltr'>testiS,</span> <span class='ocrx_word' id='word_1_441' title='bbox 2254 4296 2477 4353; x_wconf 89' lang='lat' dir='ltr'>tantae</span> <span class='ocrx_word' id='word_1_442' title='bbox 2515 4284 2770 4354; x_wconf 82' lang='lat' dir='ltr'>exulta-</span> 
     </span>
     <span class='ocr_line' id='line_1_47' title="bbox 233 4356 2779 4478; baseline 0.002 -38"><span class='ocrx_word' id='word_1_443' title='bbox 233 4369 442 4440; x_wconf 89' lang='lat' dir='ltr'>tionis</span> <span class='ocrx_word' id='word_1_444' title='bbox 487 4385 550 4441; x_wconf 90' lang='lat' dir='ltr'>et</span> <span class='ocrx_word' id='word_1_445' title='bbox 598 4371 1049 4442; x_wconf 84' lang='lat' dir='ltr'>confessionis</span> <span class='ocrx_word' id='word_1_446' title='bbox 1096 4356 1335 4442; x_wconf 79' lang='lat' dir='ltr'>extulit</span> <span class='ocrx_word' id='word_1_447' title='bbox 1386 4393 1641 4453; x_wconf 86' lang='lat' dir='ltr'>vocem,</span> <span class='ocrx_word' id='word_1_448' title='bbox 1697 4384 1860 4442; x_wconf 87' lang='lat' dir='ltr'>tunc</span> <span class='ocrx_word' id='word_1_449' title='bbox 1912 4372 2026 4441; x_wconf 90' lang='lat' dir='ltr'>ille</span> <span class='ocrx_word' id='word_1_450' title='bbox 2072 4372 2351 4442; x_wconf 88' lang='lat' dir='ltr'>odibilis</span> <span class='ocrx_word' id='word_1_451' title='bbox 2397 4373 2719 4444; x_wconf 84' lang='lat' dir='ltr'>Julianus</span> <span class='ocrx_word' id='word_1_452' title='bbox 2749 4390 2779 4478; x_wconf 57' lang='lat' dir='ltr'>‚s</span> 
     </span>
    </p>
   </div>
  </div>
 </body>
</html>
