3347 4999
207 358 380 426 OCT.
432 361 473 423 9
888 377 965 422 ns
1015 373 1069 421 S.
1127 373 1436 421 Lnnovteo
1487 372 1853 421 BERTRANoo
1902 375 2082 423 conr.
2536 358 2664 422 293

207 462 479 532 Rationi
530 472 594 529 et
642 460 966 547 aequitati
1017 458 1362 541 convenit,
1405 471 1479 526 ut
1513 458 1907 548 praeclarus
1942 459 2053 528 hic
2088 460 2216 555 ,Dei
2272 459 2602 541 famulu5‚
2633 462 2755 547 qui

203 573 330 641 pro
379 550 526 637 ejus
568 548 787 639 gloria
835 562 899 617 et
947 549 1337 617 animarum
1392 546 1611 616 salute
1663 547 1914 615 multos
1964 547 2435 635 maximosque
2486 549 2755 620 labores

203 652 268 709 et
316 659 686 707 aerumnas
739 638 1039 727 pertulit,
1094 636 1294 726 cujus
1329 658 1576 704 nomen
1632 640 1808 704 Deus
1869 637 2013 724 ipse
2065 636 2443 725 gloriosum
2496 638 2743 720 effecit,

206 750 244 797 a
281 727 480 796 nobis
519 748 817 813 quoque,
862 728 980 813 qui
1032 726 1182 814 esus
1231 725 1410 793 vices
1455 726 1520 792 in
1556 725 1756 794 terris
1787 724 1976 815 (licet
2018 725 2379 813 immeriti)
2409 726 2745 815 gerimus,

206 815 636 886 honorabilis
670 815 925 903 ubique
975 748 1321 883 reddatur.
1377 818 1577 882 Hunc
1624 814 1860 903 igitur,
1899 827 1974 883 ut
2024 814 2264 882 merito
2328 815 2396 882 in
2447 814 2754 885 Ecclesia

210 905 549 974 militante
607 903 909 993 populus
959 903 1181 973 fidelis
1227 916 1292 972 et
1344 902 1535 992 plebs
1600 908 1730 970 Deo
1792 902 2041 982 dicata,
2098 907 2503 972 Sanctorum
2557 901 2753 974 fastis

209 993 514 1064 adscribi
551 993 826 1082 plenius
865 1004 1214 1083 agnoscat,
1253 990 1404 1077 ejus
1439 990 1790 1080 praeclara
1822 1003 2010 1082 gesta
2038 1002 2103 1059 et
2135 990 2385 1059 eximia
2417 991 2749 1059 virtutum

207 1094 618 1151 ornamenta
650 1095 1000 1169 tamquam
1037 1079 1515 1170 praecellentia
1550 1080 1635 1149 ad
1687 1080 2098 1149 imitandum
2147 1079 2597 1170 proponenda
2626 1079 2756 1147 du-

205 1171 464 1250 ximuS,
518 1182 595 1239 ut
643 1170 888 1239 Christi
940 1170 1217 1238 nomine
1266 1168 1589 1247 decorati,
1646 1182 1836 1258 gesta
1879 1192 2003 1239 sua
2044 1168 2124 1236 ad
2164 1169 2314 1257 ejus
2356 1167 2750 1257 exemplum

204 1262 270 1329 in
327 1260 447 1328 Dei
499 1258 788 1347 gloriam
841 1258 1371 1336 conformanteS‚
1425 1279 1582 1326 eum
1640 1258 1705 1325 in
1759 1258 2391 1346 opportunitatibus
2426 1270 2489 1326 et
2538 1258 2757 1326 tribu-

207 1348 592 1418 lationibus
638 1348 1042 1417 advocatum
1097 1346 1280 1437 apud
1334 1352 1545 1414 Deum
1598 1351 1861 1415 Patrem
1913 1347 2451 1435 omnipotentem
2504 1345 2757 1414 habere

207 1451 631 1506 mereantur.
677 1443 886 1524 Atque
921 1449 995 1505 ut
1029 1434 1591 1506 christifidelium
1635 1457 1751 1504 ora
1795 1436 2183 1524 promptius
2212 1435 2281 1503 in
2319 1434 2574 1504 divinis
2609 1434 2757 1502 lau-

208 1526 421 1595 dibus
469 1524 772 1613 exultent
818 1538 882 1594 et
931 1525 1202 1625 pietatis
1243 1523 1464 1593 fervor
1492 1546 1654 1614 erga
1691 1536 1952 1593 tantum
1988 1529 2151 1593 Jesu
2188 1523 2432 1593 Christi
2471 1528 2754 1591 Servum

211 1615 438 1703 magis
490 1614 557 1682 in
611 1614 758 1684 dies
806 1625 1155 1694 excitetur,
1194 1614 1345 1703 ejus
1379 1612 1864 1682 admirandam
1902 1624 1966 1681 et
2005 1613 2196 1682 omni
2231 1611 2434 1681 laude
2468 1611 2751 1701 dignam

210 1704 279 1773 in
337 1704 534 1773 terris
584 1716 925 1792 peractam
987 1702 1189 1771 vitam
1246 1703 1312 1770 in
1370 1702 1613 1791 primis
1669 1723 2007 1791 exponere
2056 1715 2118 1770 et
2172 1702 2359 1771 brevi
2408 1700 2753 1770 inclusam

209 1793 484 1879 eloquio
537 1803 874 1880 patentem
932 1791 1209 1859 reddere
1257 1791 1713 1859 decrevimus,
2146 1828 2154 1836 »

303 1888 341 1960 ἓ
404 1884 474 1951 1.
514 1878 855 1947 Valentiae
882 1880 917 1914 ¹*
953 1880 1160 1970 igitur
1209 1880 1277 1947 in
1329 1878 1665 1968 Hispania
1692 1878 2208 1960 Tarraconensi,
2238 1900 2317 1947 ex
2351 1878 2506 1967 piis,
2549 1878 2757 1946 hone-

211 1970 361 2047 stis,
401 1967 892 2055 catholicisque
923 1969 1323 2058 parentibus
1347 1974 1611 2037 Joanne
1641 1967 1981 2037 Ludovico
2010 1967 2381 2036 Bertrando
2409 1980 2471 2036 et
2491 1967 2756 2035 Joanna

211 2064 403 2126 Anna
459 2057 742 2133 Exarch,
795 2057 1021 2126 editus
1068 2071 1168 2126 est
1204 2058 1271 2125 in
1311 2056 1530 2126 lucem
1570 2056 1957 2126 Ludovicus
1998 2077 2181 2125 anno
2227 2057 2617 2125 Dorninicae
2651 2077 2758 2123 sa-

208 2145 378 2214 lutis
399 2166 659 2226 mnxxw,
687 2144 1358 2226 kalendis-ianuarii,
1395 2158 1461 2215 et
1510 2145 1765 2213 ibidem
1802 2146 1870 2213 in
1910 2144 2286 2236 parochiali
2324 2149 2388 2214 S.
2430 2144 2756 2233 Stephani

204 2232 526 2313 ecclesia,
565 2233 940 2320 eodemque
987 2234 1193 2315 fonte,
1246 2256 1382 2321 quo
1430 2233 1594 2302 olim
1647 2246 1927 2303 sanctus
1960 2233 2359 2303 Vincentius
2410 2233 2756 2302 Ferrerius

206 2324 274 2391 in
331 2321 601 2392 Christo
637 2335 914 2392 renatus
963 2321 1206 2403 fuerat,
1260 2322 1645 2412 baptizatus
1696 2322 1848 2405 suit,
1902 2335 1978 2391 ut
2033 2327 2412 2406 Sanctum,
2460 2321 2574 2390 cui
2625 2327 2754 2390 Lu-

206 2412 497 2481 dovicus
529 2411 791 2480 carnali
827 2412 1146 2513 prosapia
1187 2412 1476 2497 junctus
1523 2423 1691 2493 erat,
1747 2412 2101 2480 communi
2143 2412 2346 2479 etiam
2388 2431 2753 2502 regenera-

212 2499 420 2571 tionis
473 2501 978 2590 propinquitate
1009 2502 1390 2590 attingeret.
1430 2499 1666 2570 Infans
1713 2524 1753 2570 a
1803 2501 2227 2591 parentibuS,
2263 2498 2484 2569 eidem
2522 2512 2756 2570 sancto

209 2589 568 2658 Vincentio
619 2590 791 2658 mire
838 2589 1121 2662 devotis,
1165 2591 1273 2678 pie
1323 2590 1741 2677 honesteque
1788 2589 2123 2660 educatus
2174 2610 2437 2658 necnon
2476 2610 2514 2656 o
2571 2589 2757 2659 timis

211 2677 527 2747 moribus
569 2678 676 2746 ita·
704 2678 1014 2747 imbutus
1054 2677 1204 2757 fuit,
1257 2691 1333 2747 ut
1372 2701 1591 2766 neque
1641 2679 1708 2746 in
1750 2678 1864 2748 itta
1903 2682 2131 2747 tenera
2166 2691 2381 2746 aetate
2414 2676 2498 2745 de
2534 2676 2758 2746 uerint

167 2779 618 2857 ‚argumenta
657 2766 927 2836 futurae
976 2768 1398 2847 sanctitatis;
1454 2768 1789 2859 vagientis
1838 2768 2017 2836 enirn
2056 2790 2133 2836 ac
2173 2766 2502 2856 plorantis
2533 2764 2757 2854 lacry-

211 2878 364 2925 mae
407 2855 599 2925 nulla
650 2877 719 2924 re
769 2856 919 2925 sisti
967 2857 1222 2925 certius
1266 2868 1600 2946 poterant,
1637 2879 1845 2943 quam
1885 2860 2291 2925 Sanctorum
2328 2855 2756 2944 imaginibus

209 2947 357 3033 ejus
411 2946 812 3032 conspectui
860 2944 1132 3026 oblatiS,
1179 2967 1477 3032 quarum
1527 2945 1611 3014 ad
1664 2945 1992 3014 intuitum
2029 2943 2216 3013 domi
2266 2955 2331 3011 et
2379 2944 2446 3011 in
2502 2941 2756 3032 templo

211 3033 504 3102 mirifice
550 3034 902 3122 gestiebat.

298 3130 336 3204 ἓ
391 3127 480 3192 2.
536 3126 888 3192 Crescente
929 3133 1167 3203 aetate,
1221 3123 1432 3191 crevit
1469 3122 1724 3211 pariter
1752 3121 2082 3215 virtutum
2118 3141 2314 3189 amor
2351 3131 2416 3189 et
2454 3141 2528 3188 er
2579 3142 2618 3187 a
2646 3141 2754 3189 res

207 3208 482 3280 divinas
517 3232 778 3310 pronus
818 3212 1125 3280 affectus.
1162 3211 1284 3279 Vix
1318 3211 1649 3300 pueritiae
1686 3210 1894 3278 limen
1940 3207 2276 3298 attigerat,
2323 3230 2505 3295 quan
2564 3231 2604 3278 o
2638 3230 2756 3276 no-

212 3309 391 3369 tatus
442 3298 573 3367 suit
620 3298 858 3368 crebro
907 3300 989 3369 ad
1045 3299 1486 3369 solitudinem
1539 3297 1845 3366 cubiculi
1895 3319 2042 3366 sese
2106 3297 2429 3387 recipere,
2486 3309 2584 3378 ut,
2685 3318 2757 3365 e-

210 3387 556 3468 niculans‚
612 3388 914 3477 prolixae
947 3388 1236 3458 orationi
1291 3388 1740 3457 incumberet.
1783 3385 1932 3455 Illic
1983 3387 2349 3456 Dominum
2411 3387 2479 3454 in
2533 3408 2603 3455 se
2679 3409 2755 3454 o-

208 3489 531 3561 quentom
607 3476 944 3557 audienS,
1012 3477 1264 3547 suimet
1326 3475 1724 3564 corpusculi
1788 3476 2112 3544 robustus
2161 3475 2457 3544 domitor
2504 3475 2750 3555 evasit;

207 3563 377 3645 illic,
434 3569 662 3653 spreta
701 3564 978 3634 delicati
1026 3565 1281 3635 cubilis
1319 3564 1630 3645 mollitie,
1685 3575 1804 3633 aut
1851 3563 2065 3633 humo
2093 3577 2211 3633 aut
2241 3564 2417 3633 duro
2457 3565 2525 3632 in
2562 3563 2755 3654 ligno

209 3653 561 3723 modicum
623 3673 943 3722 somnum
1007 3655 1358 3743 capiebat;
1416 3652 1556 3721 illic
1601 3653 1894 3742 Jejuniis
1942 3653 2291 3740 victuique
2344 3652 2754 3742 parcissimo

206 3762 460 3831 corpus
526 3751 920 3812 assuescere
981 3742 1258 3823 docuit,
1314 3763 1391 3810 ac
1465 3741 1670 3811 variis
1712 3748 1720 3756 '
1769 3742 2177 3811 oenitentiae
2236 3740 2754 3810 austeritatibus

206 3843 573 3900 extenuare
629 3830 874 3919 coepit.
942 3830 1241 3910 Exinde,
1297 3830 1699 3917 frequentan
1756 3854 1795 3900 o
1843 3831 2207 3921 gymnasio
2256 3842 2320 3899 et
2370 3829 2753 3916 litterarum

207 3919 455 3989 studiis
505 3918 849 3997 addictus,
906 3941 1039 3987 non
1095 3919 1326 4006 minus
1361 3941 1568 4008 prava
1618 3921 1988 3999 consortia,
2036 3940 2255 4008 nugas
2287 3930 2491 4005 atque
2526 3918 2755 3987 illece-

206 4001 391 4086 bras,
428 4029 635 4095 quatn
672 4008 793 4076 otii
827 4006 1214 4077 laxamenta
1250 4008 1432 4078 velut
1465 4008 1804 4077 bonarum
1840 4009 2090 4076 artium
2126 4007 2492 4094 aerugines
2526 4018 2590 4074 et
2625 4007 2753 4074 vir·

209 4102 430 4162 tutum
484 4108 704 4185 pestes
767 4096 1171 4165 cautissima
1231 4096 1595 4166 sedulitate
1634 4097 1897 4187 jugiter
1934 4095 2229 4165 evitavit.
2284 4101 2359 4164 In
2417 4094 2755 4185 simplici-

210 4189 342 4278 tate
386 4185 615 4254 cordis
662 4185 796 4266 sui,
848 4185 1186 4272 quaesivit
1236 4185 1604 4255 Dominum
1655 4199 1720 4254 et
1777 4185 2038 4253 invenit
2098 4183 2335 4264 illum;
2404 4184 2472 4252 in
2537 4184 2754 4253 eccle-

213 4285 335 4336 sus
383 4273 563 4341 enim
614 4287 679 4343 et
729 4274 1025 4343 maxime
1074 4273 1351 4345 Ordinis
1401 4274 1956 4343 Praedicatorum
2010 4273 2413 4363 saepissime
2460 4271 2753 4342 orationi

263 4425 289 4451 ¹·
319 4426 617 4489 nobilissima
644 4437 774 4482 urbs.
801 4433 1192 4487 archiepiscopati
1221 4437 1330 4476 sede
1358 4438 1406 4477 et
1434 4437 1703 4477 studiorum
1730 4433 2042 4477 universitate
2064 4437 2303 4477 decorata.
2324 4436 2395 4477 rbi
2414 4435 2670 4476 Alexander
2692 4431 2756 4473 VI

212 4478 261 4518 et
280 4478 570 4526 coelestinus
590 4489 670 4535 ΙΙΙ,
687 4491 866 4532 Summt
884 4491 1149 4538 Pontifices,
1171 4491 1221 4532 in
1239 4492 1394 4533 lucem
1413 4489 1641 4541 prodiere.
