3347 4999
214 306 377 372 OCT.
435 304 460 368 1
1060 322 1139 367 nn
1188 317 1244 365 s.
1299 322 1557 369 nnmicio
1605 320 1899 369 Ancmnr.
2579 305 2659 369 45

215 401 590 482 dilectione,
630 414 694 469 et
746 401 811 469 in
846 400 1237 491 fragilitatis
1273 416 1543 472 nostrae
1573 401 1869 471 discreta
1903 399 2505 482 condescensione,
2551 400 2750 471 nobis

214 491 513 560 valemus
562 511 939 571 assumere,
996 490 1056 560 si
1102 502 1178 558 ut
1227 488 1340 558 ille
1392 490 1785 579 passeribus
1835 489 2400 569 subministrans,
2455 492 2578 582 qui
2619 514 2750 559 non

203 589 455 659 serunt,
506 601 719 661 neque
766 589 1175 669 conqreyant
1224 580 1293 646 in
1342 578 1616 659 horrea,
1671 578 1787 647 sed
1845 582 2019 646 Deus
2070 578 2287 667 pascit
2336 577 2492 648 illos
2523 633 2538 661 ,
2592 578 2748 648 aliis

203 666 552 746 saturatis,
606 666 785 735 alius
833 665 1245 737 saturandos
1293 688 1493 736 susce
1547 666 1641 745 it,
1708 688 1833 736 nos
1885 667 2006 753 qui
2073 688 2181 736 res
2230 679 2295 735 et
2342 665 2744 748 facultateS,

201 756 304 825 vel
354 755 784 846 cognationis
833 756 1288 836 successione,
1342 754 1443 823 vel
1496 689 1806 823 fidelium
1871 754 2232 824 collatione
2273 756 2738 846 suscepimus,

201 845 554 927 fratribuS,
606 845 730 932 qui
778 865 912 916 non
962 854 1540 935 praeparaverunt
1588 843 1720 914 sibi
1765 842 1960 933 (quia
1992 845 2280 914 hilarem
2319 844 2617 913 datorem
2644 846 2749 913 di-

207 936 362 1026 liyi‘t
399 933 626 1021 Deus),
663 957 821 1004 cum
862 932 1117 1024 gaudio
1148 933 1352 1012 bona,
1390 953 1565 1018 quae
1601 953 1999 1021 possumuS,
2040 932 2533 1012 ministranteS,
2574 933 2746 1003 alios

202 1023 459 1109 quibus
507 1022 687 1093 bona
736 1022 1232 1102 ministremus,
1290 1021 1788 1090 adsciscimus:
1824 1018 1983 1109 plus
2017 1020 2394 1109 gaudentes
2433 1021 2517 1090 de
2565 1020 2745 1091 bono

203 1131 408 1200 opere
437 1165 452 1192 ‚
497 1132 704 1198 quam
756 1111 841 1181 de
891 1112 1072 1181 bona
1123 1111 1599 1199 possessione:
1656 1122 1731 1178 ut
1777 1120 1842 1177 et
1891 1114 2069 1179 Deus
2117 1108 2516 1178 collaetetur
2562 1109 2744 1179 bono

202 1200 394 1287 operi
443 1213 698 1281 nostr0,
738 1200 859 1288 qui
906 1199 1240 1290 operariis
1290 1197 1560 1287 pietatis
1608 1219 1682 1266 se
1731 1196 1797 1265 in
1842 1197 2111 1284 judicio
2158 1196 2507 1266 dicturum
2551 1219 2745 1287 prae-

204 1289 377 1358 dixit
404 1311 418 1355 :
474 1289 660 1371 Quod
685 1292 812 1358 uni
839 1312 930 1358 eoe
952 1288 1252 1357 minimis
1281 1288 1446 1355 meis
1483 1287 1761 1376 fecistis,
1794 1287 1968 1354 mihi
1987 1288 2240 1375 fecistis
2261 1286 2528 1375 (Mami.
2565 1287 2738 1387 xxv).

293 1379 330 1464 ξ
376 1380 528 1449 13.
579 1377 838 1446 Accidit
872 1390 1097 1446 autem
1150 1375 1452 1462 quodam
1503 1387 1831 1463 tempore,
1888 1396 2046 1443 cum
2148 1374 2429 1444 astorali
2470 1374 2744 1444 solertia

203 1487 284 1534 ex
337 1485 524 1535 more
576 1465 939 1554 parochias
987 1463 1333 1543 circuiret,
1386 1474 1463 1532 ut
1508 1463 1565 1534 si
1609 1462 2034 1553 negligenter
2065 1485 2104 1531 a
2138 1461 2325 1550 iquid
2374 1464 2443 1532 in
2492 1463 2745 1533 divinis

203 1553 510 1623 cultibus
557 1567 897 1644 ageretur,
951 1551 1176 1622 fidelis
1224 1551 1465 1620 Christi
1520 1574 1757 1623 servus
1804 1565 2231 1641 agnosceret,
2288 1563 2354 1621 et
2399 1562 2476 1621 ut
2522 1551 2747 1622 bonus

84 1644 95 1655 “
203 1642 529 1732 agricola,
582 1664 759 1729 quae
808 1641 1069 1710 inculta
1115 1651 1345 1720 erant,
1398 1638 1483 1709 ad
1543 1640 1762 1710 bonae
1809 1639 2223 1729 operationis
2270 1639 2537 1710 fructus
2588 1663 2744 1730 pro-

203 1730 524 1801 ferendos
572 1730 928 1809 excoleret,
973 1740 1048 1797 ut
1080 1727 1163 1796 ad
1203 1727 1456 1808 vicum,
1504 1729 1618 1798 cui
1653 1727 2065 1798 vocabulum
2104 1739 2205 1798 est
2243 1727 2737 1810 CalinaciacuS,

205 1820 614 1909 perveniret.
662 1818 790 1887 Ubi
820 1817 986 1887 dum
1024 1816 1306 1903 quidam
1343 1839 1613 1897 caecuS,
1655 1839 1776 1907 per
1809 1816 2166 1886 intervalla
2207 1830 2592 1906 temporum
2629 1840 2744 1887 oc-

202 1906 534 1977 cultantis
582 1928 654 1975 se
701 1905 1058 1975 daemonis
1106 1905 1457 1976 invasione
1506 1927 1907 1996 possessuS,
1961 1907 2047 1975 ab
2096 1927 2174 1975 eo
2220 1926 2417 1995 opem
2472 1906 2742 1976 miseri-

130 1994 140 2006 ’
203 1995 480 2066 cordiae
524 1992 960 2094 postulasset,
1003 1993 1330 2080 quoniam
1373 2005 1531 2063 ante
1582 1994 1803 2084 ipsius
1851 1994 2070 2063 sancti
2120 1994 2247 2063 viri
2284 1995 2736 2084 praesentiam

202 2083 539 2154 occultari
592 2104 724 2151 non
777 2083 994 2171 potuit
1023 2084 1199 2173 (erat
1235 2082 1418 2151 enim
1459 2081 1648 2152 illius
1678 2083 1974 2183 generiS,
2008 2082 2092 2151 de
2122 2104 2260 2170 quo
2295 2084 2629 2153 Dominus
2669 2084 2739 2152 in

205 2170 576 2260 Evangelio
610 2170 798 2250 dicit,
838 2170 1019 2257 quod
1056 2192 1190 2240 non
1228 2171 1526 2257 ejicitur,
1562 2172 1696 2239 nisi
1729 2174 1797 2240 in
1840 2171 2146 2241 oratione
2174 2183 2240 2242 et
2260 2171 2561 2261 jejunio)
2589 2194 2738 2241 coe·

206 2260 328 2349 pit,
361 2280 496 2346 qua
524 2258 787 2327 dudum
824 2270 1069 2348 captus
1101 2258 1343 2341 fuerat,
1375 2259 1733 2329 daemonis
1783 2259 2212 2330 infestatione
2260 2259 2439 2329 idem
2492 2282 2738 2331 caecus

202 2347 510 2436 corporis
559 2347 908 2416 vexatione
958 2349 1279 2435 torqueri.
1336 2354 1524 2417 Tunc
1564 2353 1636 2416 B.
1691 2349 2046 2439 Remigius
2094 2349 2164 2417 in
2215 2348 2544 2429 oratione,
2598 2356 2736 2436 qua

201 2457 476 2526 semper
523 2436 756 2506 animo
804 2435 889 2512 ad
941 2436 1306 2508 Dominum
1360 2436 1780 2520 intendebat,
1832 2458 1951 2508 cor
2004 2459 2118 2508 ore
2152 2492 2168 2519 ,
2221 2437 2404 2526 quod
2444 2438 2738 2529 jejuniis

202 2538 269 2593 et
315 2525 652 2594 bonorum
702 2546 987 2614 operum
1039 2526 1358 2596 exercitio
1407 2525 1830 2597 incessanter
1868 2550 1903 2595 a
1986 2526 2227 2609 ciebat,
2263 2550 2334 2597 se
2385 2527 2738 2598 humiliter

102 2686 106 2689 Α
204 2612 288 2680 ad
359 2624 602 2682 terram
675 2613 1085 2705 prostravit,
1138 2615 1508 2701 statimque
1568 2614 1803 2684 lumen
1858 2616 2226 2705 pristinum
2278 2616 2465 2686 caeci
2513 2617 2735 2687 oculis

202 2699 524 2783 reddidit,
579 2715 641 2771 et
689 2703 776 2773 ab
825 2724 902 2771 eo
947 2715 1201 2791 pestem
1238 2702 1586 2773 immundi
1621 2704 1910 2794 spiritus
1938 2705 2285 2796 effugavit,
2328 2718 2394 2775 et
2434 2726 2518 2774 ne
2551 2704 2735 2775 ultra

198 2810 359 2858 eum
413 2812 650 2860 vexare
698 2804 1187 2880 praesumeret,
1247 2791 1317 2860 in
1369 2791 1646 2861 nomine
1697 2793 1944 2863 Christi
1986 2792 2353 2883 praecepit,
2393 2815 2734 2883 opemque

200 2877 421 2948 victus
473 2880 751 2969 petitam
805 2880 1094 2980 pauperi
1127 2879 1388 2954 tribuit.
1434 2883 1485 2951 Ο
1525 2880 1895 2950 ineffabilis
1928 2883 2147 2972 gratia
2196 2881 2489 2970 pietatis,
2524 2903 2562 2949 a
2596 2903 2736 2967 quo

198 2964 366 3034 dum
436 2967 580 3037 sola
626 2967 1011 3036 substantia
1060 2969 1335 3058 petitur,
1391 2969 1631 3059 triplex
1684 2970 2062 3039 remedium
2114 2969 2483 3039 obtinetur.
2537 2969 2735 3039 Victu

120 3065 127 3072 “
199 3054 386 3141 pavit
431 3076 752 3144 egenum,
797 3057 1185 3126 muneravit
1231 3057 1383 3127 visu
1421 3072 1800 3139 caecatum,
1846 3057 2144 3127 reddidit
2169 3057 2476 3126 -libertati
2516 3059 2735 3147 capti-

197 3162 394 3240 vum.
443 3146 655 3228 Atque
702 3141 795 3243 ita
841 3144 1126 3235 contigit
1165 3167 1286 3235 per
1333 3146 1461 3216 hoc
1510 3147 1783 3237 insigne
1826 3144 2237 3217 miraculum
2281 3159 2555 3216 sanctae
2588 3148 2732 3215 Tri-

200 3241 436 3299 nitatis
486 3242 916 3318 mysterium,
971 3246 1047 3303 ut
1094 3255 1252 3304 cum
1303 3237 1628 3326 apparuit
1676 3256 1860 3305 unus
1907 3234 1979 3304 in
2044 3256 2368 3326 paupere,
2436 3235 2732 3306 Trinitas

201 3338 274 3386 se
322 3317 709 3388 ostenderet
756 3319 826 3388 in
876 3320 1119 3391 salute.

233 3493 245 3506 .
291 3411 519 3506 §.14
557 3407 687 3489 Qui
726 3429 887 3499 ergo
921 3410 1435 3494 tentationibus,
1470 3412 1611 3482 sive
1630 3409 1930 3483 'occultis
1965 3410 2033 3480 in
2075 3424 2319 3495 mente,
2359 3412 2501 3482 sive
2530 3433 2731 3502 aper-

202 3505 286 3593 tis
334 3516 406 3562 in
455 3517 762 3586 corpore,
818 3498 1082 3587 antiqui
1133 3499 1348 3570 hostis
1396 3500 1599 3570 sentit
1647 3521 1720 3569 se
1768 3499 2196 3570 infestatione
2227 3501 2494 3593 urgeri,
2529 3522 2728 3590 opem

197 3584 711 3683 intercessionis
738 3585 893 3673 ejus
924 3588 1171 3658 obnixe
1201 3589 1567 3679 deposcat:
1606 3602 1673 3658 et
1720 3589 1778 3659 si
1822 3589 2113 3660 fideliter
2164 3590 2454 3680 petierit,
2494 3590 2581 3660 ab
2623 3589 2731 3658 in-

197 3669 553 3772 festatione
591 3673 938 3745 immundi
986 3677 1274 3766 spiritus
1320 3698 1394 3746 se
1441 3677 1663 3766 ipsius
1697 3678 1959 3749 meritis
1992 3691 2057 3749 et
2087 3678 2517 3749 orationibus
2543 3699 2580 3746 a
2613 3676 2731 3746 Dei

195 3772 416 3860 gratia
462 3761 740 3832 liberari
791 3785 926 3833 non
974 3764 1262 3834 dubitet.
1316 3765 1445 3847 Qui
1481 3788 1820 3854 supernae
1855 3767 2088 3838 lumen
2122 3766 2732 3857 contemplationis

196 3861 490 3937 ignorat,
542 3852 663 3937 qui
707 3853 1082 3942 praesentis
1122 3853 1295 3922 vitae
1336 3854 1631 3924 tenebris
1673 3876 1975 3945 pressus,
2014 3856 2181 3926 dum
2221 3867 2576 3925 venturam
2632 3855 2732 3922 vi-

198 3949 333 4037 tam
385 3959 819 4027 nequaquam
870 3941 1221 4032 diligendo
1268 3943 1626 4033 conspicit,
1680 3956 1744 4013 et
1790 3966 1926 4032 quo
1956 3966 2268 4035 gressum
2306 3945 2534 4034 operis
2577 3965 2728 4033 por-

196 4037 394 4116 rigat,
431 4028 698 4127 ‘nescitz
753 4028 987 4100 lumen
1037 4030 1528 4132 intelligentiae
1560 4054 1638 4102 ac
1672 4033 2294 4124 contemplationiS,
2349 4046 2556 4120 atque
2607 4054 2728 4101 ne-

195 4135 571 4218 cessa-riam·
611 4117 839 4188 cordis
885 4132 1513 4209 compunctionem,
1569 4144 1689 4211 per
1735 4122 2290 4194 intercessionem
2348 4122 2503 4209 ejus
2537 4120 2725 4210 apud

196 4206 469 4272 Domini
505 4218 820 4295 pietatem
870 4208 1272 4299 expostulet,
1328 4210 1499 4281 nihil
1549 4211 1923 4293 haesitans,
1976 4212 2140 4297 quia
2178 4232 2299 4300 pro
2333 4223 2514 4281 certo
2548 4208 2729 4279 acci-

197 4291 357 4393 piet.
380 4293 510 4375 Qui
587 4308 938 4398 aupertate
973 4297 1353 4388 spiritualis
1384 4300 1602 4370 victus
1636 4312 1839 4387 atque
1867 4300 2168 4380 vestitus,
2196 4298 2356 4368 fidei
2385 4288 2721 4399 vinicet,

193 4401 341 4469 spei
391 4395 459 4454 et
502 4404 539 4453 c
592 4397 896 4469 aritatis,
949 4409 1030 4458 ac
1088 4400 1468 4459 ceterarum
1524 4389 1851 4460 virtutum
1896 4409 1968 4461 se
2024 4389 2271 4459 arctari
2330 4399 2723 4481 cognoscit:
