3347 4999
174 347 351 413 OCT.
403 347 442 410 3
845 363 923 408 nr.
972 363 1026 408 s.
1083 359 1371 408 Gens-noo
1421 361 1659 408 ΑΒΒΑΤΕ
1710 362 2042 410 Bnomexst
2502 347 2627 411 ⁴03

265 453 300 537 ἓ
345 452 507 520 33.
571 451 660 517 Ea
704 467 1002 533 namque
1056 456 1453 535 tempestate
1517 446 1910 516 Broniensis
1962 446 2249 517 ecclesia
2308 462 2452 519 erat
2505 447 2719 518 instar

173 536 587 609 arbusculae
638 558 875 606 recens
927 534 1294 624 plantatae,
1336 533 1631 604 necdum
1684 534 1850 604 satis
1903 535 2282 606 radicatae:
2345 558 2523 625 quae
2562 536 2722 607 irri-

176 626 520 717 gationem
573 638 921 712 expetens,
977 624 1035 692 si
1084 622 1370 693 cultoris
1409 623 1755 693 industria
1811 623 2187 704 dormiret,
2255 626 2617 695 marcescit
2662 639 2728 695 et

172 714 446 786 inutilis
493 714 591 784 fit.
651 719 781 785 Nec
842 713 969 783 hoc
1029 724 1257 782 tamen
1320 723 1684 782 contentus
1733 716 1991 793 ComeS,
2052 713 2233 783 beati
2281 714 2407 783 viri
2463 714 2728 818 insigni

178 803 514 894 probitate
572 814 637 872 et
687 801 1019 893 religione
1063 811 1415 892 permotus
1443 854 1458 881 ,
1503 800 1944 870 Abbatiarum
1995 802 2336 884 omnium,
2369 824 2544 889 quae
2572 825 2726 891 eJus

171 893 434 963 ditione
490 891 1046 971 continebantur,
1094 890 1159 959 ei
1209 889 1764 980 procurationem
1813 890 2180 960 commisit.
2239 894 2381 961 Hac
2415 889 2532 960 ille
2553 914 2724 968 ,san-

173 995 331 1052 ctus
360 993 552 1071 pater
580 980 980 1050 auctoritate
1028 989 1297 1060 auctus,
1356 999 1509 1047 mox
1553 977 1687 1049 sibi
1729 978 2026 1050 creditas
2065 1001 2224 1048 oves
2260 979 2553 1050 invisere
2587 992 2722 1050 sta—

180 1070 334 1151 tuit,
384 1092 467 1139 ne
498 1091 672 1157 quas
718 1091 800 1139 ex
845 1069 945 1138 eis
976 1066 1186 1159 lupus
1224 1066 1520 1137 devoret.
1576 1067 1921 1157 Principio
1970 1067 2063 1136 ita
2115 1091 2198 1138 ue
2230 1067 2719 1138 Blandiniense

178 1159 327 1229 adit
375 1157 890 1239 monasterium,
926 1179 964 1227 a
1000 1158 1195 1227 beato
1225 1155 1531 1224 Amando
1561 1156 1884 1246 episcopo
1921 1160 2062 1225 Gan
2119 1156 2224 1226 avi
2255 1157 2288 1192 ⁴*
2318 1157 2711 1227 fundatum.

180 1246 376 1331 Quod
427 1258 571 1317 tum
618 1268 783 1316 sane
837 1245 1171 1335 comperit
1233 1266 1367 1314 non
1422 1241 1648 1314 solum
1702 1245 1890 1314 omni
1954 1244 2285 1335 religione
2336 1247 2717 1316 monastica

183 1335 519 1406 nudatum
561 1391 575 1415 ,
623 1348 688 1405 et
738 1358 779 1404 a
830 1333 1249 1421 quibusdam
1307 1331 1857 1404 sceleratissimis
1914 1334 2185 1404 clericis
2244 1347 2661 1424 occupatum
2693 1391 2710 1416 ,

181 1425 302 1496 sed
360 1424 562 1494 etiam
620 1424 995 1514 impiorum
1054 1421 1484 1492 infestatione
1540 1443 1751 1513 prope
1813 1421 2167 1492 redactum
2227 1423 2296 1492 in
2360 1423 2710 1493 nihilum:

182 1527 331 1584 tum
385 1533 698 1600 quoque,
747 1511 929 1600 quod
973 1510 1165 1580 omni
1217 1510 1683 1600 lacrymarum
1743 1510 1925 1580 fonte
1990 1510 2458 1601 plangendum
2518 1523 2712 1594 erat,

187 1602 395 1672 trium
427 1614 823 1672 sanctorum
853 1599 995 1669 illic
1025 1598 1456 1670 conditorum
1499 1598 1808 1687 reliquiis
1842 1599 2237 1690 spoliatum.
2263 1606 2339 1670 At
2370 1624 2524 1671 vero
2555 1613 2721 1671 stre-

183 1713 370 1761 nuus
404 1690 520 1760 ille
555 1689 753 1759 miles
797 1688 1067 1770 Christi,
1126 1687 1360 1758 divino
1406 1685 1622 1758 fretus
1670 1687 2048 1776 adjutorio,
2107 1688 2320 1760 nullis
2369 1690 2575 1760 cessit
2624 1688 2723 1758 la·

182 1779 472 1849 boribus
496 1803 520 1844 :·
559 1778 674 1847 sed
729 1776 1132 1867 irreligiosis
1193 1776 1351 1845 inde
1400 1777 1629 1864 ejectis
1678 1775 1969 1859 clericiS,
2016 1777 2171 1847 licet
2214 1800 2408 1849 suam
2461 1777 2560 1847 illi
2610 1800 2722 1867 ge·

186 1868 372 1937 neris
421 1867 758 1954 jactarent
803 1878 1148 1936 ventosam
1206 1864 1657 1946 nobilitatem,
1698 1879 1762 1936 et
1816 1865 2235 1954 quibusdam
2293 1866 2717 1948 instauratiS,

187 1956 308 2026 reli
366 1956 546 2026 iosos
611 1954 983 2025 monachos
1030 1953 1172 2033 illis
1221 1954 1665 2044 subrogavit,
1732 1954 2318 2042 quemadmodum
2369 1954 2514 2044 jam
2565 1969 2724 2025 ante

184 2045 327 2114 duo
380 2066 463 2114 us
500 2043 667 2115 locis
710 2066 867 2114 eum
916 2042 1157 2113 fecisse
1205 2042 1532 2113 diximus.
1602 2041 1729 2113 Sed
1781 2043 1848 2112 id
1905 2043 2140 2113 clerici
2198 2042 2300 2112 illi
2345 2045 2724 2134 aegerrime

186 2133 502 2214 ferenteS,
550 2132 929 2220 ulciscique
982 2130 1379 2221 cupientes,
1434 2130 1739 2223 maligno
1794 2154 1910 2203 eos
1958 2133 2287 2202 incitante
2342 2133 2714 2214 daemone,

184 2221 435 2293 studiis
493 2220 617 2290 viri
678 2221 794 2291 Dei
848 2220 1191 2301 invidere,
1252 2220 1403 2309 ejus
1460 2221 1634 2290 vitae
1694 2221 2020 2311 derogare
2057 2276 2073 2301 ,
2134 2232 2199 2291 et
2246 2242 2722 2310 quoscumque

184 2323 487 2400 possent,
525 2311 610 2381 ab
642 2310 792 2398 ejus
843 2309 1227 2379 visitatione
1264 2322 1328 2379 et
1375 2308 1719 2396 colloquio
1754 2311 2096 2382 retrahere
2124 2322 2517 2400 coeperunt.
2549 2315 2720 2380 Cum

180 2414 412 2468 autem
468 2410 821 2469 cernerent
861 2398 1030 2468 nihil
1077 2419 1148 2467 se
1196 2398 1345 2487 ejus
1394 2420 1592 2501 posse
1639 2397 1972 2489 impedire
2024 2412 2335 2484 conatus,
2385 2400 2502 2470 sed
2571 2397 2722 2488 ejus

180 2488 751 2559 existimationem
812 2499 876 2557 et
934 2486 1189 2557 famam
1240 2510 1462 2578 magis
1512 2488 1869 2589 magisque
1924 2488 2188 2580 augeri,
2241 2487 2326 2558 ad
2381 2488 2448 2559 id
2507 2510 2726 2577 usque

179 2578 542 2657 amentiae,
601 2577 809 2646 livore
848 2598 964 2646 eos
993 2576 1463 2659 extimulante,
1498 2576 1781 2648 adducti
1837 2591 2021 2660 sunt,
2071 2591 2149 2648 ut
2195 2579 2265 2648 in
2324 2589 2588 2648 tantum
2623 2578 2725 2647 vi-

184 2688 366 2748 rum,
414 2666 582 2756 proh
631 2663 846 2745 nefas,
878 2665 1156 2734 caedem
1206 2665 1587 2734 machinari
1640 2687 1774 2736 non
1828 2666 2235 2738 dubitarint.
2271 2667 2398 2737 Sed
2438 2666 2727 2736 Domino

179 2754 378 2824 illum
440 2765 855 2855 protegente,
916 2774 1294 2853 eorumque
1341 2767 1632 2828 conatus
1680 2755 1999 2838 elidente,
2058 2756 2359 2843 quodam
2411 2755 2522 2825 die
2561 2777 2726 2825 cum

176 2843 497 2913 factionis
531 2842 905 2931 sacrilegae
935 2842 1141 2912 sociis
1189 2864 1256 2912 in
1307 2843 1541 2932 templi
1600 2843 1828 2914 valvas
1887 2845 2285 2934 irruperunt
2332 2865 2411 2914 eo
2463 2842 2721 2924 anim0,

177 2931 363 3020 quod
416 2931 556 3002 dici
612 2931 761 3001 sine
816 2931 1099 3001 horrore
1146 2953 1278 3000 non
1340 2940 1578 3023 potest,
1644 2946 1722 3002 ut
1775 2933 1860 3003 ad
1918 2934 2138 3023 ipsam
2185 2954 2452 3001 sacram
2501 2953 2720 3014 aram,

178 3021 500 3108 quamvis
535 3019 941 3090 sacerdotali
994 3020 1312 3091 indutum
1367 3033 1568 3102 veste,
1607 3043 1767 3090 eum
1830 3020 2275 3091 trucidarent.
2313 3019 2580 3103 Quibus
2610 3018 2727 3090 ille

182 3110 360 3179 mira
419 3110 637 3179 animi
695 3110 1082 3180 constantia
1128 3108 1399 3179 obviam
1450 3110 1867 3199 procedenS,
1922 3109 2238 3183 alacriter
2277 3130 2425 3179 sese
2481 3106 2730 3179 obtulit

176 3199 471 3268 hostiam
510 3203 663 3278 Dec,
701 3211 779 3268 ut
820 3209 1045 3287 posset
1092 3197 1177 3268 de
1227 3197 1345 3268 illo
1391 3220 1667 3286 quoque
1697 3197 1858 3279 dici,
1903 3200 2261 3268 Permanet
2303 3197 2719 3288 intrepidus,

174 3285 536 3357 confidens
557 3298 632 3356 ut
665 3287 766 3356 leo
794 3286 1019 3376 (Prov.
1057 3287 1305 3375 xxviii),
1332 3288 1591 3376 justuS,
1629 3286 1979 3374 simulque
2007 3286 2388 3379 objurgans
2420 3308 2568 3358 eos:
2597 3309 2634 3353 «
2667 3288 2718 3356 Ο

174 3376 447 3455 fratreS,
492 3374 739 3463 inquit,
792 3395 969 3462 quae
1002 3387 1188 3446 tanta
1219 3377 1513 3467 exagitat
1553 3387 1810 3445 vestras
1849 3374 2122 3446 insania
2157 3389 2439 3458 menteS,
2493 3388 2568 3446 ut
2597 3374 2721 3445 ad-

179 3485 455 3533 versum
490 3485 596 3532 me
645 3463 993 3534 imbellem
1029 3463 1339 3545 rebelleS,
1385 3464 1590 3533 etiam
1631 3486 1826 3534 arma
1857 3465 2034 3535 corri
2090 3465 2293 3535 iatis?
2319 3464 2458 3534 Etsi
2489 3476 2720 3535 autem

180 3551 396 3622 nullis
430 3573 556 3642 ego
602 3574 758 3621 sum
811 3553 1246 3623 terrestribus
1286 3554 1597 3623 munitus
1631 3553 1868 3633 armis,
1914 3576 2031 3623 coe
2061 3554 2229 3624 estia
2271 3565 2497 3624 tamen
2549 3551 2723 3621 mihi

181 3662 316 3710 non
342 3640 656 3709 deerunt.
687 3645 924 3727 Itaque
961 3662 1093 3711 non
1131 3664 1237 3712 me
1279 3654 1531 3711 terrent
1564 3654 1783 3713 vestra
1814 3643 2106 3732 spicula,
2140 3664 2357 3730 neque
2387 3642 2554 3712 haec
2584 3654 2723 3711 tam

178 3729 475 3820 insignis
498 3728 788 3800 audacia
814 3740 879 3800 et
910 3731 1276 3801 temeritas,
1316 3734 1455 3799 Non
1482 3752 1608 3820 ego
1637 3751 1877 3803 recuso
1903 3752 2023 3822 pro
2056 3732 2336 3801 Domino
2361 3730 2521 3801 Jesu
2546 3729 2723 3801 hau-

180 3821 314 3888 rire
356 3818 594 3888 mortis
641 3817 951 3899 calicem,
998 3841 1160 3889 cum
1202 3818 1317 3887 ille
1351 3840 1471 3907 pro
1523 3840 1630 3888 me
1680 3831 1818 3888 tam
1874 3819 2087 3890 multa
2123 3841 2489 3910 perpessus
2531 3818 2723 3890 sitin

176 3927 464 3997 corpore
510 3928 718 3976 suo.»
769 3911 947 3977 Haec
986 3930 1066 3978 eo
1106 3908 1398 3987 dicente,
1454 3906 1719 3979 scelesti
1763 3907 1864 3978 illi
1915 3908 1985 3977 in
2038 3907 2279 3979 faciem
2315 3907 2466 3998 ejus
2508 3908 2724 3977 inten-

178 3997 440 4075 dentes,
495 3993 808 4065 divinum
852 3996 1187 4084 quiddam
1226 4010 1287 4066 et
1321 3995 1731 4066 admirabile
1764 3998 2284 4087 conspicantur,
2331 3996 2731 4086 ingentique

174 4083 495 4154 concussi
548 4105 816 4174 pavore,
872 4106 1102 4155 coram
1154 4083 1271 4156 illo
1321 4086 1518 4176 proni
1559 4084 1627 4155 in
1668 4098 1918 4156 terram
1954 4097 2312 4167 corruunt,
2357 4085 2730 4173 animoque

178 4173 622 4255 consternati,
665 4183 731 4242 et
789 4172 974 4244 ultra
1018 4173 1298 4244 modum
1348 4174 1761 4255 exanimati,
1815 4174 1925 4244 vix
1975 4174 2203 4256 verba,
2257 4173 2508 4262 quibus
2563 4195 2725 4243 eum

180 4262 656 4351 deprecentur,
689 4262 890 4333 edere
925 4274 1238 4354 possunt.
1276 4268 1641 4354 «Ignosce,
1679 4262 2027 4350 inquiunt,
2068 4276 2257 4354 pater
2288 4262 2722 4343 venerabilis,

182 4350 458 4440 ignosce
517 4350 892 4424 sceleribus
943 4352 1234 4432 nostris,
1268 4374 1415 4435 ‚nec
1465 4364 1741 4441 reputes
1772 4406 1787 4431 ‚
1842 4351 2026 4439 quod
2088 4364 2225 4422 tam
2280 4350 2485 4423 stulte
2539 4351 2611 4420 in
2668 4364 2727 4420 te

237 4474 260 4497 ¹·
288 4474 432 4524 Gand.
450 4476 527 4519 vel
546 4478 681 4525 Gent.
699 4479 751 4519 in
769 4475 973 4530 Belgica.
