3347 4999
732 339 859 403 662
1322 355 1400 403 nt
1446 354 1501 403 s.
1556 353 1862 402 suzanno
1910 351 2238 402 commu«.
2289 351 2486 402 arnse.
2860 334 3037 401 OCT.
3094 337 3182 402 23

638 461 927 510 munere
959 439 1041 508 ad
1096 450 1351 508 tantam
1405 439 1697 529 gloriam
1736 439 2066 529 pervenit,
2109 452 2175 507 et
2213 437 2571 507 ardentius
2597 448 2664 507 et
2697 437 3036 508 sincerius
3067 440 3181 508 di·

639 527 851 620 ligere
896 528 1460 615 comprobamus.

720 621 758 704 §
805 620 890 687 Δ.
944 619 1154 706 Signa
1203 630 1428 685 autem
1485 637 1617 685 non
1661 637 1700 683 a
1752 614 2098 692 fidelibus,
2139 613 2252 683 sed
2285 616 2371 683 ab
2406 614 2804 684 infidelibus
2832 615 3174 704 exigenda

637 727 834 776 sunt:
888 706 1206 793 quamvis
1256 718 1347 773 tot
1397 720 1824 774 mortuorum
1865 704 2301 772 resuscitator
2324 725 2473 773 esse
2506 703 2937 772 veracissime
2972 727 3171 793 prae-

634 794 945 872 dicetur,
998 807 1163 880 quot
1223 794 1612 862 animarum
1669 793 2004 861 haeretica
2060 794 2386 881 pravitate
2433 808 2913 879 corruptarum
2949 846 2969 872 ,
3043 794 3171 862 do·

633 886 851 952 ctrina
905 882 1062 951 {idei
1108 883 1484 952 catholicae
1529 896 1595 951 et
1641 882 2060 971 operationis
2109 895 2328 950 rectae
2380 898 2816 970 recuperator
2860 904 3013 949 esse
3052 905 3171 951 co-

633 973 1011 1059 gnoscitur.
1087 972 1247 1041 Plus
1307 984 1408 1041 est
1460 970 1645 1040 enim
1683 1024 1697 1050 ‚
1750 972 2054 1039 animam
2125 970 2192 1038 in
2266 987 2620 1040 aeternum
2677 972 3015 1038 victuram
3050 1025 3071 1050 ,
3129 994 3168 1040 a

630 1061 949 1130 vitiorum
1002 1059 1325 1129 sordibus
1371 1058 1454 1127 ad
1495 1059 2033 1128 immortalitatis
2065 1057 2486 1128 desiderium
2543 1081 2661 1146 per
2715 1057 3164 1128 dulcedinem

634 1148 788 1238 piae
832 1149 1324 1218 exhortationis
1372 1148 1769 1229 accendere,
1835 1170 2041 1235 quam
2094 1169 2347 1236 corpus
2415 1149 2658 1217 iterum
2716 1147 3162 1228 moriturum,

630 1236 717 1306 de
759 1237 1022 1307 tumulo
1073 1238 1499 1307 resuscitat-e.
1544 1238 1821 1319 Quoties
1847 1257 2010 1327 ergo
2055 1236 2353 1322 aliquem
2404 1237 2487 1305 ad
2539 1238 3003 1323 cognitionem
3061 1260 3168 1306 ve-

634 1325 853 1394 ritatis
900 1349 939 1394 a
992 1326 1288 1394 tenebris
1331 1326 1662 1395 revocavit
1708 1346 1982 1405 erroris,
2044 1325 2233 1393 toties
2281 1326 2503 1395 caecis
2546 1325 2769 1394 oculis
2820 1327 3163 1412 fulgorem

630 1414 929 1483 reddidit
979 1414 1176 1483 lucis.
1231 1419 1443 1497 Quem
1511 1415 1678 1483 dum
1730 1436 1832 1489 ea,
1871 1435 2048 1500 quae
2094 1413 2358 1502 agenda
2413 1415 2814 1503 proposuit,
2866 1415 2949 1482 ad
3005 1415 3165 1483 effe·

631 1515 814 1571 ctum
851 1505 1079 1592 operis
1127 1503 1429 1572 assiduis
1477 1502 2070 1572 admonitionibus
2123 1503 2493 1590 perducere
2545 1504 2719 1581 fecit,
2758 1504 2960 1571 etiam
3023 1526 3164 1572 ma·

632 1613 842 1660 nuum
894 1593 1149 1660 damna
1201 1592 1496 1662 resolvit.
1532 1592 1651 1661 Cui
1685 1592 1737 1660 si
1772 1593 1856 1660 de
1889 1592 2134 1659 virtute
2182 1592 2248 1659 in
2303 1592 2615 1660 virtutem
2650 1591 2885 1670 eundi,
2917 1607 2980 1659 et
3014 1614 3162 1660 cor·

631 1680 740 1748 dis
786 1680 1145 1750 affectibus
1192 1680 1272 1749 ad
1325 1682 1680 1769 superiora
1729 1680 2144 1748 ascendendi
2187 1680 2599 1748 voluntatem
2650 1694 2714 1748 et
2765 1680 3163 1749 facultatem

631 1768 941 1838 doctrina
991 1768 1201 1839 simul
1235 1783 1299 1837 et
1355 1770 1673 1858 precibus
1728 1769 2134 1857 impetravit,
2188 1790 2468 1858 gressus
2519 1767 2768 1856 pedum
2821 1790 2857 1837 a
2908 1770 3165 1837 debili-

633 1859 788 1926 tatis
836 1859 1125 1927 nexibus
1177 1858 1425 1926 liberos
1462 1856 1671 1926 dedit.
1711 1862 1955 1925 Verum
1992 1857 2426 1945 omnipotens
2474 1858 2793 1945 Spiritus,
2845 1858 2964 1942 qui
2999 1879 3166 1945 ope-

630 1963 823 2014 ratur
860 1948 1093 2015 omnia
1145 1946 1209 2014 in
1254 1947 1602 2024 omnibuS,
1647 1945 1964 2014 dividens
2013 1945 2310 2035 singulis
2363 1959 2561 2046 prout
2610 1945 2776 2025 vult,
2819 1961 2949 2013 tatn
3001 1946 3164 2015 forti

631 2049 902 2104 sanctos
933 2050 996 2104 et
1028 2035 1276 2104 electos
1311 2057 1473 2104 suos
1505 2056 1837 2124 compage
1874 2034 2228 2103 charitat-is
2263 2036 2504 2114 univit,
2540 2048 2615 2102 ut
2665 2034 2831 2103 nihil
2884 2047 3155 2114 eorum,

627 2144 805 2210 quae
851 2125 1023 2193 alter
1072 2125 1311 2192 merito
1359 2124 1740 2193 sanctitatis
1796 2124 2205 2209 assequitur,
2257 2124 2449 2190 alteri
2500 2122 2697 2190 desit.
2752 2128 2914 2192 Cum
2966 2125 3160 2191 enim

628 2233 1105 2299 quaecumque
1157 2213 1330 2281 bona
1380 2214 1479 2279 sic
1527 2213 1698 2280 alter
1747 2212 1812 2279 in
1864 2211 2074 2279 altero
2119 2211 2367 2300 diligit.
2414 2214 2592 2280 sicut
2642 2213 2706 2279 in
2759 2212 3154 2300 semetipso,

631 2301 959 2368 nimirum
1018 2321 1135 2389 per
1180 2301 1578 2368 charitatem
1615 2300 1867 2389 agitur,
1904 2312 1980 2368 ut
2026 2300 2280 2367 eisdem
2315 2301 2517 2369 etiam
2551 2321 2709 2368 cum
2749 2301 2896 2386 ipso
2950 2301 3161 2387 parti·

626 2388 918 2476 cipetur.
951 2393 1096 2470 Quo
1128 2388 1224 2465 fit,
1250 2406 1323 2456 ut
1356 2389 1826 2457 beatissimum
1860 2388 2254 2456 Severinum
2285 2389 2682 2468 antistitem,
2715 2388 2979 2456 nullius
3010 2411 3160 2458 om·

630 2477 794 2545 nino
825 2478 1096 2548 virtutis
1140 2492 1480 2566 expertem
1530 2477 1768 2546 merito
1817 2476 2206 2555 credamus,
2239 2499 2441 2564 quem
2499 2475 2785 2566 perfecta
2821 2478 3160 2548 charitate

625 2564 962 2636 bonorum
1012 2569 1324 2636 omnium
1364 2566 1780 2656 profectibus
1812 2566 2254 2651 conjunctum
2288 2588 2437 2636 esse
2465 2587 2595 2634 non
2632 2566 3066 2635 dubitamus.

714 2657 880 2741 δῦ.
958 2656 1165 2739 Cujus
1222 2656 1395 2723 vitae
1458 2655 1988 2744 descriptionem
2057 2669 2325 2724 nostrae
2385 2676 2815 2741 nequaquam
2872 2655 3158 2724 inertiae

623 2744 1220 2823 commendamus,
1271 2743 1435 2830 quia
1485 2744 1583 2812 vel
1633 2757 1888 2831 quanta
1941 2744 2259 2831 ipsepro
2313 2746 2595 2812 Domino
2641 2744 2856 2831 egerit
2902 2758 2968 2811 et
3004 2767 3158 2833 per-

627 2831 879 2912 tulerit,
936 2832 1036 2901 vel
1084 2847 1341 2920 quanta
1395 2854 1512 2920 per
1556 2853 1714 2901 eum
1770 2833 2097 2901 Dominus
2143 2847 2465 2918 operatus
2512 2834 2622 2905 sit,
2666 2854 2787 2899 nec
2830 2831 3158 2902 historiae

626 2923 1038 3002 narratione,
1096 2943 1218 2989 nec
1268 2922 1540 2991 testium
1595 2922 1936 2989 veracium
1986 2921 2359 2990 assertione.
2411 2919 2699 3009 perfecte
2743 2920 3148 2990 didicimus:

622 3011 941 3095 quamvis
988 3032 1063 3079 ea
1118 3010 1492 3079 litterarum
1544 3008 2162 3089 commendatione,
2220 3025 2286 3079 et
2332 3012 2638 3099 congrua
2692 3009 3002 3078 fidelium
3058 3032 3153 3079 re-

626 3098 876 3168 latione
923 3098 1335 3186 dignissima
1379 3097 1753 3167 credimus.
1786 3098 2139 3180 Quomodo
2185 3099 2366 3167 enim
2421 3113 2648 3185 posset
2696 3100 2867 3176 fieri,
2909 3112 2985 3166 ut
3016 3112 3146 3167 tam

623 3186 913 3256 idoneus
979 3187 1135 3255 fidei
1195 3186 1570 3256 catholicae
1634 3188 2062 3275 praedicator
2129 3200 2193 3256 et
2249 3187 2526 3266 doctor,
2585 3187 3152 3257 memorabilibus

625 3296 759 3343 non
831 3275 1121 3361 fulgeret
1180 3278 1557 3364 operibus?
1614 3276 1737 3344 Cui
1799 3290 2020 3343 tamen
2090 3275 2509 3344 laudabilius
2556 3274 2686 3342 suit
2736 3274 3141 3344 labefactum

623 3378 900 3432 sanctae
950 3364 1289 3434 Ecclesiae
1330 3378 1580 3438 statum
1632 3385 1760 3433 suo
1809 3363 1955 3433 loco
1999 3364 2364 3454 corrigere,
2413 3377 2477 3433 et
2508 3364 2592 3432 ad
2642 3365 3009 3451 pristinam
3046 3366 3140 3432 in-

622 3452 1087 3521 columitatem
1144 3452 1440 3521 maximo
1486 3451 1736 3522 sudore
1787 3451 2152 3534 reducere,
2207 3474 2410 3539 quam
2466 3467 2645 3522 recto
2694 3467 2991 3523 stantem
3038 3473 3134 3519 or-

621 3540 785 3609 dine
830 3554 895 3610 et
946 3563 1076 3610 non
1123 3553 1469 3609 nutantem
1522 3561 1811 3610 servare.
1869 3539 1994 3609 Sed
2050 3552 2196 3628 post
2242 3540 2596 3609 decessum
2640 3542 2946 3610 doctoris
2997 3541 3137 3609 reli-

621 3630 1022 3719 giosissimi,
1075 3629 1355 3716 quando
1402 3629 1809 3718 gravissima
1860 3629 2217 3699 inundatio
2249 3629 2474 3717 gentis
2507 3629 2906 3699 incredulae
2942 3643 3142 3699 totam

622 3740 798 3808 pene
846 3718 1134 3788 Galliam
1184 3732 1250 3787 et
1295 3719 1445 3807 ejus
1504 3717 1795 3787 finitima
1832 3717 2038 3787 caede
2084 3733 2288 3805 atque
2339 3717 2678 3786 incendiis
2722 3718 3142 3797 devastabat,

620 3807 1151 3877 succedentibus
1196 3820 1262 3875 et
1302 3807 1934 3896 ingravescentibus
1981 3805 2308 3885 adversis,
2381 3808 2596 3876 sancti
2649 3808 2784 3875 Viri
2848 3807 3150 3897 gloriosa

620 3896 796 3966 facta
850 3896 961 3965 vel*
1002 3895 1357 3975 miracula,
1410 3897 1652 3985 partim
1705 3909 2118 3985 conscrtpta‚
2161 3895 2405 3985 partim
2442 3895 2661 3964 avidis
2692 3897 3151 3983 scriptoribus

620 4007 789 4055 casu
838 3986 1233 4074 inopinatae
1284 3984 1814 4076 perturbationis
1883 3999 2149 4073 erepta,
2207 3985 2648 4076 gratulationi
2715 3999 2986 4054 nostrae
3033 4006 3150 4053 co·

621 4075 952 4163 gnitionis
999 4074 1223 4143 ablata
1293 4085 1479 4143 sunt.
1551 4078 1831 4141 Tantam
1908 4095 2206 4160 namque
2253 4073 2745 4142 dominationis
2795 4074 2927 4140 vim
2985 4087 3152 4142 tnnc

623 4164 949 4251 temporis
997 4163 1383 4232 crudelitati
1457 4163 1856 4254 tyrannicae
1917 4177 2193 4251 propter
2244 4177 2592 4250 peccatum
2646 4161 3152 4230 inobedientiae

621 4249 794 4320 ultio
842 4251 1074 4320 divina
1108 4252 1467 4331 concessit,
1507 4265 1580 4321 ut
1615 4251 1682 4319 in
1725 4253 1994 4320 cunctis
2027 4250 2402 4321 Galliarum
2445 4250 2814 4339 provinciis
2851 4272 2974 4318 nec
3010 4271 3154 4318 una

618 4339 899 4427 quidem
950 4341 1215 4420 civitaS,
1256 4340 1391 4411 nisi
1431 4340 1746 4411 metensis
1791 4339 1850 4421 ⁴,
1889 4340 2116 4409 inusta
2153 4353 2571 4409 remaneret:
2614 4340 2932 4426 quamvis
2963 4338 3034 4407 in
3064 4360 3153 4408 ea

670 4466 697 4496 Ψ
725 4465 917 4512 Gomon,
938 4467 1058 4506 netz.
