3347 4999
176 344 344 410 OCT.
397 346 435 408 8
1060 362 1137 407 m:
1188 361 1242 407 s.
1297 361 1587 406 BtttGITTA
1636 362 1832 407 ηοω
2501 347 2625 410 277

174 447 616 536 deportarunt
677 466 827 515 eam
879 446 961 513 ad
1027 446 1310 515 domum
1362 444 1604 514 illam:
1678 447 1881 536 cujus
1945 445 2282 535 praefecto
2333 448 2719 518 numeravit

173 536 320 624 ipsa
364 534 769 623 pecuniam,
826 549 899 603 ut
943 556 1184 609 curam
1236 533 1388 620 ejus
1437 547 1722 623 gereret.
1779 536 2057 603 Interim
2110 536 2349 606 crebro
2397 537 2718 606 visitabat

169 646 314 693 eam
352 678 367 703 ,
421 623 636 691 donec
694 637 977 692 eatenus
1043 636 1278 691 curata
1328 621 1509 702 fuit,
1564 635 1640 691 ut
1679 624 1825 712 jam
1887 625 2248 691 commode
2311 637 2541 713 posset
2594 648 2715 716 per

167 713 402 781 urbem
456 711 749 801 ingredi.
808 717 1038 780 Postea
1090 733 1245 780 vero
1292 733 1453 779 cum
1503 733 1654 780 eam
1706 711 2064 781 accivisset
2111 711 2195 779 ad
2247 712 2450 783 aedes
2502 736 2663 783 suas
2696 768 2711 794 ,

173 823 241 869 re
299 802 692 869 accuratius
750 801 1153 890 investigata
1186 855 1201 880 ,
1254 800 1588 888 comperit
1635 823 1784 868 eam
1841 800 2151 870 laborare
2201 803 2440 869 morbo
2505 803 2720 869 comi-

171 889 332 958 tiali.
387 894 626 976 Itaque
676 888 1012 957 ferventer
1061 911 1182 978 pro
1234 888 1350 956 illa
1399 911 1628 969 orans,
1684 888 1770 956 ad
1821 887 2075 957 collum
2127 888 2283 976 ejus
2319 889 2428 978 pie
2477 888 2719 958 admo-

167 979 258 1047 vit
303 977 566 1064 aliquot
615 977 888 1066 lapillos
928 978 1084 1057 sui,
1141 988 1215 1046 ut
1279 990 1562 1058 vocant,
1619 976 1862 1046 rosarii
1895 1031 1910 1058 ,
1965 977 2048 1046 ad
2099 999 2273 1064 quos
2325 998 2561 1068 preces
2609 977 2717 1047 di-

169 1089 312 1135 cere
347 1066 633 1135 solebat.
675 1072 820 1135 Mox
856 1066 974 1135 illa
1005 1065 1313 1145 revaluit,
1352 1088 1475 1134 nec
1507 1087 1818 1152 unquam
1848 1088 2005 1135 eum
2038 1065 2356 1135 morbum
2388 1065 2716 1153 deinceps

167 1170 437 1243 experta
487 1170 609 1234 est,
667 1153 823 1223 licet
871 1153 994 1223 diu
1039 1154 1512 1244 supervixerit.
1560 1154 1938 1223 Monachus
1977 1154 2256 1242 quidem
2295 1154 2572 1223 Ordinis
2615 1154 2716 1222 ci-

171 1244 586 1321 sterciensis,
645 1243 982 1313 Robertus
1034 1244 1334 1323 nomine,
1392 1264 1552 1331 prae
1607 1243 1982 1311 immodica
2030 1243 2445 1312 abstinentia
2495 1257 2721 1313 mente

166 1345 403 1420 captus
456 1332 607 1401 fuit.
648 1333 880 1401 Oranti
983 1354 1054 1400 ro
1093 1353 1171 1400 eo
1221 1336 1286 1400 S.
1325 1332 1646 1421 Birgittae
1688 1331 1997 1400 Christus
2037 1332 2383 1421 apparuit,
2438 1331 2713 1401 dicens:

168 1444 202 1486 «
236 1427 454 1491 Homo
495 1421 882 1491 conductus
948 1422 1069 1499 uit,
1124 1434 1201 1489 ut
1237 1420 1505 1489 vineam
1549 1420 1794 1489 coleret
1830 1443 1845 1500 ;
1900 1442 2196 1506 cumque
2228 1419 2507 1490 baberet
2539 1422 2719 1490 mul-

167 1523 387 1579 torum
420 1509 688 1578 dierum
722 1531 804 1578 ne
856 1509 1099 1588 otium,
1140 1507 1256 1577 ille
1286 1508 1536 1578 ductus
1575 1508 1951 1597 cupiditate
1993 1508 2349 1597 pecuniae,
2395 1522 2471 1579 ut
2511 1522 2718 1579 totam

165 1598 548 1668 mercedem
602 1620 741 1667 uno
843 1599 901 1665 ie
951 1598 1361 1678 lucraretur,
1418 1619 1640 1683 usque
1679 1598 1849 1667 adeo
1897 1619 1968 1666 se
2017 1596 2306 1667 confecit
2356 1597 2608 1677 labore,
2645 1611 2723 1667 ut

167 1686 230 1755 in
298 1688 617 1757 morbum
678 1708 949 1776 gravem
1014 1685 1372 1754 incideret.
1427 1691 1595 1755 Tum
1651 1708 1808 1755 vero
1858 1707 2108 1775 magna
2157 1708 2237 1755 ex
2287 1700 2477 1777 parte
2524 1687 2722 1756 vin'ea

164 1777 421 1845 mansit
473 1774 755 1853 inculta,
810 1798 967 1844 cum
1024 1775 1137 1843 ille
1176 1774 1480 1843 laborem
1526 1774 1797 1844 nullum
1843 1774 2016 1843 serre
2042 1786 2317 1930 tposset.
2358 1775 2482 1844 Sed
2520 1797 2723 1865 opere

163 1878 498 1944 cessante,
557 1885 815 1932 merces
863 1864 923 1932 ei
968 1863 1315 1953 persoluta
1373 1884 1510 1930 non
1564 1876 1689 1932 est.
1745 1869 1846 1933 Ita
1891 1864 2036 1932 acci
2093 1864 2144 1932 it
2193 1863 2354 1934 huic
2402 1865 2718 1946 RobertO,

161 1976 287 2040 pro
335 1975 474 2041 quo
535 1967 606 2020 tu
654 1952 1093 2041 deprecaris3
1149 1964 1628 2022 verumtamen
1685 1953 1810 2023 hoc
1875 1952 2313 2022 incommodo
2361 1953 2421 2022 is
2478 1953 2723 2022 libera-

162 2040 374 2110 bitur.
419 2065 453 2107 »
496 2040 684 2123 Quod
729 2041 931 2109 etiam
967 2041 1192 2110 evenit
1226 2054 1484 2130 postea.

250 2133 286 2217 ξ
340 2134 494 2202 ²5.
550 2129 806 2198 Habuit
855 2134 920 2198 S.
974 2130 1257 2217 Birgitta
1306 2149 1663 2198 cursorem
1702 2182 1716 2206 ,
1771 2149 1976 2214 quem
2025 2127 2320 2198 daemon
2375 2129 2714 2219 arripuit,

161 2220 278 2288 sed
324 2241 403 2287 ea
452 2218 648 2287 illum
702 2220 788 2288 ab
839 2217 1117 2287 homine
1187 2218 1603 2308 profligavit.
1660 2221 1826 2285 Item
1901 2217 1967 2284 in
2026 2239 2238 2306 regno
2297 2218 2578 2288 Svediae
2626 2217 2722 2287 fe-

161 2309 426 2375 minam
480 2307 997 2375 daemoniacam
1062 2307 1198 2395 ipsi
1249 2307 1596 2383 oblatam,
1668 2306 2000 2395 pristinae
2063 2308 2390 2390 sanitati,
2444 2329 2603 2377 cum
2656 2308 2717 2377 ci
2760 2348 2777 2363 ·

160 2396 402 2464 Crucis
452 2397 728 2484 signum
784 2395 1294 2484 impressisset,
1352 2395 1673 2465 restituit.
1729 2394 2003 2484 Expulit
2049 2397 2252 2464 etiam
2312 2395 2719 2466 daemonem

157 2506 193 2552 e
227 2484 436 2553 domo
465 2483 791 2570 quadam,
839 2481 1054 2552 multa
1085 2484 1615 2554 adventantibus
1648 2505 1979 2574 responsa
2008 2483 2315 2566 dantem,
2359 2485 2715 2573 multaque

157 2572 557 2662 praedicere
604 2587 990 2653 conantem,
1049 2573 1547 2660 hominumque
1582 2594 1691 2642 res
1724 2574 2030 2654 occultas
2082 2574 2504 2663 prodentem.
2553 2575 2719 2657 Qui-

158 2661 320 2730 dam
376 2681 498 2748 per
542 2662 1044 2732 incantationes
1093 2663 1407 2752 capiebat
1465 2661 1720 2732 multos
1785 2664 2032 2751 pisces.
2089 2669 2256 2731 Eum
2310 2667 2375 2733 S.
2436 2663 2720 2752 Birgitta

157 2750 588 2829 hortabatur,
636 2765 710 2820 ut
753 2772 793 2820 a
834 2749 1092 2819 nefario
1144 2772 1348 2840 opere
1395 2764 1713 2821 cessaret.
1770 2751 1895 2820 Sed
1951 2750 2065 2820 ille
2099 2773 2432 2841 spernens
2480 2752 2717 2821 admo-

155 2839 460 2908 nitiones
520 2839 673 2925 ejus
748 2853 1060 2908 mortuus
1125 2839 1442 2908 inventus
1505 2852 1631 2907 est.
1689 2844 1988 2909 Fratrem
2040 2841 2243 2908 etiam
2296 2840 2712 2926 quemdam,

157 2950 237 2996 ex
287 2927 649 2997 daemonis
699 2928 1067 2998 tentatione
1119 2928 1493 2997 immodica
1541 2926 1723 2997 fame
1775 2927 2224 3008 laborantem,
2270 2929 2554 2998 curavit.
2597 2932 2720 2998 Ca-

159 3016 514 3105 pellanum
567 3038 818 3097 suum,
875 3017 1280 3106 gravissime
1320 3015 1662 3087 dolentem
1713 3029 1957 3105 caput,
2013 3029 2201 3086 tactu
2249 3038 2376 3087 suo
2423 3018 2711 3100 sanavit.

156 3106 372 3175 Multa
422 3105 558 3175 alia
591 3120 654 3174 et
702 3106 770 3173 in
824 3107 980 3186 vita,
1018 3119 1083 3175 et
1118 3107 1184 3175 in
1233 3113 1471 3185 morte,
1524 3127 1703 3191 quae
1754 3126 1963 3192 prope
2003 3104 2210 3174 fidem
2253 3104 2576 3175 excedere
2618 3107 2717 3174 vi·-

157 3194 531 3274 debantur,
588 3206 864 3282 operata
895 3209 997 3265 est
1042 3216 1219 3281 quae
1262 3194 1576 3263 vitandae
1611 3193 2020 3282 prolixitatis
2052 3197 2262 3264 causa
2302 3194 2713 3265 omittimus,

157 3286 322 3352 Cum
366 3288 432 3351 S.
480 3283 760 3372 Birgitta
811 3288 1063 3352 Romae
1098 3283 1393 3373 degeret,
1447 3283 1834 3360 catharina,
1890 3280 2035 3350 filia
2074 3282 2228 3370 ejus
2269 3283 2322 3364 ³³,
2371 3284 2720 3374 permissu

159 3372 388 3441 mariti
421 3371 540 3457 qui
574 3383 718 3440 erat
750 3385 1085 3461 cognatus
1120 3372 1301 3461 regis
1337 3371 1641 3450 Svediae,
1683 3376 1968 3439 Romam
2007 3373 2214 3451 venit,
2248 3394 2434 3441 anno
2466 3372 2716 3442 Christi

157 3459 559 3539 millesimO,
617 3459 1105 3536 tricentesimo,
1158 3459 1737 3548 quinquagesimo
1771 3513 1785 3537 ,
1845 3459 1966 3546 qui
2012 3459 2329 3531 Jubileus
2377 3473 2543 3530 erat.
2598 3466 2720 3530 Ve-

156 3552 318 3617 nere
352 3571 512 3618 cum
555 3547 673 3615 illa
715 3548 971 3617 multae
1020 3549 1195 3617 aliae
1230 3548 1552 3617 dominae
1591 3560 1657 3616 et
1705 3547 2109 3638 peregrinae
2156 3561 2221 3618 et
2267 3550 2532 3618 familia
2569 3571 2716 3617 ma-

155 3659 317 3725 gna,
358 3650 436 3706 ut
489 3649 763 3725 possent
813 3643 1066 3706 Romae
1113 3637 1423 3706 obtinere
1471 3635 2010 3706 condonationes
2049 3639 2191 3707 sive
2233 3636 2716 3726 Indulgentias

153 3726 443 3805 subilei,
498 3737 564 3793 et
612 3736 686 3794 ut
734 3724 885 3814 ipsa
936 3738 1220 3794 matrem
1259 3747 1456 3795 suam
1494 3725 1839 3795 inviseret.
1897 3730 2061 3795 Cum
2104 3727 2252 3816 jam
2302 3725 2567 3813 aliquid
2620 3726 2717 3796 la-

155 3836 361 3902 psum
408 3827 583 3883 esset
616 3815 964 3902 temporis,
1009 3836 1129 3882 nec
1169 3819 1424 3883 Romae
1462 3815 1837 3900 quicquam
1877 3815 2171 3884 sciretur
2202 3815 2288 3884 de
2335 3815 2529 3885 obitu
2574 3837 2719 3884 ma-

155 3904 270 3971 riti
321 3902 761 3983 Catliarinae,
818 3906 884 3970 S.
929 3903 1209 3992 Birgitta
1248 3901 1582 3972 divinitus
1617 3902 1856 3972 edocta
1889 3902 1974 3972 de
2010 3915 2223 3973 morte
2255 3904 2429 3994 ejuS,
2484 3903 2580 3973 ait
2626 3904 2714 3973 ad

157 3990 400 4059 illam:
457 4014 493 4057 «
526 3990 692 4059 Filia
749 4012 923 4071 mea,
987 3991 1254 4059 noveris
1291 4013 1327 4060 e
1377 3992 1510 4060 vita
1549 3992 1926 4061 excessisse
1966 3990 2190 4061 virum
2246 4003 2468 4062 tuum.
2525 3991 2714 4083 Elige

158 4078 374 4166 igitur
403 4095 522 4150 aut
562 4079 903 4149 secundas
951 4080 1257 4168 'nuptia5‚
1311 4092 1428 4149 aut
1480 4079 1904 4149 viduitatem.
1950 4103 1986 4146 »
2022 4081 2130 4151 Sic
2161 4081 2344 4149 enirn
2380 4080 2719 4150 divinitus

150 4165 352 4255 jussa
400 4182 544 4238 erat
593 4180 853 4237 tentare
890 4167 1107 4249 illam,
1149 4168 1333 4254 quod
1384 4182 1561 4238 esset
1599 4167 1976 4268 juvencula
2028 4168 2305 4249 nobilis,
2360 4183 2603 4259 potens
2648 4188 2714 4239 et

160 4255 489 4341 opulenta
523 4258 592 4326 in
630 4279 841 4348 regno
891 4255 1194 4326 Svediae.
1249 4256 1401 4330 Illa.
1455 4257 1749 4327 audiens
1778 4257 2033 4327 obiisse
2075 4259 2427 4340 maritum,
2488 4259 2713 4328 vidui-

162 4354 367 4410 tatem
403 4346 780 4433 complexa,
819 4346 1055 4417 statuit
1092 4346 1292 4414 matri
1342 4345 1739 4415 adhaerere.

212 4467 241 4494 ¹³
272 4464 453 4509 colitur
475 4478 577 4509 xxu
594 4473 733 4512 mart.
755 4470 871 4514 Vide
893 4471 1018 4514 stu-11
1038 4471 1139 4513 Vol.
1162 4472 1245 4519 ΠΙ.
1265 4482 1313 4522 p.
1331 4473 1420 4512 4³8.
