3347 4999
747 357 872 421 644
1405 371 1482 417 nr.
1531 373 1585 418 s.
1638 369 1904 419 Anenclo
1950 373 2049 418 nr.
2092 371 2424 418 ninnsroi„
2871 351 3059 418 OCT.
3117 354 3216 417 2²2>

660 457 774 528 ille
812 456 1060 537 solum,
1105 454 1219 525 sed
1253 455 1454 523 etiam
1489 456 1910 544 quicumque
1942 479 2098 526 cum
2135 478 2214 525 eo
2244 455 2526 536 habitat,
2565 468 2812 524 etcum
2840 476 2918 523 eo
2952 455 3206 536 sentit,

659 545 837 616 male
873 556 1122 647 pereat.
1176 549 1465 613 Senatus
1514 557 1740 613 autem
1794 544 2080 624 timenS,
2145 566 2249 625 ne,
2307 545 2364 614 si
2407 557 2684 613 exustae
2721 558 2949 612 essent
2983 543 3212 614 aedes

656 634 958 714 Abercii,
1011 633 1213 704 aedes
1252 654 1523 720 quoque
1572 632 1951 703 vicinorum
2004 647 2069 702 et
2111 633 2482 703 multorum
2520 632 2694 702 nulli
2742 631 2988 722 culpae
3039 632 3210 702 affi-

659 725 851 793 nium
890 778 906 804 ,
979 722 1140 792 mali
1187 743 1461 809 quoque
1519 721 1730 791 simul
1777 735 2002 792 essent
2066 722 2471 813 participes;
2523 735 2588 792 et
2647 720 2894 790 deinde
2953 720 3046 792 de
3116 722 3209 793 iis

658 834 914 903 poenas
960 824 1260 882 sumeret
1301 809 1605 890 Publius,
1664 811 1846 897 quod
1893 833 1965 880 se
2013 811 2488 900 adjunxissent
2536 809 2992 890 multitudini,
3031 811 3209 880 effe·

658 915 840 971 ratos
886 900 1365 980 demulcebat,
1416 914 1481 968 et
1527 912 1916 970 aestuantes
1963 921 2198 969 eorum
2249 900 2520 971 animos
2565 899 2950 969 conabatur
2995 921 3209 969 com-

658 991 978 1082 primere.
1032 988 1308 1059 Interim
1344 1002 1571 1058 autem
1606 988 1784 1058 facta
1823 990 2013 1057 mora
2043 1010 2175 1058 non
2213 988 2505 1070 modica,
2541 1010 2700 1057 cum
2737 988 2865 1057 hoc
2897 988 3201 1075 quidam

658 1079 1083 1149 audivissent
1112 1100 1189 1147 ex
1226 1078 1310 1147 iis
1354 1078 1473 1165 qui
1513 1079 1657 1166 jam
1712 1079 2028 1167 pietatem
2066 1077 2471 1158 didicerant,
2515 1075 2868 1146 celerrime
2901 1078 3208 1148 veniunt

657 1168 742 1237 ad
793 1168 995 1237 aedes
1039 1166 1351 1247 Abercii;
1403 1187 1701 1251 cumque
1751 1165 1944 1236 illum
1999 1165 2466 1246 invenissent,
2521 1187 2637 1235 eos
2674 1166 2794 1253 qui
2842 1166 3198 1246 aderant,

656 1256 931 1347 placido
976 1268 1040 1325 et
1091 1256 1260 1325 laeto
1301 1254 1491 1325 vultu
1524 1254 1971 1344 accipientem
2022 1254 2328 1324 doctrina
2368 1255 2657 1344 pietatis,
2700 1254 2988 1344 perinde
3015 1278 3106 1325 ac
3145 1255 3205 1324 si

659 1344 832 1414 nihil
892 1345 1045 1414 novi
1097 1343 1502 1426 accidisset,
1557 1344 1619 1413 ei
1666 1343 1907 1413 dicunt
1957 1357 2228 1432 paratas
2277 1343 2611 1424 insidiaS,
2663 1363 2728 1412 et
2769 1364 2843 1412 ro
2893 1357 3014 1412 ant
3044 1399 3062 1423 ,
3127 1356 3206 1412 ut

664 1456 903 1523 parum
943 1433 1069 1503 loci
1102 1433 1215 1501 det
1251 1431 1567 1503 insolenti
1619 1432 1855 1534 populi
1892 1432 2244 1513 tumultui,
2294 1445 2359 1502 et
2408 1434 2635 1502 statim
2684 1454 2845 1502 exce
2896 1443 2965 1501 at
3013 1453 3050 1501 e
3104 1433 3204 1501 ci-

658 1522 882 1606 vitate,
935 1544 1018 1591 ne
1057 1544 1164 1593 res
1196 1520 1371 1591 duas
1414 1543 1818 1611 praecipuas
1865 1521 2273 1601 amitterent,
2315 1535 2572 1611 patrem
2624 1520 2906 1601 scilicet,
2941 1534 3012 1590 et
3057 1519 3205 1590 fra·

660 1625 795 1681 tres
823 1666 839 1693 ,
896 1609 1120 1700 ipsum
1158 1610 1420 1680 scilicet
1447 1622 1761 1679 sanctum
1793 1610 2178 1691 Abercium,
2213 1632 2417 1698 quern
2451 1611 2551 1679 eis
2591 1609 2658 1677 in
2697 1609 2920 1680 locum
2978 1611 3204 1699 patris

655 1700 846 1771 dedit
880 1700 1175 1790 Spiritus
1224 1705 1535 1778 Sanctus,
1588 1711 1652 1767 et
1699 1698 1940 1768 fratres
1975 1698 2150 1779 illos,
2184 1721 2379 1786 quos,
2419 1700 2477 1768 si
2513 1699 2570 1769 is
2600 1712 2778 1770 esset
2811 1713 3196 1788 supersteS,

658 1789 1029 1859 adduceret
1060 1788 1141 1857 ad
1185 1788 1525 1879 pietatem.

746 1880 782 1966 ξ
827 1884 915 1950 ὅ.
968 1876 1089 1947 Ille
1128 1893 1403 1946 autem:
1458 1898 1493 1943 «
1532 1876 1869 1967 Fugitivi,
1936 1876 2180 1964 inquit,
2233 1898 2273 1945 o
2311 1875 2576 1956 fratreS,
2631 1876 2913 1946 omnino
2961 1876 3205 1947 existi-

660 1988 1011 2036 maremur
1056 1989 1096 2035 a
1143 1965 1604 2055 suscipiendis
1705 1987 1776 2034 ro
1832 1965 2094 2035 Christo
2136 1965 2693 2055 perpessionibus
2724 2018 2739 2042 ,
2804 1966 2860 2034 si
2912 1979 3202 2054 propter

661 2057 885 2145 ipsum
932 2055 1068 2144 pati
1122 2069 1257 2123 tam
1309 2056 1597 2145 turpiter
1691 2053 2172 2134 eclinaremus,
2227 2053 2432 2141 idque
2460 2076 2615 2123 cum
2653 2053 2769 2123 ille
2798 2054 3018 2123 sacris
3042 2055 3198 2143 jus·

660 2144 824 2215 serit
856 2143 1193 2233 Apostolis
1238 2142 1448 2213 libere
1499 2142 1892 2233 praedicare
1983 2142 2257 2212 entibus
2298 2142 2578 2212 verbum
2623 2143 2913 2233 pietatis,
2969 2164 3202 2229 neque

664 2234 900 2301 timere
947 2231 1209 2319 aliquid
1246 2254 1473 2322 grave,
1512 2249 1576 2301 et
1606 2231 1789 2319 quod
1832 2230 1943 2301 nol
1977 2245 2092 2301 ent
2127 2253 2246 2321 pro
2282 2231 2559 2301 nomine
2590 2231 2740 2321 ejus
2775 2253 2909 2301 non
2947 2232 3092 2320 pati
3129 2232 3201 2300 in

663 2335 990 2410 tempore,
1031 2343 1168 2408 quo
1202 2321 1627 2391 intentantur
1662 2343 1741 2389 ea
1778 2342 1956 2406 quae
1990 2332 2231 2390 vexant
2260 2333 2327 2390 et
2355 2320 2690 2390 cruciant.
2744 2325 2907 2390 Nam
2940 2333 3009 2389 et
3043 2341 3202 2410 pro-

660 2421 811 2498 pter
842 2409 1066 2497 ipsum
1100 2409 1279 2479 mala
1316 2409 1573 2511 perpeti
1606 2423 1707 2477 est
1730 2409 2150 2498 jucundum,
2182 2424 2247 2480 et
2280 2431 2401 2501 pro
2436 2408 2553 2478 illo
2588 2408 2781 2490 mori,
2817 2421 2918 2479 est
2946 2411 3204 2495 quavis

661 2498 795 2566 vita
846 2520 997 2567 vere
1033 2497 1441 2587 jucundius.
1495 2497 2093 2569 verumenimvero
2130 2497 2510 2589 parendum
2558 2512 2658 2567 est
2707 2498 2897 2568 vobis
2930 2497 3035 2568 sic
3084 2522 3202 2568 vo·

660 2585 1005 2656 lentibus:
1058 2600 1122 2655 et
1159 2586 1466 2677 fugiendi
1518 2599 1680 2657 sunt
1727 2587 1775 2656 ii
1821 2587 1943 2676 qui
1994 2609 2117 2657 nos
2151 2588 2503 2658 invadunt.
2550 2591 2715 2657 Nam
2754 2587 2881 2657 hoc
2915 2609 3204 2674 quoque

544 2750 550 2755 ‚
659 2676 863 2765 plane
901 2675 1102 2765 jubet
1148 2675 1251 2744 lex
1299 2675 1568 2754 Christi,
1624 2675 1858 2766 fugere
1907 2676 2218 2747 videlicet
2265 2698 2378 2747 eos
2408 2677 2529 2763 qui
2578 2689 3120 2764 persequuntur.
3163 2700 3201 2744 s

658 2769 838 2834 Haec
893 2763 1107 2844 dixit,
1159 2777 1225 2833 et
1270 2763 1478 2833 simul
1546 2786 1704 2832 cum
1755 2766 1853 2834 eis
1900 2788 2216 2856 egressus
2251 2820 2266 2845 ,
2323 2786 2441 2855 per
2497 2765 2792 2835 mediam
2843 2764 3199 2834 civitatem

660 2853 842 2922 vadit
872 2853 939 2920 in
978 2852 1227 2922 sorum.
1286 2853 1408 2922 Ubi
1449 2852 1651 2921 etiam
1696 2875 1852 2922 cum
1904 2854 2190 2923 sedisset
2231 2854 2296 2921 in
2344 2853 2490 2923 loco
2523 2854 2642 2941 qui
2680 2853 2866 2944 apud
2910 2875 3030 2923 eos
3082 2876 3202 2924 vo-

658 2943 945 3012 cabatur
990 2944 1413 3032 Frayellium
1459 2941 1517 3020 ⁴,
1573 2940 1860 3011 docebat
1896 2963 2010 3011 eos
2056 2942 2178 3029 qui
2230 2942 2536 3024 aderant,
2593 2942 3046 3029 praeconium
3093 2965 3203 3012 ve-

658 3031 900 3111 ritatis,
953 3044 1017 3099 et
1062 3052 1179 3099 eos
1224 3029 1641 3120 dignabatur
1692 3030 1805 3099 Dei
1851 3031 2261 3121 cognitione,
2308 3044 2509 3120 prout
2547 3031 2651 3100 illi
2686 3045 2999 3120 poterant
3048 3053 3200 3102 esse

657 3120 894 3208 digni;
928 3133 991 3188 et
1021 3119 1313 3198 dicebat,
1350 3132 1659 3209 oportere
1692 3141 1849 3188 eum
1886 3120 2003 3208 qui
2033 3134 2176 3190 erat
2205 3120 2438 3189 divino
2473 3119 2814 3209 baptismo
2848 3120 3191 3201 initiatuS,

659 3222 725 3277 et
761 3207 1015 3298 dignus
1065 3208 1365 3287 habitus,
1412 3208 1532 3295 qui
1572 3207 1710 3296 jam
1752 3208 2201 3291 ChristianuS,
2238 3221 2302 3279 et
2334 3222 2530 3291 esset,
2575 3221 2639 3277 et
2684 3209 3192 3291 nominaretur,

656 3317 833 3383 quae
890 3297 1175 3366 aderant
1229 3296 1556 3384 quidem,
1615 3297 1931 3385 jucunda
1978 3298 2365 3389 despicere;
2416 3320 2563 3368 esse
2608 3297 2794 3367 enim
2844 3298 3086 3368 brevia
3130 3311 3197 3367 et

658 3384 964 3465 caduca;
1015 3398 1327 3477 expetere
1373 3398 1601 3455 autem
1655 3385 1857 3456 vitam
1910 3386 2124 3458 solam
2175 3386 2654 3456 immortalem.
2708 3391 2876 3457 Nam
2918 3409 2995 3455 ea
3042 3385 3190 3454 sola

657 3485 758 3542 est
792 3494 943 3543 vere
978 3474 1132 3555 vita,
1193 3496 1400 3562 quam
1453 3480 1630 3544 Deus
1671 3475 1933 3564 paravit
1968 3476 2056 3547 iis
2087 3475 2206 3563 qui
2247 3476 2475 3565 ipsum
2526 3474 2851 3566 diligunt.
2907 3473 3180 3545 Interim

656 3575 884 3632 autem
921 3562 1088 3632 dum
1130 3562 1296 3632 haec
1328 3562 1730 3644 disserebat,
1768 3586 1929 3633 cum
1960 3585 2137 3652 quae
2163 3564 2231 3633 in
2273 3586 2429 3634 eum
2466 3563 2830 3645 ferebatur,
2874 3564 2944 3633 id
2983 3561 3186 3633 resci-

656 3651 886 3733 visset,
926 3650 1340 3722 multitudo:
1391 3665 1457 3722 et
1487 3651 1670 3741 quod
1720 3674 1853 3722 non
1900 3653 2065 3723 satis
2098 3652 2340 3722 habuit
2386 3652 2571 3722 domi
2607 3655 2812 3723 verba
2843 3651 3066 3723 facere
3103 3650 3192 3722 de

656 3763 781 3811 sua
833 3739 991 3821 fide,
1044 3740 1159 3811 sed
1208 3741 1410 3810 etiam
1465 3740 1741 3831 publice
1792 3742 2159 3830 praedicat,
2211 3755 2276 3812 et
2322 3740 2531 3811 libere
2578 3741 2959 3812 annunciat
2990 3762 3194 3812 suam

654 3828 1085 3920 religionem,
1124 3829 1364 3920 majori
1393 3830 1666 3900 insania
1701 3830 1961 3921 perciti,
1999 3844 2064 3900 et
2094 3830 2430 3900 ferventes
2460 3830 2705 3900 acriori
2739 3831 3014 3921 spiritu,
3056 3852 3196 3901 nou

652 3919 959 4008 amplius
1008 3918 1342 3988 contineri
1390 3931 1724 4010 poterant.
1780 3941 1902 3990 nec
1951 3919 2266 3991 volebant
2311 3919 2758 4009 optimatibus
2803 3919 3048 3989 cedere
3099 3920 3197 3990 ci-

654 4006 924 4077 vitatis:
979 4005 1094 4076 sed
1145 4028 1303 4077 cum
1355 4007 1660 4078 tumultu
1705 4020 1771 4078 et
1817 4007 2117 4078 clamore
2150 4010 2219 4078 in
2253 4030 2412 4079 eum
2448 4008 2781 4099 impetum
2819 4007 3193 4090 faciebant;

656 4095 677 4163 i
714 4118 913 4195 sum,
952 4109 1017 4165 et
1048 4118 1164 4167 eos
1195 4095 1314 4184 qui
1349 4118 1507 4166 curn
1553 4096 1705 4187 ipso
1737 4110 1952 4179 erant,
1999 4098 2322 4168 dentibus
2357 4096 2853 4188 propemodum
2890 4097 3200 4169 volent&

709 4206 1068 4272 iscerpere.

745 4273 782 4359 ξ
825 4277 919 4342 θ.
975 4277 1140 4342 Cum
1176 4286 1400 4344 autem
1430 4274 1576 4365 jam
1613 4274 1699 4343 ad
1734 4274 1961 4364 ipsum
1993 4274 2357 4357 venissent,
2391 4286 2456 4345 et
2490 4297 2643 4345 mox
2675 4285 2905 4346 essent
2939 4298 3203 4348 manus

657 4358 727 4428 in
762 4381 919 4430 eum
963 4361 1299 4449 injecturi,
1343 4385 1503 4450 ecce
1542 4375 1678 4433 tres
1710 4362 2211 4448 adolescenteS,
2265 4387 2424 4435 cum
2484 4364 2771 4456 maligni
2816 4364 3206 4440 daemones

709 4486 736 4513 ¹*
763 4483 959 4527 Ponitus
977 4485 1139 4538 ignota
1157 4489 1232 4529 est
1249 4489 1391 4539 husus
1410 4490 1628 4532 vocabuli
1647 4490 1793 4541 origo.
