3347 4999
192 357 389 421 OCT.
444 358 481 421 4
1084 375 1159 419 ns
1209 375 1266 420 s.
1321 373 1664 422 raAscisco
1713 374 1894 422 coxr.
2553 359 2676 424 1135

194 459 618 546 subjunxit:
675 481 708 524 «
743 459 840 527 Sit
876 457 1091 539 vobis,
1138 457 1405 539 fratreS,
1452 479 1587 527 non
1620 437 1864 539 §ibus
1905 458 2020 527 sed
2072 459 2370 530 charitas
2422 462 2492 529 in
2543 483 2769 531 exem-

195 549 488 637 plum.»
519 548 759 617 Docuit
788 547 1075 637 insuper
1120 568 1235 617 eos
1284 547 1766 616 discretionem
1806 548 2023 634 sequi,
2064 560 2141 617 ut
2187 550 2500 640 aurigam
2556 552 2767 620 virtu-

195 650 391 718 tum,
422 659 554 705 non
583 658 735 706 eam
760 657 966 724 quam
1006 657 1163 705 caro
1189 635 1456 717 suadet,
1481 636 1596 706 sed
1640 656 1849 723 quam
1886 635 2160 705 edocuit
2191 638 2522 719 Christus,
2561 639 2768 728 cujus

195 726 757 796 sacratissimam
789 726 995 794 vitam
1026 746 1425 816 expressum
1456 736 1722 794 constat
1747 747 1894 796 esse
1928 725 2364 815 perfectionis
2388 728 2760 818 exemplar.

194 820 291 884 Et
324 818 654 901 quoniam
690 820 956 905 Agrium
986 814 1135 884 sine
1165 813 1459 895 macula,
1489 813 1835 883 Christum
1867 814 2282 884 Crucifixum
2319 837 2452 884 non
2481 830 2581 886 est
2610 839 2770 907 pos-

198 904 420 976 sibile
460 903 750 984 homini,
796 904 1027 972 carnis
1075 904 1475 972 infirmitate
1507 901 1963 984 circumdato,
2011 904 2108 973 sic
2160 903 2452 992 perfecte
2486 908 2757 986 sectari,

195 994 388 1081 quin
451 993 722 1079 aliquas
769 990 1128 1062 contrahat
1177 992 1414 1063 sordes
1448 1048 1463 1073 ‚
1538 991 1691 1061 ideo
1740 989 2156 1061 documento
2203 1006 2386 1062 certo
2448 992 2770 1064 firmabat

196 1106 356 1160 eos,
410 1083 527 1169 qui
582 1081 981 1172 perfectioni
1032 1083 1205 1149 vitae
1242 1080 1602 1171 vigilanter
1634 1080 2026 1160 intendunt,
2071 1080 2495 1168 quotidianis
2522 1083 2769 1152 debere

197 1194 289 1241 se
341 1172 805 1260 lacrymarum
858 1170 1237 1239 emundare
1289 1171 1590 1239 fluentis.
1624 1170 1807 1239 Licet
1842 1170 2025 1238 enirn
2067 1170 2214 1259 Jam
2266 1184 2439 1241 esset
2474 1171 2767 1262 adeptus

196 1260 448 1331 cordis
496 1273 560 1328 et
608 1259 917 1349 corporis
967 1260 1334 1348 puritatem
1373 1257 1789 1339 mirabilem,
1844 1278 1977 1327 non
2035 1259 2347 1329 cessabat
2402 1273 2626 1329 tamen
2668 1261 2768 1329 la-

198 1368 613 1440 crymarum
650 1348 994 1418 imbribus
1018 1348 1280 1438 jugiter
1311 1348 1549 1418 oculos
1578 1348 1852 1436 expiare
1890 1346 2242 1427 mentaleS,
2278 1370 2764 1449 corporeorum

202 1439 567 1508 luminum
619 1459 753 1506 non
809 1436 1269 1526 ponderando.
1291 1438 1664 1525 jacturam.
1706 1441 1872 1505 Cum
1908 1437 2092 1504 enim
2128 1458 2209 1505 ex
2238 1450 2568 1506 continuo
2597 1439 2763 1507 fletu

202 1528 691 1596 infirmitatem
750 1526 1109 1596 oculorum
1163 1526 1567 1595 incurrisset
1636 1525 2145 1615 gravissimam,
2214 1526 2546 1596 suadente
2633 1527 2767 1596 sibi

207 1616 511 1694 medico,
554 1614 736 1702 quod
775 1616 1149 1685 abstineret
1195 1637 1230 1684 a
1267 1613 1616 1705 lacrymiS,
1686 1614 1745 1684 si
1778 1614 2088 1703 corporei
2134 1614 2320 1683 visus
2369 1616 2763 1686 caecitatem

204 1705 419 1774 vellet
452 1704 781 1793 effugere,
838 1705 940 1772 vir
989 1717 1269 1774 sanctus
1331 1702 1729 1794 respondit:
1787 1708 1990 1772 «Non
2039 1715 2162 1783 est,
2218 1702 2764 1785 fratermedice,

206 1795 301 1864 ob
353 1812 660 1863 amorem
717 1792 1024 1872 luminis,
1079 1791 1263 1880 quod
1316 1793 1654 1863 habemus
1702 1813 2073 1861 commune
2121 1814 2283 1860 cum
2334 1794 2615 1872 muscis,
2670 1795 2770 1860 vi-

208 1884 444 1952 sitatio
488 1881 666 1951 lucis
701 1894 1015 1951 aeternae
1057 1880 1450 1971 repellenda
1486 1881 1588 1950 vel
1643 1880 2036 1950 modicum:
2092 1882 2250 1967 quia
2305 1903 2438 1951 non
2484 1882 2770 1971 spiritus

212 1985 497 2060 propter
536 1991 841 2050 carnem,
896 1971 1011 2039 sed
1064 1992 1223 2040 caro
1266 1982 1541 2061 propter
1580 1970 1903 2060 spiritum
1963 1970 2378 2039 beneficium
2432 1970 2609 2042 lucis
2659 1993 2769 2040 ac-

210 2062 469 2148 cepit.»
524 2059 813 2128 Malebat
860 2059 1201 2147 siquidem
1251 2058 1633 2149 corporalis
1681 2059 1871 2128 visus
1905 2058 2137 2128 lumen
2180 2059 2515 2140 amittere,
2555 2081 2765 2147 quam

214 2149 588 2238 lacrymas,
641 2147 900 2235 quibus
946 2148 1192 2218 oculus
1242 2146 1623 2218 mundatur
1671 2147 1977 2228 interior,
2015 2160 2094 2217 ut
2142 2151 2353 2217 Deum
2408 2149 2637 2218 videre
2670 2170 2772 2216 va·

213 2237 376 2317 leat,
427 2257 737 2327 repressa
770 2237 1127 2307 devotione
1176 2236 1487 2327 spiritus.
1537 2236 1899 2327 impedire.

312 2335 349 2407 §
384 2330 545 2398 35.
585 2330 748 2394 Cum
800 2337 1028 2395 autem
1084 2326 1292 2395 semel
1345 2326 1627 2396 daretur
1663 2325 2034 2396 consilium
2095 2347 2135 2394 a
2177 2326 2489 2405 medicis,
2542 2340 2606 2396 et
2663 2327 2770 2394 in-

219 2428 481 2485 stanter
529 2415 937 2484 suaderetur
969 2437 1009 2484 a
1056 2414 1426 2495 fratribUS,
1485 2427 1561 2485 ut
1610 2427 1959 2505 pateretur
2018 2414 2150 2483 sibi
2215 2437 2335 2517 per
2386 2414 2766 2485 remedium

214 2503 584 2575 subvenire
615 2516 850 2573 coctur
959 2505 1014 2585 ⁴¹,
1053 2505 1411 2575 humiliter
1459 2506 1572 2575 Vir
1605 2506 1718 2574 Dei
1765 2505 2081 2585 assensit,
2119 2525 2284 2591 quia
2332 2505 2764 2576 salutiferum

214 2595 371 2673 hoc,
427 2593 633 2663 simul
687 2607 752 2661 et
798 2527 1122 2683 afferam
1163 2615 1311 2664 esse
1360 2593 1706 2664 cernebat.
1757 2598 2047 2663 Vocatus
2096 2593 2326 2680 itaque
2382 2596 2567 2664 venit
2625 2594 2771 2663 chi·

213 2682 564 2773 rurgicus‚
623 2682 1162 2752 instrumentum
1215 2681 1512 2752 ferreum
1564 2683 1710 2773 igni
1761 2683 2204 2752 summittens
2244 2682 2329 2751 ad
2379 2682 2768 2753 faciendam

212 2786 593 2841 cocturam.
637 2777 712 2839 At
761 2770 1011 2840 Christi
1044 2776 1311 2851 Servus,
1351 2793 1606 2862 corpus
1628 2772 1776 2860 jam
1829 2771 2108 2841 horrore
2141 2792 2559 2841 concussum
2612 2793 2775 2840 con-

212 2861 499 2938 fortans,
537 2858 718 2928 sicut
765 2861 1096 2939 amicum,
1148 2860 1374 2950 coepit
1404 2861 1634 2950 ignem
1688 2861 1972 2948 alloqui,
2027 2859 2289 2928 dicens:
2344 2882 2379 2925 «
2413 2861 2524 2941 Mi,
2567 2859 2775 2928 frater

213 2950 438 3036 ignis,
494 2969 655 3037 prae
703 2950 946 3019 ceteris
1016 2949 1225 3018 rebus
1272 2949 1671 3019 aemulandi
1745 2949 2051 3025 decoris,
2113 2948 2553 3028 virtuosum,
2610 2948 2767 3038 pul-

212 3060 409 3107 crum
473 3050 538 3107 et
591 3037 828 3107 utilem
882 3051 945 3107 te
993 3038 1245 3107 creavit
1294 3038 1729 3109 Altissimus:
1764 3052 1908 3107 esto
1952 3037 2123 3105 mihi
2167 3037 2294 3105 hac
2336 3037 2504 3106 hora
2534 3040 2771 3127 propi-

214 3128 375 3204 tius,
429 3139 573 3196 esto
597 3126 908 3197 curialis.
965 3132 1208 3195 Precor
1243 3148 1576 3218 magnum
1629 3127 2024 3206 Dominum,
2078 3123 2198 3211 qui
2247 3137 2307 3194 te
2354 3126 2629 3206 creavit,
2693 3139 2768 3195 ut

217 3231 413 3284 tuum
456 3216 621 3283 milii
673 3215 971 3284 calorem
1010 3227 1361 3305 temperet,
1415 3237 1553 3304 quo
1613 3215 1912 3285 suaviter
1960 3226 2271 3283 urentem
2335 3214 2594 3285 valeam
2650 3236 2767 3284 su-

218 3304 543 3374 stinere.»
576 3305 891 3374 Oratione
924 3303 1143 3384 finita,
1188 3317 1426 3374 contra
1477 3305 1635 3393 igne
1675 3302 2098 3373 candescens
2157 3302 2453 3373 ferreum
2505 3305 2766 3374 instru-

220 3405 530 3461 mentum
558 3393 835 3483 signum
872 3392 1108 3463 Crucis
1142 3392 1381 3475 edidit,
1429 3416 1508 3463 ac
1543 3391 1871 3482 deinceps
1912 3392 2301 3481 intrepidus
2335 3393 2760 3484 persistebat.

218 3479 714 3550 Profundatum
763 3495 866 3551 est
912 3483 1261 3573 crepitans
1306 3482 1565 3552 ferrum
1624 3483 1694 3550 in
1748 3493 1979 3553 tenera
2043 3502 2290 3565 carne,
2344 3494 2409 3551 et
2458 3482 2546 3552 ab
2602 3505 2769 3553 aure

219 3590 435 3657 usque
501 3573 586 3637 ad
653 3570 1103 3658 supercilium
1154 3583 1438 3641 coctura·
1494 3582 1876 3661 protracta.
1954 3574 2297 3652 Quantum
2367 3572 2769 3663 irrogaverit

221 3658 401 3749 ignis
449 3656 565 3726 ille
604 3657 936 3740 dolorem,
984 3660 1097 3728 Vir
1129 3661 1274 3750 ipse
1307 3673 1590 3730 sanctus
1619 3658 1979 3760 expressit:
2020 3659 2386 3739 «Laudate‚
2421 3660 2646 3748 inquit
2679 3661 2765 3730 ad

221 3746 483 3827 fratreS‚
507 3745 967 3817 Altissimum:
1005 3750 1170 3835 quia
1201 3770 1352 3818 vere
1381 3748 1537 3819 dico
1574 3749 1788 3829 vobis,
1830 3770 1953 3816 nec
1987 3747 2169 3839 ignis
2202 3748 2517 3819 ardorem
2551 3751 2762 3829 sensi,

223 3858 340 3905 nec
379 3834 609 3905 carnis
638 3834 858 3905 ullum
908 3837 1238 3907 dolorem.
1283 3861 1318 3903 »
1370 3843 1446 3906 Et
1473 3858 1846 3907 conversus
1886 3836 1972 3906 ad
2013 3836 2398 3907 medicum:
2439 3859 2474 3903 «
2511 3839 2578 3908 Si
2628 3860 2767 3908 non

221 3937 339 4005 est,
386 3923 632 4011 inquit,
685 3945 845 3993 caro
892 3926 1066 3996 bene
1114 3924 1417 4008 decocta,
1473 3925 1798 4016 imprime
1845 3925 2120 3995 iterum.
2153 3948 2189 3991 »
2242 3930 2576 4017 Expertus
2632 3950 2770 3997 me-

224 4014 416 4083 dicus
466 4013 534 4081 in
572 4012 876 4082 invalida
919 4036 1125 4084 carne
1158 4015 1476 4084 virtutem
1529 4016 1818 4106 spiritus
1854 4027 1989 4083 tam
2048 4025 2418 4103 potentem,
2476 4016 2769 4086 miratus

224 4116 338 4183 est,
390 4116 458 4171 et
489 4102 802 4171 divinum
841 4102 968 4172 hoc
1020 4102 1439 4173 miraculum
1488 4104 1753 4185 extulit,
1810 4104 2087 4174 dicens:
2129 4126 2165 4169 «
2194 4104 2351 4174 Dico
2385 4104 2601 4187 vobis,
2638 4105 2771 4174 fra-

205 4205 373 4270 tres,
410 4190 552 4260 vidi
594 4190 941 4261 mirabilia
992 4192 1265 4261 hodie.»
1300 4192 1474 4275 Quia
1529 4193 1715 4263 enim
1752 4193 1837 4262 ad
1890 4204 2145 4261 tantam
2183 4192 2547 4262 devenerat
2581 4195 2775 4284 puri-

230 4292 446 4358 tatem,
501 4291 576 4349 ut
608 4301 767 4349 caro
807 4281 1106 4371 spiritui,
1165 4294 1230 4350 et
1286 4282 1570 4372 spiritus
1622 4286 1787 4361 De0,
1847 4280 2214 4349 harmonia
2265 4280 2568 4350 mirabili
2612 4304 2772 4352 con·

230 4368 614 4449 cordarent‚
669 4368 906 4439 divina
971 4370 1403 4441 ordinatione
1467 4370 1708 4450 fiebat,
1764 4382 1840 4438 ut
1903 4380 2217 4439 creatura
2283 4371 2580 4439 Creatori
2650 4392 2773 4439 suo

277 4495 300 4521 ¹·
329 4494 513 4536 Scilicet
535 4496 750 4535 cauterii.
