3347 4999
686 346 712 409 l
728 346 812 410 80
2877 341 3085 408 OCT.
3147 343 3191 406 4

1341 545 1579 645 VlTA
1646 545 1727 645 S.
1797 543 2388 645 MAGDALVEl

862 767 1500 835 VIRDUNENSIS
1563 766 1996 833 EPISCOPI
2062 767 2171 832 ET
2233 765 2881 833 CONFESSORIS

1172 981 1253 1030 UT
1302 979 1592 1027 HABETUR
1627 980 1697 1028 ΙΝ
1745 979 2139 1027 PERVETUSTO
2186 981 2290 1028 us.
2344 978 2565 1028 comen

1091 1162 1215 1218 Ob.
1265 1176 1442 1218 anno
1492 1161 1778 1231 probab.
1821 1161 1943 1217 '¹162
1985 1191 2062 1201 —
2110 1162 2270 1222 Nat.
2315 1161 2637 1218 Francus.

683 1341 1119 1433 Magdalveus
1164 1343 1221 1422 ¹⁴²,
1275 1343 1345 1410 in
1387 1342 1557 1411 urbe
1603 1342 2016 1412 virdunensi
2056 1341 2124 1376 *⁴*
2174 1356 2408 1423 natuS‚
2447 1355 2513 1411 et
2559 1341 2960 1411 litterarum
3013 1352 3174 1410 stu-

597 1433 733 1503 diis
784 1432 1100 1512 tradituS,
1139 1453 1298 1500 cum
1333 1445 1512 1500 artes
1546 1431 1863 1502 liberales
1912 1444 2188 1522 strenue
2222 1431 2694 1521 percurrisset,
2728 1430 2815 1498 ad
2869 1451 3170 1499 sacram

598 1521 1021 1611 Scripturam
1072 1542 1467 1598 conversuS‚
1514 1533 1590 1590 ut
1639 1521 1937 1610 virgines
1968 1524 2233 1610 Agnum
2271 1541 2713 1606 quocumque
2758 1519 2922 1587 ierit
2957 1520 3172 1606 sequi

596 1622 847 1699 posset,
906 1631 1057 1678 mox
1094 1609 1551 1698 virginitatem
1591 1632 1786 1678 suam
1837 1610 2101 1678 Christo
2152 1609 2352 1690 vovit,
2386 1620 2451 1678 et
2498 1609 2745 1678 exhinc
2795 1619 2944 1676 tam
3003 1629 3173 1676 san-

594 1712 699 1767 cte
754 1697 935 1778 vixit,
991 1711 1063 1766 ut
1094 1698 1408 1767 omnium
1460 1697 1952 1767 acclamatione
1986 1698 2524 1767 Virdunensium
2568 1696 2964 1766 efficeretur
2999 1697 3171 1786 Epi·

596 1808 846 1877 scopus
872 1787 976 1821 *⁴³*
1009 1799 1310 1876 tempore
1339 1787 1587 1875 Pipini,
1626 1787 1832 1876 primi
1867 1786 2079 1877 hujus
2116 1788 2416 1857 nominis
2450 1791 2871 1855 Francorum
2910 1786 3168 1874 Regis.

597 1881 815 1959 Quam
869 1875 1098 1945 sedem
1150 1875 1580 1944 dissensione
1631 1877 2024 1966 principum
2085 1889 2150 1944 et
2201 1876 2474 1945 turbine
2519 1875 2859 1944 bellorum
2927 1873 3172 1963 pluri-

601 1987 791 2035 mum
844 1962 1218 2034 desolatam
1271 1964 1650 2045 invenien5‚
1695 1965 2121 2046 mirabiliter,
2175 1969 2300 2034 Deo
2349 1986 2420 2033 se
2458 1964 2767 2054 juvante,
2810 1962 3171 2032 reforma-

593 2054 711 2134 vit,
767 2053 1024 2124 sanctis
1062 2052 1387 2142 operibus
1438 2054 1788 2134 insistenS,
1844 2066 1908 2122 et
1960 2052 2315 2122 miraculis
2347 2074 2562 2140 aeque
2611 2052 3001 2141 refulgens.
3037 2057 3168 2121 Po·

596 2155 738 2212 stea
773 2141 1168 2231 sepulcrum
1213 2142 1483 2210 Domini
1533 2144 1599 2210 in
1640 2141 2026 2212 Jerusalem
2092 2142 2528 2211 devotissime
2595 2141 2918 2211 visitavit.
2983 2145 3171 2210 Cum

595 2252 807 2320 supra
851 2252 1036 2298 mare
1082 2230 1146 2297 in
1202 2231 1352 2299 navi
1402 2253 1562 2300 cum
1610 2230 1925 2321 pluribus
1962 2230 2486 2321 periclitaretur.
2526 2242 2935 2320 tempestate
2977 2230 3166 2298 sub-

593 2333 739 2388 orta
775 2372 790 2398 ‚
848 2319 936 2387 ita
992 2331 1068 2387 ut
1108 2339 1237 2388 non
1294 2320 1424 2389 nisi
1474 2342 1631 2408 spes
1696 2320 1933 2389 mortis
1983 2332 2410 2409 superesset;
2467 2332 2747 2420 rogatus
2792 2341 2837 2387 a
2901 2319 3165 2400 sociiS,

598 2407 828 2476 subito
857 2406 1417 2493 tranquillitatem
1453 2430 1490 2477 a
1522 2409 1810 2477 Domino
1863 2409 2182 2499 precibus
2210 2409 2621 2498 impetravit.
2647 2413 2856 2477 Fama
2905 2421 3171 2477 autem

599 2497 751 2586 ejus
801 2496 1205 2577 sanctitatis,
1260 2520 1434 2584 quae
1482 2496 1740 2585 ubique
1788 2512 1944 2568 ante
1987 2521 2144 2567 eum
2199 2499 2704 2588 praecurrebat,
2761 2503 3176 2587 Imperato-

594 2606 740 2653 rem
792 2587 1619 2674 Constantinopolitanum
1671 2588 1933 2677 attigit,
1986 2588 2104 2675 qui
2155 2588 2541 2656 accersiens
2602 2599 2922 2658 sanctum
2994 2588 3176 2677 Epi-

595 2692 909 2763 scopum,
962 2688 1026 2744 et
1075 2675 1160 2744 ab
1194 2698 1272 2743 eo
1298 2698 1461 2745 suae
1492 2675 1695 2745 saluti
1748 2676 1946 2744 utilia
1981 2676 2294 2755 audiens,
2338 2675 2632 2764 pretiosa
2680 2674 2906 2744 eidem
2944 2677 3174 2746 xenia

596 2763 866 2843 obtulit,
905 2786 1080 2850 quae
1119 2763 1352 2833 omnia
1405 2765 1518 2834 ille
1565 2766 2016 2853 contempsit,
2076 2764 2548 2852 dimissusque
2593 2777 2695 2834 est
2737 2784 2898 2834 cum
2961 2787 3176 2836 reve-

594 2853 837 2921 rentia.
882 2858 1190 2940 Cumque
1225 2854 1518 2923 venisset
1562 2854 2104 2943 Jerosolymam,
2158 2865 2221 2922 et
2270 2867 2507 2923 sancta
2554 2852 2703 2923 loca
2752 2852 3010 2923 devote
3063 2855 3174 2924 vi-

595 2941 869 3011 sitaret:
924 2942 1257 3011 intellexit
1306 2942 1642 3012 Eusebius
1693 2943 2082 3011 Patriarcha
2133 2943 2372 3011 adesse
2424 2944 2646 3011 virum
2715 2942 2879 3022 Dei,
2935 2965 3169 3030 quem

593 3030 675 3099 ad
715 3054 788 3101 se
821 3034 1141 3111 accitum,
1196 3054 1356 3100 cum
1409 3053 1660 3122 magno
1711 3032 2012 3121 suscepit
2078 3031 2358 3101 honore.
2414 3031 2541 3115 Qui
2601 3053 2761 3101 cum
2814 3034 3169 3102 sanctita-

595 3131 729 3187 tem
778 3120 1318 3189 conversationis
1350 3120 1501 3209 ejus
1555 3122 1965 3194 miraretur.
2018 3133 2082 3188 et
2127 3142 2290 3190 eum
2343 3141 2577 3191 secum
2621 3121 2917 3189 retinere
2959 3122 3171 3212 cogi-

594 3220 788 3287 taret,
844 3208 1183 3294 quamdiu
1218 3225 1520 3278 maneret
1570 3210 1634 3277 in
1691 3209 1884 3289 vivis;
1925 3209 2334 3279 revelatione
2381 3210 2620 3278 divina
2669 3222 2770 3278 est
2818 3208 3159 3280 admoni-

596 3307 732 3375 tuS,
787 3316 871 3362 ne
903 3296 1198 3384 propriis
1240 3297 1566 3377 intentus,
1605 3297 1900 3366 aliorum
1944 3298 2280 3367 invideret
2313 3298 2751 3378 utilitatibus,
2793 3320 2922 3367 nec
2978 3299 3161 3367 deti-

594 3395 787 3451 neret
823 3385 1287 3473 peregrinum,
1320 3408 1476 3454 cum
1505 3386 1647 3471 jam
1692 3387 1841 3476 ejus
1892 3385 2041 3465 filii,
2097 3388 2167 3456 in
2216 3387 2364 3456 dies
2410 3387 2625 3476 patris
2674 3388 2784 3457 sui
2835 3400 3157 3476 praesto-

594 3471 903 3540 larentur
938 3494 1317 3542 recursum.
1377 3474 1642 3542 Dimisit
1673 3497 1836 3565 ergo
1883 3496 2043 3543 eum
2086 3476 2504 3554 Patriarcha,
2545 3476 2721 3544 dans
2750 3474 2814 3544 ei
2849 3474 3155 3545 calicem

591 3560 1101 3650 crystallinum,
1155 3583 1358 3652 opere
1410 3562 1702 3632 mirifico
1751 3563 2119 3653 scalptum.
2176 3562 2244 3631 in
2291 3564 2512 3634 mutui
2556 3564 2812 3655 pignus
2851 3565 3151 3645 amoris,

593 3672 727 3718 una
779 3672 938 3718 cum
993 3649 1229 3720 multis
1262 3650 1417 3720 aliis
1444 3653 1701 3721 sanctis
1731 3651 2066 3739 reliquiis,
2109 3657 2446 3722 Reversus
2481 3676 2634 3722 vero
2665 3653 2749 3722 ad
2783 3655 3155 3743 propriam

590 3738 959 3820 civitatem,
1018 3740 1256 3809 beatus
1306 3740 1765 3828 Magdalveus,
1806 3743 2093 3810 virtutes
2143 3740 2512 3810 virtutibus
2542 3742 3030 3824 accumulanS,
3062 3742 3157 3811 ad

590 3826 935 3897 Christum
987 3827 1055 3896 in
1134 3843 1478 3897 senectute
1551 3831 1728 3899 bona
1803 3831 2140 3901 transivit.
2210 3831 2448 3899 Statim
2500 3843 2756 3911 autem,
2811 3844 2890 3901 ut
2951 3830 3153 3901 coelo

591 3916 913 4005 spiritum
968 3916 1285 3996 reddidit,
1342 3917 1520 3986 duae
1567 3918 1928 3989 columbae
1989 3919 2142 3987 nive
2188 3919 2666 4002 candidioreS,
2728 3920 2815 3989 ab
2868 3921 3156 3989 aethere

590 4005 862 4075 cunctis
911 4006 1300 4075 videntibus
1351 4006 1605 4098 lapsae,
1662 4030 1872 4098 super
1919 4013 2230 4089 Crucem,
2272 4030 2448 4095 quae
2482 4021 2638 4078 ante
2682 4031 2943 4099 corpus
2990 4011 3154 4100 ejus

590 4107 756 4175 erat,
812 4094 1159 4175 sederunt,
1204 4110 1268 4165 et
1310 4118 1431 4185 per
1477 4119 1720 4165 omnes
1767 4098 2209 4184 exequiarum
2265 4119 2528 4176 moraS,
2583 4120 2950 4186 usquequo
3008 4112 3151 4168 tra-

589 4182 811 4252 ditum
849 4196 948 4252 est
981 4183 1401 4274 sepulturae,
1443 4198 1871 4255 manserunt.
1918 4187 2164 4273 Sicque
2197 4186 2629 4258 intuentibus
2679 4187 2844 4268 illis,
2887 4188 3151 4259 iterum

641 4379 669 4406 ⁸*
697 4377 775 4420 Vel
801 4381 1073 4426 Madalfeue.
1092 4381 1407 4425 madeleveus,
1425 4382 1743 4430 Magdalaeus.
1762 4381 1930 4430 gallice
1953 4384 2220 4432 Mafflaluce,
2240 4384 2322 4422 aut
2344 4383 2511 4422 Maure.

642 4433 697 4459 **
725 4434 863 4474 Haud
884 4435 1049 4483 procul
1070 4445 1097 4474 a
1116 4434 1355 4474 viroduno
1376 4435 1600 4483 (Ver-dun).
1620 4436 1926 4475 celeberrima
1949 4433 2126 4476 Galliae
2147 4437 2368 4485 Belgicae
2389 4437 2520 4477 urbe.

639 4486 725 4515 *⁷⁸²*
753 4492 870 4529 Ante
890 4499 1066 4529 annum
1087 4489 1179 4534 753,
1198 4489 1249 4529 ut
1269 4487 1470 4529 videtur.
1493 4487 1738 4529 Probabile
1761 4491 1833 4530 est
1853 4492 2024 4535 autem,
2043 4490 2201 4540 ipsum
2221 4491 2394 4531 obiisse
2419 4499 2545 4532 auno
2567 4490 2657 4530 762.
