3347 4999
774 320 902 385 738
1431 375 1438 381 .
1552 336 1632 382 nn
1680 336 1734 382 s.
1789 335 2099 384 ruarmo
2146 337 2338 385 naar.
2888 318 3031 386 ocT.
3070 322 3133 386 28

684 443 925 492 eorum
998 419 1383 489 interventu
1447 419 1805 490 molimina
1856 433 2106 491 cuncta
2182 420 2632 511 malignitatis
2697 442 2853 492 suae
2890 424 3128 491 cassari:

686 510 869 580 dolet
894 531 1129 579 eorum
1165 508 1516 600 suffragiis
1551 509 1864 598 corporis
1886 521 1954 579 et
1999 510 2274 580 animae
2308 509 2796 600 impedimenta
2839 510 3131 580 sublevari.

685 603 866 669 Haec
912 619 1098 688 erg0,
1154 595 1418 676 fratres,
1475 597 1720 687 agonis
1770 598 2056 667 materia
2107 603 2540 680 Sanctorum,
2585 598 2752 669 haec
2794 611 2887 668 est
2940 614 3135 669 nostro·

683 710 839 758 rum
878 708 1089 756 causa
1120 685 1535 777 gaudiorum
1561 740 1577 767 ,
1631 685 1761 756 hoc
1803 687 2017 757 nostri
2082 686 2425 776 profectus
2470 687 3003 770 emolumentum,
3044 688 3136 756 hoc
3248 723 3249 772 1

683 777 757 845 in
794 780 1077 846 Sanctos
1110 795 1246 845 non
1299 773 1666 844 minimum
1721 774 1992 864 pietatis
2040 774 2558 863 devotionisque
2580 775 3050 846 documentum.
3248 801 3249 864 3

774 867 811 951 ξ
857 868 1017 937 1⁰.
1069 868 1143 933 In
1175 863 1302 933 hoc
1349 864 1649 934 exercitu
1697 862 2065 934 candidato
2092 864 2666 955 triumphantium
2707 864 2974 934 militum
3001 863 3139 933 Chri·
3248 917 3249 920 ,

687 954 797 1033 sti,
850 952 1161 1040 quicum
1217 952 1545 1042 patientia
1580 952 1779 1042 proni
1826 965 2288 1023 cucurrerunt
2334 954 2403 1021 in
2455 953 2667 1042 hujus
2716 953 2924 1023 stadio
2957 951 3135 1030 seculi,

685 1041 870 1112 velut
917 1041 1496 1131 pretiosissimum
1552 1040 1883 1110 Dominici
1927 1042 2087 1112 serti
2122 1041 2601 1142 margaritum,
2636 1041 2939 1132 specialis
2973 1052 3143 1110 noster

685 1144 1044 1220 patronus,
1090 1129 1635 1221 gloriosissimus
1684 1129 1998 1200 videlicet
2030 1134 2404 1211 Ferrutrus,
2458 1131 2786 1200 virtutum
2832 1129 3024 1220 gloria
3045 1127 3141 1197 cla·

685 1242 832 1294 rus,
877 1219 1275 1289 meritorum
1336 1219 1806 1319 praerogativa
1858 1218 2237 1308 praefulget
2305 1219 2758 1289 venerandus.
2818 1219 2932 1288 Hic
2974 1218 3141 1304 itaque

686 1309 853 1378 dum
921 1309 990 1376 in
1047 1308 1157 1378 his
1215 1306 1650 1377 moribundis
1708 1307 1984 1398 degeret
2035 1306 2388 1386 membris,
2466 1308 2874 1399 contempsit
2923 1319 3138 1376 mortem

684 1396 1104 1504 quandoque
1140 1407 1540 1476 venturam,
1579 1406 1657 1465 ut
1695 1396 1898 1465 vitam
1961 1398 2345 1484 acquireret
2392 1396 2541 1466 sine
2587 1396 2728 1466 fine
2788 1416 3137 1472 mansuram,

685 1484 877 1555 hdeli
913 1483 1372 1575 prudentique
1418 1482 1967 1554 consideratione
2000 1485 2319 1576 perdenS‚
2378 1484 2562 1573 quod
2614 1499 2680 1555 et
2729 1497 3034 1556 retentum
3066 1503 3142 1573 pe·
3248 1551 3249 1554 ,

687 1574 874 1652 riret,
919 1585 997 1643 ut
1032 1572 1214 1661 quod
1347 1573 1481 1644 rire
1514 1594 1649 1642 non
1702 1585 1951 1674 posset,
1991 1575 2294 1644 moriens
2343 1574 2698 1645 inveniret.
2737 1574 2907 1644 Huic
2950 1572 3143 1660 quippe

691 1682 926 1753 praesa
982 1662 1044 1732 io
1091 1684 1229 1750 quo
1280 1685 1392 1732 am
1443 1664 1732 1731 Fer-ruth
1785 1684 2031 1732 nomen
2082 1676 2185 1733 est
2225 1662 2563 1734 inditum:
2599 1664 2768 1751 quia
2818 1663 2984 1733 sicut
3019 1659 3145 1729 ferro

685 1772 820 1821 non
872 1773 948 1821 so
980 1773 1096 1822 um
1149 1750 1415 1841 lapides
1467 1764 1531 1821 et
1579 1749 1805 1840 ligna,
1861 1750 1976 1821 sed
2039 1764 2105 1821 et
2154 1766 2420 1821 caetera
2480 1753 2851 1822 vincuntur
2896 1747 3138 1819 metalla:

684 1840 915 1930 ipsum
959 1861 1116 1909 vero
1148 1862 1281 1909 non
1318 1839 1452 1910 nisi
1483 1837 1627 1908 solo
1660 1839 1958 1909 vincitur
1990 1841 2185 1930 igne:
2239 1841 2339 1909 sic
2371 1838 2485 1909 ille
2518 1840 2664 1912 solo
2696 1839 2906 1910 divini
2950 1836 3142 1907 amoris

683 1929 906 1999 victus
973 1928 1253 2010 ardore,
1327 1928 1882 1998 machinamenta
1940 1940 2191 1999 cuncta
2259 1927 2653 1998 mundanae
2699 1927 3145 2021 spiritualisque

683 2016 930 2088 devicit
981 2016 1303 2087 malitiae.
1357 2022 1602 2087 Verum
1635 2017 1800 2104 quia
1839 2018 2014 2087 vitae
2042 2017 2143 2087 vel
2195 2017 2539 2107 passionis
2576 2016 2728 2108 ejus
2764 2029 3041 2106 tempora
3063 2032 3144 2084 seu

728 2119 873 2176 esta
919 2127 1054 2174 non
1109 2106 1568 2195 reperiuntur,
1625 2104 1855 2176 laudis
1903 2106 2127 2196 ipsius
2189 2106 2554 2195 praeconia
2613 2128 2750 2176 non
2801 2105 3142 2176 silebuntur.

681 2129 848 2264 gum
905 2195 1301 2264 meritorum
1341 2195 1642 2285 insignia
1676 2193 2009 2282 frequenti
2054 2194 2548 2265 miraculorum
2585 2195 3000 2266 attestatione
3095 2211 3146 2255 n-

681 2282 965 2352 duntur.
1022 2283 1199 2353 Licet
1230 2283 1414 2351 enim
1466 2284 1666 2383 signa
1713 2283 2098 2354 secundum
2147 2283 2542 2373 Apostolum
2576 2284 2633 2364 *,
2676 2305 2814 2354 non
2863 2280 3031 2352 fideli
3071 2299 3143 2352 us,

681 2370 796 2441 sed
836 2370 1235 2440 infidelibus
1281 2370 1439 2440 data
1489 2387 1662 2453 sint,
1721 2374 2106 2442 necessario
2152 2385 2374 2441 tamen
2427 2371 2806 2459 aliquando
2848 2369 3147 2442 conserun-

684 2472 796 2530 tur
840 2472 905 2530 et
944 2459 1305 2531 fidelibus:
1358 2474 1703 2547 quatenus
1748 2461 2184 2549 quorundam
2217 2466 2620 2533 Sanctorum
2673 2475 2872 2533 actus
2914 2465 3151 2545 munor-

679 2546 864 2618 culto
901 2549 1014 2618 Dei
1055 2549 1321 2636 judicio
1370 2550 1644 2631 lateant,
1695 2551 2050 2651 signorum
2109 2553 2574 2651 experimento
2625 2552 2868 2621 merita
2915 2555 3146 2640 pateant.

679 2642 822 2709 Non
871 2651 1097 2709 autem
1155 2639 1221 2706 in
1274 2638 1601 2708 laudibus
1639 2638 1897 2708 divinis
1945 2644 2296 2709 Ferrutrus
2326 2639 2517 2710 solus
2554 2639 2820 2729 absque
2866 2649 3148 2731 gestorum

681 2727 1252 2797 rememoratione
1278 2727 1687 2806 celebratur,
1724 2751 1883 2799 cum
1920 2727 1988 2797 in
2041 2729 2404 2817 utriusque
2439 2727 2831 2801 testamenti
2872 2728 3027 2800 serie
3064 2740 3151 2818 vif!

681 2817 1030 2906 praecipui
1092 2816 1240 2886 sine
1292 2816 1713 2909 genealogiis
1760 2829 2409 2887 commemorentur.
2470 2817 2580 2888 Sic
2627 2819 2889 2909 quippe
2933 2809 3150 2909 Melchi-

679 2904 924 2975 sedech
976 2904 1111 2986 ille,
1163 2904 1283 2992 qui
1319 2907 1388 2975 in
1425 2907 1559 2975 veri
1597 2906 1962 2976 sacerdotii
2011 2918 2078 2995 ty
2132 2929 2172 2977 o
2224 2927 2466 2997 panem
2517 2918 2581 2977 et
2645 2906 2883 2975 vinum
2927 2899 3152 2977 obtulut;

681 2993 777 3062 sic
824 2992 1028 3075 Elias,
1066 2994 1186 3081 qui
1229 2994 1561 3085 populum
1598 2995 1805 3065 lsrael
1847 2995 1915 3064 in
1950 2994 2062 3086 gla
2118 2995 2182 3065 io
2211 3007 2275 3064 et
2305 2995 2464 3085 igne
2500 2993 2878 3086 Judicavit:
2928 2994 3016 3063 sic
3043 3006 3153 3080 pro

683 3080 1040 3170 phetarum
1099 3081 1382 3171 plurimi
1431 3095 1709 3172 repente
1756 3082 2077 3153 videntur
2106 3084 2382 3154 induci:
2420 3083 2520 3154 sic
2569 3084 2638 3152 in
2676 3105 2854 3153 novo
2891 3082 3147 3152 Thomas,

683 3170 1240 3241 Bartholomaeus
1306 3184 1371 3241 et
1421 3172 1738 3241 Matthias
1801 3172 2142 3261 Apostoli:
2224 3172 2323 3243 sic
2399 3171 2761 3263 perplures
2834 3183 3149 3258 martyrum
3244 3186 3245 3205 ¹

679 3259 951 3338 Christi,
989 3281 1284 3347 quorum
1329 3260 1571 3330 merita
1620 3259 1885 3350 placeat
1920 3282 2054 3330 non
2094 3282 2173 3330 eo
2222 3261 2457 3330 minus
2505 3262 2843 3342 venerari,
2883 3281 3009 3349 quo
3035 3273 3155 3325 con·

679 3359 811 3417 stat
848 3362 1040 3419 ortus
1086 3368 1324 3418 eorum
1363 3350 1463 3419 vel
1512 3362 1710 3420 actus
1757 3350 1906 3420 sine
1946 3348 2251 3440 periculo
2293 3348 2568 3419 nesciri.

765 3437 801 3522 ξ
845 3442 979 3509 11.
1032 3436 1224 3520 Quod
1258 3448 1483 3507 autem
1521 3439 1739 3508 sancti
1774 3438 2063 3508 Ferrutii
2096 3437 2306 3508 latent
2352 3451 2569 3517 actus,
2611 3436 2755 3507 sive
2790 3436 3151 3526 Scriptorum

682 3525 972 3614 penuria
1017 3526 1386 3615 contigisse
1432 3526 1872 3615 conjicimus,
1923 3548 2098 3614 quos
2148 3526 2392 3616 priscis
2443 3527 2873 3616 temporibus
2916 3524 2982 3619 in
3032 3524 3151 3612 Gerss

681 3635 1045 3684 manorum
1097 3614 1409 3704 partibus
1448 3636 1583 3685 non
1641 3615 1814 3687 adeo
1852 3616 2170 3686 floruisse
2216 3636 2296 3685 co
2347 3615 2693 3700 novimus3
2746 3637 2874 3688 seu
2927 3621 3083 3684 certe
3115 3624 3153 3701 ξι

675 3703 1233 3791 quibuscumque
1262 3703 1513 3774 studiis
1559 3705 1815 3774 exarati
1854 3704 2148 3784 fuerant,
2201 3703 2309 3774 bel
2340 3725 2539 3774 orum
2589 3704 2938 3795 deperisse
2986 3694 3153 3770 turbt·

677 3793 906 3864 nibus.
950 3792 1060 3862 Sic
1105 3792 1363 3884 quippe
1408 3792 1858 3882 Jerosolymis
1907 3793 2010 3864 lex
2058 3792 2292 3863 divina
2338 3793 2641 3863 flammis
2703 3792 2953 3883 legitur
3001 3778 3151 3857 Chal·

672 3882 891 3951 deicis
941 3882 1243 3963 incensa;
1296 3882 1395 3952 sic
1449 3881 1730 3951 urbium
1784 3881 2244 3982 plurimarum
2311 3893 2378 3950 et
2423 3880 3006 3951 nobilissimarum
3046 3889 3154 3964 cre7

670 3970 884 4041 dibile
914 3970 1261 4042 indicatur
1299 3970 1584 4060 periisse
1624 3981 2069 4040 monimenta.
2093 3976 2319 4055 Neque
2356 3968 2540 4038 enim
2578 3968 2775 4038 facile
2812 3958 3153 4057 persuaderi

674 4074 890 4147 potest
938 4061 1398 4161 moguntiam,
1450 4057 2046 4130 excellentissimis
2095 4057 2471 4129 Galliarum
2535 4056 2929 4128 civitatibus
2972 4044 3155 4121 confe-

672 4147 980 4227 rendam,
1019 4147 1329 4218 litteralis
1363 4148 1741 4218 immunem
1793 4147 2005 4218 studii
2041 4159 2202 4217 tunc
2253 4146 2581 4237 temporis
2620 4145 2981 4235 torpuisse,
3027 4154 3155 4232 gens

671 4236 983 4321 tiumque
1029 4250 1432 4306 cunctarum
1487 4236 1836 4307 mercibus
1884 4236 2230 4307 uberrime
2263 4234 2603 4317 refertam,
2650 4232 3040 4305 liberalibus
3077 4223 3156 4291 dl·

670 4323 1026 4411 scipliniS‚
1101 4326 1359 4413 quibus
1434 4325 2067 4416 praestantissimus
2134 4326 2448 4395 omnium
2529 4324 2924 4395 divitiarum
2982 4319 3157 4387 honos

723 4449 748 4473 ⁸¹
777 4448 831 4488 In
850 4448 887 4488 1.
912 4449 1014 4490 Cor.
1039 4458 1132 4490 xxv.
