3347 4999
204 347 384 414 OCT.
441 349 509 411 ’Μ
1816 382 1837 405 ·
2530 345 2653 411 337

1151 549 1805 630 MARTYRIUM

298 774 906 878 SANCTORUM
974 774 1453 888 TARACHI,
1523 772 1839 875 PROBI
1911 774 2028 873 ΕΤ
2107 772 2655 874 ANDRONlCl

800 1035 878 1081 UT
924 1032 1214 1080 HABETUR
1258 1032 1326 1081 IN
1374 1030 1646 1080 snmomz
1694 1032 2164 1081 METAPHRASTE.
2223 1024 2230 1029 '

605 1230 800 1288 Pessi
839 1233 1002 1286 sunt
1039 1229 1326 1298 probato.
1373 1243 1550 1285 anno
1592 1232 1729 1284 304
1771 1257 1849 1267 —
1891 1231 2050 1285 Nat.
2101 1229 2356 1288 Asiani.

302 1427 338 1512 ξ
386 1430 458 1496 1.
519 1422 975 1494 Diocletianus
1025 1434 1262 1491 tenens
1311 1428 1776 1492 Romanorum
1838 1423 2231 1513 imperium,
2295 1425 2419 1506 vir,
2470 1425 2591 1512 qui
2639 1448 2747 1495 er-

211 1513 353 1582 rori
401 1511 630 1582 cultus
677 1512 1092 1581 daemonum
1143 1522 1286 1580 erat
1334 1511 1584 1580 mirum
1638 1512 1705 1579 in
1763 1510 2040 1581 modum
2093 1511 2434 1590 addictus,
2483 1513 2748 1584 volebat

207 1600 588 1688 quemlibet
636 1600 1097 1669 Christianum
1147 1599 1469 1686 abjurare
1519 1599 1861 1689 pietatem,
1902 1622 2269 1687 veramque
2319 1603 2742 1693 religionem,

215 1690 457 1759 litteris
491 1702 555 1758 et
593 1689 835 1758 edictis
883 1710 1002 1779 per
1047 1689 1445 1757 universum
1496 1690 1730 1758 orbem
1784 1702 1996 1759 terrae
2044 1711 2206 1779 spar
2255 1714 2376 1761 ens
2412 1693 2586 1761 hanc
2618 1693 2750 1760 im·-

216 1780 400 1869 piam
452 1779 842 1846 vanitatem.
896 1780 986 1844 Ea
1033 1775 1117 1846 de
1164 1799 1374 1846 causa
1409 1777 1645 1846 multis
1685 1778 1964 1863 quidem
2012 1800 2094 1847 ex
2141 1780 2187 1847 fi
2240 1781 2462 1850 elibus
2499 1780 2750 1850 labefa-

212 1870 529 1936 ctabatur
566 1867 888 1946 animus;
943 1864 1062 1935 alii
1109 1879 1361 1947 autem,
1404 1879 1588 1935 metu
1624 1878 2142 1948 tormentorum,
2185 1891 2478 1956 quorum
2524 1870 2750 1939 minae

213 1954 486 2024 fuerant
534 1955 901 2024 intentatae
1019 1955 1088 2022 in
1149 1952 1641 2023 solitudinibus
1705 1955 2004 2024 latebant
2064 1967 2128 2025 et
2185 1959 2557 2028 montibus.
2612 1959 2750 2027 Piis

209 2045 395 2113 enim
457 2043 712 2129 ubique
760 2009 956 2113 erani
1000 2056 1191 2111 tensa
1251 2042 1419 2112 retia
1478 2058 1542 2113 et
1601 2043 1854 2129 laquei.
1918 2049 2105 2114 Tunc
2171 2068 2328 2116 vero
2395 2045 2749 2116 fortissimi

213 2132 462 2202 Christi
501 2133 773 2212 militeS,
827 2131 945 2218 qui
997 2143 1130 2200 tres
1179 2132 1453 2217 quidem
1506 2145 1701 2201 erant
1752 2154 2061 2213 numer0,
2099 2146 2164 2202 et
2202 2158 2448 2225 genere
2497 2135 2641 2204 solo
2686 2147 2752 2205 et

215 2222 600 2290 differentia
652 2221 908 2308 patriae
956 2219 1817 2309 dividebanturoCl'aracho
1857 2220 2038 2289 enim
2088 2223 2307 2309 primo
2342 2230 2743 2313 Martyrum,

215 2310 436 2400 patria
464 2324 608 2378 erat
638 2309 808 2378 urbs
841 2308 1104 2378 Claudii
1140 2309 1443 2377 Caesaris
1474 2308 1508 2343 ⁴*
1537 2332 1552 2389 ;
1600 2309 1814 2379 Probo
1850 2331 2026 2389 vero,
2073 2333 2249 2396 quae
2281 2311 2366 2380 ad
2408 2313 2744 2383 Orientem

213 2400 344 2467 sita
386 2411 508 2478 est,
562 2397 967 2487 Pamphylia
997 2397 1115 2477 ’‘*;
1168 2396 1555 2466 Andronico
1593 2412 1848 2479 autem,
1903 2411 2118 2467 aetate
2168 2402 2401 2483 tertie,
2455 2402 2750 2491 insignis

217 2486 616 2575 metropolis
663 2485 1111 2575 Ephesiorum
1157 2484 1337 2576 ⁴**);
1395 2485 1462 2554 in
1514 2490 1726 2556 Deum
1796 2501 2026 2557 autem
2083 2488 2413 2559 charitate
2449 2504 2513 2561 et
2562 2491 2700 2561 fide
2730 2545 2745 2574 ‚

213 2597 437 2644 unum
487 2596 634 2643 esse
682 2585 910 2663 aperte
958 2575 1594 2664 cognoscebantur:
1647 2598 1806 2645 cum
1863 2576 1961 2645 vel
2014 2577 2235 2646 solum
2287 2581 2541 2648 versari
2589 2601 2746 2649 cum

215 2663 475 2753 impii5‚
530 2675 960 2752 reputassent
1006 2683 1153 2732 esse
1202 2665 1543 2752 abnegare
1591 2664 1932 2753 pietatem,
1987 2667 2250 2753 seipsos
2285 2682 2677 2756 separantes
2709 2691 2752 2739 a

213 2751 568 2821 communi
623 2749 1086 2830 multitudine,
1138 2753 1356 2832 tacite,
1396 2766 1459 2820 et
1496 2775 1613 2841 per
1648 2775 1718 2821 se
1751 2752 2024 2823 alebant
2058 2777 2260 2825 suum
2295 2757 2365 2824 in
2402 2758 2749 2827 Christum

218 2840 666 2910 desiderium.
722 2843 1068 2908 Caeterum
1135 2838 1235 2909 vel
1300 2841 1521 2930 ipsam
1593 2842 1795 2910 vitam
1850 2864 1982 2911 non
2039 2844 2370 2931 putabant
2426 2844 2694 2913 vitalem
2729 2900 2746 2926 ,

219 2929 350 2998 nisi
392 2942 620 2999 essent
650 2927 897 2997 Christi
940 2928 1337 3017 passionum
1377 2942 1651 3019 propter
1685 2931 2025 3000 Christum
2067 2932 2453 3022 participes.
2493 2938 2752 3023 Scopus

217 3030 446 3087 autem
494 3030 638 3086 erat
683 3017 782 3085 eis
830 3037 993 3086 suae
1040 3016 1124 3084 ad
1163 3023 1370 3085 Deum
1409 3019 1762 3099 orationis,
1802 3042 1841 3087 a
1892 3021 2216 3107 martyrio
2254 3021 2537 3091 minime
2568 3023 2751 3091 exci-

129 3177 148 3190 ,
215 3107 401 3186 dere,
437 3119 500 3175 et
549 3127 682 3175 non
727 3106 943 3174 facere
995 3107 1241 3176 Christi
1271 3107 1638 3194 jacturam,
1697 3129 1900 3193 quem
1957 3128 2077 3196 pro
2131 3109 2456 3179 omnibus
2504 3110 2753 3180 habere

217 3195 637 3284 delegerant.

307 3286 343 3370 ξ
395 3289 482 3353 ⁰3.
523 3288 687 3352 Cum
723 3295 1158 3351 versarentur
1205 3282 1274 3350 in
1328 3283 1435 3351 liis
1484 3282 1663 3351 beati
1713 3281 2035 3364 Athletae,
2077 3285 2370 3356 mittitur
2406 3288 2475 3356 in
2522 3300 2750 3378 partes

219 3371 377 3442 illas
407 3370 691 3458 quidam
740 3376 1017 3440 Praeses
1066 3370 1152 3439 ab
1201 3376 1660 3461 Imperatore,
1720 3372 1996 3441 nomine
2045 3373 2400 3456 Maximus,
2453 3376 2576 3459 vir,
2628 3378 2749 3463 qui

217 3460 302 3530 ad
354 3474 719 3530 extremam
776 3471 1192 3549 processerat
1241 3460 1306 3527 in
1341 3459 1796 3529 daemonibus
1829 3459 2133 3531 colendis
2166 3466 2743 3553 superstitionem,

219 3563 286 3619 et
333 3549 535 3636 cujus
565 3546 939 3616 crudelitas
979 3548 1372 3635 jactabatur
1422 3546 1608 3636 vulgi
1660 3549 2066 3618 testimonio.
2121 3554 2210 3631 Is,
2263 3574 2419 3621 cum
2466 3555 2549 3623 ad
2584 3559 2748 3622 Tar·

218 3639 528 3709 sensium
564 3635 704 3670 *μ*
751 3637 1044 3705 venisset
1090 3637 1454 3715 civitatem,
1504 3636 1815 3724 protinus
1855 3637 1940 3706 ad
1974 3640 2539 3711 examinationem
2574 3642 2748 3712 sedit

219 3727 291 3795 in
348 3724 610 3794 excelso
659 3723 985 3793 tribunali
1017 3724 1388 3813 judicanS,
1445 3736 1562 3809 aut
1599 3739 1941 3794 certamen
1984 3729 2210 3813 potius
2297 3751 2499 3800 arans
2546 3730 2747 3822 longe

221 3813 744 3884 difficillimum.
776 3812 885 3880 Illi
920 3827 1146 3881 autem
1183 3812 1542 3882 assistebat
1574 3835 1823 3903 magna
1857 3814 2223 3884 multitudo
2279 3818 2589 3899 ictorum,
2627 3820 2748 3905 qui

219 3904 414 3972 illius
464 3902 748 3971 nutibus
809 3913 874 3968 et
928 3900 1234 3989 gestibus
1298 3922 1368 3970 se
1433 3917 1746 3991 prompte
1809 3905 2149 3992 parituros
2203 3926 2351 3974 esse
2402 3907 2748 3995 significa-

223 3993 410 4060 bant.
450 3996 612 4060 Cum
655 4011 817 4080 ergo
866 3989 950 4057 iis
987 3988 1107 4075 qui
1146 4003 1305 4059 tunc
1351 4003 1545 4058 erant
1582 3989 1878 4060 cultores
1927 3992 2368 4075 daemonum,
2423 4000 2748 4085 Martyres

280 4153 306 4178 ⁸¹
336 4149 520 4191 Scilicet
538 4148 844 4203 Claudiopolis,
861 4151 913 4190 in
931 4150 1111 4190 Isauria
1130 4150 1385 4200 (provincia
1401 4151 1452 4190 in
1472 4150 1578 4190 Asin
1596 4152 1810 4200 Minore).

281 4205 335 4231 *²⁸
348 4203 603 4296 ‘Provincia
634 4207 685 4244 tn
717 4202 827 4244 Asia
860 4202 1054 4249 Minore,
1091 4206 1229 4253 cujus
1268 4215 1362 4244 non
1396 4202 1562 4254 exigua
1594 4215 1703 4253 pars
1724 4215 1849 4244 nunc
1871 4206 2119 4246 constanti:
2138 4207 2388 4256 regionem,
2411 4218 2530 4258 quse
2550 4210 2754 4250 Anatolio

230 4267 346 4297 voca
371 4267 438 4296 ur.
1534 4265 1546 4280 ⁰

285 4310 362 4336 *¹⁸¹*
392 4311 702 4351 celeberrima
735 4312 782 4351 et
815 4305 1106 4361 perillustris
1145 4309 1256 4349 urbs
1278 4309 1412 4349 Asine
1432 4311 1642 4356 Minoris,
1661 4320 1693 4351 a
1712 4308 1864 4351 Plinio
1888 4313 2020 4352 Assae
2042 4315 2183 4353 lumen
2202 4321 2483 4365 nuncupata.
2502 4317 2571 4356 Ibi
2594 4318 2754 4356 Conci-

229 4360 350 4402 lium
388 4367 734 4405 oecumenicum
767 4365 825 4404 nd
866 4363 1055 4413 impiam
1087 4363 1291 4403 Nestorii
1326 4363 1556 4404 haeresim
1594 4365 2008 4411 condemnandam.
2046 4377 2167 4407 anno
2205 4369 2295 4415 431,
2331 4371 2616 4410 celebratum
2648 4371 2756 4412 fnit.

221 4420 269 4455 Α
285 4416 450 4455 'rui-cis
474 4421 612 4466 capta
631 4427 750 4458 anno
774 4420 890 4463 1283.
906 4418 1102 4456 vocatur
1122 4427 1247 4456 nunc
1265 4418 1518 4464 Mon-saule.

285 4467 395 4496 *Μ’*
423 4469 610 4509 ciliciae
629 4472 917 4520 metropolis,
937 4471 982 4511 s.
1007 4470 1143 4510 Pauli
1159 4470 1373 4519 Apostoli
1390 4472 1500 4510 ortu
1518 4467 1782 4513 clarissim·
1799 4480 2076 4524 semperque
2095 4477 2403 4518 memoranda.

392 4555 629 4611 surius
659 4584 680 4598 ·
723 4554 887 4615 Vitae
913 4557 1028 4617 SS.
1057 4585 1082 4598 ·
1113 4553 1242 4616 Vol.
1271 4553 1346 4614 X.
2520 4558 2597 4619 22
