3347 4999
741 359 869 425 548
1317 373 1396 419 nn
1445 372 1500 419 s.
1557 372 1754 420 amno
1799 372 1878 419 m:
1926 367 2296 418 Arcanum
2345 368 2528 418 conr.
2890 350 3072 417 OCT.
3139 354 3238 417 -19

654 461 738 532 ad
790 460 1103 530 omnium
1184 458 1408 526 tamen
1476 456 1682 546 pedes
1748 455 2047 525 mirabili
2114 454 2535 524 demissione
2606 467 3048 544 prosternens
3116 477 3234 524 se.

655 548 1037 621 Praecinxit
1083 545 1281 615 illum
1328 550 1506 615 Deus
1554 547 1828 626 virtute,
1865 558 1928 614 et
1964 544 2194 634 posuit
2236 543 2753 613 immaculatam
2792 542 2966 612 viam
3008 544 3233 631 ejus;

655 650 1078 741 paupertate,
1119 635 1483 724 religiosae
1517 634 1933 724 disciplinae
1967 634 2216 724 rigore,
2253 635 2406 701 rara
2439 632 2801 702 oculorum
2841 631 3229 713 modestia,

655 725 1044 798 incredibili
1099 724 1212 794 siti
1258 724 1696 793 cruciatuum
1750 746 2074 814 magnam
2115 723 2184 790 in
2237 721 2568 792 omnibus
2623 721 2939 791 excitavit
2986 721 3237 791 admi-

655 818 988 888 rationem
1043 814 1175 884 sui.

749 914 788 988 ἓ
837 911 920 978 4.
968 902 1355 974 solemnem
1410 901 1930 991 professionem,
1995 900 2260 990 expleto
2324 899 2623 969 tirocinii
2672 921 2897 979 anno,
2942 900 3218 981 emisit,

650 1008 719 1063 et
767 1014 915 1063 sese
961 991 1236 1060 elevans
1284 1013 1494 1081 supra
1544 1013 1638 1069 se,
1688 991 1992 1058 bumana
2042 989 2276 1058 omnia
2327 989 2818 1058 transcendens
2874 1004 2938 1061 et
2986 990 3213 1058 anbe-

658 1084 809 1152 lans
858 1081 942 1151 ad
993 1080 1339 1159 coelestia,'
1387 1080 1609 1149 oculis
1661 1092 1884 1147 tamen
1937 1078 2006 1146 in
2044 1093 2292 1148 terram
2347 1099 2619 1235 semper
2657 1078 2961 1167 dejectis,
3004 1079 3218 1166 igno·

656 1174 852 1241 rabat
900 1192 987 1239 an
1037 1170 1293 1239 chorus
1342 1168 1670 1238 ecclesiae
1715 1167 1950 1257 (quem
1998 1179 2326 1257 perpetuo
2375 1167 2489 1235 adi
2543 1166 2639 1256 at)
2671 1166 2931 1239 fornice
2978 1167 3220 1237 obdu-

655 1273 810 1331 ctus
847 1271 1047 1339 esset,
1102 1280 1187 1327 an
1240 1257 1591 1344 laqueari;
1644 1280 1731 1325 an
1774 1255 2026 1325 cellula
2061 1279 2188 1327 sua
2227 1278 2308 1324 ex
2343 1254 2715 1346 lapidibuS,
2762 1281 2848 1327 an
2883 1280 2964 1327 ex
2998 1257 3221 1346 lignis

655 1360 1041 1428 constaret3
1079 1360 1145 1416 et
1176 1348 1430 1416 exactis
1467 1348 1534 1414 in
1568 1344 1870 1432 quodam
1900 1346 2008 1414 sui
2044 1345 2326 1414 Ordinis
2351 1345 2679 1414 coenobio
2713 1349 2940 1417 tribus
2972 1347 3213 1425 anniS,

659 1439 901 1508 fratres
954 1458 1085 1505 non
1138 1459 1215 1505 ex
1265 1434 1484 1518 vultu,
1541 1435 1659 1503 sed
1710 1456 1791 1503 ex
1841 1433 1984 1503 solo
2035 1435 2215 1503 vocis
2266 1434 2720 1523 cognoscebat
2779 1436 3049 1504 auditu.
3109 1435 3218 1503 si-

663 1528 850 1596 lentii
916 1546 1191 1612 quoque
1246 1525 1471 1614 rigore
1536 1522 1846 1613 linguam
1906 1523 2279 1613 reprimere
2328 1523 2612 1591 studens
2661 1546 2781 1613 per
2831 1524 3218 1593 triennium

662 1616 1003 1704 quosdam
1060 1616 1124 1683 in
1177 1635 1293 1682 ore
1343 1612 1617 1702 lapillos
1666 1611 1912 1680 detulit
1946 1618 1976 1692 ‚'
2031 1624 2107 1681 ut
2164 1612 2260 1680 vel
2321 1611 2419 1679 sic
2481 1612 2808 1699 loquendi
2861 1612 3216 1703 pruritum

661 1708 1027 1775 coerceret.
1108 1701 1320 1771 Senili
1374 1701 1737 1791 prudentia
1779 1702 2208 1787 juventutem
2267 1723 2759 1791 supergressus
2798 1757 2812 1783 ‚
2880 1702 3219 1790 vigesimo

666 1795 908 1864 aetatis
956 1813 1164 1873 ann0,
1203 1803 1471 1881 praeter
1521 1791 1697 1859 sacri
1749 1789 2026 1859 Ordinis
2079 1811 2364 1869 morem,
2410 1803 2641 1859 custos
2673 1791 2986 1861 coenobii
3044 1795 3222 1859 San-

553 1940 559 1945 .
664 1897 813 1953 ctae
861 1882 1111 1950 Mariae
1161 1884 1253 1948 An
1307 1880 1574 1949 elorum
1626 1878 2075 1947 renunciatus
2139 1891 2281 1959 est;
2351 1878 2471 1946 ubi
2536 1891 2630 1948 tot
2699 1881 3214 1949 charismatum

665 1974 845 2041 dona
897 1970 1186 2039 coelitus
1239 1969 1337 2037 ili
1387 1968 1629 2037 collata
1683 1980 1886 2045 sunt,
1940 1981 2017 2036 ut
2064 1990 2138 2035 ex
2208 1989 2287 2035 eo
2327 1974 2469 2055 jam
2522 1979 2826 2057 tempore
2876 1967 3217 2058 prodigiis

662 2070 1087 2130 coruscaret.
1128 2063 1293 2127 Cum
1346 2058 1527 2126 enim
1581 2079 1851 2126 annona
1904 2056 2129 2124 omnis
2178 2056 2558 2135 defecisset,
2595 2080 2673 2126 ac
2702 2057 2949 2126 fratres
2975 2056 3214 2145 egredi

663 2149 747 2218 ad
805 2147 1168 2238 petendam
1220 2145 1724 2235 eleemosynam
1783 2146 2313 2235 prohiberentur
2345 2144 2684 2216 altissima
2734 2148 2886 2215 nive
2916 2167 3218 2213 conven-

665 2251 812 2307 tum
863 2235 1242 2314 obsidente,
1297 2236 1624 2321 conqueri
1678 2235 1761 2302 de
1813 2240 2002 2304 Petro
2052 2248 2446 2323 coeperunt,
2513 2236 2633 2321 qui
2691 2237 2891 2306 etiam
2946 2235 3216 2323 rigente

666 2327 892 2395 bieme
942 2324 1112 2414 ipsis
1159 2323 1458 2413 cogitare
1498 2323 1583 2391 de
1615 2324 1917 2392 crastino
1967 2325 2318 2403 vetuisset,
2373 2323 2712 2411 quidquid
2764 2345 3045 2392 mensae
3095 2344 3215 2392 su—

668 2427 936 2505 pererat
984 2412 1289 2501 quotidie
1337 2412 1405 2479 in
1462 2433 1799 2502 pauperes
1848 2412 2260 2481 distribuere
2304 2426 2702 2499 consuetus.
2757 2419 2833 2482 At
2858 2412 2999 2491 ille,
3029 2425 3212 2482 certo

666 2505 893 2575 sciens
940 2501 1385 2573 enutriendos
1431 2523 1580 2570 esse
1628 2502 1746 2588 qui
1776 2501 2036 2588 jactant
2082 2503 2453 2602 cogitatum
2507 2525 2712 2573 suum
2767 2504 2835 2570 in
2890 2502 3208 2583 Domino,

659 2593 874 2682 jussit
921 2591 1004 2661 ad
1055 2591 1307 2660 ostium
1364 2589 1689 2679 puerulos
1740 2612 2043 2681 pergere,
2083 2591 2228 2673 ubi,
2269 2613 2477 2678 super
2514 2613 2834 2660 acervum
2873 2591 3054 2659 nivis
3100 2613 3214 2680 po·
3251 2627 3254 2628 ⁷

668 2682 889 2753 stibus
938 2680 1354 2760 haerentem,
1395 2679 1822 2769 praegrande
1868 2680 2245 2748 canistrum
2291 2679 2610 2749 refertum
2666 2680 2968 2770 panibus
3022 2681 3214 2749 inve-

669 2781 942 2850 nerunt,
998 2783 1133 2838 tam
1187 2769 1582 2859 importuno
1631 2780 1956 2859 tempore,
2002 2780 2066 2837 et
2115 2768 2357 2838 itinere
2403 2769 2540 2837 alta
2575 2770 2727 2837 nive
2760 2769 3005 2850 obsim,
3043 2790 3214 2837 non-

672 2859 809 2929 nisi
856 2859 942 2927 ab
991 2857 1257 2949 angelis
1325 2879 1403 2926 eo
1460 2857 1805 2926 delatum:
1857 2879 2063 2944 quam
2114 2857 2387 2927 divinae
2439 2858 2905 2947 providentiae
2966 2879 3212 2926 curam

666 2948 825 3017 aliis
862 2970 1138 3035 quoque
1187 2947 1454 3017 vicibus
1502 2959 1604 3015 est
1649 2960 1992 3036 expertus.

758 3040 794 3124 ἓ
840 3040 927 3107 5.
1006 3036 1129 3105 Sed
1184 3035 1566 3105 mirabilior
1614 3048 1759 3104 erat
1822 3035 1994 3105 Petri
2047 3035 2182 3103 vita
2220 3089 2235 3115 ,
2288 3057 2465 3122 quae
2514 3049 2589 3105 ut
2638 3035 2783 3104 viva
2837 3034 2942 3104 lex
2990 3034 3216 3123 perse-

666 3126 916 3195 ctionis
957 3125 1277 3195 alumnos
1329 3125 1738 3214 provocabat
1786 3125 1867 3193 ad
1908 3125 2361 3192 sanctitatem.
2409 3129 2534 3192 Pro
2567 3125 2809 3211 quovis
2847 3125 3212 3212 praeconio

669 3213 1012 3284 sufficeret
1060 3214 1306 3283 referre
1353 3214 1495 3290 illa,
1541 3235 1719 3300 quae
1766 3213 1850 3281 de
1890 3213 2019 3281 hoc
2056 3214 2196 3281 viro
2238 3213 2673 3282 sanctissimo
2723 3213 2890 3282 dixit
2924 3213 3213 3283 sanctis·

674 3303 848 3373 sima
901 3303 1156 3392 pariter
1201 3303 1391 3392 virgo
1433 3304 1701 3371 Teresia
1753 3302 2269 3371 Carmelitarum
2324 3300 2866 3371 Reformatorum
2924 3324 3197 3392 parem,

670 3390 1007 3473 videlicet,
1064 3413 1147 3459 ne
1198 3404 1542 3460 momento
1576 3390 1854 3478 quidem
1908 3390 2039 3458 diei
2085 3413 2164 3458 ac
2213 3391 2432 3461 noctis
2483 3396 2751 3459 Petrum
2786 3391 2872 3459 ab
2906 3390 3212 3460 oratione

669 3500 1024 3563 cessasse3
1077 3491 1164 3560 et,
1221 3500 1303 3549 ne
1353 3502 1640 3550 somnus
1688 3480 1912 3548 oranti
1962 3479 2338 3568 obreperet,
2409 3480 2601 3549 flexis
2650 3481 2990 3570 genibuS,
3045 3501 3209 3550 cum

668 3569 883 3653 quieti
935 3581 1198 3637 tantum
1251 3568 1612 3659 indulgere
1650 3571 2045 3670 cogebatur,
2100 3568 2181 3637 ad
2240 3569 2408 3658 ligni
2460 3569 2756 3657 stipitem
2813 3568 3051 3657 parieti
3101 3568 3213 3637 in-

671 3657 884 3727 fixum
935 3671 1143 3746 caput
1191 3657 1600 3727 admoveret.
1656 3658 1856 3727 Illius
1904 3657 2098 3738 cella,
2141 3657 2377 3726 eadem
2413 3658 2681 3726 Teresia
2715 3671 2903 3737 teste,
2948 3657 3202 3747 pedum

666 3759 967 3835 quatuor
1013 3745 1513 3836 longitudinem
1566 3769 1726 3814 cum
1790 3746 2081 3815 dimidio
2131 3768 2265 3814 non
2302 3746 2701 3826 excedebat;
2740 3746 3041 3834 adeoque
3089 3745 3210 3814 de-

722 3858 906 3906 ressa
955 3847 1121 3916 erat,
1184 3848 1259 3904 ut
1305 3836 1497 3904 flexis
1546 3835 1840 3926 genibus
1887 3848 1952 3904 et
2000 3835 2230 3911 curvis
2279 3856 2551 3925 semper
2592 3837 2899 3904 humeris
2955 3837 3022 3903 in
3086 3834 3207 3903 illa

671 3859 952 3995 iiaerere
1000 3936 1376 4014 cogeretur.
1444 3930 1567 3993 Per
1615 3923 2076 4014 quadraginta
2125 3946 2465 3993 annorum
2520 3924 3204 4010 decursum-sesqui-

667 4013 910 4083 horam
963 4027 1225 4085 tantum
1267 4034 1508 4083 somno
1557 4014 1916 4082 concessit.
1951 4014 2316 4103 Jejunium
2369 4014 2622 4082 amavit
2655 4013 2824 4083 adeo
2857 4027 2931 4083 ut
2962 4012 3044 4082 ad
3085 4013 3202 4081 tri-

663 4103 887 4171 duum
940 4103 1309 4183 ordinarie,
1363 4115 1425 4171 et
1474 4102 1558 4171 ad
1594 4116 1745 4171 octo
1785 4102 2160 4190 aliquando
2209 4101 2354 4171 dies
2403 4102 2703 4172 inediam
2757 4100 3200 4192 protraxerit;

667 4192 1050 4281 asperrimo
1102 4204 1447 4280 praeterea
1497 4191 1724 4261 cilicio
1780 4203 2128 4272 armatus,
2195 4191 2469 4260 bractea
2515 4191 2731 4260 ferrea
2783 4213 2903 4280 per
2970 4189 3203 4280 viginti

672 4302 893 4350 annos
935 4282 1253 4369 praefixis
1293 4281 1552 4349 aculeis
1602 4298 1854 4371 corpus
1888 4280 2260 4360 dilanianS,
2303 4280 2407 4349 bis
2443 4281 2508 4348 in
2547 4280 2657 4348 die
2694 4279 2984 4380 flagellis
3037 4282 3097 4347 in
3135 4300 3206 4347 se

665 4368 1149 4438 crudelissime
1190 4370 1766 4450 animadvertens,
1839 4371 2104 4449 itinera,
2152 4369 2470 4455 quamvis
2539 4369 2946 4459 longissima
3006 4381 3206 4455 atque

668 4458 1074 4549 asperrima,
1115 4460 1337 4549 capite
1372 4481 1645 4549 semper
1678 4459 1963 4542 detectO,
2012 4458 2355 4546 nudisque
2403 4457 2694 4548 pedibus
2732 4481 2851 4548 per
2889 4469 3117 4527 aestus
3145 4470 3208 4528 et
