3347 4999
669 348 797 411 686
1201 364 1278 410 nx
1332 366 1387 411 s.
1441 364 1691 410 Anatim
1740 364 1929 411 nar.
1983 365 2058 411 nr
2106 363 2304 412 sociis
2352 364 2502 411 esus
2816 347 2990 412 (mr.
3048 348 3132 412 24

585 452 949 519 virtutem:
1005 471 1041 514 «
1072 452 1207 518 Cur
1253 459 1437 518 tanta
1487 469 1585 529 es,
1644 448 1890 535 inquit,
1946 447 2261 529 audacia,
2299 469 2340 518 o
2378 461 2587 537 caput
2632 449 3134 527 execrandum,

582 549 657 607 ut
707 539 774 607 in
829 550 1129 607 nostram
1179 535 1458 624 quidem
1513 538 1839 627 insurgas
1889 537 2286 627 potentiam,
2331 538 2447 608 toti
2479 551 2710 606 autem
2745 538 3027 618 civitati,
3067 551 3144 608 et

583 638 827 696 tantae·
857 625 1273 715 persuadeas
1320 625 1623 715 regioni,
1679 637 1755 693 ut
1804 639 1863 694 te
1910 625 2136 696 solum
2204 625 2433 695 colant
2490 640 2840 713 tamquam
2893 639 3138 716 tyran-

582 737 747 786 num
782 770 798 793 ,
849 728 914 784 et
961 714 1188 784 verbis
1236 714 1373 784 tuis
1420 726 1707 783 utantur
1757 727 2106 801 tamquam
2161 715 2473 804 legibus:
2530 731 2917 785 nostrarum
2973 738 3135 786 vero

581 803 812 905 legum
862 817 927 873 et
977 803 1337 873 verborum
1392 801 1653 871 nullam
1708 802 1964 872 ducant
2014 803 2370 884 rationem,
2409 815 2475 872 et
2504 804 2968 874 execrandum
3005 805 3135 874 bo-

581 914 833 963 mlnem
875 897 1085 962 Deum
1122 891 1492 982 appellent,
1527 892 1647 979 qui
1681 912 1837 960 cum
1877 891 2010 961 sibi
2045 891 2382 961 auxilium
2415 891 2591 961 ferre
2627 914 2760 963 non
2802 894 3127 982 potuerit,

580 1004 697 1051 vos
744 1002 901 1050 eum
958 979 1150 1050 vobis
1211 980 1630 1050 adhibuistis
1683 979 2113 1066 adjutorem:
2179 992 2244 1049 et
2298 1000 2421 1050 nec
2486 994 2679 1051 tuum
2745 993 3007 1071 patrem
3058 1004 3135 1050 es

579 1071 910 1149 imitatus,
964 1069 1087 1157 qui
1135 1081 1290 1139 ante
1340 1082 1400 1138 te
1430 1068 1792 1158 imperavit
1839 1073 2140 1171 Nagrae:
2199 1069 2280 1139 iis
2329 1083 2555 1140 autem
2598 1070 2880 1157 quinos
2934 1092 3136 1160 prae·

576 1172 953 1238 cesserunt,
1000 1158 1304 1248 Regibus
1348 1157 1479 1226 fuit
1508 1157 2174 1228 obedientissimus?
2222 1157 2352 1228 Sed
2389 1158 2520 1227 nisi
2559 1171 2889 1240 mutatus,
2934 1172 3002 1228 et
3035 1161 3122 1228 ad

579 1263 642 1317 te
690 1246 1009 1328 rediens,
1067 1246 1247 1315 hanc
1298 1267 1541 1316 vanam
1594 1244 1932 1335 repuleris
1978 1246 2371 1335 opinionem
2403 1301 2422 1327 ‚
2481 1268 2616 1316 non
2675 1261 2737 1318 te
2786 1248 3135 1338 profunda

578 1348 919 1416 senectus,
976 1356 1099 1405 nec
1148 1335 1519 1405 simulatus
1567 1334 1680 1404 hic
1729 1335 2005 1404 habitus
2033 1336 2426 1425 juvabunt:
2480 1335 2596 1406 sed
2651 1349 2725 1405 tu
2772 1350 2838 1406 et
2887 1359 3134 1407 omnes

581 1425 704 1505 tui,
757 1425 993 1493 eadem
1047 1424 1427 1515 patiemini,
1463 1446 1642 1511 quae
1690 1424 1815 1491 viri
1863 1437 1928 1492 et
1975 1423 2272 1493 feminae
2309 1424 2502 1513 prius
2538 1424 2915 1495 interfecti:
2951 1448 3130 1512 quos

579 1526 916 1600 quantum
970 1512 1228 1600 juverit
1288 1513 1539 1583 Mariae
1583 1526 1650 1582 et
1695 1510 1871 1581 fabri
1920 1511 2109 1583 filius
2144 1567 2159 1591 ,
2219 1533 2460 1582 omnes
2515 1514 2768 1583 sciunt.
2812 1538 2846 1580 »
2912 1519 3134 1584 Senex

580 1615 807 1671 autem
860 1614 1052 1671 stans
1117 1601 1670 1692 cogitabundus,
1722 1613 1788 1670 et
1847 1614 2079 1690 aperte
2123 1601 2493 1672 ostendens
2553 1624 2624 1670 se
2686 1624 2890 1692 aegre
2948 1603 3132 1672 serre

580 1691 976 1791 superbiam
1029 1690 1390 1760 verborum
1444 1691 1648 1780 Regis
1679 1744 1694 1770 ,
1759 1711 1916 1759 cum
1969 1711 2042 1759 se
2088 1691 2562 1771 sustinuisset,
2614 1703 2680 1760 et
2739 1691 3138 1780 collegisset

581 1779 928 1870 spiritum,
981 1793 1045 1849 et
1091 1800 1171 1848 ex
1221 1780 1361 1850 imo
1407 1780 1861 1869 suspirasset:
1917 1801 1952 1844 «
1995 1784 2126 1847 Nos
2163 1801 2281 1858 es,
2335 1779 2582 1865 inquit,
2622 1801 2662 1848 o
2712 1784 2872 1862 Rex,
2918 1803 3136 1850 causa

579 1889 815 1938 eorum
865 1889 1043 1955 quae
1089 1868 1421 1937 dicuntur
1466 1882 1585 1937 aut
1631 1867 1854 1937 fiunt:
1907 1867 2023 1936 sed
2078 1869 2291 1936 nostri
2343 1868 2519 1937 vives
2549 1869 2669 1956 qui
2706 1890 2928 1938 meam
2964 1890 3135 1939 con-

585 1971 1013 2047 tempserunt
1051 1957 1457 2027 sententiam
1508 1977 1686 2044 quae
1736 1956 1855 2025 tibi
1907 1977 2039 2024 non
2103 1956 2532 2045 permittebat
2584 1957 2849 2048 ingredi
2892 1959 3139 2026 civita·

586 2061 761 2115 tem:
815 2058 1053 2116 contra
1085 2059 1340 2126 autem,
1379 2046 1709 2115 adversus
1760 2058 1820 2114 te
1866 2040 2267 2134 depugnare
2300 2045 2650 2128 incitabat,
2690 2059 2754 2115 et
2791 2067 2951 2115 eum
2995 2048 3140 2117 tuis

585 2150 719 2203 tam
775 2133 1011 2204 multis
1065 2134 1377 2203 millibus
1430 2156 1680 2205 manus
1733 2154 2133 2213 conserere,
2192 2147 2266 2202 ut
2310 2156 2469 2204 cum
2529 2135 2919 2204 madianitis
2958 2135 3134 2203 olim

582 2222 849 2292 Gedeon
900 2243 1060 2292 cum
1099 2224 1362 2312 paucis,
1399 2235 1487 2302 et,
1527 2223 1816 2295 Christo,
1853 2222 1974 2310 qui
2020 2244 2203 2291 nunc
2241 2244 2276 2290 a
2322 2236 2384 2290 te
2417 2223 2907 2301 contemnitur,
2950 2224 3138 2293 viroe

582 2310 875 2381 addente
919 2324 984 2380 et
1030 2310 1506 2391 confirmante,
1560 2324 1625 2380 te
1668 2332 2065 2401 expugnare
2095 2366 2110 2391 ,
2161 2323 2227 2381 et
2273 2311 2653 2391 demetere,
2709 2325 2773 2381 et
2834 2315 3134 2381 omnino

581 2399 829 2477 delere,
869 2401 1091 2468 virum
1138 2399 1431 2488 impium
1483 2412 1547 2468 et
1595 2399 2109 2489 foedril'ragum,
2148 2412 2214 2468 et
2254 2401 2724 2470 immemorem
2763 2413 3132 2486 pactorum

581 2502 1096 2568 conventorum,
1127 2488 1383 2575 quibus
1419 2502 1477 2557 te
1507 2488 1845 2558 civitatem
1880 2502 1945 2558 et
1979 2511 2099 2559 nos
2135 2504 2560 2558 servaturum
2608 2488 3134 2575 pollicebaris.»

669 2580 706 2665 ἓ
759 2580 889 2649 ΙΟ.
943 2576 1234 2660 Quidam
1277 2589 1504 2647 autem
1554 2598 1633 2646 ex
1665 2578 1751 2646 iis
1796 2579 1916 2665 qui
1966 2599 2123 2646 cum
2169 2582 2348 2666 Rege
2379 2579 2853 2653 considebant,
2894 2578 3138 2648 volens

584 2667 937 2825 ingeniose
985 2666 1212 2735 Sancti
1264 2666 1466 2735 verba
1517 2666 2034 2754 reprehendere,
2090 2680 2156 2735 et
2203 2669 2490 2756 tempori
2541 2666 2735 2736 valde
2774 2669 3124 2737 serviens:

584 2779 619 2821 «
704 2755 783 2824 ed
830 2777 991 2835 non,
1048 2754 1306 2842 inquit.
1361 2756 1461 2824 sic
1510 2777 1629 2825 vos
1676 2754 1872 2824 docet
1922 2755 2023 2823 lex
2076 2755 2326 2844 Moysi,
2379 2755 2796 2825 contumelia
2855 2756 3134 2827 afficere

581 2844 922 2914 Christum
977 2843 1269 2912 Domini.
1327 2844 1499 2913 Dicit
1543 2844 1727 2913 enim
1764 2866 1777 2912 :
1833 2845 2136 2934 Principi
2175 2846 2416 2934 populi
2450 2847 2556 2914 tui
2596 2868 2726 2914 non
2764 2847 3131 2915 maledices

578 2933 825 3022 (Eoeod.
865 2932 1049 3021 xxti).
1084 2937 1289 3002 Porro
1320 2944 1546 3002 autem
1591 2933 1740 3022 ipsa
1788 2953 2061 3019 quoque.
2094 2933 2345 3022 scripta
2398 2946 2613 3002 vestra
2667 2933 2857 3003 vobis
2875 2934 3136 3024 jubent

582 3026 832 3112 Regem
886 3021 1243 3099 bonorare,
1297 3042 1419 3090 seu
1466 3021 1556 3090 sit
1604 3021 1850 3099 bonus,
1905 3042 2024 3089 seu
2076 3042 2295 3091 secuS.
2336 3045 2369 3087 »
2405 3022 2525 3090 Cui
2574 3027 2915 3091 Sanctus:
2971 3028 3128 3091 «Tu

580 3126 834 3190 autem,
882 3110 1151 3197 inquit,
1196 3111 1480 3185 fortasse
1529 3130 1661 3179 non
1715 3110 1993 3181 audisti.
2040 3109 2219 3197 quod
2272 3110 2359 3178 ab
2419 3110 2648 3179 Achab
2693 3110 2958 3179 dictum
3021 3125 3124 3182 est

581 3197 788 3278 Eliae‚
827 3220 986 3268 cum
1023 3198 1194 3268 dixit
1247 3219 1403 3268 eum
1463 3210 1761 3268 evertere
1808 3197 2042 3267 lsrael.
2093 3199 2208 3267 Cui
2250 3198 2362 3267 ille
2411 3200 2508 3266 sic
2552 3199 2942 3288 respondit:
2985 3205 3134 3269 Non

582 3310 703 3377 eqo
735 3298 977 3368 everte,
1031 3289 1147 3356 sed
1178 3298 1273 3365 lu,
1327 3298 1389 3356 ec
1438 3288 1669 3357 domnos
1705 3289 1926 3378 patris
1958 3289 2063 3355 tui
2092 3287 2185 3377 (3.
2231 3292 2386 3379 Heq.
2439 3287 2666 3376 xv111):
2722 3309 2855 3357 non
2909 3310 3130 3376 usque

581 3376 666 3444 ad
717 3375 946 3445 Achab
995 3376 1217 3444 solum
1270 3376 1519 3446 sistens
1565 3375 2081 3455 contumeliam,
2122 3375 2235 3445 sed
2274 3399 2390 3445 eos
2428 3378 2630 3445 etia-m
2676 3377 3128 3467 comprehen-

580 3463 752 3533 dens
798 3465 917 3551 qui
965 3476 1161 3534 erant
1197 3465 1261 3532 in
1300 3486 1376 3532 ea
1425 3464 1653 3533 domo.
1709 3463 2061 3547 Quomodo
2101 3486 2264 3555 ergo
2303 3486 2374 3533 se
2411 3466 2757 3555 quispiam
2802 3467 2871 3534 in
2915 3471 3118 3535 Deum

583 3553 693 3643 pie
740 3574 1030 3643 gerenS,
1084 3566 1150 3621 et
1200 3558 1446 3643 Regem
1500 3574 1799 3644 arguens
1830 3608 1845 3631 ,
1906 3552 2089 3639 quod
2148 3574 2220 3622 se
2269 3554 2502 3641 inique
2543 3565 2756 3643 gerat,
2811 3575 3126 3641 unquam

579 3642 937 3712 offenderit
984 3662 1063 3711 ac
1114 3641 1464 3710 violaverit
1513 3641 1756 3731 legem,
1812 3642 1932 3729 qui
1986 3663 2118 3711 non
2169 3654 2269 3713 est
2319 3643 2572 3712 veritus
2610 3665 2687 3711 os
2737 3644 2804 3711 in
2857 3642 3124 3713 coelum

579 3753 833 3821 ponere
867 3786 882 3811 ‚
934 3745 999 3800 et
1045 3743 1415 3799 creatorem
1488 3742 1808 3820 appetere
1867 3730 2299 3800 maledictis?
2346 3730 2498 3811 Sed,
2553 3744 2627 3800 ut
2678 3730 2921 3815 video,
2975 3733 3130 3819 ejus

580 3821 976 3910 patientiam
1027 3833 1094 3888 et
1142 3818 1566 3889 tolerantiam
1618 3818 2082 3899 contemnitis,
2134 3832 2199 3887 et
2250 3841 2372 3888 nos
2406 3818 2626 3889 facere
2675 3819 2932 3889 similia
2971 3840 3122 3910 pro-

576 3910 858 3979 curatis.
913 3913 1013 3977 Tu
1059 3920 1313 3988 autem,
1357 3912 1515 3986 Rex,
1569 3930 1729 3979 eum
1782 3909 1877 3977 sis
1929 3911 2173 3977 natura
2224 3920 2357 3976 tam
2430 3908 2777 3996 injustus,
2832 3921 2899 3978 et
2950 3906 3126 3976 male

578 3997 798 4068 facere
849 3996 1352 4087 paratissimus,
1405 4010 1470 4066 et
1522 4018 1643 4065 nec
1693 4009 1971 4066 sanctus
2021 3997 2089 4066 in
2141 3996 2227 4066 iis
2277 4017 2454 4083 quae
2505 3997 2587 4065 ad
2651 4002 2861 4066 Deum
2918 3996 3130 4086 perti·-

577 4100 766 4166 nent,
820 4108 944 4156 nec
996 4088 1060 4155 in
1122 4086 1437 4155 homines
1475 4085 1843 4175 benignus,
1889 4097 2090 4173 putas
2125 4085 2289 4161 fore,
2336 4098 2412 4154 ut
2461 4085 2656 4154 illum
2699 4085 2909 4155 lateas
2963 4106 3131 4154 ocu—

578 4172 770 4255 lum,
823 4196 1025 4262 quem
1093 4174 1262 4244 nihil
1335 4173 1542 4243 latet?
1588 4174 1782 4261 Atqui
1842 4179 2093 4264 Regem
2154 4195 2302 4244 esse
2373 4186 2639 4263 oportet
2701 4195 3010 4244 veracem
3063 4187 3132 4244 et

577 4263 984 4353 benignum,
1047 4275 1122 4333 ut
1176 4263 1400 4334 verbis
1447 4264 1743 4333 attrahat
1793 4262 2331 4331 benevolentiam
2382 4284 2618 4331 eorum
2669 4264 2791 4350 qui
2841 4275 3006 4331 sunt
3057 4264 3127 4331 in

577 4373 706 4420 sua
753 4351 1052 4423 ditione:
1107 4373 1334 4421 rerum
1387 4364 1613 4422 autem
1665 4351 1804 4421 fine
1849 4364 1915 4421 et
1970 4364 2217 4422 eventu
2264 4350 2468 4421 fidem
2520 4351 2741 4421 facere
2789 4352 3123 4432 veritatis,

575 4452 641 4510 et
670 4440 855 4528 quod
892 4461 964 4511 se
994 4439 1225 4509 divine
1257 4453 1471 4530 gerat,
1524 4439 1816 4531 gloriam
1867 4440 2156 4511 habere:
2210 4440 2450 4528 quales
2480 4461 2607 4532 ego
2643 4440 2783 4511 vidi
2815 4441 2886 4510 in
2922 4439 3133 4511 India
