3347 4999
213 404 388 470 OCT.
445 405 486 468 8
1182 469 1187 476 ,
2563 401 2693 466 243

1366 610 1618 688 VITA

290 826 371 924 s,
443 818 878 923 osrrfliss
947 805 1143 932 (vu
1214 761 1760 933 osanam)
1837 818 2108 919 vino.
2187 818 2304 917 ET
2375 819 2689 922 MART.

616 1062 808 1111 emus
854 1060 1100 1109 Αυετοιι
1146 1060 1365 1108 Notum
1411 1060 1540 1109 non
1588 1059 1794 1108 maur
1840 1061 1907 1108 m
1954 1061 2057 1108 ns.
2123 1059 2370 1117 comen,

424 1172 537 1218 san
585 1172 697 1217 nsr
745 1169 953 1215 uum
1002 1168 1146 1215 mna
1194 1168 1425 1231 niGNA3
1492 1168 1780 1225 Pomona
1828 1169 1980 1216 Essa
2027 1168 2178 1216 Esus
2225 1168 2562 1227 amonim,

659 1276 833 1333 QUAM
882 1273 1157 1322 scmrsn·
1204 1274 1550 1323 ALanmcus
1600 1274 1847 1323 vannus
1895 1273 2250 1323 REGULAms
2299 1253 2333 1288 ²*

864 1454 1003 1511 Sub
1044 1455 1160 1515 fin.
1212 1470 1344 1514 seo.
1379 1456 1514 1511 VII
1553 1486 1627 1495 —
1668 1456 1827 1511 Nat.
1860 1457 2106 1524 Angla.

302 1658 338 1743 ξ
386 1663 463 1729 1.
518 1661 715 1725 Beata
765 1656 1023 1737 Ositha,
1063 1656 1256 1744 virgo
1294 1667 1359 1724 et
1408 1669 1691 1743 martyr,
1745 1677 1826 1724 cx
1876 1655 2332 1726 nobilissimis
2383 1655 2762 1746 Anglorum

216 1745 568 1815 natalibus
618 1747 953 1836 originem
1008 1745 1226 1813 duxit.
1289 1750 1443 1813 Erat
1502 1746 1685 1812 enirn
1759 1743 1903 1812 filia
1967 1743 2396 1814 Frithewaldi
2449 1745 2655 1835 Regis
2703 1756 2770 1814 et

216 1835 719 1924 Wilteburgae,
772 1833 954 1903 filiae
1014 1834 1219 1922 Regis
1261 1832 1526 1902 Pendae
1556 1832 1627 1868 μ
1677 1834 2109 1902 Merciorum.
2166 1832 2487 1903 Traditur
2533 1844 2765 1902 autem

218 1926 410 2013 virgo
461 1923 695 1992 Ositha
747 1923 946 1992 bonis
994 1921 1432 2022 informanda
1471 1921 1780 1991 moribus
1831 1934 2105 1991 sanctae
2158 1923 2594 1992 Modwennae
2639 1923 2769 1990 Ab·

216 2014 541 2091 batissae,
581 2033 755 2097 quae
788 2012 980 2098 juxta
1037 2011 1277 2080 silvam
1321 2033 1497 2098 quae
1546 2011 1844 2080 Arderna
1897 2010 2194 2091 dicitur,
2250 2012 2388 2079 duo
2452 2022 2767 2081 constru-

216 2114 408 2172 xerat
451 2101 902 2168 monasteria:
957 2122 1174 2170 unum
1229 2101 1296 2168 in
1352 2100 1522 2179 loc0‚
1562 2102 1682 2186 qui
1729 2099 2179 2169 Pollesworch
2228 2100 2523 2180 dicitur;
2577 2097 2770 2169 aliud

217 2193 287 2261 in
345 2189 726 2269 mansione,
763 2211 938 2275 quae
988 2188 1366 2259 Streveshal
1428 2204 1897 2278 nuncupatur.
1952 2193 2212 2257 Horum
2283 2189 2575 2258 alterum
2635 2187 2770 2257 sibi

214 2278 422 2370 elegit
469 2278 898 2347 orationibus
969 2279 1267 2358 intenta,
1340 2277 1685 2364 reliquum
1756 2279 2095 2347 concessit
2153 2278 2388 2346 beatae
2436 2277 2766 2359 Edithae‚

217 2366 436 2438 sorori
474 2366 679 2456 Regis
718 2366 977 2446 Alfi-idi,
1034 2367 1122 2435 ob
1158 2367 1541 2436 sanctitatis
1591 2367 1914 2436 meritum
1952 2367 2084 2436 sibi
2118 2366 2551 2435 familiariter
2597 2365 2772 2435 dile-

215 2471 388 2535 ctae,
441 2477 617 2543 quae
667 2456 733 2524 in
770 2455 1300 2547 congregatione
1334 2468 1730 2526 sanctarum
1784 2456 1886 2524 vir
1941 2456 2133 2525 inum
2172 2469 2390 2526 mater
2437 2469 2501 2526 et
2534 2470 2770 2525 custos

216 2548 451 2615 effecta
502 2558 623 2615 est.
692 2547 866 2616 Huic
916 2545 1326 2631 aliquandiu
1375 2546 1689 2614 adhaesit
1759 2545 1889 2614 ado
1920 2545 2273 2615 escentula
2342 2545 2455 2615 Dei
2515 2544 2773 2614 ancilla

218 2635 475 2712 Ositha‚
531 2657 567 2703 a
618 2648 850 2703 sancta
919 2635 1314 2703 Modwenna
1362 2635 1721 2703 Abbatissa
1770 2635 1827 2703 ei
1880 2634 2387 2704 commendata.
2433 2639 2599 2703 Cum
2644 2634 2772 2702 ita-

216 2746 351 2811 que
400 2723 687 2792 hiberno
724 2737 1027 2812 tempore
1074 2724 1523 2813 contingeret,
1572 2726 1840 2793 beatam
1892 2724 2208 2792 Editham
2261 2722 2628 2812 cujusdam
2658 2742 2771 2791 co-

217 2812 392 2881 dicis
441 2812 850 2901 inspectioni
905 2834 1185 2891 vacare,
1240 2813 1923 2882 constituit.sanctae
1973 2813 2411 2882 Modwennae
2457 2832 2771 2881 commu-

216 2903 446 2970 nicare
493 2924 573 2970 ea
632 2922 808 2988 quae
860 2900 1105 3002 legenti
1159 2900 1354 2970 utilia
1396 2902 1462 2969 in
1516 2924 1595 2970 eo
1643 2902 2046 2971 adverterat.
2103 2906 2339 2987 Itaque
2401 2900 2614 2970 accita
2680 2897 2764 2967 ad,

215 3013 285 3061 se
332 2990 591 3069 Ositha‚
633 3014 667 3055 «
700 2990 897 3058 Vade.
936 2990 1182 3075 inquit,
1215 3003 1280 3058 et
1328 2991 1517 3059 defer
1568 2991 1886 3059 volumen
1942 2989 2121 3058 istud
2174 2988 2259 3058 ad
2311 2988 2668 3058 dominam
2703 3004 2770 3056 et

218 3092 502 3149 matrem
558 3092 858 3148 nostram
915 3078 1427 3161 Modwennam‚
1483 3080 1551 3147 in
1603 3102 1682 3149 eo
1731 3079 2042 3149 fortassis
2108 3077 2425 3147 nonnihil
2497 3089 2773 3148 sanctae

214 3183 478 3238 contem
539 3167 813 3238 lationis
862 3182 927 3238 et
975 3167 1476 3238 aedificationis
1527 3183 2043 3259 reperturam.»
2093 3171 2206 3247 Ea,
2248 3178 2530 3256 accepto
2564 3166 2765 3246 libro,

213 3279 373 3327 cum
428 3280 462 3324 a
564 3257 933 3342 quemdam
982 3269 1254 3346 pontem
1320 3257 1629 3348 ligneum
1686 3256 2141 3345 pervenisset,
2189 3257 2253 3325 vi
2305 3268 2662 3326 ventorum
2700 3255 2772 3322 in

216 3346 448 3437 pontis
483 3344 755 3435 fastigio
792 3346 1115 3435 impulsa,
1170 3345 1494 3417 deorsum
1547 3347 1613 3414 in
1653 3346 1912 3414 flumen
1964 3366 2294 3436 praeceps
2342 3345 2625 3426 corruit,
2673 3355 2772 3413 at-

214 3457 349 3523 que
389 3434 540 3523 ejus
595 3435 854 3523 impetu
906 3450 1122 3525 rapta,
1179 3435 1246 3504 in
1299 3447 1646 3504 momento
1683 3434 2008 3522 absorpta
2040 3445 2165 3503 est.

303 3526 340 3611 ξ
392 3530 479 3593 2.
526 3524 794 3613 Elapsis
827 3536 1054 3593 autem
1092 3525 1312 3593 tribus
1360 3523 1630 3602 diebu5‚
1670 3522 1972 3613 Angelus
2008 3522 2283 3592 Domini
2332 3521 2773 3591 Modwennae

217 3614 285 3682 in
331 3612 502 3681 cella
552 3614 772 3681 oranti
830 3635 1198 3702 apparens,
1254 3612 1455 3681 dixit:
1520 3635 1554 3677 «
1588 3612 1768 3681 Vade
1815 3634 1973 3681 cum
2027 3611 2460 3681 festinatione
2509 3610 2594 3680 ad
2636 3611 2773 3679 ssu-

217 3702 432 3780 vium,
491 3701 753 3788 aliquid
792 3703 888 3771 ibi
926 3701 1387 3772 necessarium
1435 3712 1932 3801 perpetratura.
1968 3724 2004 3767 »
2056 3706 2145 3770 Ea
2177 3701 2298 3770 ubi
2341 3699 2649 3789 pervenit
2682 3697 2770 3768 ad

218 3791 536 3869 fluvium,
580 3790 839 3859 invenit
888 3792 982 3860 ibi
1034 3790 1346 3860 Editham
1392 3791 1728 3879 virginem
1764 3846 1780 3871 ‚
1829 3789 2129 3879 puellam
2180 3789 2489 3860 Ositham
2557 3809 2773 3876 quae-

217 3878 561 3960 ritantem;
599 3901 889 3965 eamque
939 3880 1120 3950 velut
1171 3892 1641 3970 pavescentem
1712 3879 2294 3960 animadvertens,
2349 3877 2587 3960 «Quid
2639 3889 2764 3957 est,

216 3971 459 4059 inquit,
517 3954 754 4038 soror‘?
802 3974 1093 4038 Rectene
1142 3981 1304 4037 sunt
1339 3969 1619 4036 omnia?
1657 3992 1693 4035 »
1743 3968 1869 4037 Illa
1911 3966 2300 4056 respondit:
2357 3989 2393 4033 «
2424 3973 2579 4036 Jam
2633 3979 2771 4036 tres

216 4057 363 4125 dies
411 4070 596 4139 sunt,
649 4057 955 4136 domina,
987 4057 1167 4143 quod
1206 4058 1555 4127 transmisi
1591 4058 1897 4127 Ositham
1952 4056 2034 4125 ad
2088 4069 2172 4136 te,
2233 4056 2569 4143 venioque
2613 4077 2771 4145 per—

217 4146 511 4231 quirere,
565 4146 730 4234 quid
784 4167 1035 4217 causae
1068 4147 1157 4217 sit
1189 4145 1371 4232 quod
1423 4146 1504 4214 ad
1546 4169 1653 4216 me
1691 4169 1824 4216 non
1891 4146 2273 4215 revertitur.
2310 4149 2425 4215 Est
2467 4168 2549 4214 ne
2580 4141 2769 4235 apud

221 4237 334 4304 te?
365 4258 401 4301 »
453 4237 850 4305 Modwenna
886 4235 1011 4305 ait:
1067 4258 1102 4301 «
1138 4240 1393 4304 Revera
1444 4256 1579 4305 non
1619 4236 1761 4305 vidi
1800 4256 1978 4315 eam,
2026 4256 2148 4304 nec
2200 4234 2381 4303 venit
2426 4234 2509 4303 ad
2567 4255 2696 4302 me.
2733 4254 2771 4297 »

283 4432 309 4457 ²*
338 4431 531 4479 melus,
550 4431 811 4474 eanonicus
831 4434 1079 4483 Regum-is
1100 4434 1144 4473 Β.
1165 4434 1431 4482 Augustini.
1448 4433 1607 4473 floruit
1627 4433 1781 4475 memo
1799 4432 1963 4472 seculo
1981 4441 2083 4472 xm·

220 4484 543 4591 ⁴¹:93⁰?stoe
574 4484 716 4537 impio
744 4489 1029 4529 Met-ciorum
1057 4490 1183 4538 Rege
1216 4488 1383 4527 diffuse
1417 4485 1631 4536 loquitur
1663 4487 1890 4527 venerab.
1914 4486 2040 4526 Beda
2059 4487 2108 4526 in
2128 4496 2215 4526 flua
2232 4487 2438 4527 Historia
2460 4485 2614 4525 Ecclee.
2637 4484 2778 4533 ,σωθῇς
