3347 4999
176 337 348 403 OCT.
401 337 484 400 24
682 307 685 316 ¹
798 353 875 400 nc
926 354 982 399 s.
1034 352 1282 399 anama
1332 354 1519 400 mar.
1574 354 1649 398 ar
1699 351 1896 400 sociis
1945 352 2093 400 caus
2495 335 2610 399 68⁴

174 462 291 510 vos
323 494 340 520 ‚
386 439 725 526 jactantes
774 460 848 507 se
908 437 1296 507 Nestorium
1364 437 1614 507 habere
1665 460 1772 506 ma
1831 437 2071 507 istrum
2122 437 2191 518 *‚
2250 438 2381 527 ipsi
2436 458 2715 524 quoque

176 549 420 598 rursus
467 526 731 608 dicunt,
786 549 858 596 se
907 548 1043 595 non
1094 537 1170 595 ut
1219 531 1456 607 Deum,
1502 525 1617 594 sed
1671 539 1749 595 ut
1836 526 2133 595 ominem
2186 540 2251 595 et
2299 528 2704 615 Prophetam

173 616 519 705 quendam
570 628 881 705 oportere
930 614 1273 684 Christum
1324 614 1684 684 honorare.
1725 618 1914 696 Quae
1950 614 2080 683 nisi
2124 636 2279 684 vera
2308 627 2556 695 essent,
2591 636 2714 685 nec

171 727 296 797 ego
342 706 427 774 ad
483 716 738 774 tantam
793 704 1277 793 processissem
1328 705 1699 783 insaniam,
1753 717 1829 773 ut
1862 703 2009 790 ipse
2060 725 2380 792 negarem
2412 703 2478 771 in
2519 704 2711 773 Chri-

170 811 356 865 stum
407 792 641 874 fidem,
698 807 764 863 et
823 815 940 862 vos
996 792 1078 861 ad
1131 792 1430 862 similem
1485 814 1796 862 vocarem
1841 792 2300 882 negationem.
2359 792 2717 875 Quomodo

170 884 385 963 enim,
417 883 536 969 qui
587 882 803 971 legem
855 880 1135 969 quidem
1182 894 1373 950 teneo
1420 903 1501 950 ac
1552 894 1765 962 tueor,
1795 894 1861 950 et
1893 881 2147 971 patrios
2183 904 2406 951 mores
2432 903 2511 949 ac
2546 881 2717 952 ritus

169 972 368 1042 valde
427 970 807 1061 amplector
843 1025 858 1052 ,
923 968 1181 1056 repello
1245 983 1473 1039 autem
1550 969 1883 1058 quicquid
1935 969 2141 1039 suerit
2191 971 2394 1040 novi:
2445 982 2511 1038 et
2558 968 2714 1039 ideo

167 1061 404 1132 lesum
454 1081 733 1148 quoque
795 1058 953 1129 odio
1001 1058 1242 1139 habeo,
1297 1059 1676 1140 hominem,
1739 1059 1861 1145 qui
1923 1058 2347 1128 divinitatem
2401 1057 2534 1128 sibi
2583 1059 2714 1126 im-

176 1149 518 1240 pudenter
564 1148 920 1218 attribuit?
969 1153 1196 1233 Neque
1242 1148 1424 1216 enim
1480 1148 1617 1217 Soli
1663 1160 1731 1217 et
1773 1152 2026 1228 Lunae,
2068 1169 2288 1234 neque.
2319 1146 2476 1217 aliis
2513 1147 2716 1218 rebus

169 1238 446 1314 creatis,
504 1257 723 1325 neque
770 1237 905 1306 diis
954 1238 1261 1325 gentium
1316 1259 1479 1326 rogo
1526 1257 1643 1306 vos
1702 1236 1966 1306 cultum
2021 1236 2318 1307 tribuere
2348 1236 2581 1325 (absit,
2636 1249 2713 1306 ut

171 1330 302 1398 sim
356 1326 527 1396 adeo
574 1339 837 1395 emotae
886 1324 1185 1414 mentis),
1242 1326 1358 1395 sed
1412 1330 1541 1394 Deo
1590 1324 1741 1405 soli,
1785 1326 1906 1411 qui
1945 1326 2178 1396 omnia
2230 1326 2594 1412 producit,
2647 1338 2713 1394 et

166 1429 273 1487 est
324 1428 515 1505 pater
562 1437 789 1484 rerum
835 1429 1355 1502 generatarum:
1393 1416 1513 1500 qui
1560 1437 1720 1484 cum
1772 1415 1860 1483 sit
1904 1414 2337 1504 impatibilis,
2375 1428 2440 1484 et
2471 1435 2714 1505 expers

173 1504 524 1584 materiae,
578 1525 904 1593 generare
955 1504 1168 1573 nescit
1218 1502 1609 1592 patibiliter.
1657 1525 1695 1570 »
2433 1520 2442 1533 ·

266 1598 302 1680 ξ
350 1598 446 1663 9.
501 1594 621 1662 Cui
671 1614 1044 1681 generosus
1093 1592 1336 1660 Aretha
1382 1614 1543 1661 cum
1594 1592 1838 1661 sociis:
1894 1617 1930 1659 «
1961 1597 2095 1662 Cur
2133 1593 2299 1662 baec
2347 1592 2619 1671 dixisti,
2673 1613 2714 1660 o

168 1685 362 1752 Rex?
410 1687 639 1769 Neque
686 1703 810 1752 nos
858 1681 1416 1750 dicimus·Deum
1470 1681 1534 1769 gi
1594 1703 1751 1750 nere
1811 1680 2214 1771 patibiliter,
2269 1681 2386 1751 sed
2440 1680 2712 1771 impati-

169 1770 426 1850 biliter,
478 1785 554 1839 ut
587 1792 779 1839 mens
814 1791 1195 1839 sermonem
1236 1770 1480 1860 gignit.
1522 1704 1726 1839 Illum
1763 1784 1990 1839 autem
2033 1770 2412 1840 asserimus
2443 1784 2712 1840 nostrae

169 1872 463 1929 naturae
513 1873 772 1928 motum
826 1857 1322 1938 misericordia,
1376 1859 1651 1928 misisse
1703 1859 1973 1937 Filium,
2027 1858 2113 1928 ad
2164 1859 2553 1939 hominum,
2601 1859 2711 1926 in·-

163 1968 409 2035 quam,
467 1947 876 2017 beneficium
907 2002 921 2026 ,
976 1946 1145 2017 adeo
1197 1960 1271 2015 ut
1316 1961 1380 2016 et
1433 1969 1710 2016 carnem
1762 1949 2102 2038 acceperit
2148 1970 2227 2017 ex
2296 1946 2530 2037 puella
2579 1948 2714 2016 vir-

162 2038 355 2127 gine,
414 2048 479 2105 et
532 2058 649 2126 per
695 2037 925 2106 omnia
989 2036 1187 2106 nobis
1236 2034 1486 2105 similis
1525 2035 1747 2105 sactus
1809 2036 1896 2105 sit
1943 2036 2204 2122 absque
2253 2050 2529 2126 peccato
2560 2090 2579 2116 ‚
2646 2049 2710 2105 et

159 2124 408 2195 omnia
458 2124 862 2214 impleverit,
908 2146 1084 2213 quae
1141 2124 1226 2193 de
1296 2124 1444 2213 ipso
1504 2146 1543 2192 a
1597 2124 1946 2226 Prophetis
1998 2125 2234 2194 multis
2296 2139 2452 2194 ante
2501 2125 2709 2194 annis

161 2213 354 2283 dicta
409 2226 612 2282 sunt:
656 2236 833 2299 quae
869 2213 1147 2301 quidem
1201 2226 1275 2282 tu
1321 2234 1595 2299 quoque
1645 2236 1803 2294 scis,
1855 2214 1976 2300 qui
2026 2212 2249 2304 legisti
2300 2213 2574 2282 illorum
2630 2214 2712 2282 li-

161 2304 353 2372 bros,
413 2302 542 2385 Qui
591 2303 794 2370 etiam
842 2324 1044 2392 saepe
1095 2324 1214 2391 per
1275 2302 1610 2371 miracula
1670 2324 1847 2389 quae
1880 2314 2044 2372 sunt
2082 2326 2294 2393 supra
2330 2302 2704 2383 hominem,

158 2393 396 2480 ipsam
430 2390 729 2460 ostendit
775 2391 1240 2468 divinitatem;
1285 2404 1349 2460 et
1389 2413 1462 2459 se
1496 2392 1886 2482 suscepisse
1931 2414 2239 2472 carnem,
2285 2413 2420 2460 non
2453 2405 2556 2460 est
2602 2393 2708 2460 in-

157 2481 470 2550 ficiatus.
526 2480 700 2564 Quid
752 2503 925 2565 opus
973 2493 1075 2550 est
1127 2479 1489 2571 pluribus?
1525 2485 1657 2551 Nos
1705 2503 1861 2550 eum
1915 2495 1980 2551 et
2041 2486 2278 2563 Deum,
2331 2493 2396 2551 et
2445 2481 2556 2551 Dei
2608 2480 2710 2550 Fi-

158 2572 339 2640 lium
394 2570 832 2648 confitemur,
886 2580 949 2638 et
995 2592 1114 2660 pro
1164 2570 1486 2639 universa
1536 2570 2035 2660 respondemus
2083 2571 2376 2651 civitate,
2442 2582 2508 2639 et
2554 2569 2712 2640 aliis

158 2658 579 2730 Christianis
624 2658 747 2745 qui
798 2672 961 2728 sunt
1000 2659 1197 2728 nobis
1236 2658 1575 2748 subjecti:
1622 2681 1842 2746 neque
1879 2674 1976 2730 est
2027 2659 2247 2729 ullum
2299 2681 2520 2748 genus
2580 2672 2712 2726 tor·

160 2747 409 2825 menti,
466 2746 650 2833 quod
704 2768 837 2816 non
893 2759 1167 2836 propter
1217 2748 1443 2837 ipsum
1513 2750 1729 2835 parati
1781 2749 2002 2818 simus
2054 2749 2216 2838 pati.
2292 2746 2470 2829 Quid
2525 2747 2711 2814 enim

157 2859 290 2907 nos
317 2838 738 2929 separaverit
777 2859 817 2904 a
857 2837 1190 2905 charitate
1220 2836 1518 2905 Christi?
1551 2836 1728 2905 Nihil
1772 2850 1998 2906 autem
2037 2837 2131 2905 rei
2163 2848 2266 2906 est
2316 2835 2513 2904 nobis
2545 2857 2704 2904 cum

156 2926 499 3005 Nestori0,
555 2939 675 2994 aut
720 2947 880 2994 cum
934 2925 1116 3005 aliis,
1170 2925 1291 3010 qui
1339 2925 1578 2995 eodem
1634 2924 1897 3005 morb0,
1948 2946 2086 3010 quo
2136 2926 2306 3013 ipse,
2371 2924 2709 3004 laborant,

153 3015 282 3102 qui
338 3013 717 3092 hominem,
770 3014 889 3101 qui
932 3014 1101 3084 citra
1143 3013 1579 3093 divisionem,
1616 3028 1684 3083 et
1715 3035 1834 3102 per
1868 3013 2295 3102 hypostasim
2337 3013 2580 3082 unitus
2611 3027 2711 3082 est

158 3110 298 3174 Deo
353 3104 595 3181 Verh0‚
642 3108 919 3172 summa
978 3101 1401 3192 impudentia
1446 3101 1847 3171 divellentes
1895 3125 1933 3170 a
1983 3103 2182 3172 Verbi
2221 3102 2457 3171 divina
2509 3101 2714 3192 hypo·

155 3192 362 3272 stasi,
426 3213 545 3281 per
590 3212 662 3259 se
709 3193 1221 3272 consistentem,
1274 3204 1339 3259 et
1386 3189 1607 3259 solum
1654 3191 2000 3259 hominem
2067 3190 2216 3261 ausi
2272 3205 2437 3259 sunt
2483 3189 2714 3260 dicere

155 3282 484 3358 verbum,
540 3278 725 3366 quod
778 3280 846 3347 in
897 3302 1103 3349 carne
1150 3280 1508 3368 apparuit:
1553 3279 1675 3364 qui
1740 3279 1969 3359 etiam,
2021 3292 2101 3348 ut
2149 3279 2615 3359 merebantur,
2669 3302 2709 3349 a

151 3368 430 3440 divinis
481 3368 794 3456 patribus
825 3367 1024 3454 ejecti
1075 3380 1236 3436 sunt
1274 3390 1312 3435 a
1362 3367 1671 3457 catalogo
1719 3367 2275 3449 orthodoxorum,
2314 3383 2379 3438 et
2441 3369 2709 3439 suntin

150 3472 526 3530 aeternum
580 3455 809 3524 traditi
867 3456 1310 3526 anathemati.
1383 3455 1508 3525 Sed
1578 3478 1711 3525 non
1765 3456 2254 3546 praetermittet
2298 3458 2482 3549 (hoc
2528 3471 2711 3529 certo

149 3547 404 3628 scias)
449 3543 571 3629 qui
623 3542 1004 3613 maledictis
1053 3566 1092 3613 a
1146 3558 1204 3613 te
1254 3545 1605 3634 appetitur
1665 3546 1996 3617 Dominus
2028 3601 2043 3625 ‚
2095 3547 2264 3633 quin
2326 3569 2364 3615 e
2424 3547 2711 3648 vestigio

152 3653 428 3729 poenas
473 3646 706 3701 sumat
753 3646 1030 3702 tuorum
1083 3633 1453 3703 audacium
1523 3648 1961 3723 coeptorum,
2012 3658 2169 3705 cum
2222 3635 2505 3706 alterius
2537 3690 2552 3715 ,
2608 3658 2709 3703 m·

143 3746 402 3816 quam,
442 3733 597 3790 tuae
648 3721 1142 3811 blasphemiae,
1199 3737 1344 3791 tum
1399 3722 1894 3810 jurisjurandi,
1939 3724 2121 3811 quod
2172 3746 2210 3793 a
2261 3738 2322 3793 te
2371 3723 2500 3794 suit
2544 3746 2711 3793 con-

144 3816 517 3886 culcatum
569 3823 634 3879 et
679 3832 1020 3890 eversum,
1076 3834 1117 3881 o
1155 3811 1503 3900 imprimis
1540 3812 1752 3902 impie
1799 3827 1864 3881 et
1913 3812 2259 3882 scelerate.
2302 3836 2339 3880 »

239 3907 280 3992 ξ
332 3903 495 3974 11).
546 3899 665 3968 llle
716 3912 942 3968 autem
990 3919 1150 3969 cum
1200 3922 1439 3969 eorum
1488 3900 1811 3988 loquendi
1873 3900 2253 3971 libertatem
2310 3923 2553 3991 parum
2590 3923 2709 3971 su-

143 3991 548 4068 stinuisset,
606 3988 899 4057 maxime
947 4002 1172 4058 autem
1226 3988 1509 4058 Aretbae
1558 3990 2007 4079 sapientiam,
2061 4002 2126 4059 et
2172 3990 2386 4059 alium
2438 4011 2711 4059 omnem

143 4078 605 4170 splendorem
646 4091 824 4146 esset
874 4077 1226 4156 reveritus,
1260 4077 1581 4167 benignis
1610 4078 1834 4148 verbis
1872 4101 1989 4148 eos
2036 4079 2260 4169 coepit
2301 4077 2540 4158 lenire,
2575 4079 2712 4147 eis-

144 4190 291 4257 que
330 4181 403 4238 et
451 4165 658 4245 dona,
704 4177 769 4235 et
818 4166 1111 4235 honores
1154 4166 1533 4256 proposuit,
1587 4189 1815 4236 acrem
1855 4167 2161 4257 ipsorum
2199 4166 2419 4236 zelum
2460 4168 2529 4235 in
2570 4168 2712 4256 pie-

145 4271 368 4328 tatem
424 4256 523 4324 sic
573 4254 976 4345 refrigerare
1025 4255 1458 4325 machinans.
1490 4260 1854 4342 rostquam
1905 4270 2134 4326 aute-m
2187 4256 2353 4326 vidit
2387 4260 2714 4346 Martyres

200 4424 227 4447 ¹⁸
261 4419 556 4461 Nestorium
573 4420 782 4461 haeresis
805 4417 853 4460 in
871 4421 1060 4469 Nngran
1082 4420 1337 4470 irrepserat
1357 4421 1550 4471 propter
1570 4422 1901 4462 commercium
1923 4423 2046 4472 qnod
2079 4422 2222 4471 hujus
2246 4421 2376 4463 urbis
2408 4418 2553 4473 aliqui
2583 4419 2711 4462 cives

137 4486 256 4517 eum
281 4469 498 4524 populis,
515 4471 595 4522 qui
617 4474 736 4514 hanc
755 4472 991 4514 haeresim
1011 4475 1367 4524 profitebuntur,
1385 4475 1633 4515 habebant.
