3347 4999
265 358 442 424 OCT.
497 359 533 422 4
1137 375 1213 420 na
1264 374 1317 420 s.
1377 371 1723 421 rammsco
1773 374 1954 421 conr.
2605 358 2717 423 ,144

262 459 561 539 fratrem,
596 458 1025 536 Silvestrum‚
1081 456 1520 526 columbinae
1569 457 2032 546 simplicitatis
2082 459 2331 540 virum,
2373 460 2587 546 quasi
2628 481 2823 549 prae-

264 570 508 618 conem
556 548 937 637 praemisit,
980 547 1259 615 dicens:
1299 569 1336 612 «
1365 546 1544 614 Vade
1584 561 1742 615 ante
1783 537 2043 634 portam
2081 548 2397 628 civitatis,
2429 562 2493 617 et
2523 570 2601 617 ex
2634 564 2854 637 parte.

267 638 385 707 Dei
434 635 930 726 omnipotentis
980 635 1442 704 daemonibus
1490 635 1561 703 in
1611 636 1862 705 virtute
1911 634 2340 705 obedientiae
2370 639 2709 727 praecipe,
2746 652 2823 707 ut

260 739 509 795 exeant
556 725 982 795 festinanter.
1052 747 1088 791 »
1138 723 1480 793 Accelerat
1528 745 1731 793 verus
1779 724 2108 793 obediens
2155 725 2374 795 Patris
2413 725 2610 814 jussa
2666 748 2821 815 per-

265 815 497 892 ficere,
553 828 619 884 et
670 835 1184 904 praeoccupans
1233 814 1300 881 in
1356 812 1683 884 laudibus
1730 812 1977 882 faciem
2027 814 2324 893 Domini,
2362 827 2519 884 ante
2554 828 2820 915 portam

264 904 559 973 civitatis
625 904 849 990 coepit
896 901 1195 971 clamare
1247 901 1585 971 valenter:
1642 925 1680 967 «
1737 907 1827 970 Ex
1880 914 2068 992 parte
2116 903 2611 992 omnipotentis
2663 904 2817 983 Dei,

264 1007 329 1062 et
367 995 579 1083 jussu
629 992 812 1062 Servi
863 992 1012 1075 ejus
1062 991 1446 1071 Francisci,
1504 991 1744 1080 procul
1794 991 1960 1060 hinc
2022 990 2396 1070 discedite,
2450 991 2823 1061 daemones

268 1083 600 1151 universi.
661 1104 697 1146 »
750 1080 949 1150 Redit
1009 1079 1093 1148 ad
1168 1102 1403 1170 pacem
1455 1080 1786 1149 continuo
1834 1080 2075 1150 civitas
2121 1092 2186 1148 et
2233 1079 2582 1152 civilitatis
2633 1080 2699 1149 in
2752 1103 2823 1151 se

258 1171 423 1258 jura
473 1171 654 1241 cives
714 1191 955 1238 omnes
1003 1189 1161 1237 cum
1217 1190 1326 1237 ma
1384 1191 1469 1238 na
1519 1167 2020 1255 tranquillitate
2069 1168 2463 1238 reformant.
2521 1169 2824 1259 Expulsa

266 1261 437 1349 quip
491 1281 527 1328 e
575 1259 992 1327 daemonum
1036 1256 1316 1326 furibun
1375 1257 1788 1347 asuperbia,
1825 1279 2001 1344 quae
2028 1258 2371 1327 civitatem
2408 1258 2597 1326 illam
2635 1258 2817 1328 velut

269 1349 419 1418 obsi
479 1349 631 1418 ione
690 1347 1100 1428 vallaverat,
1150 1346 1643 1436 superveniens
1695 1347 2029 1436 sapientia
2086 1346 2452 1436 pauperis,
2509 1346 2823 1433 videl-icet

268 1436 617 1506 Francisci
666 1434 1050 1510 humilitas,
1109 1456 1343 1525 pacem
1398 1433 1721 1516 reddidit,
1760 1434 2141 1523 urbemque
2172 1434 2481 1504 salvavit.
2521 1435 2825 1505 Humilis

267 1527 450 1596 enim
504 1525 933 1594 obedientiae
983 1524 1201 1594 ardua
1251 1537 1682 1613 promerente
1731 1524 1999 1603 virtute,
2055 1546 2267 1613 super
2313 1524 2600 1615 spiritus
2668 1524 2825 1596 illos

269 1612 560 1684 rebelles
608 1627 813 1701 atque
865 1627 1213 1703 protervos
1263 1627 1399 1682 tam
1454 1613 1932 1703 potestativum
1986 1613 2209 1683 suerat
2241 1626 2657 1701 assequutus
2693 1614 2824 1682 im-

269 1704 569 1794 perium,
609 1716 685 1771 ut
732 1713 797 1771 et
830 1703 1142 1792 ipsorum
1178 1700 1438 1771 feroces
1471 1702 1847 1792 protervias
1887 1714 2247 1792 premeret,
2283 1714 2348 1771 et
2388 1703 2823 1792 importunas

268 1793 631 1862 violentias
683 1790 1143 1881 propulsaret.
1220 1791 1522 1881 Fugiunt
1585 1791 1865 1878 quidem
1941 1790 2220 1880 superbi
2292 1790 2663 1860 daemones
2713 1813 2826 1860 ex-

272 1882 495 1950 celsas
546 1880 833 1949 virtutes
882 1879 1284 1960 humilium,
1341 1879 1470 1949 nisi
1515 1902 1673 1948 cum
1728 1880 2074 1949 interdum
2127 1879 2213 1949 ad
2263 1879 2677 1949 humilitatis
2707 1902 2826 1948 cu-

271 1969 564 2039 stodiam
601 1969 831 2038 divina
876 1990 990 2039 eos
1021 1968 1385 2038 clementia
1412 1968 1831 2056 colaphizari
1866 1969 2235 2058 permittit:
2272 1970 2450 2039 sicut
2472 1983 2538 2038 et
2567 1969 2824 2039 Paulus

269 2056 639 2147 Apostolus
679 2056 763 2126 de
813 2058 1040 2148 seipso
1089 2057 1330 2127 scribit
1374 2058 1493 2147 (ΙΙ.
1552 2063 1699 2129 Cor.
1753 2080 1867 2138 ΧΠ,
1922 2059 2015 2147 7),
2070 2071 2133 2127 et
2177 2058 2586 2127 Franciscus
2634 2080 2824 2148 expe·

274 2147 569 2215 rimento
623 2146 953 2236 probavit.
985 2152 1289 2236 Rogatus
1339 2147 1523 2214 enim
1576 2169 1611 2215 a
1653 2146 1940 2216 domino
1991 2151 2208 2216 Leone
2258 2147 2606 2216 Cardinali
2657 2151 2825 2215 San-

275 2247 423 2304 ctae
464 2236 722 2317 Crucis,
773 2250 849 2304 ut
899 2257 1132 2306 secum
1173 2234 1688 2321 aliquantulum
1727 2248 2113 2305 moraretur
2146 2237 2216 2305 in
2253 2237 2454 2315 Urbe,
2485 2236 2828 2324 acquievit

272 2323 633 2393 humiliter
679 2325 765 2394 ob
816 2325 1038 2426 ipsius
1089 2324 1537 2393 reverentiam
1588 2336 1653 2393 et
1701 2346 2032 2394 amorem.
2092 2325 2321 2394 Prima
2371 2324 2582 2414 igitur
2629 2338 2825 2395 nocte

270 2435 430 2483 cum
487 2426 636 2502 post
684 2425 1062 2483 orationem
1117 2413 1313 2482 vellet
1371 2413 1748 2501 quiescere,
1821 2427 2369 2505 supervenerunt
2423 2413 2819 2492 daemones,

274 2503 344 2571 in
401 2503 647 2572 Christi
697 2503 985 2572 militem
1038 2504 1356 2572 atrociter
1406 2503 1867 2594 insurgentes.
1939 2509 2152 2587 Quem
2206 2525 2368 2573 cum
2419 2503 2542 2573 diu
2590 2504 2825 2575 verbe-

273 2605 539 2660 rassent
602 2614 681 2661 ac
730 2591 926 2672 dure,
983 2591 1065 2660 ad
1119 2592 1447 2661 ultimum
1497 2593 1697 2679 quasi
1741 2593 2153 2662 seminecem
2208 2592 2657 2679 reliquerunt.
2721 2593 2825 2661 Di-

273 2679 715 2751 scedentibus
757 2681 919 2760 illis,
974 2679 1207 2751 socius
1257 2692 1559 2751 vocatus.
1615 2682 1733 2751 Cui
1786 2703 1944 2751 cum
1997 2683 2111 2750 Vir
2154 2682 2293 2763 Dei,
2340 2682 2437 2749 rei
2480 2696 2826 2751 narrasset

271 2782 590 2838 eventurn
644 2769 1080 2871 subjungens
1126 2769 1252 2839 ait:
1310 2793 1343 2835 «
1402 2770 1615 2839 Credo
1651 2826 1665 2852 ,
1721 2770 1931 2863 frater
1968 2826 1982 2851 ,
2036 2771 2219 2858 quod
2278 2769 2652 2840 daemones
2753 2771 2825 2840 ui

273 2857 446 2927 nihil
502 2871 815 2946 possunt,
875 2858 1008 2929 nisi
1049 2871 1387 2945 quantum
1446 2859 1874 2948 providentia
1925 2880 2229 2949 superna
2278 2857 2610 2947 disponit,
2672 2860 2689 2926 i
2746 2880 2824 2929 eo

268 2947 337 3014 in
395 2968 500 3015 me
537 2968 723 3016 nunc
759 2960 895 3017 tam
947 2947 1262 3017 ferociter
1310 2948 1906 3035 irruerunt,‘quia
1940 2969 2073 3016 non
2108 2948 2360 3016 bonam
2399 2968 2589 3035 spem
2626 2970 2823 3039 prae-

269 3034 395 3104 fert
446 3036 714 3105 mansio
767 3058 918 3106 mea
967 3037 1036 3105 in
1073 3037 1266 3106 curia
1317 3059 1427 3105 ma
1485 3051 1831 3107 natorum.
1870 3042 2135 3105 Fratres
2190 3035 2344 3115 mei,
2399 3036 2521 3121 qui
2556 3037 2620 3104 in
2656 3037 2825 3106 locis

270 3124 716 3214 pauperculis
756 3139 1300 3206 commorantur,
1340 3060 1702 3196 audientes
1739 3147 1846 3194 me
1896 3146 2052 3195 cum
2109 3124 2589 3194 Cardinalibus
2646 3147 2820 3206 esse,

172 3272 189 3283 .
269 3213 818 3301 suspicabuntur
851 3213 1133 3284 forsitan
1187 3213 1533 3303 implicari
1587 3213 1989 3294 mundanis,
2044 3214 2270 3282 efferri
2312 3214 2719 3294 honoribus,
2761 3229 2826 3284 et

268 3301 539 3370 deliciis
571 3300 952 3372 abundare.
999 3303 1161 3372 Ideo
1210 3302 1460 3374 melius
1502 3303 1763 3391 judico,
1817 3325 1976 3373 eum
2012 3302 2131 3390 qui
2186 3302 2465 3392 ponitur
2494 3303 2562 3371 in
2599 3325 2826 3373 exem-

269 3389 491 3479 plum,
537 3389 773 3479 fugere
822 3392 1076 3472 curias,
1130 3404 1193 3461 et
1242 3391 1601 3461 humiliter
1640 3392 1820 3461 inter
1869 3391 2171 3461 humiles
2214 3391 2279 3460 in
2328 3391 2496 3463 locis
2543 3415 2825 3463 conver·

273 3479 413 3549 sari
465 3478 877 3560 humilibus,
935 3493 1010 3550 ut
1060 3480 1479 3551 sustinentes
1537 3480 1943 3571 penuriam,
2000 3479 2207 3551 fortes
2255 3480 2506 3551 efficiat
2563 3480 2830 3567 similia,

270 3566 704 3637 sustinendo.
746 3592 779 3634 »
829 3570 1124 3639 Veniunt
1170 3590 1332 3658 ergo
1377 3591 1610 3650 mane,
1667 3583 1733 3639 et
1780 3569 2034 3639 humili
2083 3571 2522 3640 excusatione
2578 3593 2822 3660 propo-

271 3656 424 3737 sita,
482 3654 897 3727 valefaciunt
946 3658 1315 3728 Cardinali.
1368 3658 1791 3728 Abhorrebat
1842 3680 2089 3748 nempe
2123 3660 2237 3727 Vir
2268 3670 2550 3729 sanctus
2585 3681 2825 3749 super-

267 3745 482 3825 biam,
536 3747 852 3815 omnium
905 3747 1246 3817 malorum
1301 3748 1666 3848 originem,
1706 3762 1771 3818 et
1805 3747 2372 3830 inobedientiam,
2406 3748 2631 3837 ipsius
2667 3770 2821 3838 pes-

271 3835 521 3991 simkam
576 3834 882 3922 prolem3
935 3835 1051 3905 sed
1122 3857 1259 3904 non
1330 3858 1564 3905 minus
1614 3837 2075 3907 humilitatem
2129 3836 2587 3928 poenitentiae
2634 3859 2826 3907 acce-

322 3937 384 3993 ta
440 3936 528 3991 at.

271 3947 313 4013 p
356 4015 393 4100 ξ
442 4017 591 4085 4⁴.
667 4012 928 4083 Accidit
975 4012 1211 4092 semel,
1267 4024 1341 4082 ut
1387 4013 1606 4084 eidem
1661 4027 2216 4105 praesentaretur
2255 4016 2538 4102 quidam
2590 4016 2821 4098 frater,

271 4103 391 4188 qui
443 4114 680 4171 contra
724 4100 942 4191 legem
994 4101 1423 4198 obedientiae
1472 4102 1734 4191 aliquid
1789 4104 2062 4180 fecerat.
2117 4104 2492 4195 disciplina
2516 4105 2827 4191 justitiae

272 4191 751 4281 corrigendus.
806 4190 1058 4259 Videns
1107 4203 1335 4261 autem
1386 4191 1502 4261 Vir
1542 4192 1658 4262 Dei
1700 4193 1976 4263 fratrem
2032 4192 2227 4261 illum
2282 4216 2404 4283 per
2452 4194 2650 4283 signa
2686 4194 2825 4263 evi-

275 4278 506 4348 dentia
553 4279 885 4349 veraciter
954 4300 1103 4348 esse
1153 4293 1652 4369 compunctum
1691 4336 1706 4363 ,
1761 4282 1846 4351 ad
1900 4280 2410 4372 indulgendum
2464 4283 2525 4352 ei
2589 4304 2823 4352 amore

276 4367 406 4437 luit
445 4368 859 4439 humilitatis
909 4366 1262 4438 inductus.
1300 4375 1389 4439 Ne
1450 4382 1676 4439 tamen
1729 4369 2025 4439 facilitas
2076 4371 2337 4453 veniae,
2398 4371 2821 4440 incentivum

278 4469 454 4524 esset
492 4456 649 4528 aliis
689 4456 1165 4547 delinquendi,
1196 4459 1408 4548 Jussit
1455 4458 1764 4531 ablatum
1815 4458 2010 4528 fratri
2043 4460 2428 4550 caputium,
2473 4460 2542 4528 in
2596 4458 2823 4528 medio
