3347 4999
706 301 834 365 346
1499 318 1574 363 na
1622 318 1679 364 s.
1733 315 2036 363 crunno
2084 315 2266 363 conr.
2842 296 3020 362 OCT.
3083 295 3158 360 tt
3243 320 3244 323 ¹

616 402 1007 490 explicaret.
1061 406 1230 471 Tum
1285 400 1397 470 ille
1446 403 1547 471 vir
1588 402 1797 491 pius,
1851 401 2142 470 audiens
2211 411 2466 470 tantam
2519 399 2750 470 uxoris
2796 421 2960 468 suae
3013 419 3176 467 sae-

618 491 876 570 vitiam,
939 490 1026 559 ab
1075 489 1214 559 imo
1280 502 1546 580 pectore
1594 490 1993 580 suspirans,
2044 490 2254 576 jussit
2328 489 2523 559 illum
2575 510 2810 559 secum
2878 488 3166 557 reverti.

620 578 965 649 Nolentem
1018 579 1257 649 reverti
1311 601 1470 670 prae
1520 580 1782 659 timore,
1838 580 1898 647 vi
1947 581 2189 667 coegit,
2242 578 2550 666 dixitque
2598 577 2679 647 ad
2724 598 2964 646 omnes
3034 576 3173 663 qui

620 666 762 737 illic
810 667 1126 736 aderant:
1182 690 1218 733 «
1273 672 1635 758 Ingressus
1696 668 2006 746 domum,
2051 668 2311 757 jubebo
2361 667 2530 737 mihi
2583 679 2817 757 potum
2868 664 3174 736 adferri.

617 755 808 839 Quod
860 756 918 825 si
971 756 1088 824 illa
1140 769 1375 845 potum
1440 757 1920 846 vituperaverit
1969 777 2091 826 nos
2144 770 2380 826 contra
2425 778 2583 825 eum
2636 754 3027 833 laudemus,
3091 766 3177 824 ut

618 845 880 935 pudore
926 843 1289 913 afficiatur.
1347 868 1383 910 »
1435 844 1601 913 Inde
1648 843 1930 914 domum
1986 846 2263 915 intranti
2315 846 2614 915 occurrit
2663 858 2793 914 tota
2839 843 3168 921 familia,

615 932 877 1024 ejulant
923 948 989 1002 et
1035 933 1391 1002 clamitant
1438 953 1702 1014 omneS,
1738 955 1810 1001 se
1840 934 2137 1024 graviter
2181 956 2440 1015 caeSOS,
2497 935 2749 1023 injuste
2795 931 3169 1023 spoliatos.

618 1022 844 1093 modis
892 1022 1218 1092 omnibus
1257 1020 1736 1091 miserabiliter
1770 1036 2060 1092 vexatos.
2102 1021 2223 1092 Ille
2255 1023 2384 1093 hoc
2416 1023 2676 1102 videns„
2717 1022 2951 1091 animo
2987 1042 3170 1089 con-

618 1111 935 1181 turbatus
981 1122 1104 1189 est,
1148 1122 1214 1179 et
1253 1132 1491 1179 versus
1536 1109 1619 1178 ad
1673 1132 1998 1181 uxorem:
2061 1137 2087 1175 ‹
2128 1112 2495 1182 Conturbet
2554 1125 2612 1180 te
2656 1115 2851 1189 DeuS,
2898 1108 3162 1196 inquit,

617 1201 796 1270 sicut
841 1200 1013 1269 alios
1062 1199 1498 1289 perturbasti.
1554 1199 1920 1289 Oportebat
1968 1200 2224 1269 bonum
2266 1200 2534 1290 operari
2569 1198 2654 1267 ad
2696 1220 2960 1278 omnes,
2999 1219 3164 1267 ma-

618 1290 800 1358 xime
846 1288 934 1358 ad
982 1288 1392 1358 domesticos
1426 1287 1611 1357 fidei.
1656 1289 1809 1358 Sive
1852 1288 2038 1358 enim
2072 1311 2330 1363 servus,
2378 1289 2518 1359 sive
2553 1288 2746 1367 liber,
2800 1308 3044 1356 omnes
3083 1287 3158 1355 in

619 1378 883 1447 Christo
929 1397 1148 1447 unum
1201 1399 1469 1446 sumus,
1524 1382 1730 1445 Parce
1774 1399 1937 1467 ergo
1984 1378 2196 1447 servis
2244 1378 2405 1457 tuis,
2460 1399 2637 1467 pone
2687 1376 2966 1445 modum
3011 1397 3167 1444 sae·

621 1467 822 1536 vitiae
874 1480 1008 1536 tue.
1066 1490 1101 1532 »
1152 1466 1541 1551 Eademque
1586 1465 1757 1534 hora
1794 1466 2005 1554 jussit
2054 1488 2264 1556 pecus
2310 1488 2515 1536 omne
2558 1488 2595 1535 e
2645 1478 2843 1555 pastu
2887 1464 3161 1541 reduci,

618 1567 684 1624 et
731 1555 1027 1645 singulis
1065 1555 1243 1642 quod
1298 1577 1502 1624 suum
1553 1566 1698 1623 erat
1747 1555 2034 1624 restitui.
2091 1553 2342 1624 Deinde
2390 1577 2547 1624 cum
2606 1553 2894 1624 sedisset
2949 1554 3164 1640 quasi

621 1643 1043 1717 sitibundus,
1103 1657 1336 1732 potum
1389 1642 1615 1711 afferri
1669 1644 2032 1732 praecepit.
2091 1648 2164 1713 Et
2209 1665 2396 1724 cum,
2434 1643 2723 1713 cervisia
2777 1640 3011 1720 allata,
3069 1641 3159 1711 ab

620 1732 945 1801 omnibus
992 1753 1070 1800 ex
1120 1731 1361 1800 ordine
1425 1731 1804 1810 biberetur,
1881 1731 2136 1802 femina
2199 1731 2341 1813 illa,
2397 1753 2583 1802 more
2629 1753 2779 1811 sue,
2836 1731 3159 1818 nequiter

622 1819 811 1890 illam
871 1819 1323 1904 vituperabat.
1379 1817 1505 1887 Sed
1565 1837 1843 1890 sanctus
1903 1826 2344 1902 Gummarus»,
2397 1834 2463 1890 et
2508 1841 2746 1890 omnes
2810 1820 2933 1906 qui
2990 1841 3160 1888 cum

622 1907 741 1978 illo
786 1920 1133 1988 venerant,
1186 1907 1458 1997 egregie
1488 1929 1636 1977 eam
1678 1909 2070 1989 efferebant,
2109 1924 2313 1997 atque
2353 1910 2446 1978 ita
2482 1909 2840 1978 mulierem
2894 1907 3164 1998 pudore

622 1997 934 2067 affectam
988 2010 1205 2065 tacere
1252 1996 1758 2086 compulerunt.
1796 2003 1949 2068 Post
1989 1999 2153 2068 haec
2183 1999 2572 2068 convivium
2630 1996 2894 2066 lautum
2946 2010 3013 2066 et
3043 2019 3160 2067 eo-

626 2086 894 2175 piosum
924 2085 1241 2175 apparari
1270 2084 1503 2171 jussit,
1543 2099 1679 2155 tam
1714 2109 1943 2158 servos
1974 2109 2182 2175 quam
2217 2087 2470 2157 liberos
2504 2086 2587 2157 ad
2619 2086 2788 2155 illud
2822 2086 3156 2161 invitans:

619 2186 683 2244 et
730 2196 888 2243 cum
939 2173 1249 2242 emnium
1284 2174 1553 2244 animos
1605 2187 1881 2263 paterna
1927 2175 2395 2245 consolatione
2445 2186 2837 2254 recreasset,
2890 2174 3158 2243 exhila-

624 2274 803 2331 ratos
849 2283 888 2329 a
936 2283 1008 2329 se
1055 2261 1317 2330 dimisit
1363 2263 1433 2331 in
1484 2262 1727 2332 domos
1766 2286 1948 2332 suas.
1996 2269 2207 2349 Atque
2256 2265 2382 2334 hoc
2434 2262 2886 2334 humanitatis
2921 2285 3157 2332 exem-

625 2350 813 2440 plum
869 2348 981 2417 ille
1028 2363 1306 2419 sanctus
1357 2354 1456 2419 vir
1506 2353 1795 2439 posteris
1835 2353 1981 2422 suis
2033 2352 2326 2440 reliquit.

709 2440 744 2526 ξ
791 2444 885 2510 8·
940 2443 1143 2509 Porro
1176 2454 1456 2509 sanctus
1490 2444 1906 2510 Gummarus
1941 2442 2162 2532 magis
2196 2442 2551 2532 magisque
2591 2446 2723 2511 Deo
2771 2440 3154 2522 intendere,

621 2527 1215 2614 sanctioribusque
1258 2529 1322 2596 in
1355 2528 1503 2598 dies
1534 2529 1782 2598 studiis
1824 2552 2062 2600 vacare
2103 2535 2503 2611 conabatur,
2549 2532 2731 2600 sicut
2766 2529 2972 2598 etiam
3008 2551 3160 2597 om-

626 2616 822 2685 nium
864 2615 1199 2686 bonorum
1245 2617 1541 2699 interest,
1596 2632 1669 2686 ut
1716 2617 1800 2687 de
1841 2620 2088 2690 virtute
2129 2622 2194 2689 in
2229 2621 2545 2689 virtutem
2598 2618 3154 2709 proficiscantur.

620 2704 941 2775 Animum
1010 2706 1236 2793 itaque
1300 2705 1482 2776 ultra
1551 2719 1814 2776 terrena
1863 2722 1929 2776 et
1972 2709 2234 2777 caduca
2296 2709 2569 2798 erigens
2630 2720 2767 2775 toto
2813 2705 3161 2775 desiderio

622 2793 1031 2863 coelestibus
1083 2793 1410 2878 inhiabat,
1451 2807 1524 2863 ut
1566 2794 1820 2865 videret
1857 2801 2062 2865 Deum
2114 2795 2398 2866 deorum
2451 2796 2520 2864 in
2573 2797 2759 2864 Sion.
2814 2795 3037 2883 Igitur
3090 2794 3161 2862 iu

620 2895 855 2952 sancto
902 2883 1053 2972 ejus
1103 2896 1368 2971 pectore
1415 2903 1500 2950 an
1556 2903 1689 2951 non
1741 2884 1863 2953 tibi
1916 2884 2180 2953 videtur
2245 2886 2498 2953 versari
2557 2882 2927 2953 consilium
2996 2884 3166 2952 Dei?

620 2992 656 3036 «
709 2975 1090 3051 Hactenus,
1145 2971 1414 3058 inquit,
1472 2970 1919 3043 militavimus
1981 2974 2145 3061 Regi
2215 2985 2517 3052 terreno;
2569 2972 2897 3061 deinceps
2966 2971 3164 3040 mili·

622 3058 906 3128 tandum
955 3071 1058 3128 est
1106 3061 1268 3149 Regi
1331 3066 1594 3150 Regum
1661 3060 1945 3129 Christo.
2001 3066 2247 3129 Parum
2311 3075 2434 3139 est,
2493 3081 2614 3149 pro
2675 3059 2909 3130 labore
2961 3081 3162 3149 prae·

622 3146 833 3219 sentis
869 3147 1152 3216 militiae
1183 3169 1426 3238 capere
1468 3150 1770 3240 praemia
1807 3150 2145 3239 peritura;
2198 3150 2537 3238 optimum
2575 3169 2755 3228 vero,
2796 3149 3160 3217 sanctitate

622 3235 793 3303 vitae
840 3234 1019 3303 dona
1070 3238 1441 3325 promereri
1484 3238 1921 3326 sempiterna.
1982 3237 2470 3327 Despiciendus
2503 3251 2605 3306 est
2642 3236 2949 3307 mundus
2997 3235 3155 3316 iste,

619 3323 739 3410 qui
788 3336 1014 3391 tamen
1065 3323 1323 3411 alioqui
1371 3325 1546 3414 sugit
1578 3348 1617 3394 a
1650 3326 1869 3404 nobis,
1909 3339 1971 3396 et
2005 3327 2232 3395 omnis
2266 3324 2482 3427 gloria
2523 3329 2674 3415 ejus
2728 3327 2943 3395 instar
2964 3321 3158 3392 foeni

624 3411 1001 3480 marcescit.
1046 3417 1118 3479 In
1155 3427 1377 3481 castra
1409 3435 1570 3504 ergo
1605 3415 1858 3484 summi
1897 3419 2334 3504 Imperatoris
2365 3415 2650 3484 devotus
2686 3415 2884 3483 miles
2917 3414 3158 3486 venio:

622 3499 806 3568 bunc
837 3519 1106 3585 sequor,
1146 3500 1329 3569 hunc
1363 3500 1599 3590 diligo,
1634 3502 1821 3571 hunc
1856 3503 2197 3572 constanti
2250 3503 2750 3592 perseverantia
2791 3523 2911 3592 per
2943 3501 3159 3570 fidem

619 3588 925 3657 observo.
986 3611 1021 3654 »
1072 3593 1306 3676 Itaque
1353 3589 1845 3660 commendans
1893 3613 1966 3661 se
2017 3597 2170 3672 Deo,
2226 3615 2386 3662 cum
2425 3590 2780 3663 nonnullis
2823 3612 2864 3660 e
2909 3589 3165 3659 vicinis

624 3676 770 3748 suis
818 3682 1119 3748 Romam.
1158 3677 1497 3767 profectus
1542 3690 1667 3747 est.

706 3766 743 3853 ξ
788 3769 863 3835 2.
919 3763 1196 3835 Adverte
1246 3767 1356 3834 hic
1392 3819 1408 3846 ,
1476 3771 1758 3847 Lector,
1814 3767 2211 3857 jucundum
2265 3790 2656 3855 novumque
2705 3766 3160 3838 miraculum.

620 3854 845 3923 Primo
892 3854 1195 3944 suscepti
1245 3855 1506 3924 itineris
1554 3854 1713 3935 die,
1768 3878 1902 3925 nou
1957 3855 2156 3948 longe
2204 3880 2242 3926 a
2288 3857 2494 3927 domo
2551 3879 2676 3926 sua
2766 3877 3160 3947 regressus,

620 3942 766 4012 fixit
815 3944 1178 4013 tentorium
1219 3944 1415 4034 juxta
1465 3944 1748 4014 fluvium
1801 3949 2060 4026 Natam,
2114 3948 2566 4032 arboremque
2614 3969 2706 4035 pu
2737 3945 3167 4014 cherrimam

623 4030 765 4099 illic
814 4045 1155 4112 stantem,
1208 4032 1396 4120 quod
1443 4033 1528 4102 ad
1580 4032 2005 4103 fulciendum
2069 4035 2431 4103 tentorium
2483 4048 2662 4104 esset
2717 4033 3105 4102 necessaria
3144 4086 3162 4112 ,

610 4118 819 4208 jussit
850 4122 1136 4200 succidi.
1192 4128 1338 4192 Mox
1385 4122 1576 4193 adest
1628 4122 1756 4191 loci
1808 4121 1997 4191 illius
2047 4144 2398 4212 possessor
2449 4123 2773 4201 rusticuS,
2824 4121 3172 4210 planeque

620 4208 1001 4280 iracundus
1049 4213 1116 4280 in
1159 4233 1399 4283 omnes
1440 4210 1808 4291 invehitur,
1852 4210 2159 4298 nullique
2198 4233 2508 4302 parcens,
2544 4223 2828 4280 cunctos
2864 4212 3168 4287 incusat;

620 4318 995 4386 versusque
1042 4298 1125 4368 ad
1179 4312 1493 4371 sanctum
1546 4303 2045 4380 Gummarum‚
2113 4300 2325 4371 multa
2382 4301 2741 4368 verborum
2793 4296 3174 4387 asperitate

617 4407 776 4456 eum
832 4408 1125 4469 vexans,
1197 4413 1225 4453 ι
1280 4393 1459 4468 Cur,
1531 4387 1800 4475 inquit,
1853 4408 2098 4477 agrum
2153 4411 2378 4458 meum
2442 4386 2839 4478 pervasisti?
2898 4389 2992 4452 En
3047 4383 3174 4454 hic
