3347 4999
716 350 846 416 320
1631 348 1636 351 ’
2861 342 3012 408 OCT
3030 393 3044 407 .
3113 344 3145 408 1
3166 346 3215 409 0

1598 553 2214 635 HISTORIOLA

937 782 1020 882 S.
1095 780 1581 882 CERBONll
1658 779 1973 880 EPlSC.
2049 778 2862 881 POPULONlENSlS

779 1038 895 1085 rna
941 1038 1006 1083 n.
1058 1033 1420 1083 eazeomtm
1469 1034 1677 1081 raram
1724 1032 2004 1096 semem,
2058 1011 2195 1079 Lib.
2250 1021 2314 1092 3,
2368 1012 2666 1100 Dialoy„
2727 1013 2885 1100 Cap.
2943 1021 3048 1079 Η.

1407 1228 1682 1287 Floruit:
1723 1228 1957 1283 seculo
2001 1228 2100 1283 VI
2126 1257 2203 1268 —
2231 1226 2418 1283 Afer.

722 1430 758 1517 ξ
805 1434 884 1502 1.
937 1428 1051 1497 Vir
1098 1428 1273 1498 vitae
1321 1425 1734 1497 venerabilis
1783 1425 2198 1506 CerboniuS,
2253 1424 2617 1514 Populonii
2664 1426 2697 1458 ¹*
2746 1422 3142 1512 Episcopus
3176 1476 3197 1503 ,

636 1540 966 1607 magnam
1003 1518 1248 1587 diebus
1301 1517 1551 1586 nostris
1600 1515 1983 1585 sanctitatis
2034 1536 2198 1593 suae
2250 1514 2718 1604 probationem
2772 1512 2984 1581 dedit.
3022 1517 3227 1587 Nam.

635 1629 795 1676 cum
834 1605 1318 1696 hospitalitatis
1367 1604 1598 1675 studio
1650 1603 1845 1672 valde
1879 1616 2057 1673 esset
2105 1603 2434 1680 intentus,
2475 1603 2586 1671 die
2619 1601 2920 1689 quadam
2963 1613 3203 1670 trans-

633 1707 875 1765 euntes
925 1696 1175 1764 milites
1227 1694 1523 1783 hospitio
1572 1694 1917 1782 suscepit:
1970 1714 2169 1780 quos,
2217 1691 2482 1761 Gotthis
2533 1690 3203 1781 supervenientibus

634 1784 1017 1865 abscondit,
1071 1805 1450 1869 eorumque
1483 1783 1689 1851 vitam
1727 1784 1813 1851 ab
1857 1781 2133 1851 illorum
2180 1781 2488 1866 nequitia
2520 1779 3016 1850 abscondendo
3053 1801 3200 1848 ser-

635 1874 835 1943 vavit.
892 1873 1085 1956 Quod
1136 1872 1301 1941 dum
1341 1872 1741 1941 Gotthorum
1783 1872 1946 1961 Regi
1987 1869 2249 1959 perfido
2279 1870 2535 1938 Totilae
2578 1870 2988 1938 nunciatum
3020 1865 3201 1963 fuis-

638 1975 759 2042 set,
814 1960 1242 2032 crudelitatis
1291 1959 1840 2029 immanissimae
1901 1960 2176 2028 vesania
2225 1980 2651 2036 succensus,
2707 1958 2896 2027 hunc
2948 1955 3036 2025 ad
3092 1956 3197 2025 lo·

638 2072 825 2132 curn,
858 2051 980 2138 qui
1027 2062 1262 2119 octavo
1312 2050 1507 2119 urbis
1549 2049 1761 2137 hujus
1793 2048 1861 2083 *⁴*
1898 2047 2223 2117 milliario
2255 2048 2534 2116 Merulis
2566 2046 2842 2127 dicitur,
2878 2045 3000 2114 ubi
3030 2058 3196 2113 tunc

638 2140 787 2230 ipse
835 2160 994 2209 cum
1044 2139 1348 2207 exercitu
1416 2138 1741 2218 sedebat,
1776 2138 1992 2227 jussit
2052 2136 2252 2216 duci,
2306 2157 2608 2222 eumque
2677 2138 2742 2204 in
2797 2134 3195 2224 spectaculo

638 2227 880 2329 populi
921 2230 1105 2298 ursis
1152 2227 1237 2297 ad
1289 2227 1760 2296 devorandum
1817 2225 2080 2316 projici.
2136 2230 2443 2312 Cumque
2495 2225 2673 2293 idem
2710 2230 2847 2294 Rex
2882 2223 3195 2313 perfidus

637 2339 707 2385 in
762 2317 913 2405 ipso
960 2338 1235 2403 quoque
1283 2316 1673 2405 spectaculo
1732 2314 2159 2384 consedisset
2198 2312 2281 2381 ad
2337 2313 2850 2402 inspiciendum
2899 2326 3195 2381 mortem

641 2404 986 2506 Episcopi,
1034 2427 1283 2495 magna
1337 2403 1573 2494 populi
1627 2403 1825 2473 turba
1876 2402 2232 2473 confluxit.
2271 2407 2459 2472 Tunc
2510 2402 2892 2492 Episcopus
2944 2401 3012 2469 in
3058 2423 3194 2469 me·

641 2494 835 2563 dium
887 2493 1223 2575 deductus
1271 2507 1395 2575 est,
1438 2509 1643 2580 atque
1693 2492 1776 2562 ad
1839 2493 1993 2582 ejus
2035 2506 2322 2562 mortem
2377 2491 2933 2561 immanissimus
2985 2512 3195 2562 ursus

634 2584 1061 2670 exquisitus:
1116 2584 1237 2670 qui
1284 2584 1454 2652 dum
1507 2583 1816 2652 humana
1866 2582 2176 2652 membra
2226 2580 2595 2650 crudeliter
2632 2592 2969 2669 carperet,
3005 2579 3193 2648 saevi

649 2672 857 2763 Regis
904 2673 1218 2742 animum
1263 2672 1562 2741 satiaret.
1595 2671 1937 2742 Dimissus
1987 2671 2217 2757 itaque
2263 2692 2474 2739 ursus
2521 2693 2600 2738 ex
2647 2691 2852 2739 cavea
2901 2683 3035 2749 est;
3076 2669 3195 2754 qui

640 2783 976 2836 accensus
1023 2774 1088 2830 et
1134 2761 1447 2830 concitus
1482 2760 1897 2850 Episcopum
1944 2760 2164 2849 petiit:
2205 2758 2322 2829 sed
2358 2758 2584 2828 subito
2621 2780 2785 2828 suae
2824 2757 3195 2827 ferocitatis

640 2851 922 2931 oblltuS,
979 2850 1241 2920 deflexa
1293 2849 1578 2930 cervice,
1633 2848 2119 2935 submissoque
2168 2847 2524 2917 humiliter
2572 2849 2832 2937 capite,
2892 2847 3195 2916 lambere

639 2939 957 3029 Episcopi
1023 2940 1228 3029 pedes
1292 2938 1553 3028 coepit:
1628 2950 1705 3007 ut
1758 2949 2064 3028 patenter
2121 2936 2450 3007 omnibus
2497 2936 2780 3006 daretur
2845 2935 3191 3025 intelligi,

639 3029 804 3116 quia
837 3050 1001 3117 erga
1051 3029 1249 3098 illum
1302 3028 1527 3096 virum
1577 3027 1719 3108 Dei,
1774 3039 1838 3096 et
1886 3026 2102 3096 ferina
2150 3024 2361 3094 corda
2406 3039 2636 3096 essent
2683 3024 3078 3106 hominum,
3132 3037 3201 3092 et

638 3117 840 3205 quasi
912 3116 1219 3186 humana
1268 3117 1669 3186 bestiarum.
1745 3121 1936 3185 Tunc
1990 3114 2289 3205 populus
2323 3168 2338 3193 ,
2391 3115 2511 3201 qui
2576 3114 2660 3183 ad
2713 3112 3197 3204 spectaculum

639 3218 916 3275 venerat
966 3206 1229 3281 mortis,
1287 3226 1537 3294 magno
1584 3204 1886 3273 clamore
1937 3225 2174 3272 versus
2223 3215 2325 3271 est
2364 3203 2432 3271 in
2485 3203 3015 3272 admirationem
3082 3222 3200 3269 ve-

646 3293 1041 3362 nerationis.
1079 3299 1268 3362 Tunc
1308 3292 1391 3361 ad
1425 3293 1578 3380 ejus
1606 3293 2052 3362 reverentiam
2091 3291 2451 3361 colendam
2487 3296 2624 3361 Rex
2658 3293 2805 3382 ipse
2844 3302 3201 3381 permotus

643 3396 767 3451 est.
815 3382 1083 3469 Quippe
1130 3403 1288 3450 cum
1340 3403 1479 3468 quo
1528 3403 1609 3449 su
1665 3402 1831 3450 erno
1870 3381 2138 3471 judicio
2188 3393 2419 3449 actum
2460 3394 2628 3461 erat,
2686 3394 2758 3452 ut
2807 3381 2928 3467 qui
2978 3383 3200 3447 Deum

644 3471 837 3557 sequi
880 3470 1075 3558 prius
1115 3470 1181 3537 in
1226 3469 1582 3539 custodien
1639 3493 1678 3539 a
1737 3471 1872 3539 vita
1921 3469 2240 3560 Episcopi
2283 3469 2529 3549 noluit,
2571 3468 2811 3540 saltem
2856 3467 2940 3537 ad
2995 3488 3200 3536 man-

644 3558 1081 3628 suetudinem
1136 3558 1421 3627 bestiam
1473 3571 1898 3644 sequeretur.
1970 3559 2090 3627 Cui
2141 3559 2238 3626 rei
2289 3557 2360 3626 hi
2409 3558 2530 3645 qui
2581 3570 2745 3628 tunc
2801 3569 3200 3647 praesentes

643 3647 947 3728 fuerunt,
1001 3646 1232 3715 adhuc
1283 3647 1604 3716 nonnulli
1652 3662 2055 3738 supersunt,
2112 3668 2404 3734 eamque
2437 3669 2600 3716 cum
2649 3647 2843 3716 omni
2894 3644 3038 3715 illic
3082 3667 3205 3734 po-

647 3735 811 3826 pulo
860 3757 932 3805 se
977 3736 1231 3806 vidisse
1275 3747 1633 3805 testantur.
3068 3810 3077 3816 ,

732 3827 768 3912 ξ
818 3830 905 3897 2.
961 3829 1052 3893 De
1098 3846 1235 3911 quo
1284 3825 1486 3893 etiam
1550 3824 1707 3893 Viro
1764 3823 1956 3894 aliud
2007 3846 2281 3912 quoque
2349 3815 2809 3904 miraculum,
2867 3821 3205 3893 venantio

646 3914 948 3982 Lunensi
1016 3915 1351 4003 Episcopo
1402 3926 1725 3982 narrante
1758 3967 1778 3994 ,
1835 3914 2150 4005 cognovi.
2222 3917 2299 3981 In
2351 3934 2429 3981 ea
2480 3934 2780 4000 namque
2832 3910 3207 4002 Populonii

643 4001 963 4084 ecclesia,
1004 4002 1119 4072 cui
1162 4013 1494 4091 praeerat,
1535 4001 1934 4090 sepulcrum
1986 4001 2119 4071 sibi
2158 4003 2613 4091 praeparavit.
2669 4002 2793 4071 Sed
2828 4023 2988 4070 cum
3030 4004 3209 4069 Lon-

642 4090 1107 4191 gobardorum
1160 4113 1329 4180 gens
1382 4092 1451 4159 in
1487 4091 1758 4161 Italiam
1798 4092 2075 4160 veniens
2106 4103 2356 4159 cuncta
2387 4102 2741 4171 vastasset,
2782 4090 2869 4159 ad
2906 4088 3208 4161 Helbam

649 4180 949 4249 insulam
1002 4180 1304 4250 recessit.
1359 4181 1486 4263 Qui
1536 4181 1903 4271 ingruente
1956 4179 2391 4270 aegritudine
2430 4179 2517 4248 ad
2554 4193 2840 4250 mortem
2885 4179 3203 4260 venienS‚

645 4268 917 4339 clericis
960 4268 1106 4337 suis
1146 4269 1415 4359 sibique
1440 4268 1980 4356 obsequentibus
2010 4269 2376 4358 praecepit,
2406 4267 2671 4340 dicens:
2705 4294 2730 4334 α
2769 4272 2845 4336 In
2882 4267 3211 4357 sepulcro

697 4430 723 4456 ²⁸
752 4431 1036 4479 Pei-antiqua.
1062 4430 1311 4471 Heu-uriae
1330 4430 1458 4487 urbs,
1478 4432 1615 4480 emus
1636 4431 1800 4471 ruinae
1821 4431 1972 4473 adhuc
1996 4428 2363 4482 eous1iciuntur.

698 4483 758 4511 ⁴*
787 4485 1021 4524 Nimirum
1039 4485 1230 4536 Romae,
1251 4493 1385 4531 anno,
1404 4488 1458 4525 ut
1478 4484 1683 4531 videtur.
1705 4484 1797 4524 546.
