3347 4999
753 248 837 311 60
1570 266 1643 309 ns
1694 266 1748 309 s.
1806 265 2049 311 anone
2089 263 2270 311 conr.
2921 246 3069 312 oct.
3109 253 3120 313 l

666 345 937 434 insigne
978 342 1256 412 dedisti:
1314 343 1677 444 languores
1725 344 1985 414 scilicet
2035 345 2099 412 in
2157 343 2431 413 nomine
2481 357 2596 413 tuo
2636 356 2708 412 ut
2753 358 3131 423 curarent‚et

664 434 1024 503 daemonia
1062 433 1513 521 imperterrito
1566 434 1731 522 pede
1765 433 2131 502 calcarent.
2176 433 2342 515 Quis
2390 447 2614 501 autem
2672 432 2951 501 liberius
2981 450 3132 516 caput

664 522 919 593 diaboli
968 523 1434 591 conculcavit?
1479 524 1636 608 quis
1691 523 2208 612 impugnantem
2263 544 2333 590 se
2385 522 2602 591 silium
2652 521 3134 608 in‘iquitatisl'or·

666 614 803 683 tius
849 612 1307 701 expugnavit?
1355 617 1482 681 Nec
1515 613 1831 679 tamenin
1868 634 1945 679 eo
1976 611 2296 699 gaudere,
2348 611 2529 698 quod
2582 612 2867 699 spiritus
2905 634 3135 697 nequam

662 702 798 771 sibi
841 701 1377 790 subjicerentur:
1432 699 1545 768 sed
1605 700 1830 789 potius
1881 722 2153 771 summa
2203 700 2325 768 niti
2359 723 2509 790 ope,
2567 712 2641 768 ut
2692 722 2940 768 nomen
2987 722 3137 768 suum

666 791 734 859 in
780 790 988 859 coelis
1037 790 1608 857 conscriberetur.

750 881 786 966 ξ
839 884 1003 951 20.
1058 883 1403 949 Hactenus
1469 899 1589 965 per
1659 876 1979 965 scopulos
2042 875 2505 947 tribulationis
2565 889 2629 944 et
2687 889 2909 964 syrtes
2975 877 3143 962 quoti·

662 967 854 1037 diani
888 968 1196 1055 martyrii
1231 965 1444 1036 oratio
1484 965 1567 1033 de
1602 967 1816 1034 milite
1856 965 1964 1034 Dei
2005 966 2578 1053 pernavigaverit:
2636 988 2823 1033 nunc
2875 964 3145 1033 secundis

665 1057 830 1126 velis
880 1070 1120 1146 portus
1172 1054 1557 1132 intr-andus,
1615 1067 1678 1123 et
1727 1054 1808 1123 ad
1854 1068 2098 1122 terram
2153 1054 2338 1122 illam
2392 1053 2891 1132 festinandum,
2937 1053 3014 1121 de
3053 1076 3148 1138 qua

664 1146 997 1235 scriptum
1036 1158 1167 1213 est:
1219 1145 1402 1212 «lusti
1436 1154 1661 1211 autem
1696 1144 2205 1212 haereditabunt
2244 1155 2490 1212 terram
2519 1168 2544 1221 ;
2585 1156 2671 1223 et,
2720 1144 2930 1213 Credo
2977 1144 3148 1210 videre

661 1237 829 1304 bona
876 1235 1142 1302 Domini
1211 1235 1277 1300 in
1354 1243 1533 1301 terra
1580 1235 1946 1300 viventium
1964 1256 1991 1312 ,·
2062 1254 2269 1317 quam
2322 1232 2737 1301 sanctissimi
2788 1232 3032 1321 agonis
3077 1234 3150 1299 sui

666 1322 1044 1391 mercedem
1098 1321 1439 1411 gloriosus
1492 1322 1603 1389 Dei
1652 1321 1902 1389 athleta
1952 1320 2323 1390 Allowinus
2375 1322 2440 1388 in
2495 1334 2896 1410 perpetuam
2951 1320 3153 1407 recepit

663 1411 1173 1481 haereditatem.
1229 1410 1327 1478 Ad
1370 1432 1579 1496 quam
1634 1409 2115 1497 possidendam
2153 1433 2311 1478 cum
2365 1409 2618 1479 videret
2648 1410 2792 1499 jam
2833 1409 3154 1477 imminere

666 1499 1083 1569 vocationem
1143 1521 1364 1577 suam,
1422 1500 1842 1567 incessanter
1906 1519 1976 1566 se
2041 1498 2377 1585 affligere,
2439 1499 2883 1584 animamque
2950 1497 3156 1566 fontem

664 1589 891 1657 vivum
946 1588 1306 1667 sitientem,
1360 1600 1424 1657 et
1470 1588 1553 1656 ad
1608 1587 1934 1656 visionem
1987 1586 2367 1655 conditoris
2403 1588 2509 1655 sui
2561 1586 2978 1677 infatigabili
3022 1586 3159 1654 desi-

664 1676 852 1747 derio
898 1677 1356 1756 anhelantem,
1412 1676 1519 1744 his
1569 1676 1791 1744 verbis
1837 1675 2172 1745 consolari
2223 1675 2560 1761 quotidie:
2615 1682 2947 1765 Exspecta
2983 1677 3161 1744 Domi-

664 1788 873 1835 num:
916 1766 1199 1835 viriliter
1229 1787 1386 1853 age:
1435 1765 1815 1833 confortare
1848 1778 1911 1832 et
1945 1766 2207 1834 sustine
2248 1766 2633 1834 Dominum.
2673 1771 2745 1833 In
2791 1765 2924 1834 hac
2964 1765 3164 1833 exhor·

663 1857 912 1943 tatione
937 1876 1094 1924 cum
1122 1853 1449 1922 afflictum
1486 1867 1550 1921 et
1579 1876 1748 1944 pene
1777 1867 2162 1922 exossatum
2206 1876 2457 1943 corpus
2492 1854 2758 1923 modico
2794 1853 3164 1922 indulsisset

663 1944 915 2033 sopori,
973 1944 1222 2012 meruit
1272 1942 1675 2013 dulcissima
1734 1942 1840 2010 Dei
1893 1942 2189 2012 bonitate
2237 1942 2599 2012 consolari.
2654 1942 2957 2043 Angelus
3016 1942 3164 2011 enim

662 2033 731 2101 in
765 2033 991 2133 specie
1037 2031 1396 2101 columbae
1444 2032 1687 2111 adfuit,
1721 2046 1784 2100 et
1816 2053 2023 2120 super
2060 2031 2278 2100 filium
2324 2044 2519 2099 notae
2552 2031 3022 2120 simplicitatis
3055 2044 3162 2099 tam

661 2121 1091 2191 familiariter
1120 2121 1471 2208 requievit,
1503 2135 1573 2189 ut
1602 2121 1942 2189 videretur
1961 2120 2224 2189 dicere:
2258 2125 2475 2208 Super
2499 2142 2701 2206 quem
2736 2121 3164 2207 requiescam,

664 2210 795 2279 nisi
867 2232 1076 2300 super
1136 2209 1469 2279 humilem
1526 2224 1588 2278 et
1641 2222 2036 2279 trementem
2098 2231 2448 2278 sermones
2498 2209 2658 2278 Dei?
2721 2209 3168 2295 Liquefactum

666 2300 891 2367 statim
942 2313 1006 2368 et
1056 2320 1225 2387 pene
1276 2299 1705 2388 perterritum
1758 2298 1963 2366 amici
2015 2312 2250 2387 pectus
2291 2298 2537 2367 iterum
2605 2298 2853 2367 blande
2914 2298 3165 2372 refovet,

667 2409 747 2456 ac
790 2400 993 2455 totam
1033 2386 1350 2456 cellulam
1381 2388 1548 2455 tanti
1591 2388 1747 2455 miri
1774 2387 2001 2455 odoris
2028 2387 2391 2476 flagrantia
2434 2386 2666 2476 replet,
2709 2401 2784 2456 ut
2824 2399 3097 2476 raptum
3123 2407 3174 2453 se

664 2476 1060 2556 aestimanS,
1105 2474 1399 2567 paradisi
1450 2476 1717 2548 deliciis
1748 2477 2076 2546 interesse
2131 2476 2478 2565 cogitaret,
2514 2488 2577 2545 et
2609 2476 2976 2565 quasijam
3017 2475 3175 2544 labo·

666 2588 820 2636 rum
852 2588 1136 2643 securus
1168 2619 1183 2645 ,
1220 2565 1515 2634 diceret:
1547 2571 1714 2634 Ecce
1738 2565 2119 2635 haereditas
2161 2565 2452 2634 Domini.
2490 2570 2629 2633 Non
2663 2565 2831 2633 mihi
2861 2587 3053 2634 nunc
3081 2584 3176 2654 pet·

664 2656 805 2725 Scri
870 2670 1173 2724 turarum
1203 2665 1391 2744 prata
1427 2654 1682 2743 ingenii
1714 2654 2072 2723 ducendus
2095 2653 2504 2732 estrivulus,
2536 2654 2700 2740 quid
2736 2653 3172 2726 innocentiae,

660 2677 860 2832 quidJ
880 2743 1341 2834 simplicitatis
1380 2742 1700 2812 columba
1736 2743 2045 2811 videatur
2085 2742 2367 2811 habere:
2406 2765 2533 2811 cur
2568 2743 2634 2811 in
2675 2765 2752 2810 ea
2786 2743 3087 2833 Spiritus
3123 2745 3174 2809 S.

662 2855 871 2923 super
923 2833 1338 2922 baptizatum
1415 2831 1758 2901 Christum
1816 2831 2079 2920 legatur
2128 2832 2579 2918 requievisse:
2634 2845 2753 2901 aut
2813 2854 2940 2900 cur
2996 2833 3062 2901 in
3116 2852 3180 2897 ea

600 2964 617 2978 =
661 2922 956 3022 Angelus
995 2921 1225 2992 electis
1279 2920 1390 2989 Dei
1430 2920 1641 2990 soleat
1676 2942 2025 3007 apparere.
2085 2921 2276 2988 Dives
2308 2933 2408 2990 est
2452 2920 2536 2988 ad
2593 2919 3018 3006 loquendum
3054 2942 3182 2988 ma-

663 3022 830 3078 teria
862 3065 877 3090 ,
929 3025 993 3080 et
1040 3024 1434 3079 sanctarum
1502 3009 2002 3098 scripturarum
2057 3009 2465 3078 testimoniis
2514 3009 2790 3078 abunde
2854 3009 3053 3087 trita,
3112 3007 3182 3076 de

657 3119 951 3183 quarum
1021 3099 1202 3166 fonte
1267 3099 1391 3167 etsi
1458 3099 1690 3166 minus
1752 3099 1950 3167 nobis
1998 3111 2430 3186 suppeteret,
2491 3121 2846 3186 possemus
2899 3113 3178 3167 mutare.

662 3186 787 3255 Sed
838 3185 920 3254 ad
973 3185 1107 3254 alia
1155 3186 1502 3255 festinanti
1556 3188 1681 3255 hoc
1731 3185 1951 3255 solum
2005 3186 2302 3257 sufficiat
2350 3187 2642 3265 dixisse,
2698 3187 2936 3255 merito
2988 3206 3183 3276 super

659 3297 815 3344 eum
884 3274 948 3341 in
1006 3274 1325 3343 columba
1372 3280 1463 3343 An
1520 3275 1704 3345 elum
1769 3275 2054 3353 venisse,
2115 3276 2233 3362 qui
2284 3275 2687 3344 columbina
2752 3275 2996 3365 plenus
3053 3287 3185 3343 erat

661 3363 1136 3452 simplicitate:
1174 3363 1412 3432 merito
1464 3299 1657 3432 fflum
1712 3364 1986 3434 odorem
2029 3363 2337 3433 divinum
2391 3364 2729 3443 hausisse,
2782 3364 2901 3451 qui
2951 3385 3184 3433 secura

658 3452 1080 3522 conscientia
1144 3465 1401 3540 poterat
1464 3451 1725 3521 dicere:
1784 3452 2028 3523 Christi
2090 3455 2309 3522 bonus
2362 3453 2530 3522 odor
2578 3475 2823 3522 sumus
2883 3454 2946 3519 in
3001 3450 3187 3521 omni

658 3540 828 3611 loco.
886 3546 1049 3611 Cum
1102 3562 1257 3610 vero
1306 3543 1692 3610 recessisset
1725 3542 1916 3622 visi0,
1960 3542 2027 3609 in
2067 3564 2137 3611 se
2173 3541 2466 3623 rediens,
2512 3554 2576 3610 et
2625 3541 2935 3630 vigilanti
2960 3541 3188 3609 animo

656 3652 937 3699 causam
988 3628 1364 3699 discutiens
1396 3683 1410 3708 ,
1463 3630 1646 3698 velut
1693 3631 1750 3699 si
1801 3631 2178 3699 addidisset
2238 3629 2462 3699 oleum
2529 3632 2894 3710 flammae,
2952 3628 3188 3718 majori

657 3718 887 3788 adhuc
936 3719 1163 3787 Sancti
1214 3717 1510 3807 Spiritus
1555 3718 1834 3787 accendi
1874 3740 2140 3787 amore:
2197 3741 2327 3787 non
2381 3719 2552 3799 dies,
2610 3741 2741 3788 non
2798 3731 3028 3788 noctes
3079 3741 3187 3787 va-

657 3827 836 3887 care,
890 3820 953 3877 et
998 3807 1325 3896 deinceps
1374 3807 1439 3874 in
1492 3806 1758 3875 coelum
1811 3807 2147 3877 clamare:
2203 3812 2349 3877 Heu
2396 3809 2599 3887 mihi,
2652 3810 2818 3898 quia
2867 3808 3191 3877 incolatus

657 3919 843 3966 meus
887 3899 1131 3985 prolun
1185 3906 1336 3964 atus
1384 3906 1514 3965 est:
1567 3896 1874 3964 habitavi
1917 3919 2066 3964 cum
2095 3897 2548 3967 habitantibus
2599 3898 2813 3968 Cedar
2873 3902 2978 3965 Px.
3010 3896 3184 3982 ⁴⁴9).

748 3988 784 4071 ξ
836 3990 980 4056 21.
1035 3919 1493 4071 Sugsequitur
1520 3983 1603 4052 de
1641 3983 1981 4055 thesauris
2031 3986 2142 4054 Dei
2226 3985 2546 4055 loriosum
2589 3987 2853 4055 miracu
2888 4008 3030 4063 um,
3077 4005 3193 4074 per

656 4073 838 4160 quod
889 4072 1009 4160 qui
1059 4072 1492 4143 desiderabat
1530 4071 1811 4141 dissolvi
1843 4086 2094 4142 etcum
2132 4079 2173 4143 C
2205 4076 2394 4144 tristo
2426 4096 2598 4152 esse,
2638 4074 3012 4143 clementer
3040 4094 3190 4141 con·

657 4161 1028 4231 solaretur:
1082 4175 1145 4230 et
1185 4162 1305 4249 qui
1346 4162 1678 4231 hactenus
1712 4161 2066 4231 studuerat
2101 4163 2451 4233 lucernam
2490 4163 2871 4233 sanctitatis
2906 4164 3188 4232 abscon·

657 4250 816 4319 dere
864 4252 995 4320 sub
1048 4250 1273 4320 modio
1321 4250 1755 4330 humilitatis,
1816 4251 1885 4318 in
1939 4262 2070 4320 tota
2120 4253 2375 4321 summi
2426 4253 2631 4342 Regis
2681 4252 3032 4342 republica
3066 4247 3187 4318 mi·

656 4339 962 4408 rabiliter
1013 4339 1582 4410 manifestaretur.
1640 4340 1856 4409 Medio
1905 4339 1971 4408 in
2027 4353 2258 4410 centro
2306 4340 2405 4410 sol
2456 4341 2853 4412 aestuabat:
2890 4337 3187 4430 populus
