3347 4999
240 346 412 413 OCT.
466 349 551 413 22
994 339 1072 411 152
1119 365 1175 412 s.
1228 363 1493 412 Aaaaclo
1540 365 1638 412 ΕΡ.
1685 364 2019 412 manum..
2550 322 2685 413 '655

236 450 599 534 auxilium,
620 473 824 539 quem
842 450 949 540 (ut
973 471 1132 519 cum
1161 449 1394 519 divino
1416 448 1640 519 dicam
1667 449 1948 538 Davide)
1970 449 2128 519 odio
2153 448 2500 521 habebant
2525 450 2765 542 gratia,

237 550 303 609 et
341 562 476 610 non
529 541 961 611 sustinebant
1007 539 1293 608 adorare
1342 550 1691 625 tamquam
1745 560 1979 608 verum
2035 544 2270 608 Deum.
2324 539 2448 608 Ille
2495 552 2769 611 autem:

238 650 275 694 «
309 632 595 720 Accepta
642 629 921 716 quidem
962 638 1085 708 est,
1141 627 1386 714 inquit,
1435 627 1633 698 nobis
1682 638 1801 697 tua
1847 627 2186 697 voluntas:
2232 627 2350 697 sed
2403 649 2527 698 nos
2580 627 2774 699 nullo

236 738 314 786 cx
350 718 458 799 iis,
510 739 686 806 quae
732 730 896 788 sunt
941 715 1127 806 apud
1164 738 1302 796 voa,
1355 715 1801 795 delectamur,
1853 716 2077 803 utqui
2114 737 2358 785 vanam
2393 716 2574 786 hanc
2614 738 2771 807 spe-

236 805 411 875 ciem
459 806 873 896 jampridem
922 805 1399 895 expuerimus:
1451 818 1517 874 et
1548 804 1805 890 alioqui
1843 826 1967 873 nec
2002 804 2312 874 mercede
2361 806 2775 895 praebemus

238 895 521 984 gratiaS,
574 917 752 982 quae
816 893 1014 963 nobis
1075 916 1116 962 a
1173 898 1306 963 Deo
1352 892 1550 963 datae
1610 906 1821 974 sunt,
1947 894 2112 964 ratis
2173 907 2486 983 accepta,
2562 894 2775 984 gratis

237 1004 514 1071 quoque
559 984 725 1054 dare
754 982 961 1075 jussi.
1006 981 1131 1052 Sed
1192 981 1316 1052 ubi
1361 996 1485 1061 est,
1549 982 1797 1068 inquit,
1854 983 1899 1052 fi
1934 984 2044 1052 ia?
2086 1005 2121 1049 »
2172 983 2495 1052 Faustina
2542 994 2773 1052 autem

238 1093 449 1159 quam
504 1073 723 1162 potuit
770 1071 1124 1142 celerrime
1188 1071 1405 1140 currit
1454 1072 1521 1139 in
1576 1070 1986 1150 thalamum,
2035 1084 2103 1140 et
2148 1084 2498 1162 acceptam
2557 1070 2774 1140 filiam

240 1162 523 1231 attrahit
569 1161 653 1231 ad
707 1166 1032 1232 Sanctum
1081 1160 1599 1247 quammaximo
1646 1158 1892 1228 ardore
1939 1171 2004 1229 et
2051 1159 2278 1231 studio
2338 1160 2476 1229 dici
2529 1170 2771 1249 potest.

240 1249 547 1320 Puellam
615 1272 771 1321 vero
837 1248 1234 1318 inhabitans
1296 1248 1869 1318 sceleratissimus
1917 1248 2234 1327 daemon,
2299 1270 2460 1319 cum
2523 1270 2779 1339 cogno-

241 1338 452 1409 visset
499 1360 569 1408 se
625 1339 713 1408 ad
768 1360 925 1409 eum
975 1336 1251 1418 abduci,
1298 1358 1336 1406 a
1384 1358 1520 1424 quo
1570 1336 1829 1407 sciebat
1876 1359 1948 1407 se
1995 1338 2191 1427 prius
2231 1337 2444 1408 fuisse
2492 1358 2778 1429 supera-

242 1437 419 1508 tum,
464 1428 895 1518 discerpebat
936 1425 1260 1515 puellam,
1299 1439 1363 1494 et
1401 1425 1802 1513 dejiciebat:
1860 1426 2118 1507 timere,
2166 1426 2590 1507 conturbari,
2648 1440 2778 1495 tre-

244 1536 455 1598 mere,
509 1516 808 1606 caligare
855 1515 1167 1585 faciebat.
1227 1514 1477 1583 Deinde
1535 1515 1739 1584 etiam
1805 1535 2035 1584 vocem
2104 1537 2183 1583 ex
2251 1537 2328 1585 ea
2376 1515 2773 1597 emittebat,

243 1603 614 1674 dicentem:
653 1610 844 1684 Ecce,
880 1603 1139 1684 Aberci,
1173 1624 1299 1692 ego
1332 1617 1394 1672 te
1427 1609 1714 1673 Romam
1762 1602 1953 1684 duxi,
2002 1603 2363 1682 sicutsum
2405 1604 2775 1694 pollicitus,

245 1692 371 1762 Ille
420 1706 682 1763 autem:
738 1698 947 1775 Certe,
1007 1692 1281 1778 inquit:
1336 1692 1451 1761 sed
1504 1713 1939 1779 nequaquam
2010 1706 2366 1781 propterea
2415 1692 2773 1782 gaudebis.

245 1781 357 1850 Sic
405 1783 599 1862 dixit,
652 1795 718 1851 et
755 1782 953 1872 jubet
1001 1780 1301 1904 puellam
1351 1781 1511 1850 duci
1565 1781 1696 1849 sub
1744 1780 1881 1849 dio.
1941 1785 2151 1850 Ducta
2203 1792 2306 1850 est
2343 1803 2508 1871 ergo
2546 1780 2779 1871 puella

246 1890 370 1958 per
416 1871 966 1961 Hippodromum
1040 1923 1060 1949 ,
1115 1891 1273 1939 cum
1327 1868 1768 1959 Imperatoris
1825 1869 2151 1940 satellites
2205 1882 2270 1938 et
2317 1869 2632 1940 custodes
2682 1870 2783 1937 lo-

244 1980 407 2028 cum
460 1961 655 2050 prius
703 1970 1179 2049 occupassent.
1257 1960 1533 2027 Interim
1613 1970 1840 2027 autem
1903 1979 2060 2027 cum
2131 1956 2244 2026 ille
2302 1958 2672 2049 impudens
2717 1970 2782 2027 et

245 2046 623 2118 sceleratus
668 2048 961 2117 daemon
1001 2047 1415 2137 discerperet
1460 2059 1525 2116 et
1550 2046 1871 2132 dejiceret
1905 2046 2231 2137 puellam,
2269 2061 2335 2117 et
2381 2047 2554 2117 nihil
2590 2046 2781 2116 aliud

244 2133 599 2216 clamaret,
673 2137 806 2206 nisi
868 2135 1052 2223 quod
1118 2135 1340 2205 solum
1394 2134 1831 2225 significabat
1885 2157 1958 2206 se
2013 2135 2318 2225 gloriari,
2372 2148 2437 2206 et
2476 2135 2776 2225 jactare,

244 2224 428 2309 quod
486 2247 604 2315 per
652 2247 724 2294 se
761 2224 1069 2294 duxisset
1118 2228 1441 2293 Sanctum
1506 2245 1624 2313 per
1672 2235 1936 2292 tantum
1991 2236 2208 2294 terrae
2262 2237 2327 2294 et
2374 2226 2588 2295 maris
2621 2246 2782 2314 spa-

248 2312 459 2381 tium:
506 2313 797 2384 sublatis
844 2314 913 2382 in
954 2312 1219 2382 coelum
1271 2312 1516 2391 oculis,
1561 2312 1909 2393 AberciuS,
1948 2335 2106 2382 cum
2161 2318 2373 2382 Deum
2422 2325 2597 2384 esset
2631 2335 2783 2404 pre-

247 2412 468 2482 catus,
538 2402 840 2493 puellam
901 2402 1149 2471 acriter
1210 2401 1534 2480 intuetur,
1580 2413 1681 2482 et;
1739 2402 1903 2470 «Ab
1962 2423 2065 2482 ea,
2119 2402 2368 2489 inquit,
2434 2402 2777 2492 egredere,

248 2490 554 2582 maligne
586 2491 904 2572 daemon,
960 2491 1181 2581 ipsam
1233 2490 1403 2559 nihil
1455 2489 1833 2560 offendens.
1876 2489 2025 2561 Tibi
2065 2490 2190 2562 hoc
2231 2492 2428 2580 jubet
2475 2491 2785 2563 Christus

249 2599 551 2650 meus.»
601 2585 666 2652 Is
730 2602 908 2660 vero,
965 2579 1237 2649 leonina
1286 2578 1405 2648 ina
1459 2579 1752 2649 audacia
1817 2580 2042 2649 statim
2111 2586 2372 2650 mutata
2421 2581 2489 2649 in
2558 2581 2785 2670 vulpis

250 2667 727 2750 timiditatem;
767 2692 804 2736 «
855 2668 1107 2758 Adjuro
1156 2679 1216 2737 te
1280 2689 1406 2759 ego
1450 2689 1762 2756 quoque,
1820 2668 2064 2756 inquit,
2118 2691 2239 2759 per
2302 2670 2529 2769 ipsum
2594 2669 2786 2738 Chri-

248 2768 461 2839 stum,
509 2780 592 2827 ne
643 2779 751 2828 me
801 2759 1028 2829 mittas
1078 2758 1146 2826 in
1201 2756 1669 2837 solitudinem,
1725 2778 1946 2843 neque
1991 2757 2213 2825 ullum
2257 2756 2469 2826 alium
2525 2756 2779 2839 locum,

247 2845 385 2915 nisi
436 2847 505 2915 in
558 2868 743 2927 eum,
791 2848 856 2914 in
909 2867 1046 2934 quo
1094 2845 1513 2915 habitabam.
1558 2869 1594 2912 »
1630 2849 1921 2914 Sanctus
1970 2857 2233 2914 autem:
2288 2869 2323 2911 «
2357 2844 2588 2914 Abibis
2633 2845 2788 2933 qui-

246 2933 431 3017 dem,
487 2935 734 3023 inquit,
794 2956 928 3004 non
989 2935 1057 3003 in
1108 2934 1574 3013 solitudinem,
1639 2933 1865 3004 sedin
1912 2932 2139 3003 locum
2201 2946 2584 3024 paternum.
2629 2939 2788 3003 Pro-

246 3035 477 3124 pterea
519 3039 773 3104 autem,
824 3023 1006 3111 quod
1066 3045 1174 3092 me
1221 3022 1439 3092 fecisti
1503 3022 1729 3092 videre
1777 3027 2090 3100 Romam,
2148 3022 2293 3112 ipse
2340 3042 2612 3108 quoque
2660 3022 2785 3091 tibi

238 3112 455 3201 Jubeo
496 3113 562 3181 in
601 3113 879 3183 nomine
930 3112 1113 3188 lesu,
1159 3125 1236 3181 ut
1286 3111 1462 3181 hanc
1496 3133 1684 3181 aram
1740 3109 1938 3179 tollas
2000 3111 2090 3192 (ei
2139 3132 2355 3180 manu
2420 3110 2787 3181 ostendens

247 3222 440 3271 aram
479 3199 876 3291 lapideam),
931 3213 997 3270 et
1042 3200 1221 3270 feras
1270 3221 1488 3287 usque
1536 3199 1619 3268 ad
1656 3220 1878 3267 meam
1922 3199 2368 3288 Hierapolim,
2413 3211 2479 3269 et
2525 3210 2788 3270 statuas

246 3302 528 3380 propter
560 3301 822 3379 portam
856 3288 1260 3359 Australem.
1299 3310 1334 3354 »
1384 3287 1653 3356 Audivit
1700 3287 2016 3366 daemon,
2062 3301 2126 3358 et
2156 3288 2381 3358 statim
2422 3300 2778 3376 tamquam

249 3400 517 3458 servus,
578 3378 702 3465 qui
752 3377 1042 3448 terribili
1094 3377 1377 3446 domino
1415 3375 1659 3445 didicit
1710 3374 1949 3445 cedere
1998 3377 2067 3444 in
2124 3377 2473 3460 omnibus»,
2534 3377 2789 3447 recedit

247 3466 530 3553 quidem
581 3488 621 3534 a
669 3464 923 3555 puella,
979 3464 1152 3534 nihil
1202 3465 1263 3533 ei
1312 3465 1595 3534 omnino
1643 3464 1807 3533 mali
1844 3463 2124 3536 faciens.
2181 3466 2432 3536 Deinde
2472 3467 2788 3535 innume-

248 3555 595 3628 rabilibus
628 3554 850 3623 oculis
883 3553 1274 3623 videntibus
1319 3553 1402 3643 (Ο
1449 3553 1606 3640 quis
1677 3567 1792 3624 tua
1837 3555 2070 3624 omnia
2121 3576 2253 3623 non
2304 3555 2783 3636 admirabitur,

250 3648 393 3715 Rex
453 3642 821 3731 Christel),
874 3664 1061 3712 aram
1100 3642 1307 3721 subit,
1364 3653 1428 3711 et
1477 3641 1651 3711 tollit
1711 3642 2007 3733 graviter
2050 3664 2356 3734 gemens,
2419 3656 2485 3714 et
2547 3643 2790 3714 transit

250 3754 374 3822 per
446 3731 751 3801 medium
820 3731 952 3821 Hip
1004 3730 1368 3801 odromum
1439 3729 1673 3819 (quod
1733 3731 2012 3818 quidem
2083 3732 2304 3800 visum
2371 3744 2471 3802 est
2534 3753 2789 3801 novum

249 3820 583 3893 Romanis
633 3831 954 3910 spectacu
988 3819 1183 3908 um),
1221 3833 1285 3888 ct
1324 3818 1605 3908 deponit
1652 3819 2000 3910 Hierapoli
2050 3820 2118 3889 in
2162 3819 2310 3891 loco
2359 3820 2783 3911 praestitum.

338 3914 575 4000 §22
640 3908 872 3979 Puella
919 3920 1145 3978 autem
1197 3907 1482 3977 liberata
1550 3929 1590 3976 a
1653 3907 2026 3991 daemone,
2095 3910 2217 3997 qui
2277 3929 2428 3978 eam
2479 3908 2783 3991 vexabat,

250 4013 444 4070 muta
493 3999 695 4089 longo
736 4010 1038 4087 tempore
1086 3997 1305 4067 tenuit
1354 3996 1583 4066 Sancti
1627 3997 1877 4087 pedes:
1930 3997 2112 4084 quod
2152 4008 2464 4079 matrem,
2524 4010 2593 4066 et
2642 4018 2784 4081 eoa,

249 4089 369 4173 qui
405 4086 713 4169 aderant,
783 4087 1079 4156 maxime
1138 4085 1614 4167 conturbabat,
1675 4087 1990 4156 timentes
2039 4108 2124 4155 ne
2164 4086 2434 4176 puellae
2482 4086 2789 4155 animam

253 4176 648 4247 abstulisset
694 4176 1011 4246 daemon.
1068 4175 1391 4245 Faustina
1438 4185 1665 4244 autem
1720 4196 1853 4243 non
1909 4176 2127 4264 potuit
2176 4176 2304 4245 hoc
2361 4173 2535 4245 ferre
2583 4175 2791 4245 silen-

256 4263 371 4333 tio:
412 4265 526 4335 sed
563 4265 828 4336 habens
859 4286 976 4335 cor
1023 4263 1308 4354 plenum
1345 4263 1618 4333 tristitia
1649 4274 1716 4333 et
1745 4284 1999 4354 angore
2032 4264 2271 4345 animi,
2310 4263 2482 4334 dixit
2514 4268 2785 4335 Sancto:

260 4373 297 4418 α
326 4356 510 4423 Certe
556 4376 714 4425 cum
748 4354 1083 4424 daemone
1131 4353 1336 4423 vitam
1373 4373 1646 4440 quoque
1694 4352 2015 4422 ademisti
2043 4352 2250 4423 filiae.
2305 4378 2331 4418 ι
2387 4354 2509 4424 Ille
2557 4365 2787 4425 autem

306 4479 333 4506 ¹·
360 4481 463 4522 Non
480 4484 643 4531 putem
660 4480 737 4524 hic
755 4483 812 4525 de
833 4483 958 4524 circo
977 4480 1168 4532 publico
1187 4480 1277 4532 agi,
1300 4481 1383 4523 aad
1405 4480 1462 4522 de
1481 4480 1567 4521 nlo
1586 4480 1713 4529 quod
1730 4480 1857 4522 intra
1877 4477 2045 4531 psl-tii
2065 4482 2201 4531 septa
2220 4480 2335 4522 erat.
