3347 4999
206 309 377 375 OCT.
432 310 512 374 ⁴7
1090 329 1167 374 na
1216 327 1269 374 s.
1324 324 1620 375 nEnwmss
1668 328 1860 375 vaA
2515 314 2642 377 507

209 417 507 502 Surgens
540 412 841 491 tandem,
880 412 1116 482 crebro
1150 412 1449 501 repetitis
1482 411 2099 513 genuflectionibus
2149 412 2527 484 honorabat
2569 437 2726 484 eum

205 502 321 587 qui
365 523 488 590 pro
548 500 744 570 nobis
794 501 985 572 flexis
1040 501 1333 590 genibus
1394 500 1748 570 irridicule
1799 500 2121 569 adoratus
2182 514 2304 570 est.
2363 508 2727 590 Nunquam

204 589 381 659 inter
427 590 765 659 orandum
807 590 950 659 visa
989 602 1088 658 est
1136 588 1410 658 sedere:
1465 590 1792 658 sed.cum
1857 589 2354 690 aliquantisper
2411 594 2724 671 stetisset,

205 677 431 749 subito
483 679 550 746 in
616 678 801 747 nuda
836 700 1056 768 genua
1097 677 1630 766 procumbebat,
1682 678 1750 745 in
1803 678 2056 764 quibus
2098 677 2256 746 calli
2290 692 2730 749 excreverunt

204 767 682 857 magnitudine
730 766 1023 837 duorum
1060 787 1370 845 ovorum,
1404 780 1545 846 aut,
1601 776 1677 835 ut
1724 764 1841 833 alii
1892 779 2232 847 asserunt,
2298 768 2415 855 qui
2472 789 2586 837 eos
2631 770 2728 835 vi-

203 854 498 937 derunt,
553 856 849 925 duorum
904 876 1346 945 pugnorum,
1400 856 1588 941 iique
1649 854 1936 923 hiberno
1993 866 2125 923 tem
2182 877 2296 924 ore
2353 878 2461 925 ma
2517 857 2572 927 is
2625 857 2730 925 in-

204 944 701 1014 tumescebant:
777 943 888 1012 sed
943 944 1130 1013 hunc
1192 943 1588 1013 thesaurum
1654 941 1768 1011 illa
1833 965 1951 1031 pro
2005 943 2127 1011 viri
2182 967 2265 1014 us
2317 966 2483 1014 occu
2521 945 2725 1026 tabat,

203 1054 329 1101 nec
369 1034 696 1120 cuiquam
734 1034 1050 1122 cognitus
1088 1032 1241 1112 tuit,
1286 1032 1399 1100 illa
1458 1033 1741 1111 vivente,
1797 1032 1931 1100 nisi
1983 1032 2425 1122 paucissimis
2455 1032 2730 1103 feminis

202 1120 305 1189 illi
353 1120 881 1192 famulantibus.
950 1121 1286 1191 Nimirum
1329 1121 1438 1190 his
1490 1119 1608 1189 illa
1655 1121 1763 1190 Dei
1815 1120 2037 1190 amica
2075 1120 2428 1191 charitatis
2489 1134 2730 1190 ornata

203 1209 598 1301 insignibus
638 1265 653 1291 ,
712 1231 943 1279 coram
1006 1209 1257 1279 Dilecto
1305 1208 1700 1299 apparebat,
1762 1208 1871 1277 his
1928 1209 2042 1277 illa
2107 1210 2405 1279 enitebat
2467 1232 2735 1301 marga-

204 1298 376 1369 ritis.
433 1304 611 1368 Haec
659 1299 913 1368 amoris
964 1297 1299 1388 symbola,
1360 1313 1521 1388 puta
1564 1297 1777 1367 callos
1825 1299 1890 1365 in
1956 1299 2272 1397 genibus,
2328 1298 2614 1369 fissuras
2658 1300 2728 1368 in

206 1387 530 1456 manibus
581 1399 647 1456 et
686 1386 1003 1476 pedibuS‚
1063 1385 1424 1477 plagarum
1480 1386 1727 1456 livores
1763 1387 1831 1454 in
1867 1386 2148 1474 reliquis
2187 1388 2513 1458 membris
2543 1386 2725 1487 apud

204 1497 276 1545 se
325 1498 596 1566 semper
638 1473 1152 1556 circumferenS,
1215 1474 1445 1543 dilecti
1480 1498 1550 1544 se
1581 1475 1936 1545 obtutibus
1986 1476 2481 1564 praesentabat.
2537 1481 2731 1561 Ejus-

207 1565 393 1633 modi
444 1564 739 1634 laetitiae
785 1565 1073 1633 canticis
1120 1577 1184 1632 et
1221 1564 1557 1653 jucundis
1605 1563 2072 1645 carminibus,
2114 1586 2360 1654 nempe
2408 1564 2730 1653 suspiriis

202 1665 267 1721 et
301 1654 699 1743 gemitibuS,
753 1658 846 1722 Re
897 1675 1000 1721 em
1062 1651 1496 1722 demulcebat
1546 1653 2070 1741 sempiternum.
2115 1657 2254 1721 Hoc
2306 1653 2728 1722 decachordo

202 1742 556 1823 Psalterio‚
596 1742 724 1811 hac
756 1740 850 1810 du
883 1742 1115 1811 cisona
1152 1740 1438 1821 cithara,
1493 1741 1806 1810 videlicet
1845 1740 2083 1809 devota
2118 1741 2500 1831 psalmodia
2538 1756 2601 1811 et
2634 1754 2730 1810 at-

204 1832 408 1900 tentis
458 1829 801 1921 precibus,
855 1831 1329 1899 amantissimo
1378 1851 1630 1919 sponso
1666 1829 1926 1919 jugiter
1973 1829 2281 1899 canebat.

294 1922 541 2005 §aa
598 1919 671 1987 Id
722 1940 941 2008 genus
973 1918 1200 1989 cordis
1248 1917 1593 2007 tripudiis,
1654 1917 1762 1989 his
1815 1919 2121 2008 corporis
2168 1919 2497 2008 gestibuS,
2561 1931 2723 2007 puta

205 2007 806 2096 genuflexionibus
853 2019 917 2076 et
968 2007 1542 2097 prostrationibus
1601 2006 1878 2076 ludebat
1937 2028 2165 2076 coram
2210 2008 2452 2077 throno
2501 2008 2614 2075 Dei
2668 2019 2732 2076 et

208 2099 420 2184 AgnO,
474 2109 675 2182 atque
707 2096 797 2164 ita
840 2117 920 2164 ex
957 2096 1146 2165 omni
1186 2094 1389 2166 corde
1445 2116 1571 2165 suo
1627 2094 1953 2164 laudabat
1993 2096 2382 2166 Dominum.
2423 2100 2592 2165 Eum
2658 2097 2729 2163 in

206 2182 487 2252 modum
524 2185 725 2253 etiarn
762 2183 989 2254 adhuc
1036 2185 1296 2254 vivente
1353 2184 1621 2265 marit0,
1683 2182 1987 2271 quotidie
2042 2183 2312 2254 divinas
2369 2184 2733 2253 celebravit

203 2269 468 2352 laudes,
514 2284 591 2342 ut
637 2272 723 2341 ab
771 2273 934 2342 hora
988 2272 1320 2343 matutina
1370 2273 1437 2341 in
1483 2272 1735 2361 templo
1787 2286 2243 2361 perseveraret
2282 2274 2350 2341 in
2385 2272 2727 2362 precibus,

201 2357 417 2430 donec
458 2384 497 2430 a
546 2361 849 2441 meridie,
886 2361 1409 2451 pedisequarum
1445 2383 1594 2430 eam
1645 2362 2210 2452 exspectantium,
2252 2362 2484 2431 volens
2523 2362 2735 2431 vitare

206 2447 508 2519 taedium
562 2449 830 2540 potiuS,
883 2472 1090 2538 quam
1162 2471 1288 2520 suo
1336 2448 1762 2520 satisfaciens
1820 2449 2157 2520 desiderio
2189 2506 2204 2532 ‚
2256 2451 2439 2521 venit
2476 2449 2559 2520 ad
2614 2451 2732 2521 ho-

208 2538 491 2627 spitium
546 2561 800 2621 suum,
852 2541 1175 2630 exiguum
1227 2539 1433 2620 illud,
1499 2539 1681 2625 quod
1749 2561 1958 2628 supra
2003 2540 2352 2621 diximus,
2425 2541 2732 2629 corporis

207 2640 574 2717 sumptura
639 2626 1071 2698 alimentum.
1153 2628 1445 2716 Superni
1514 2627 1939 2704 enimillius
2012 2629 2344 2710 convivii,
2424 2628 2539 2696 cui
2595 2641 2731 2697 tota

206 2729 432 2786 mente
472 2715 907 2797 inhaerebat,·
945 2716 1235 2787 dulcedo
1284 2716 1452 2786 adeo
1523 2716 1753 2786 cordis
1800 2715 1988 2786 illius
2035 2729 2310 2807 gustum
2363 2717 2723 2795 affecerat,

198 2815 276 2872 ut
325 2826 472 2873 eam
526 2826 804 2894 sapores
851 2805 1160 2875 alimenti
1189 2805 1493 2896 corporei
1546 2805 1832 2874 minime
1871 2804 2304 2875 delectarent.
2338 2805 2528 2873 Unde
2562 2825 2731 2894 pene

198 2893 506 2979 quotidie
557 2894 1153 2983 contemplationis
1203 2916 1367 2963 suae
1426 2893 1707 2963 ferculis
1755 2894 2053 2974 intenta,
2106 2907 2170 2963 et
2218 2895 2523 2962 internae
2570 2914 2729 2961 con-

201 2982 559 3052 solationis
610 2983 765 3053 vino
814 2983 1092 3063 refecta,
1146 2984 1256 3052 vix
1305 2983 1433 3054 sub
1499 2983 1735 3052 horam
1790 2982 2242 3082 vespertinam
2294 2981 2528 3051 cibum
2577 3002 2722 3050 cor-

196 3072 390 3226 poris
438 3070 860 3141 admittebat.
914 3077 1073 3141 Tam
1114 3093 1268 3141 vero
1316 3071 1580 3141 ardenti
1629 3070 1971 3140 desiderio
2017 3083 2080 3138 et
2129 3069 2445 3159 flagranti
2497 3091 2731 3139 amore

223 3161 543 3228 erebatur
590 3159 657 3227 in
717 3164 954 3242 Deum,
1009 3173 1084 3229 ut
1133 3182 1264 3229 non
1320 3159 1520 3230 modo
1587 3160 1884 3248 seipsam
1935 3158 1997 3227 ei
2044 3159 2313 3227 offerret
2363 3179 2481 3248 per
2528 3157 2732 3227 devo-

197 3248 406 3317 tionis
445 3247 870 3328 incendium,
925 3270 1160 3317 verum
1212 3249 1413 3317 etiam
1464 3267 1939 3335 quoscumque
1987 3245 2158 3317 alios
2189 3259 2449 3337 posset,
2505 3246 2731 3316 horta-

196 3351 411 3415 retur,
464 3347 541 3404 ut
586 3335 647 3404 ei
686 3336 791 3425 pie
820 3348 885 3405 et
932 3336 1222 3406 fideliter
1252 3337 1603 3405 servirent.
1636 3337 1729 3404 Ea
1775 3338 1984 3404 causa
2017 3348 2149 3404 tam
2252 3356 2325 3403 er
2373 3356 2466 3417 se,
2515 3357 2726 3422 quam

196 3445 321 3514 per
367 3423 854 3493 administrum
906 3446 1108 3494 suum
1139 3479 1154 3504 ,
1207 3425 1321 3494 cui
1393 3423 1461 3493 id
1512 3446 1595 3492 ne
1645 3424 1764 3493 otii
1827 3423 2127 3504 dederat,
2249 3424 2514 3493 omines
2565 3425 2730 3495 sim-

196 3513 437 3603 pliceS,
496 3512 717 3602 ipsius
750 3511 979 3581 aulam
1032 3512 1561 3600 frequentantes,
1641 3511 1879 3581 ocebat
1911 3512 2219 3583 confiteri
2273 3527 2544 3603 peccata
2576 3535 2724 3593 sua,

194 3615 259 3672 et
309 3622 543 3680 orare,
596 3614 659 3670 et
704 3613 964 3670 caetera
1014 3623 1189 3688 quae
1238 3601 1322 3669 ad
1373 3600 1762 3669 animarum
1808 3601 2095 3671 salutem
2150 3601 2509 3691 pertinent.
2549 3606 2734 3671 Inter

205 3691 384 3759 alias
449 3688 582 3778 ipsi
632 3690 1097 3760 ministrantes
1143 3689 1437 3759 feminas
1483 3689 1777 3759 babebat
1825 3689 2317 3771 Lavandriam,
2373 3688 2730 3760 mulierem

197 3777 681 3869 grandaevam,
737 3778 1125 3847 Dominicae
1190 3777 1516 3847 orationis
1586 3800 1871 3869 prorsus
1945 3779 2283 3869 ignaram.
2337 3782 2496 3846 Eam
2547 3790 2734 3848 tanto

202 3867 434 3937 studio
480 3867 631 3956 ipsa
681 3866 913 3936 docuit
959 3868 1334 3937 orationem
1397 3867 1634 3948 illam,
1702 3879 1778 3937 ut
1826 3868 1909 3936 ad
1981 3868 2213 3936 decem
2265 3865 2733 3936 hebdomadas

203 3959 407 4025 etiam
460 3954 774 4026 noctibus
800 3977 950 4023 eam
987 3955 1118 4026 sibi
1168 3954 1405 4024 adesse
1430 3954 1741 4036 voluerit,
1796 3969 1860 4025 et
1909 3957 1973 4023 in
2017 3953 2361 4033 cubiculo,
2413 3976 2549 4041 quo
2583 3956 2734 4044 ipsa

207 4043 525 4124 cubabat,
583 4057 737 4112 ante
789 4044 1036 4113 lectum
1067 4066 1269 4113 suum
1324 4065 1725 4133 permanere
1750 4057 1815 4113 et
1841 4065 2159 4113 somnum
2210 4064 2474 4132 capere:
2527 4043 2734 4130 idque

202 4130 531 4214 fortassis,
586 4146 660 4202 ut
709 4134 909 4202 verba
959 4154 1190 4202 sacrae
1238 4134 1605 4212 orationiS,
1660 4153 1838 4221 quae
1886 4132 2192 4202 interdiu
2242 4133 2375 4220 ipsi
2426 4132 2734 4201 inculca-

211 4234 414 4297 verat,
472 4222 785 4293 noctibus
825 4242 1096 4378 quogue
1132 4243 1280 4290 eam
1334 4222 1685 4291 ruminare
1732 4234 2022 4311 cogeret,
2068 4234 2272 4308 atque
2306 4220 2393 4290 ita
2425 4222 2734 4292 tenacius

212 4311 579 4379 memoriae
650 4331 963 4380 commen
1018 4331 1155 4379 are.
1213 4311 1526 4380 Maritum
1583 4331 1857 4397 quoque
1908 4331 2160 4388 suum,
2241 4322 2318 4379 ut
2385 4310 2733 4379 continuis

209 4396 479 4483 pietatis
509 4400 848 4470 exercitiis
884 4398 1125 4470 salutis
1149 4398 1445 4469 fructum
1483 4401 1819 4489 optimum
1858 4397 1920 4466 ei
1954 4397 2334 4478 cumulare,
2369 4399 2733 4489 praecipue
