3347 4999
182 328 367 394 OCT.
423 328 460 391 4
1054 343 1130 387 DE
1178 343 1234 388 s.
1291 339 1867 388 rnameisco‘coxr.
2521 324 2645 387 1149

184 440 632 500 accusantem
687 427 861 495 dura
912 427 1331 494 correctione
1391 426 1658 494 cunctis
1719 424 1923 492 redde
1964 424 2357 493 notabilem.
2411 430 2742 494 Nonnun-

183 540 401 606 quam
456 537 610 584 vero
658 537 844 594 eum,
899 515 1021 601 qui
1068 513 1342 583 fratrem
1396 535 1600 581 suum
1652 512 1874 581 famae
1909 512 2124 601 gloria
2168 514 2514 602 spoliaret,
2550 514 2744 600 judi-

185 610 394 677 cabat
442 605 685 674 habitu
735 602 1175 693 spoliandum
1214 625 1229 682 ;
1286 624 1406 670 nec
1442 600 1525 668 ad
1570 601 1927 671 Dominum
1967 601 2202 670 oculos
2245 623 2441 690 posse
2492 603 2734 681 levare,

188 697 328 765 nisi
361 693 555 784 prius
581 691 762 779 quod
799 690 1201 772 abstulerat,
1242 691 1525 760 reddere
1560 711 1684 779 pro
1718 711 1918 779 posse
1951 702 2243 758 curaret.
2281 695 2492 759 Tanto
2529 693 2746 778 major

188 801 319 864 est,
373 782 650 871 ajebat,
707 781 1166 851 detractorum
1219 780 1573 870 impictaS‚
1626 800 1834 865 quam
1889 778 2284 864 latronum;
2335 794 2591 865 quanto
2666 802 2745 848 ex

191 872 466 948 Christi,
518 892 696 958 quae
744 872 815 940 in
863 869 1292 940 observantia
1345 867 1614 958 pietatis
1664 866 2014 955 impletur,
2056 867 2277 957 magis
2317 867 2734 948 animarum,

188 985 401 1048 quam
445 981 838 1048 corporum,
896 980 1021 1027 nos
1067 957 1435 1047 adstringit
1491 970 1726 1044 optare
1775 954 2093 1025 salutem.
2147 955 2425 1026 Afflictis
2472 978 2743 1044 quoque

191 1049 687 1137 qualicumque
734 1045 1073 1138 corporali
1128 1045 1459 1126 molestia,
1516 1045 1691 1114 mira
1732 1045 2236 1132 compassionis
2283 1044 2742 1114 teneritudine

190 1137 780 1214 condescendens,
834 1137 892 1205 si
941 1134 1109 1222 quid
1164 1135 1517 1224 penuriae,
1558 1136 1615 1201 si
1646 1128 1813 1220 quid
1850 1132 2154 1202 defectus
2206 1135 2272 1201 in
2327 1132 2560 1220 aliquo
2594 1156 2742 1203 cer·

194 1241 409 1312 neret,
469 1227 563 1316 pii
611 1226 839 1295 cordis
886 1222 1255 1293 dulcedine
1288 1223 1639 1312 regerebat
1688 1224 1758 1290 in
1801 1222 2170 1291 Christum.
2228 1226 2402 1291 Sane
2447 1222 2746 1291 clemen-

196 1319 360 1386 tiam
417 1314 711 1384 habebat
750 1313 1153 1402 ingenitam,
1203 1333 1410 1398 quam
1467 1309 1903 1401 superinfusa
1956 1310 2202 1379 Christi
2261 1312 2478 1401 pietas
2511 1311 2747 1401 dupli-

197 1405 422 1474 cabat.
475 1409 714 1490 Itaque
763 1401 1183 1488 liquescebat
1230 1400 1507 1469 animus
1555 1401 1707 1489 eJus
1756 1399 1839 1467 ad
1898 1420 2234 1488 pauperes
2266 1413 2330 1468 et
2378 1400 2739 1468 infirmos:

193 1507 260 1563 et
290 1493 547 1580 quibus
591 1513 723 1562 non
764 1503 1024 1581 poterat
1063 1511 1374 1570 manum,
1414 1487 1775 1557 exhibebat
1814 1488 2158 1557 affectum.
2207 1489 2500 1579 Contigit
2534 1488 2743 1557 semel

196 1596 275 1652 ut
315 1582 600 1671 pauperi
643 1579 920 1650 cuidam
953 1577 1456 1668 eleemosynam
1511 1577 1906 1667 importune
1958 1578 2234 1666 petenti,
2295 1599 2479 1647 unus
2526 1599 2562 1645 e
2609 1577 2747 1645 fra-

196 1671 422 1741 tribus
469 1669 715 1738 durius
767 1666 1227 1757 responderet.
1291 1664 1479 1749 Quod
1533 1666 1824 1735 audiens
1884 1687 2265 1755 pauperum
2332 1666 2487 1755 pius
2547 1671 2747 1735 Ama-

197 1774 303 1829 tor
342 1814 356 1838 ,
412 1758 603 1826 fratri
659 1757 1052 1846 praecepit,
1109 1770 1184 1825 ut
1244 1755 1327 1824 ad
1384 1754 1571 1824 illius
1625 1755 1948 1844 pauperis
2016 1754 2220 1843 pedes
2270 1775 2340 1824 se
2407 1754 2744 1823 nudatum

200 1860 704 1937 prosterneret,
763 1845 1213 1935 proclamaret
1260 1843 1679 1933 culpabilem
1714 1897 1733 1922 ,
1790 1843 2119 1912 orationis
2169 1843 2576 1933 suffragium
2634 1865 2748 1931 po-

200 1935 487 2005 stularet
534 1949 598 2002 et
646 1935 939 2002 veniam.
996 1933 1184 2015 Quod
1254 1954 1412 2002 cum
1469 1931 1583 2001 ille
1644 1930 1917 2001 fecisset
1985 1931 2387 2011 humiliter,
2455 1930 2750 2000 dulciter

199 2023 736 2110 Pateradjecit:
792 2046 826 2088 «
869 2028 1032 2091 Dum
1092 2043 1459 2111 pauperem
1517 2021 1704 2089 vides
1736 2075 1750 2098 ,
1803 2043 1843 2089 o
1892 2018 2142 2100 frater,
2198 2020 2556 2110 speculum
2624 2020 2748 2089 tibi

197 2113 611 2210 proponitur
664 2111 952 2188 Domini,
1004 2123 1070 2178 et
1121 2112 1445 2199 pauperis
1481 2110 1711 2178 Matris
1761 2109 1937 2193 eius.
1986 2115 2059 2178 In
2098 2109 2396 2178 infirmis
2432 2108 2750 2178 similiter

199 2200 658 2278 infirmitates,
698 2221 871 2287 quas
911 2199 1312 2288 assumpsit,
1352 2198 1738 2268 considera.
1783 2221 1817 2263 »
1869 2202 2173 2285 Cumque
2209 2199 2279 2266 in
2323 2197 2750 2288 pauperibus

198 2290 469 2357 cunctis
515 2301 579 2357 et
630 2289 774 2378 ipse
823 2286 1452 2357 Christianissimus
1502 2308 1768 2376 pauper
1815 2285 1923 2354 effi
1981 2287 2108 2354 iem
2174 2287 2425 2360 Christi
2476 2287 2749 2376 prospi-

200 2390 404 2458 ceret,
460 2378 516 2445 si
563 2399 697 2464 qua
735 2377 941 2445 etiam
989 2377 1374 2446 necessaria
1414 2377 1587 2445 vitae
1640 2375 1772 2446 sibi
1826 2374 1927 2444 col
1964 2387 2070 2444 ata
2122 2374 2437 2454 fuissent,
2490 2376 2590 2444 eis
2637 2397 2754 2444 oc—

199 2467 639 2536 currentibus
690 2487 823 2536 non
867 2464 1091 2535 solum
1138 2464 1511 2536 liberaliter
1559 2463 1995 2544 conferebat,
2061 2465 2504 2536 verumetiam
2559 2486 2637 2534 ac
2687 2464 2744 2534 si

202 2556 477 2623 illorum
528 2555 804 2644 propria
849 2567 1097 2632 essent,
1132 2554 1490 2644 judicabat
1523 2576 1670 2623 esse
1708 2553 2079 2622 reddenda.

292 2652 328 2724 ἓ
362 2650 524 2715 ὅθ.
568 2643 826 2717 Accidit
855 2642 1090 2723 semel,
1133 2643 1451 2712 uteidem
1491 2642 1804 2712 redeunti
1833 2643 1917 2711 de
1944 2644 2139 2713 Senis
2177 2664 2438 2799 pauper
2466 2642 2748 2728 quidam

199 2747 631 2812 occurreret,
689 2754 849 2801 cum
899 2733 1256 2801 occasione
1322 2731 1746 2801 infirmitatis
1812 2753 2021 2820 super
2086 2732 2172 2799 ha
2228 2733 2397 2799 itum
2478 2730 2752 2819 palliolo

197 2820 497 2907 quodam
548 2835 727 2891 esset
773 2821 1090 2889 amictus.
1146 2820 1358 2908 Cujus
1409 2820 1689 2890 miseria
1734 2820 1934 2897 oculo
1983 2819 2305 2889 clementi
2355 2832 2745 2908 conspecta,

200 2933 235 2975 «
271 2913 566 2998 Oportet,
634 2910 859 2996 inquit
904 2908 987 2977 ad
1024 2910 1315 2989 socium,
1356 2923 1430 2978 ut
1486 2908 1859 2978 reddamus
1898 2909 2277 2977 mantelum
2327 2907 2752 2997 pauperculo

198 2999 334 3068 isti.
375 3004 539 3067 Nam
581 2998 803 3087 ipsius
850 3012 995 3067 est:
1051 3011 1293 3067 mutuo
1342 2998 1525 3065 enim
1572 2999 1798 3086 ipsum
1853 2997 2275 3085 accepimuS,
2324 2995 2539 3064 donec
2576 3017 2745 3084 pau-

198 3087 532 3177 periorem
593 3086 899 3155 invenire
937 3087 1384 3177 contingeret.
1435 3109 1470 3151 »
1523 3088 1766 3156 Socius
1814 3098 2037 3154 autem
2093 3084 2189 3173 pii
2243 3084 2453 3174 patris
2518 3105 2753 3152 neces-

201 3176 467 3246 sitatem
519 3175 1013 3255 considerans,
1083 3174 1523 3265 pertinaciter
1569 3173 1982 3248 obsistebat,
2042 3194 2125 3241 ne
2175 3172 2557 3263 provideret
2604 3172 2745 3253 alii,

200 3285 273 3334 se
322 3263 649 3352 neglecto,
704 3269 780 3333 At
828 3263 989 3332 ille:
1044 3288 1080 3329 «
1117 3269 1242 3333 Pro
1277 3263 1497 3344 furto,
1543 3263 1660 3342 ait,
1712 3261 1883 3330 mihi
1919 3274 2159 3352 reputo
2199 3285 2239 3331 a
2275 3283 2527 3353 magno
2575 3261 2754 3331 elee—

199 3353 595 3440 mosynario
644 3351 1130 3441 imputandum
1164 3407 1179 3433 ‚
1235 3353 1291 3421 si
1342 3352 1471 3421 hoc
1504 3407 1519 3433 ‚
1571 3351 1756 3438 quod
1807 3349 1993 3430 sero,
2047 3372 2184 3420 non
2232 3350 2484 3420 dedero
2532 3350 2753 3440 magis

198 3441 450 3529 egenti.
492 3464 526 3504 »
575 3445 936 3540 Propterea
984 3440 1068 3510 de
1117 3441 1484 3519 omnibus,
1547 3461 1724 3526 quae
1764 3440 1900 3510 sibi
1950 3439 2295 3510 dabantur
2333 3440 2417 3509 ad
2456 3439 2753 3510 necessi-

201 3544 405 3598 tatem
456 3549 766 3617 corporis
802 3528 1247 3599 relevandam
1281 3584 1295 3608 ‚
1351 3527 1596 3598 solitus
1641 3541 1786 3596 erat
1817 3550 1855 3597 a
1890 3528 2217 3598 dantibus
2247 3528 2596 3597 licentiam
2637 3550 2753 3618 pe-

200 3632 362 3695 tere,
418 3631 493 3685 ut
535 3617 715 3686 licite
766 3631 1015 3706 posset,
1068 3618 1124 3687 si
1179 3618 1400 3706 magis
1448 3638 1710 3774 efenus
1759 3632 2172 3695 occurreret,
2206 3639 2321 3686 ero
2373 3639 2510 3686 are.
2567 3616 2751 3686 Nulli

201 3728 487 3796 prorsus
537 3705 634 3774 rei
685 3706 1029 3795 parcebat,
1084 3726 1210 3775 nec
1261 3718 1489 3775 mante
1523 3706 1603 3785 is,
1659 3727 1783 3775 nec
1834 3708 2112 3785 tunicis,
2168 3728 2292 3775 nec
2372 3706 2564 3785 ibris,
2625 3725 2747 3774 nec

199 3796 403 3865 etiam
458 3795 879 3883 paramentis
926 3795 1187 3874 altaris,
1240 3795 1410 3882 quin
1461 3794 1692 3863 omnia
1745 3796 1911 3864 haec
1959 3794 2156 3865 dum'
2183 3806 2431 3884 posset,
2477 3807 2554 3863 ut
2601 3795 2747 3883 pie-

202 3885 356 3954 tatis
399 3882 717 3972 impleret
763 3881 1093 3961 officium,
1150 3883 1252 3952 lar
1304 3883 1535 3953 iretur.
1592 3882 1858 3953 Pluries
1905 3907 2066 3954 cum
2098 3884 2397 3953 oneratis
2449 3882 2754 3953 obviaret

200 3972 269 4041 in
309 3973 411 4040 via
464 3971 912 4061 pauperibuS‚
971 3971 1249 4042 imbecil
1282 3992 1354 4041 es
1414 3970 1740 4042 humeros
1789 3971 2068 4043 illorum
2119 3972 2445 4042 oneribus
2492 3993 2752 4061 suppo-

203 4061 429 4131 nebat.
485 4059 1039 4130 Consideratione
1071 4081 1345 4147 quoque
1378 4060 1642 4150 primae
1682 4061 1972 4151 originis
2003 4060 2343 4143 omnium,
2383 4059 2750 4130 abundan-

202 4150 351 4218 tiori
394 4149 638 4238 pietate
686 4148 1036 4238 repletuS,
1084 4161 1435 4219 creaturas
1481 4149 1992 4237 quantumlibet
2042 4171 2317 4237 parvas,
2366 4148 2596 4218 fratris
2646 4148 2747 4217 vel

205 4238 458 4307 sororis
528 4237 922 4328 appellabat
981 4237 1381 4307 nominibus
1416 4288 1445 4318 ,.
1487 4260 1610 4327 pro
1667 4259 1747 4307 eo
1794 4237 1977 4325 quod
2048 4237 2305 4307 sciebat
2363 4260 2479 4307 eas
2527 4259 2749 4306 unum

206 4347 434 4395 secum
490 4326 737 4396 habere
789 4326 1236 4417 principium.
1292 4326 1452 4395 Illas
1503 4340 1733 4395 tamen
1785 4326 2198 4397 viscerosius
2229 4326 2756 4416 amplexabatur

206 4427 271 4484 et
301 4413 598 4497 dulcius,
635 4437 810 4502 quae
838 4415 1081 4485 Christi
1113 4414 1717 4484 mansuetudinem
1751 4414 1934 4503 piam
1968 4414 2424 4484 similitudine
2452 4412 2752 4482 naturali
