3347 4999
166 403 335 468 OCT.
401 404 471 468 14
831 422 908 467 DE
957 422 1014 468 s.
1069 419 1368 467 commeo
1417 419 1717 467 tonicATo
1765 420 2037 466 naemu
2486 382 2600 467 Hi

163 508 466 597 exigente
514 509 747 587 causa,
802 506 1200 576 Dominicus
1249 505 1331 574 ad
1368 528 1525 575 eum
1561 505 1763 585 venit,
1800 527 2097 590 eumque
2145 528 2353 594 super
2399 506 2701 592 quadam

162 595 372 664 eremi
408 596 862 685 possessione,
908 616 1114 681 quam
1166 616 1245 664 ex
1285 595 1432 682 jure
1484 594 1676 663 Sedis
1715 592 2136 682 Apostolicae
2184 593 2553 675 detinebat,
2585 596 2702 665 ob·

164 684 318 752 nixe
369 685 652 774 rogavit.
708 689 920 766 Quem
973 683 1111 764 ille,
1164 696 1397 772 utpote
1432 682 1625 751 nulla
1659 683 1945 752 vestium
1984 683 2478 772 compositione
2514 684 2699 753 festi-

164 795 352 853 vum,
408 773 799 862 despiciens
847 772 1123 861 sprevit,
1159 774 1356 858 eique
1392 772 1488 840 nil
1520 793 1757 840 eorum
1801 793 1975 858 quae
2019 772 2359 861 poscebat,
2388 772 2698 842 indulsit.

171 865 476 947 Cumque
524 861 660 930 sibi
707 885 742 930 a
792 861 1405 930 circumstantibus
1438 860 1816 929 diceretur:
1872 884 1907 926 «
1940 860 2085 929 Noli
2135 882 2292 930 eum
2351 874 2483 929 tam
2533 860 2706 930 dure

168 951 543 1039 suscipere,
600 963 881 1019 sanctus
921 950 1103 1018 enim
1156 950 1257 1018 vir
1303 963 1444 1018 est:
1487 972 1522 1015 »
1575 949 1689 1017 ille
1741 964 2088 1036 tamquam
2153 952 2497 1030 evomens,
2551 951 2694 1019 ait:

167 1061 203 1104 «
254 1039 351 1108 Sit
409 1052 738 1119 sanctuS,
807 1053 883 1108 ut
930 1038 1171 1109 vultis:
1224 1038 1340 1107 sed
1393 1038 1633 1108 beatus
1696 1043 1933 1107 Petrus
1982 1049 2160 1107 certe
2209 1039 2509 1108 sanctior
2547 1052 2697 1119 est,

166 1127 366 1213 cujus
414 1149 541 1217 ego
589 1149 867 1197 causam
923 1127 990 1196 in
1042 1128 1170 1195 hac
1219 1126 1815 1196 administratione
1864 1126 2177 1195 defendo.
2220 1150 2254 1193 »
2306 1128 2524 1217 Igitur
2571 1128 2704 1196 'rm-

211 1238 286 1286 os
335 1217 557 1306 coepti
598 1216 1022 1296 DominicuS,
1062 1216 1235 1286 redit
1283 1215 1368 1284 ad
1409 1215 1757 1285 cellulam.
1800 1215 1920 1284 Ille
1952 1236 2227 1301 quoque
2269 1228 2419 1304 post
2461 1215 2704 1305 paulu-

195 1326 305 1372 um
371 1327 684 1375 reversus
747 1319 848 1375 est
912 1309 1224 1373 Romam.
1292 1310 1499 1373 Porro
1564 1326 1735 1394 puer
1781 1304 1814 1338 ⁴⁸
1861 1304 2144 1389 quidam
2212 1303 2697 1393 despicabilis,

165 1393 282 1478 qui
321 1394 408 1462 ad
450 1393 927 1480 exequendum
965 1392 1447 1479 quodcumque
1485 1393 1835 1482 negotium
1870 1394 1940 1460 in
1978 1392 2571 1462 administratione
2604 1415 2704 1461 re-

167 1484 442 1564 mansit,
496 1482 824 1569 quicquid
864 1482 1262 1551 Dominicus
1300 1483 1580 1571 petierat
1619 1504 1659 1550 a
1698 1482 1979 1569 judice,
2025 1494 2273 1551 cuncta
2316 1493 2700 1551 reverenter

167 1569 498 1659 implevit.
542 1571 770 1639 Judex
804 1583 1028 1639 autem
1069 1592 1201 1639 non
1238 1570 1361 1639 diu
1397 1583 1582 1661 post,
1622 1592 1830 1656 quam
1875 1570 1959 1639 ad
2004 1571 2275 1671 propria
2325 1570 2699 1661 repedavit,

165 1656 534 1730 hostilibus
568 1659 819 1749 gladiis
855 1658 1202 1748 perfossus
1237 1660 1520 1739 interiit,
1564 1659 1952 1745 multasque
2012 1660 2285 1729 divitias
2316 1713 2330 1739 ,
2376 1660 2540 1746 quia
2590 1682 2699 1729 so-

168 1746 389 1816 bolem
427 1770 561 1817 non
597 1748 908 1827 habebat,
944 1748 1282 1817 extraneis
1311 1747 1725 1817 haeredibus
1758 1747 2144 1836 dereliquit.
2172 1753 2326 1817 Erat
2357 1760 2705 1837 praeterea

167 1838 565 1925 Dominicus
602 1836 794 1905 valde
827 1851 1072 1905 cautus
1108 1838 1172 1904 in
1208 1837 1457 1917 verbi5‚
1498 1849 1573 1906 ut
1606 1850 1761 1926 apte
1801 1837 1932 1907 sibi
1959 1851 2367 1926 congrueret
2396 1836 2512 1905 illa
2546 1859 2705 1906 sen-

165 1927 389 2007 tentia,
443 1947 581 2011 qua
611 1926 918 1994 Jacobus
954 1925 1313 2014 Apostolus
1345 1926 1480 1994 ait:
1551 1928 1629 1996 Si
1671 1928 1821 2017 quis
1872 1928 1938 1994 ιή
1984 1928 2176 1995 verbo
2223 1949 2354 1995 non
2400 1928 2693 2015 offendit,

163 2012 263 2080 liic
298 2016 643 2104 perfectus
693 2025 786 2083 est
835 2017 940 2082 vir
989 2021 1158 2095 (Jac.
1202 2014 1329 2102 ιιι).
1369 2020 1534 2083 Nam
1588 2016 1645 2082 si
1687 2014 1964 2100 quando
2002 2030 2467 2100 quaereretur,
2497 2029 2707 2101 quota

159 2099 289 2169 diei
337 2103 516 2172 hora
563 2119 762 2181 esset,
817 2125 1171 2189 nunquam
1218 2103 1527 2172 absolute
1573 2103 1867 2184 dicebat,
1905 2118 2113 2189 quota
2145 2117 2345 2183 esset,
2387 2103 2503 2173 sed
2540 2126 2703 2173 cum

159 2188 285 2257 hoc
319 2191 398 2260 ad
422 2191 798 2260 ditamento
826 2213 1132 2281 semper:
1165 2196 1379 2289 Prope
1416 2192 1607 2260 tertia
1660 2192 1828 2260 hora
1872 2205 1995 2272 est,
2034 2214 2245 2282 prope
2287 2206 2472 2261 sexta
2505 2193 2696 2262 bora.

161 2281 548 2365 Inquisitus
581 2303 619 2348 a
661 2302 792 2361 me,
837 2302 963 2349 cur
997 2301 1267 2368 semper
1301 2293 1390 2349 ita
1441 2280 1736 2349 diceret:
1792 2285 1865 2349 In
1919 2281 2071 2358 hoc,
2110 2281 2359 2368 inquit,
2416 2281 2702 2351 menda-

161 2366 338 2437 cium
389 2390 640 2438 caveo:
680 2391 837 2437 nam
891 2368 1029 2438 sive
1071 2370 1158 2437 sit
1190 2369 1354 2437 hora
1390 2382 1756 2447 transacta,
1797 2369 1934 2437 sive
1967 2369 2194 2438 adhuc
2228 2370 2539 2438 fortassis
2571 2372 2705 2439 im·-

162 2455 446 2538 mineat,
499 2457 883 2547 propinqua
929 2468 1154 2526 tamen
1191 2471 1313 2536 est,
1352 2478 1528 2544 quae
1569 2457 1884 2528 videlicet
1932 2480 1970 2527 a
2020 2472 2389 2540 momento,
2446 2460 2516 2528 in
2565 2481 2705 2546 quo

162 2542 542 2631 loquimur,
591 2568 722 2614 non
776 2547 1160 2634 elongatur.

245 2637 278 2720 ἓ
324 2638 471 2708 18.
531 2635 835 2704 Habebat
884 2635 1255 2721 aliquando
1306 2634 1626 2705 cellulam
1670 2635 1870 2723 juxta
1932 2636 2450 2716 monasterium,
2518 2635 2704 2724 quod

161 2719 419 2792 dicitur·
468 2723 1038 2812 Conjunctuli.1n
1093 2724 1322 2814 vigilia
1376 2725 1604 2812 itaque
1654 2724 2046 2794 Dominicae
2085 2724 2486 2803 NativitatiS,
2542 2746 2704 2793 cum

162 2820 285 2906 tota
342 2813 785 2901 praecedenti
827 2812 1364 2902 Quadragesima
1398 2814 1467 2848 ⁸*
1521 2814 1888 2882 mansisset
1939 2812 2251 2881 inclusus
2283 2867 2297 2892 ,
2361 2813 2705 2899 tantisque

152 2899 393 2984 Jejunii
419 2915 674 2988 satque
703 2901 1056 2970 laboribus
1089 2915 1264 2971 esset
1299 2902 1735 2971 vehementer
1764 2901 2079 2981 afflictuS,
2121 2901 2448 2970 invitante
2483 2900 2703 2991 gloria

161 2987 623 3059 solemnitatis
664 3011 1005 3080 egressus,
1045 2991 1283 3060 Abbati
1332 2990 1458 3060 loci
1506 2990 1861 3059 humiliter
1901 2988 2216 3079 procidit,
2270 2990 2541 3058 veniam
2585 3011 2706 3079 pe-

160 3074 283 3158 tiit,
315 3091 524 3147 actus
559 3101 722 3148 suos
753 3092 815 3148 et
842 3080 1288 3168 cogitationes
1319 3079 1856 3168 lacrymabiliter
1887 3078 2254 3147 accusavit.
2292 3077 2414 3146 Ille
2443 3091 2699 3157 autem,

158 3176 231 3232 ut
275 3178 431 3236 erat
476 3167 897 3256 inexpertuS‚
955 3168 1119 3237 levis
1170 3169 1519 3247 moribuS,
1581 3181 1645 3236 et
1694 3166 2002 3236 consiliis
2072 3166 2551 3255 spiritualibus
2601 3167 2703 3235 in-

160 3267 427 3348 suetus,
468 3278 625 3324 cum
680 3257 811 3325 sibi
847 3255 1188 3326 sufficeret
1236 3278 1454 3326 unum
1504 3255 1879 3346 psalmum,
1915 3254 2017 3324 vel
2052 3254 2498 3345 perexiguum
2535 3255 2704 3342 quid

158 3360 542 3430 imponere,
608 3346 952 3434 praecepit
1009 3359 1082 3414 ut
1146 3367 1265 3435 pro
1321 3346 1426 3414 his
1478 3366 1654 3431 quae
1709 3343 2064 3413 confessus
2111 3344 2355 3424 fuerat,
2426 3345 2707 3434 triginta

164 3431 492 3516 psalteria
524 3432 937 3502 decantaret.
966 3439 1113 3516 Qua
1147 3434 1475 3503 nimirum
1515 3432 1629 3500 ille
1662 3433 2023 3512 sententia,
2063 3433 2245 3502 velut
2278 3433 2523 3523 sagitta
2552 3456 2705 3534 per-

164 3537 438 3614 cussuS,
480 3520 565 3589 ad
601 3543 717 3589 cor
752 3523 974 3600 rediit,
1035 3536 1239 3608 atque
1288 3523 1415 3591 hoc
1456 3522 1850 3612 provenisse
1882 3544 1961 3590 ex
1995 3521 2227 3591 divini
2252 3522 2702 3611 dispositione

156 3607 407 3690 Judicii
457 3609 833 3699 deputavit.
889 3616 1126 3698 Itaque
1197 3632 1551 3699 regressus
1604 3611 1669 3678 in
1732 3610 2081 3691 cellulam,
2138 3633 2495 3698 nunquam
2549 3633 2705 3700 pro-

162 3692 310 3792 diit,
364 3700 581 3769 donec
633 3699 1013 3788 praefixum
1084 3699 1381 3768 indictae
1433 3700 1889 3788 poenitentiae
1963 3721 2294 3769 canonem
2350 3699 2705 3768 instantis-

163 3788 340 3856 sima
390 3786 752 3858 sedulitate
802 3787 1150 3877 persolvit.

218 3874 286 3968 ,ξ
335 3880 484 3946 19.
542 3875 811 3945 Solebat
871 3888 1097 3946 autem
1154 3897 1272 3966 per
1320 3876 1679 3945 intervalla
1743 3877 1900 3947 licet
1948 3875 2353 3967 parcissime
2391 3930 2405 3955 ,
2464 3876 2702 3944 vinum

161 3953 434 4055 bibere:
489 3965 603 4034 sed
659 3965 859 4055 longe
907 3977 1086 4045 ante,
1131 3986 1340 4052 quam
1392 3963 1762 4035 defunctus
1812 3980 1935 4047 est,
1983 3964 2278 4034 decrevit
2325 3963 2411 4032 ab
2460 3986 2539 4033 eo
2590 3986 2705 4054 pe-

165 4058 354 4142 nitus
403 4053 766 4123 abstinere.
823 4057 902 4123 Ut
950 4055 1180 4140 itaque
1225 4053 1398 4143 jam,
1452 4054 1729 4124 omissis
1777 4054 2084 4132 caeteris,
2142 4053 2224 4122 ad
2278 4052 2541 4122 obitum
2598 4074 2704 4121 ve-

165 4150 463 4221 niamuS,
505 4144 889 4232 patiebatur
927 4142 1367 4232 gravedinem
1418 4143 1778 4223 stomachi,
1821 4143 2080 4212 crebris
2122 4141 2409 4232 insuper
2455 4141 2703 4232 capitis

165 4215 519 4299 doloribus
584 4232 1045 4302 cruciabatur.
1105 4236 1182 4300 Et
1244 4231 1572 4318 quoniam
1622 4231 1913 4301 alterum
1980 4253 2181 4321 saepe
2250 4229 2558 4321 procedit
2624 4253 2703 4299 ex

219 4415 244 4439 *
279 4416 548 4466 Ministrum
571 4426 778 4478 intellige
802 4428 1039 4469 inferioris
1061 4430 1253 4469 ordinis.

215 4467 271 4494 n
301 4471 660 4528 Qu.dr„gegjm3
687 4483 801 4523 haee
836 4486 939 4524 ent
957 4485 998 4524 s.
1024 4482 1227 4527 Martini,
1247 4491 1364 4532 quae
1385 4481 1442 4521 ab
1465 4480 1639 4522 Octava
1673 4481 1890 4522 Omnium
1930 4482 2210 4521 Sanctorum
2242 4480 2298 4519 ad
2328 4477 2491 4519 Natale
2518 4478 2707 4518 Domini

163 4527 319 4569 usque
339 4531 717 4576 protendebatur.
