3347 4999
728 306 860 370 460
1417 321 1495 369 nx
1546 324 1601 370 s.
1658 322 1855 370 GALLO
1902 324 2046 370 Ana.
2097 323 2172 369 m*
2220 321 2401 370 conr.
2866 304 3026 370 OCT.
3082 306 3146 370 16

644 406 763 476 illo
823 405 932 475 die
979 418 1045 475 et
1109 406 1436 496 deinceps
1485 406 1876 478 habuerunt
1940 429 2099 477 eum
2163 406 2341 477 sicut
2361 407 2788 564 dprophetam
2844 421 2907 476 et
2943 407 3143 476 virum

644 508 993 575 sanctum,
1040 494 1347 582 quotidie
1398 496 1794 565 meritorum
1845 497 1997 586 ejus
2046 496 2355 585 magnitu
2412 496 2592 564 inem
2633 518 2750 585 per
2776 495 2944 564 vitae
2981 495 3147 564 illius

644 585 1078 674 asperitatem
1128 596 1194 652 et
1258 584 1583 653 virtutum
1637 584 1866 654 studia
1933 585 2309 664 metientes,
2366 589 2630 654 Interea
2682 584 2816 653 illis
2871 606 3148 654 comma-

650 673 995 752 nentibus,
1051 672 1351 742 nuncius
1401 672 1582 742 venit
1627 674 1714 743 ad
1779 674 2295 763 presbyterum,
2351 672 2668 743 indicans
2714 673 3148 743 constantien·

644 783 787 831 sem
837 760 1278 852 Episcopum,
1335 761 1794 831 Gaudentium
1832 763 2132 841 nomine,
2174 761 2411 831 dehac
2462 762 2595 830 vita
2647 762 2989 852 migrasse.
3026 766 3146 830 Hoc

643 850 901 931 audito,
956 850 1289 918 unanimo
1337 848 1598 921 fervore
1639 873 1761 941 pro
1794 852 2027 938 requie
2059 848 2361 919 defuncti
2415 851 2709 939 pastoris
2761 850 3061 942 precibus
3089 861 3144 918 et

647 939 977 1028 lacrymis
1032 938 1450 1007 institerunt.

731 1036 769 1109 ἓ
817 1032 959 1100 u.
1015 1027 1315 1116 Septima
1365 1038 1515 1116 post
1558 1024 1723 1096 haec
1772 1028 1882 1097 die
1915 1027 2262 1097 Gunzonis
2316 1029 2516 1097 Ducis
2544 1027 2833 1117 epistola
2865 1027 3034 1095 venit
3070 1024 3141 1095 ad

644 1117 1143 1207 presbyterum,
1198 1115 1628 1205 praecipiens
1680 1115 1804 1198 illi,
1850 1131 1924 1185 ut
1962 1116 2070 1185 die
2118 1115 2527 1187 duodecimo
2560 1116 2645 1185 ad
2691 1117 3086 1205 Iburningas
3116 1116 3145 1149 ⁴

641 1204 874 1274 villam
927 1204 1204 1284 veniret,
1259 1217 1322 1273 et
1370 1204 1592 1274 virum
1649 1206 1761 1273 Dei
1813 1227 2043 1293 secum
2082 1204 2474 1275 adduceret.
2519 1211 2684 1275 Nam
2743 1205 2954 1274 filiam
2992 1204 3139 1285 e'us,

645 1295 926 1363 nomine
968 1292 1473 1383 Fridiburgam‚
1511 1314 1687 1379 quae
1721 1292 1820 1363 illi
1852 1306 1996 1362 erat
2054 1294 2281 1371 unica,
2318 1293 2655 1384 singulari
2716 1293 3007 1383 puli-‚ritu
3057 1293 3147 1360 ine

645 1381 941 1472 fulgens,
995 1382 1279 1471 spiritus
1332 1382 1581 1451 invasit
1644 1382 2017 1472 malignus,
2063 1405 2102 1451 a
2148 1404 2283 1469 quo
2331 1381 2498 1452 dum
2564 1382 2856 1452 diversis
2905 1396 3144 1468 torque-

644 1484 830 1541 retur
865 1469 1220 1551 molestiis,
1259 1491 1428 1560 pene
1476 1470 1877 1541 continuam
1930 1471 2235 1540 toleravit
2269 1472 2595 1551 inediam;
2634 1484 2697 1540 et
2728 1471 2998 1561 saepius
3036 1484 3148 1539 ter·

645 1581 758 1629 rae
810 1572 1166 1649 prostrata,
1222 1559 1398 1628 inter
1445 1580 1731 1649 spumas
1781 1560 2143 1630 horribiles
2179 1560 2557 1630 miserabili
2610 1559 3034 1629 volutabatur
3061 1559 3146 1627 in-

643 1649 863 1729 sauia,
917 1648 1085 1718 adeo
1134 1659 1211 1716 ut
1252 1648 1359 1715 vix
1406 1660 1703 1734 quatuor
1746 1648 2048 1718 virorum
2088 1648 2299 1717 teneri
2352 1662 2578 1738 posset
2632 1649 2979 1718 instantia.
3022 1652 3150 1716 Post

641 1738 924 1827 triginta
971 1748 1200 1806 autem
1252 1736 1520 1805 dierum
1572 1735 1955 1817 circulum,
2007 1759 2085 1805 ex
2134 1757 2270 1824 quo
2317 1737 2378 1806 ei
2431 1737 2555 1807 hoc
2605 1738 2890 1819 accidit,
2950 1735 3144 1825 coepit

643 1825 760 1894 ille
822 1825 1164 1894 habitator
1217 1823 1567 1913 malignus
1624 1845 1743 1914 per
1788 1847 1935 1894 eam
2000 1825 2186 1894 diras
2234 1826 2539 1895 emittere
2579 1848 2802 1895 voces.
2849 1831 3029 1895 Hanc
3076 1823 3148 1892 ob

642 1936 926 1993 causam
975 1927 1162 2003 pater
1208 1914 1358 2002 ejus
1408 1913 1699 1982 nuncios
1749 1913 1936 1983 misit
1968 1913 2050 1982 ad
2090 1920 2339 2003 Regem
2379 1914 2835 2004 Sigebertum‚
2875 1912 3147 1983 Theodo-

642 2002 770 2072 rici
819 2001 1069 2084 filium,
1107 2002 1224 2088 qui
1275 2023 1424 2070 eam
1476 2000 1717 2070 habuit
1748 2000 2257 2090 desponsatam,
2293 2016 2367 2072 ut
2402 2004 2464 2071 ei
2516 2004 2950 2083 nunciarent,
2979 2001 3146 2088 quic-

640 2090 806 2179 quid
858 2092 1041 2159 circa
1091 2088 1390 2179 puellam
1467 2093 1822 2180 agebatur.
1876 2096 2013 2160 Rex
2062 2113 2216 2160 vero
2282 2113 2441 2160 cum
2499 2094 2689 2161 omni
2753 2091 3150 2163 festinatione

642 2180 832 2248 misit
878 2179 1053 2248 duos
1106 2178 1483 2268 pontifices,
1523 2179 1607 2248 de
1639 2201 1934 2265 quorum
1989 2180 2251 2248 meritis
2295 2180 2731 2269 potissimum
2787 2198 3148 2270 praesume-

642 2268 781 2347 bat,
835 2290 996 2336 cum
1040 2266 1242 2336 donis
1292 2267 1498 2357 regiis
1572 2267 1654 2336 ad
1703 2267 2030 2358 puellam,
2088 2281 2162 2337 ut
2209 2289 2357 2337 eam
2411 2269 2870 2339 medicamine
2938 2266 3150 2339 oratio-

641 2377 809 2425 num
848 2378 887 2424 a
925 2355 1178 2426 furoris
1214 2355 1445 2424 vesani
1498 2356 1828 2446 languore
1863 2369 2204 2425 sanarent.
2257 2357 2476 2458 Igitur
2524 2358 2951 2429 Willimarus
2985 2375 3147 2446 pres-

640 2444 858 2534 byter,
919 2442 1150 2514 volens
1202 2458 1502 2531 tempore
1540 2468 1658 2535 per
1704 2444 2061 2536 epistolam
2113 2445 2395 2516 definito
2447 2446 2532 2516 ad
2586 2452 2839 2517 Ducem
2904 2446 3143 2520 venire,

639 2534 811 2602 dixit
842 2533 1239 2603 beatissimo
1270 2534 1497 2603 Gallo:
1544 2558 1581 2600 «
1607 2535 1755 2604 Scis
1784 2535 2468 2605 Ducismandatum?
2497 2559 2739 2606 eamus
2771 2536 2857 2606 ad
2909 2536 3146 2605 illum.»

639 2627 718 2692 Et
765 2621 916 2690 ille:
970 2646 1004 2688 «
1036 2628 1255 2692 Tuum
1306 2636 1428 2702 est,
1475 2622 1722 2710 inquit,
1768 2625 1896 2693 hoc
1947 2624 2093 2704 iter,
2148 2646 2284 2693 non
2344 2646 2602 2694 meum.
2657 2630 2759 2694 Tu
2807 2647 2967 2714 ergo
3012 2643 3144 2712 pro·

638 2711 966 2781 ficiscere.
1020 2711 1195 2794 Quid
1250 2711 1420 2779 mihi
1466 2734 1622 2781 cum
1679 2713 2112 2803 principibus
2163 2712 2425 2782 seculi?
2474 2735 2632 2782 nam
2693 2713 2765 2782 in
2833 2716 3137 2788 eremum,

637 2800 823 2871 unde
870 2800 1067 2881 exivi,
1108 2814 1492 2870 revertar.»
1518 2841 1604 2850 -
1638 2799 1865 2880 «Noli,
1907 2800 2021 2879 ait,
2064 2801 2152 2871 ita
2202 2823 2424 2890 agere,
2465 2801 2582 2871 sed
2636 2823 2843 2892 perge
2879 2820 3146 2875 mecum,

639 2910 726 2957 ne
785 2889 952 2959 forte
1002 2894 1168 2966 Dux.
1221 2889 1341 2976 qui
1390 2887 1458 2957 in
1526 2890 1872 2959 vexatione
1918 2889 2100 2959 filiae
2167 2891 2461 2960 nimium
2530 2892 3015 2969 contristatur,
3065 2888 3151 2955 ira

638 2991 1022 3047 commotus
1074 2978 1294 3047 mittat
1342 2977 1688 3057 satelliteS‚
1744 2992 1940 3065 teque
1976 2979 2277 3048 vinctum
2323 2979 2487 3048 illuc
2544 2978 2750 3049 faciat
2785 2976 3082 3070 perduci.
3119 2997 3147 3038 »

640 3067 756 3136 Vir
803 3071 934 3135 Deo
1031 3066 1253 3148 lenus,
1310 3067 1702 3156 respondit:
1757 3067 2078 3137 «Vadam
2134 3067 2326 3157 prius
2374 3068 2458 3137 ad
2524 3067 2858 3138 Cellulam
2928 3086 3145 3139 meam,

642 3170 718 3225 ut
770 3156 955 3244 provi
1009 3177 1157 3225 eam
1192 3154 1552 3224 utilitatem
1607 3169 1671 3225 et
1727 3155 2109 3226 necessaria
2166 3155 2481 3236 fratrum,
2532 3157 2653 3242 qui
2701 3157 2801 3227 ibi
2842 3169 3002 3227 sunt
3050 3157 3152 3221 Do·

642 3244 834 3312 mino
869 3243 1257 3313 servituri.»
1307 3247 1445 3313 Hoc
1498 3244 1754 3313 idcirco
1794 3244 1987 3326 dixit,
2043 3266 2125 3313 ne
2155 3245 2237 3313 ad
2280 3243 2661 3335 principem
2712 3245 2865 3314 iret.
2919 3249 2992 3313 Et
3014 3261 3149 3338 conj

640 3353 759 3401 sur
811 3353 956 3410 ens,
1009 3331 1094 3400 ad
1171 3331 1421 3400 electae
1497 3332 1760 3421 pridem
1824 3332 2265 3403 habitationis
2343 3333 2570 3404 locum
2642 3333 2843 3403 miles
2908 3330 3151 3402 Domini

640 3433 748 3489 ten
805 3418 958 3487 ebat
1004 3419 1343 3510 egregius
1399 3421 1719 3507 Sequenti
1759 3420 1871 3490 die
1918 3420 2270 3502 fratribuS,
2323 3422 2446 3509 qui
2506 3443 2739 3492 secum
2801 3434 3015 3497 erant,
3064 3418 3152 3514 inj

640 3507 933 3588 terdixit‚
988 3529 1072 3577 ne
1104 3508 1262 3594 quis
1309 3529 1541 3577 eorum
1592 3510 1896 3598 cuipiam
1933 3531 2073 3598 quo
2105 3524 2437 3601 pergeret,
2483 3509 2845 3580 indicaret.
2888 3509 3009 3579 Sed
3043 3518 3152 3604 etsi

639 3595 982 3666 curiosius
1017 3595 1411 3686 interrogati
1460 3595 1750 3667 fuissent
1788 3620 1827 3667 a
1877 3617 2251 3685 quoquam,
2282 3599 2493 3688 jussit
2541 3610 2615 3668 ut
2662 3620 2820 3669 eum
2874 3619 2994 3688 per
3023 3615 3151 3684 epi-

643 3683 885 3757 stolam
951 3685 1262 3776 magistri
1317 3685 1424 3754 sui
1474 3685 1741 3755 Italiam
1792 3686 2100 3757 dicerent
2150 3688 2535 3757 invitatum.
2590 3686 2712 3756 His
2761 3687 3002 3766 dictis,
3050 3704 3152 3752 su-

639 3795 834 3843 mens
880 3795 1112 3844 secum
1171 3773 1346 3844 duos
1385 3774 1469 3843 de
1508 3773 1875 3866 discipulis
1932 3776 2109 3857 suis,
2187 3798 2305 3866 per
2350 3774 2795 3846 solitudinem
2863 3773 3152 3845 Rhetiam

635 3863 1027 3934 curiensem
1075 3862 1144 3897 *⁴*
1190 3862 1618 3932 commeavit.
1657 3869 1962 3951 Cumque
2025 3865 2412 3954 proximum
2466 3877 2765 3934 montem
2827 3876 3152 3933 transcen·

635 3950 896 4031 derent,
968 3965 1297 4021 venerunt
1338 3952 1405 4020 in
1458 3972 1806 4030 eremum,
1867 3974 2044 4039 quae
2094 3954 2343 4023 Sennia
2394 3953 2813 4022 nominatur.
2870 3950 3154 4036 Indeque

635 4039 720 4109 ad
760 4040 1143 4130 proximum
1199 4041 1449 4120 vicum,
1487 4040 1607 4128 qui
1648 4040 1904 4110 dicitur
1930 4041 2373 4124 Quaradanes
2396 4041 2519 4121 Ἣ,
2555 4040 2875 4132 digressi,
2911 4056 3153 4129 repere·

636 4141 801 4197 runt
849 4128 944 4197 ibi
991 4134 1330 4199 Joannem
1381 4129 1780 4210 diaconum,
1837 4130 2060 4201 virum
2102 4131 2374 4221 justum
2408 4143 2474 4200 et
2530 4135 2737 4199 Deum
2788 4129 3152 4198 timentem·

691 4325 715 4349 ‘
747 4324 1039 4368 Germanice.
1064 4324 1335 4374 Uberlinyen.

685 4378 736 4403 ⁴¹·
765 4375 944 4425 Italice,
966 4373 1101 4417 coin
1119 4378 1194 4416 vel
1215 4381 1400 4418 cantone
1419 4380 1487 4420 αι’
1509 4377 1724 4428 Griqionc.
1744 4388 1943 4427 quorum
1964 4379 2103 4420 Curia
2127 4381 2199 4420 est
2221 4380 2333 4421 urbs
2353 4380 2620 4430 praecipua.

687 4431 767 4458 ¹⁸⁶*
797 4430 1072 4471 Germanice
1101 4432 1260 4471 Oraba.
