3347 4999
178 351 345 421 OCT.
402 354 425 417 l
1088 370 1163 414 DE
1214 369 1268 414 s.
1324 369 1568 416 ssAvoxss
1615 369 1799 418 conr.
2544 354 2614 417 51

174 451 517 522 sentinam
544 450 1036 529 confluxerant,
1065 448 1269 517 verbo
1298 449 1597 520 veritatis
1623 462 2068 540 expugnaret,
2095 473 2337 540 parum
2369 473 2441 520 se
2475 451 2716 522 videns

176 541 508 632 proficere
555 542 743 627 (nam
794 551 858 607 et
906 538 1183 639 publice
1229 539 1643 608 contumelia
1679 541 1964 608 affectus
1990 552 2054 607 et
2086 541 2527 630 proturbatus
2556 540 2708 628 est),

168 652 329 699 cum
374 629 519 717 jam
572 642 820 697 manus
866 649 1017 717 ejus
1064 640 1290 697 essent
1338 649 1619 716 graves,
1675 641 1987 697 sanctum
2045 650 2291 717 papam
2343 630 2715 698 Martinum

168 719 367 798 adiit,
423 717 777 804 multaque
832 716 917 785 de
966 715 1394 785 infructuoso
1444 715 1513 784 in
1564 715 2064 786 infructuosam
2118 730 2387 806 gentem
2440 740 2564 788 suo
2616 717 2716 786 la-

166 809 340 877 bore
385 820 826 892 conquestus,
884 805 1132 873 iterum
1174 805 1260 873 ab
1308 825 1387 873 eo
1422 804 1488 872 in
1526 827 1702 894 opus
1744 804 2092 893 Evangelii
2129 806 2499 885 animatur,
2536 806 2716 876 datis

166 898 237 966 ei
278 896 632 986 suppetias
680 893 1049 963 venerabili
1090 893 1688 982 archipresbytero
1717 894 2107 964 Landoaldo
2141 908 2205 963 et
2230 895 2541 962 Amantio
2566 894 2715 963 dia-

165 1007 369 1055 cono.
446 983 757 1053 Emensis
807 983 1020 1073 igitur
1065 982 1393 1071 Alpibus,
1448 982 1737 1055 Galliam
1792 982 2083 1072 ingressi
2153 994 2360 1051 sunt:
2416 1005 2716 1068 cumque

163 1074 433 1143 videret
477 1072 830 1142 Amandus
865 1093 1154 1142 messem
1188 1070 1466 1158 quidem
1506 1071 1819 1151 multam,
1855 1071 2207 1160 operarios
2243 1092 2397 1141 vero
2428 1093 2707 1160 paucOS,

166 1161 648 1233 Landoaldum
702 1160 990 1248 Trajecti
1040 1159 1337 1246 reliquit,
1390 1159 1508 1229 ubi
1545 1172 1610 1228 et
1649 1182 1770 1249 per
1799 1181 2037 1228 novem
2075 1181 2295 1227 annos
2330 1160 2507 1228 vices
2541 1165 2714 1229 Pon-

164 1252 381 1322 tisscis
427 1251 619 1340 (nam
668 1256 971 1319 ‚Ioannes
1019 1248 1390 1339 episcopus
1432 1249 1829 1338 nuperrime
1861 1248 2152 1338 obierat)
2176 1248 2707 1332 administravit,

163 1363 397 1427 usque
437 1340 520 1408 ad
567 1352 845 1428 tempus
894 1343 960 1407 S.
1016 1336 1345 1407 Remacli.

263 1433 299 1517 ξ
347 1435 439 1499 6.
494 1434 650 1518 Ipse
699 1449 854 1497 vero
904 1440 1037 1496 tota
1087 1426 1416 1516 Spiritum
1455 1431 1780 1495 Sanctum
1821 1439 2045 1495 mente
2072 1424 2494 1514 concipiens,
2533 1429 2713 1495 Gan-

168 1519 332 1587 dam
385 1539 628 1587 rursus
675 1515 1101 1606 aggreditur,
1154 1536 1428 1604 egressa
1475 1516 1878 1584 auctoritate
1925 1538 1963 1584 a
2013 1538 2084 1584 re
2135 1536 2170 1582 e
2222 1514 2599 1603 Dagoberto
2648 1527 2713 1585 et

166 1607 485 1676 Aichario
535 1605 1090 1675 Noviomensium
1141 1603 1487 1693 episcop0,
1542 1617 1617 1673 ut
1663 1605 1784 1691 qui
1830 1603 2035 1672 nollet
2107 1602 2242 1672 idei
2293 1603 2706 1685 consentire,

170 1709 552 1784 cogeretur.
592 1700 723 1763 Nec
756 1693 972 1762 defuit
1004 1693 1289 1763 certanti
1328 1693 1526 1761 militi
1569 1715 1694 1762 suo
1736 1693 2228 1782 omnipotentis
2266 1692 2378 1759 Dei
2409 1690 2705 1773 dextera,

174 1807 356 1872 quae
407 1783 622 1871 tetigit
671 1781 1031 1872 gentilium
1083 1781 1314 1861 corda,
1367 1795 1431 1851 et
1461 1782 1839 1870 assumpsit
1874 1782 1939 1849 in
1973 1794 2230 1870 partem
2277 1779 2716 1851 haereditatis

174 1894 345 1944 suae
397 1872 661 1961 plebem
713 1871 835 1940 diu
884 1870 1179 1940 fanatico
1226 1870 1504 1940 illusam
1554 1891 1804 1939 errore.
1859 1871 2157 1938 Tandem
2202 1869 2541 1958 baptizato
2595 1892 2712 1958 po-

171 1962 359 2051 pulo.
417 1971 692 2029 sanctae
738 1960 969 2030 Crucis
1016 1972 1236 2028 erecto
1285 1958 1550 2040 vexillo,
1592 1981 1710 2027 ara
1762 1959 2076 2028 Mercurii
2126 1958 2524 2038 destruitur,
2572 1957 2712 2038 luci

172 2049 670 2129 succiduntur,
716 2048 872 2117 fana
919 2049 1154 2118 omnia
1200 2048 1612 2128 diruuntur,
1678 2048 1965 2117 ecclesia
1989 2047 2326 2138 erigitur,
2381 2067 2710 2115 consum-

171 2151 428 2216 matur,
481 2151 546 2205 et
596 2137 661 2205 in
715 2138 970 2206 honore
1002 2136 1180 2206 beati
1223 2138 1400 2205 Petri
1440 2136 1740 2226 Apostoli
1792 2137 2191 2208 solemniter
2234 2149 2707 2204 consecratur.

173 2227 284 2296 Sic
327 2227 627 2315 plantata
668 2226 863 2294 vinea
912 2225 1182 2294 Domini
1235 2226 1553 2305 Sabaoth,
1586 2225 1880 2294 Clericos
1921 2224 2289 2314 imprimi5‚
2333 2224 2714 2293 monachos

170 2314 495 2396 subinde,
539 2314 658 2402 qui
709 2314 1071 2385 redderent
1118 2314 1417 2383 fructum
1459 2315 1529 2382 in
1583 2327 1888 2405 tempore
1936 2336 2084 2394 suo,
2132 2312 2426 2393 induxit,
2479 2325 2546 2381 et
2594 2334 2708 2381 ex-

172 2404 516 2494 postulata
563 2402 938 2493 episcopali
986 2403 1428 2483 auctoritate,
1484 2409 1663 2491 Papa
1727 2404 1930 2472 etiam
2001 2403 2288 2471 Martino
2341 2402 2410 2468 in
2477 2402 2710 2491 ipsum

170 2493 663 2573 consentiente,
713 2492 941 2562 locum
993 2506 1316 2582 perpetua
1369 2491 1648 2562 donavit
1698 2490 2029 2562 libertate.
2064 2492 2186 2561 Sed
2227 2513 2310 2559 ne
2344 2489 2413 2559 di
2472 2491 2705 2572 ressio,

170 2604 380 2668 quam
436 2604 568 2651 non
613 2581 948 2650 inutiliter
993 2581 1525 2671 assumpsimuS,
1564 2603 1854 2652 onerosa
1901 2581 2022 2650 fiat
2069 2580 2397 2651 studiosis
2465 2581 2711 2649 ectori-

171 2671 329 2751 buS‚
386 2693 571 2740 nunc
605 2670 689 2739 ad
728 2670 1108 2761 plenariam
1150 2670 1328 2739 beati
1369 2670 1659 2739 Bavonis
1700 2671 2213 2739 conversionem
2267 2668 2521 2758 stylum
2561 2691 2712 2738 ver—

172 2771 428 2828 tamus.
2091 2793 2098 2804 ·

257 2850 407 2934 §¹2
460 2847 680 2938 Igitur
729 2847 906 2916 beati
952 2847 1242 2916 Amandi
1290 2846 1473 2916 fama
1530 2846 1830 2934 quodam
1898 2847 2097 2935 quasi
2146 2847 2396 2925 odore,
2451 2844 2703 2926 odore,

165 2936 478 3022 inquam,
532 2937 709 3006 sicut
756 2937 905 3026 agri
967 2935 1177 3025 pleni,
1216 2937 1325 3006 cui
1378 2935 1726 3005 benedixit
1777 2937 2129 3014 DominuS,
2188 2935 2388 3027 longe
2440 2933 2710 3020 lateque

164 3025 442 3105 diffusa,
482 3038 762 3094 sanctus
795 3025 1162 3094 Allowinus
1203 3024 1418 3094 seculi
1467 3025 1829 3095 desideriis
1867 3046 1999 3093 non
2038 3024 2219 3093 ultra
2253 3047 2324 3094 se
2356 3023 2711 3093 sustinens

165 3114 525 3194 retardari,
578 3113 1041 3182 certissimum
1091 3114 1364 3182 animae
1413 3136 1578 3182 suae
1624 3114 1811 3202 capit
1847 3112 2244 3182 consilium.
2299 3111 2480 3182 Nihil
2530 3134 2705 3181 cun-

167 3215 415 3283 ctatus,
471 3202 675 3303 longa
726 3203 987 3272 viarum
1045 3225 1163 3291 per
1210 3202 1578 3292 dispendia
1608 3202 1914 3272 Gandam
1969 3202 2265 3283 advenit,
2318 3200 2707 3271 Amandum

168 3291 452 3371 invenit,
509 3291 757 3380 prioris
796 3292 970 3360 vitae
1016 3291 1295 3381 culpam
1345 3291 1614 3370 fatetur,
1648 3290 1733 3359 de
1763 3290 1963 3379 culpa
2018 3292 2507 3380 poenitentiam
2557 3289 2709 3379 pol-

169 3379 438 3449 licetur.
499 3380 876 3449 Consilium
940 3396 1148 3470 super
1193 3380 1428 3449 anima
1490 3403 1615 3449 sua
1682 3380 2027 3467 requirere
2062 3435 2076 3461 ,
2123 3381 2274 3469 ejus
2324 3378 2708 3480 magisterii

167 3491 407 3557 ungue
455 3470 849 3538 scabrosam
902 3469 1105 3538 vitam
1160 3467 1375 3557 polire
1407 3523 1421 3549 ,
1469 3481 1811 3557 postremo
1874 3481 2087 3538 totum
2143 3491 2212 3538 se
2258 3469 2360 3538 illi
2395 3482 2490 3537 alt
2536 3467 2709 3536 velle

167 3557 440 3627 dedere.
506 3562 716 3639 Quem
784 3557 886 3626 vir
946 3571 1226 3627 sanctus
1274 3558 1510 3626 devote
1559 3557 1946 3646 suscipiens
1979 3613 1993 3639 ,
2047 3570 2111 3626 et
2160 3557 2343 3626 velut
2393 3557 2709 3625 inventae

168 3647 276 3716 ovi
325 3645 792 3735 congaudens,
844 3647 1321 3737 Evangelicam
1375 3647 1601 3714 statim
1654 3647 2043 3736 ingreditur
2093 3646 2700 3736 praedicationem,

169 3736 255 3804 de
294 3746 691 3824 contemptu
738 3735 1006 3817 mundi,
1062 3735 1146 3804 de
1194 3735 1499 3824 appetitu
1532 3735 1728 3816 coeli,
1768 3736 1852 3805 de
1902 3737 2272 3805 tentatione
2304 3733 2585 3812 diaboli,
2622 3732 2707 3801 de

168 3823 634 3894 consolatione
684 3824 820 3902 Dei,
873 3837 937 3893 et
983 3824 1068 3893 de
1106 3823 1433 3893 omnibus
1472 3846 1649 3911 quae
1683 3826 2024 3913 pertinent
2070 3824 2155 3894 ad
2198 3845 2513 3893 summae
2547 3821 2703 3890 bea·

169 3913 486 3983 titudinis
539 3911 1043 4001 perfectionem,
1098 3912 1221 3981 dili
1276 3924 1466 3981 enter
1511 3913 1740 3983 erudit
1797 3914 2139 3983 novellum
2193 3912 2424 3982 adhuc
2466 3926 2704 4000 tyrun-

169 4002 433 4082 culum,
500 4000 875 4090 perfectum
925 4012 1157 4091 postea
1207 4007 1248 4071 C
1304 4002 1452 4072 risti
1511 4003 1800 4074 militem
1857 4003 2193 4073 futurum.
2249 4006 2325 4070 Et
2372 4000 2704 4088 quoniam

168 4105 536 4177 antequam
569 4090 885 4180 incipiaS,
924 4090 1278 4161 consulto:
1318 4104 1385 4161 at
1431 4093 1553 4163 ubi
1600 4093 2060 4172 consulueris,
2104 4100 2368 4159 mature
2393 4111 2570 4179 opus
2603 4102 2705 4157 est

168 4180 383 4249 facto:
430 4179 545 4249 ille
596 4179 825 4249 statim
878 4179 1060 4249 velut
1090 4202 1380 4269 campus
1413 4183 1681 4250 Domini
1716 4181 2017 4270 repletus
2050 4180 2380 4258 ubertate,
2412 4192 2476 4248 et
2508 4177 2705 4246 collis

166 4269 520 4338 accinctus
566 4267 1005 4346 exultatione,
1060 4269 1130 4336 in
1184 4270 1354 4338 valle
1403 4270 1620 4338 animi
1669 4283 1950 4358 portans
1998 4290 2291 4357 granum
2348 4266 2700 4344 frumenti,

165 4357 476 4427 clamans
524 4370 589 4426 et
638 4357 980 4446 hymnum
1031 4356 1293 4434 dicens,
1333 4357 1616 4427 domum
1673 4357 1844 4427 redit
1891 4380 1968 4426 ex
2001 4356 2318 4427 consulto
2355 4354 2695 4444 magistri,

162 4458 227 4516 et
273 4469 520 4516 rursus
568 4446 958 4537 accingitur
1022 4446 1094 4516 in
1159 4469 1334 4537 opus
1386 4446 1521 4515 Dei.
1594 4452 1792 4516 Facta
1850 4445 2246 4515 solemniter
2307 4444 2699 4520 donatione,
