3347 4999
737 355 868 420 436
1206 354 1228 379 ’
1549 374 1627 420 nn
1675 374 1731 420 s.
1786 373 2035 420 Eupnlo
2084 373 2274 420 nar.
2866 354 3043 421 OCT.
3102 357 3194 420 ⁴6

653 459 751 527 ibi
800 458 1194 528 defunctam
1244 480 1442 528 suam
1494 459 1876 528 secundum
1926 479 2201 527 carnem
2239 457 2635 549 genitricem
2675 457 3007 547 sepelivit,
3044 481 3195 546 quo

651 548 889 617 debuit
936 548 1205 628 affectu,
1258 562 1635 616 extremum
1692 547 1877 617 hunc
1923 548 1981 616 ei
2036 546 2126 616 im
2184 546 2443 615 endens
2474 546 2828 616 honorem.
2872 547 2975 616 Ibi
3007 570 3194 634 quo-

650 658 809 722 que,
863 636 1040 706 sicut
1087 651 1150 705 et
1199 637 1265 705 in
1318 638 1625 717 caeteriS,
1663 658 1797 706 non
1840 635 2095 705 surdus
2152 635 2255 705 uit
2301 634 2576 705 auditor
2615 634 2809 725 legis,
2848 634 3189 706 dicentis:

651 731 922 795 Honora
950 737 1218 816 patrem
1268 736 1456 794 tuum
1502 736 1566 794 et
1624 736 1932 805 matrem,
1970 736 2045 793 ut
2103 726 2195 794 sis
2245 727 2609 814 longaevus
2654 747 2855 814 super
2901 736 3185 805 terram,

651 838 855 905 quam
910 817 1220 884 Dominus
1267 820 1439 884 Deus
1488 826 1642 884 tuus
1692 815 1975 883 daturus
2007 824 2101 883 est
2150 815 2275 882 tibi
2304 813 2550 901 (Emod.
2586 817 2717 895 xx).
2749 813 3029 903 Expleto
3058 814 3197 883 ita-

649 926 786 989 que
835 904 962 972 hoc
1011 903 1279 974 debitae
1328 904 1596 994 pietatis
1635 902 1989 989 obsequiO,
2025 924 2268 971 rursus
2303 901 2556 971 athleta
2605 902 2851 971 Christi
2900 924 3039 972 non
3078 924 3192 971 so-

651 991 798 1060 lum
850 1014 886 1060 a
933 991 1225 1062 Judaeis
1292 1005 1494 1079 atque
1554 990 1893 1060 militibus
1956 992 2292 1081 paganis,
2356 990 2801 1061 verumetiam
2862 990 2950 1059 ab
3010 991 3195 1080 ipsis

657 1080 953 1150 summis
1014 1104 1092 1150 ac
1165 1080 1669 1170 principalibus
1720 1081 1883 1150 viris
1945 1080 2449 1165 quaerebatur,
2501 1092 2629 1160 ut,
2682 1092 2802 1150 aut
2848 1079 3194 1170 impietati

652 1170 1091 1250 consentiret,
1146 1182 1267 1239 aut
1314 1191 1448 1238 non
1499 1170 1959 1247 consentiens,
2015 1182 2298 1238 mortem
2351 1167 2633 1238 subiret.

740 1259 775 1343 ξ
815 1264 901 1329 5.
955 1264 1095 1328 Non
1146 1259 1233 1328 ab
1270 1280 1339 1328 re
1377 1258 1755 1345 quaeritur,
1793 1256 2067 1344 qualem
2106 1278 2226 1346 per
2257 1257 2685 1326 occasionem
2725 1254 2984 1327 Judaei
3016 1270 3189 1327 tunc

653 1347 980 1435 temporis
1030 1346 1498 1417 vehementius
1546 1359 1751 1433 atque
1799 1346 2160 1436 procacius
2193 1367 2339 1416 sese
2372 1344 2861 1436 impenderint,
2897 1359 3018 1416 aut
3050 1346 3184 1414 im-

652 1435 952 1523 pendere
1017 1437 1360 1525 potuerint
1399 1434 1743 1523 ejusmodi
1793 1434 2221 1514 actionibus,
2286 1434 2382 1503 ita
2427 1446 2503 1503 ut
2549 1434 2619 1502 in
2669 1433 2881 1503 istum
2933 1434 3189 1504 Christi

652 1527 1040 1613 martyrem,
1078 1536 1145 1593 et
1178 1524 1244 1592 in
1280 1524 1535 1594 multos
1567 1524 1739 1593 alios
1769 1523 2143 1614 pene·ipsis
2180 1521 2584 1592 crudelibus
2618 1523 2909 1613 paganis
2948 1545 3187 1613 prom-

656 1613 914 1701 ptiores
952 1626 1156 1699 atque
1203 1614 1563 1683 erectiores
1595 1612 1808 1681 fuisse
1855 1611 2192 1702 legantur,-
2229 1611 2321 1681 Ad
2361 1611 2545 1697 quod
2594 1610 3183 1701 respondendum,

651 1701 818 1787 quia
863 1702 1193 1770 Julianus
1235 1702 1492 1792 impius
1541 1701 1794 1791 impios
1841 1700 1997 1771 illos
2040 1700 2272 1783 erexit,
2312 1699 2591 1770 illorum
2626 1700 2832 1770 ssatus
2878 1713 3185 1770 extume-

653 1811 842 1859 scere
889 1789 1083 1871 fecit,
1136 1789 1276 1859 illis
1324 1812 1514 1859 arma
1579 1789 1919 1890 porrexit,
1973 1788 2128 1858 illos
2175 1812 2324 1860 esse
2384 1789 2589 1859 fortes
2650 1801 2715 1859 et
2759 1788 3189 1858 confidentes

651 1877 800 1947 fieri
851 1878 1087 1959 voluit,
1139 1899 1216 1947 eo
1264 1878 1448 1964 quod
1497 1890 1701 1948 sciret
1749 1878 1902 1949 illos
1952 1879 2384 1969 potissimum
2435 1878 2807 1948 acerrimos
2854 1899 3008 1949 esse
3056 1877 3189 1947 ini-

654 1968 869 2036 micos
920 1967 1221 2036 nominis
1272 1967 1540 2035 Christi.

742 2058 778 2141 §
826 2061 919 2126 6.
974 2055 1146 2124 Hinc
1195 2055 1667 2124 Ecclesiastica
1703 2068 1935 2125 narrat
1967 2055 2273 2136 historia,
2305 2054 2581 2125 dicens:
2615 2054 2953 2124 Julianus
2981 2055 3181 2125 etiam

652 2143 962 2213 Judaeos
1010 2155 1248 2212 contra
1298 2144 1715 2215 Christianos
1761 2144 2073 2224 armavit,
2126 2143 2571 2233 primumque
2617 2145 3030 2224 convocanS,
3088 2166 3186 2213 re-

653 2231 937 2320 quisivit
984 2254 1111 2301 cur
1145 2287 1160 2309 ,
1212 2232 1311 2300 eis
1362 2234 1819 2322 praecipiente
1882 2233 2028 2325 lege
2090 2232 2518 2314 sacrificare,
2573 2253 3009 2319 nequaquam
3065 2235 3187 2301 im·

655 2319 1148 2390 molationibus
1195 2332 1569 2390 uterentur.
1617 2326 1923 2409 Cumque
1972 2320 2486 2411 respondissent
2516 2330 2656 2391 uno
2709 2320 3185 2391 tantummodo

656 2408 806 2477 loco
855 2409 988 2478 sibi
1035 2408 1239 2477 offere
1291 2410 1705 2480 sacrificium
1758 2409 1971 2480 fuisse
2019 2410 2462 2501 permissum3
2502 2420 2778 2501 repente
2808 2409 3024 2496 ‚jussit
3059 2415 3186 2479 Deo

654 2496 935 2568 odibilis
982 2497 1404 2568 destructum
1459 2498 1853 2568 resuscitari
1898 2498 2259 2589 templum,
2298 2498 2607 2579 credens,
2654 2496 2916 2579 infelix,
2961 2498 3187 2568 Domi-

654 2588 888 2656 nicum
919 2587 1203 2656 verbum
1236 2610 1308 2656 se
1336 2609 1537 2678 posse
1570 2587 1943 2668 destruere,
1974 2589 2177 2677 cujus
2206 2609 2325 2676 per
2355 2588 2482 2658 hoc
2513 2587 2857 2657 veritatem
2889 2587 3189 2657 ostendit

655 2676 902 2766 magis.
955 2681 1135 2745 Haec
1183 2677 1410 2763 itaque
1457 2677 1662 2746 verba
1694 2676 1933 2746 ludaei
1967 2677 2259 2745 libenter
2289 2677 2433 2746 acci
2491 2676 2723 2756 iente5‚
2762 2677 3035 2745 cunctis
3074 2698 3191 2766 per

655 2764 1003 2835 diversum
1055 2764 1288 2834 orbem
1341 2765 1751 2834 mandavere
1797 2765 2097 2836 ludaeis.
2137 2767 2267 2848 Qui
2314 2788 2408 2834 un
2467 2766 2624 2852 ique
2669 2780 3182 2847 concurrentes,

655 2854 984 2943 pecunias
1033 2853 1119 2923 ad
1168 2853 1559 2923 aedificium
1614 2853 1929 2923 alacriter
1975 2854 2366 2924 offerebant.
2444 2853 2987 2940 Ministravitque
3035 2853 3189 2943 plu-

654 2943 909 3011 rimum
961 2943 1162 3012 etiarn
1206 2947 1606 3032 Imperator,
1666 2965 1799 3012 non
1853 2942 2188 3032 largitatis
2227 2942 2471 3033 gratia,
2514 2942 2629 3014 sed
2669 2942 2934 3011 veritati
2986 2964 3189 3032 repu—

654 3053 920 3120 gnans;
989 3031 1312 3118 misitque
1380 3031 1633 3120 pariter
1692 3031 2075 3121 praesidem
2109 3086 2124 3114 ,
2183 3032 2555 3121 impiorum
2607 3044 3036 3100 executorem
3087 3031 3193 3100 di-

657 3121 1070 3206 gnissimum
1127 3133 1673 3209 praeceptorum.
1727 3121 1932 3207 Ajunt
1979 3120 2162 3189 enim
2195 3176 2210 3200 ,
2263 3119 2443 3207 quod
2497 3119 2581 3188 ad
2633 3119 3192 3209 repurgatorium

654 3208 1077 3288 faciendum,
1131 3223 1486 3298 argenteas
1537 3209 1779 3278 harnos
1825 3222 1891 3278 et
1936 3209 2271 3298 cophinos
2316 3220 2381 3278 et
2428 3208 2721 3310 scaphas
2788 3208 3186 3277 habuerint.

655 3300 958 3382 Cumque
996 3296 1140 3384 jam
1179 3296 1406 3365 fodere
1454 3299 1861 3387 coepissent,
1903 3309 2154 3367 statuto
2187 3297 2462 3385 quidem
2500 3297 2611 3366 die
2647 3296 2773 3366 hoc
2814 3295 3191 3366 multitudo

659 3383 964 3473 plurima
1004 3383 1327 3454 faciebat:
1385 3400 1576 3454 nocte
1618 3408 1773 3455 vero
1822 3400 2200 3476 spontanea
2248 3399 2426 3456 terra
2459 3385 2543 3454 de
2590 3385 2765 3454 valle
2809 3385 3187 3455 crescebat.

657 3471 914 3542 Solutis
980 3472 1208 3558 itaque
1273 3474 1523 3564 prioris
1568 3474 1772 3544 etiam
1825 3474 2256 3545 fundamenti
2306 3474 2613 3562 reliquiis
2645 3529 2659 3555 ‚
2714 3495 2885 3542 nova
2950 3474 3192 3543 omnia

659 3560 1185 3652 praeparabant.
1270 3567 1574 3649 Cumque
1640 3564 1840 3654 gypsi
1890 3576 1955 3632 et
1998 3562 2209 3633 calcis
2260 3562 2476 3633 multa
2524 3561 2910 3632 modiorum
2967 3562 3193 3631 millia

655 3662 1234 3742 congregassent,
1289 3651 1389 3720 vis
1456 3673 1702 3741 magna
1766 3665 2118 3722 ventorum
2174 3664 2446 3742 repente
2495 3652 2875 3741 respiranS,
2935 3665 3194 3740 tempe·

655 3751 862 3809 states
911 3750 1114 3826 atque
1162 3739 1499 3830 procellae
1549 3739 1775 3810 subito
1822 3740 2071 3819 factae,
2124 3740 2452 3828 quicquid
2501 3752 2993 3830 congregatum
3044 3739 3196 3810 fue·

654 3840 781 3910 rat,
838 3828 1333 3918 disperserunt.
1373 3829 1609 3897 Adhuc
1658 3841 1883 3898 autern
1936 3829 2442 3900 insanientibus
2488 3830 2588 3898 eis
2634 3840 2699 3898 et
2745 3849 3193 3915 nequaquam

653 3918 890 3987 divina
938 3918 1456 4008 longanimitate
1503 3917 1859 4007 correptis,
1916 3919 2258 3988 maximus
2308 3918 2531 4007 primo
2583 3928 3037 3986 terraemotus
3089 3916 3196 3986 fa-

653 4019 807 4075 ctus
846 4019 970 4087 est,
1023 4021 1090 4076 et
1144 4007 1461 4095 quisquis
1515 4006 1860 4096 mysteriis
1916 4007 2171 4076 divinis
2221 4029 2353 4076 non
2406 4006 2629 4076 fuerat
2677 4005 3011 4086 imbutus,
3086 4027 3200 4075 ve·

656 4094 1007 4165 hernenter
1054 4097 1325 4167 attritus
1373 4107 1494 4164 est.
1552 4099 1714 4164 Cum
1765 4117 1923 4164 vero
1965 4117 2183 4182 neque
2225 4096 2352 4166 hoc
2424 4106 2838 4165 terrerentur
2888 4093 3191 4180 judicio,

655 4183 840 4272 ignis
899 4206 977 4252 ex
1041 4184 1532 4265 fundamentiS,
1571 4206 1749 4271 quae
1782 4184 2238 4267 fodiebantur,
2278 4183 2660 4285 egrediens,
2703 4181 3047 4271 plurimos
3090 4182 3198 4254 fo-

653 4272 991 4342 dientium
1056 4274 1536 4351 concremavit,
1597 4272 1889 4342 aliorum
1930 4273 2237 4343 membra
2271 4273 2603 4342 dissolvit.
2659 4277 2860 4340 Nocte
2911 4292 3199 4360 quoque

654 4359 978 4460 plurimis
1019 4361 1086 4429 in
1138 4363 1363 4431 vicina
1399 4363 1666 4452 porticu
1701 4361 2228 4443 dormientibus,
2267 4361 2521 4431 cadens
2557 4360 2782 4430 subito
2815 4382 2975 4428 cum
3014 4374 3198 4432 tecto

653 4471 807 4540 ipsa
881 4450 1219 4541 porticUS,
1275 4451 1691 4522 dormientes
1753 4450 2115 4541 oppressit.
2192 4449 2334 4519 Alia
2405 4472 2560 4519 vero
2621 4449 2730 4519 die
2778 4449 3067 4539 signum
3123 4451 3199 4519 in
