3347 4999
172 356 339 421 OCT.
394 357 470 421 tt
834 374 912 419 nn
961 374 1015 418 S.
1072 371 1331 419 cAmxro
1381 373 1474 418 rr.
1530 374 1603 418 ET
1653 371 1785 419 soc.
1842 375 2033 421 mar.
2482 362 2607 427 385

169 480 248 527 ac
288 458 551 526 intrans
586 457 895 537 domum,
934 455 1051 525 ubi
1094 469 1503 555 congregata
1536 468 1681 525 erat
1721 456 2259 528 Christianorum
2299 460 2693 545 multitudO,

174 546 536 635 procubuit
562 546 642 615 ad
680 545 886 636 pedes
914 549 977 613 S.
1010 545 1269 625 calixti,
1310 545 1582 614 dicens:
1626 546 2016 614 «Profiteor
2057 549 2422 616 Dominum
2454 557 2694 621 Jesum

173 634 507 703 Christum
559 657 795 703 verum
844 655 991 703 esse
1043 638 1281 713 Deum,
1343 655 1545 720 quem
1599 633 1968 704 daemones
2017 634 2307 705 confessi
2362 652 2523 706 sunt
2572 641 2695 709 ho-

166 722 298 792 die.
354 729 476 792 Per
525 725 753 813 ipsum
798 735 859 791 te
906 722 1193 811 conjuro
1231 744 1309 791 ac
1350 721 1702 811 deprecor,
1759 734 1833 791 ut
1883 723 2129 794 liberes
2180 746 2287 792 me
2344 747 2380 791 a
2422 726 2695 797 cultura

168 810 582 881 daemonum
619 867 633 891 ‚
694 824 759 880 et
806 810 1108 900 baptizes
1157 813 1226 880 in
1282 812 1557 879 nomine
1610 811 1724 880 Dei
1779 834 1981 898 quem
2037 813 2414 912 praedicas.
2479 838 2514 881 »
2567 822 2696 885 Re-

166 900 443 989 spondit
467 900 528 969 ei
557 900 853 969 Calixtus
882 900 1262 1000 Episcopus
1291 923 1304 966 :
1342 923 1377 966 «
1410 900 1558 969 Noli
1585 900 1880 969 errando
1914 900 2226 971 deridere
2266 902 2690 974 veritatem.»

168 993 238 1057 At
286 988 401 1058 ille
451 1012 611 1058 cum
664 988 990 1076 lacrymis
1037 988 1237 1057 dixit:
1279 1010 1314 1054 «
1351 993 1490 1057 Non
1529 988 1829 1070 derideo,
1865 989 2144 1058 domine
2183 991 2299 1072 mi,
2345 992 2507 1077 quia
2544 1015 2697 1062 vere

165 1079 451 1167 cognovi
503 1100 582 1147 ex
628 1078 949 1146 caecitate
992 1077 1314 1157 militum,
1352 1088 1417 1145 et
1472 1078 1818 1166 responsis
1851 1077 2170 1147 Julianae
2217 1079 2504 1169 virginis
2542 1094 2696 1151 tem·

170 1166 285 1255 pli,
327 1190 366 1236 a
400 1166 767 1236 daemonio
794 1167 1134 1246 obsessae,
1173 1165 1356 1252 quod
1402 1168 1732 1235 Dominus
1763 1167 1961 1236 Jesus
2006 1167 2337 1248 Christus,
2378 1192 2578 1241 verus
2610 1171 2698 1240 sit

172 1258 364 1324 Deus.
397 1279 432 1321 »
466 1253 847 1344 Respondit
894 1253 1299 1343 Calepodius
1350 1254 1724 1344 presbyter,
1783 1269 1848 1323 et
1890 1255 1982 1324 ait
2021 1256 2351 1346 Episcopo
2386 1278 2398 1322 :
2460 1285 2483 1315 «
2522 1259 2691 1338 Noli,

167 1342 561 1415 beatissime
612 1355 822 1432 pater,
862 1345 1112 1432 petenti
1149 1343 1569 1433 baptismum
1618 1343 1979 1433 denegare.
2021 1368 2056 1410 »
2115 1349 2302 1414 Tunc
2357 1345 2603 1416 indixit
2635 1348 2697 1416 ei

165 1432 465 1502 Calixtus
505 1431 850 1522 jejunium
903 1432 1113 1500 unius
1159 1432 1319 1512 diei,
1382 1454 1460 1500 ac
1521 1432 1960 1501 catechizavit
2019 1453 2174 1502 eum
2213 1487 2227 1513 ,
2281 1432 2698 1523 allatamque

160 1542 413 1607 aquam
468 1543 546 1589 ex
601 1533 802 1608 puteo
850 1519 1159 1607 ejusdem
1212 1521 1460 1589 domus
1512 1521 1879 1602 benedixit,
1949 1522 2375 1611 repositoque
2431 1524 2500 1591 in
2561 1524 2697 1614 pel·

163 1609 295 1678 vim
332 1610 667 1679 Palmatio
698 1608 905 1678 dixit:
956 1632 989 1674 «
1022 1608 1250 1678 Credis
1283 1630 1363 1677 ex
1396 1620 1529 1677 toto
1564 1610 1768 1679 corde
1801 1610 1870 1678 in
1928 1614 2136 1678 Deum
2177 1614 2439 1679 Patrem
2474 1614 2694 1682 omni·

163 1713 548 1787 potentem,
608 1697 928 1766 factorem
984 1697 1295 1766 omnium
1356 1697 1737 1767 visibilium
1805 1710 1869 1767 et
1927 1698 2436 1768 invisibilium?
2485 1724 2520 1766 »
2575 1707 2697 1771 Re·

161 1789 444 1875 spondit
498 1785 900 1855 Palmatius:
942 1808 977 1852 «
1008 1786 1241 1855 Credo,
1278 1786 1600 1855 »Deinde
1655 1787 2036 1877 Episcopus
2073 1809 2085 1852 :
2146 1810 2181 1853 «
2223 1793 2297 1855 Et
2343 1788 2412 1855 in
2462 1788 2691 1859 Jesum

162 1877 510 1946 Christum
560 1875 804 1944 Filium
857 1874 1059 1961 ejus?
1092 1898 1127 1940 »
1165 1880 1239 1944 Et
1285 1875 1416 1944 ait:
1456 1898 1490 1941 «
1522 1875 1754 1945 Credo,
1791 1900 1825 1941 »
1866 1881 2119 1945 Iterum
2157 1876 2250 1945 ait
2281 1877 2690 1965 Episcopus:

156 1987 194 2030 «
227 1966 359 2048 Qui
406 1976 611 2033 natus
663 1976 763 2032 est
796 1963 879 2032 de
911 1964 1172 2053 Spiritu
1206 1968 1473 2041 Sancto,
1515 1985 1594 2032 ex
1643 1966 1853 2034 Maria
1887 1964 2217 2054 Virgine?
2252 1988 2285 2031 »
2322 1964 2696 2037 Palmatius

161 2054 559 2144 respondit:
601 2075 635 2118 «
670 2051 900 2122 Credo.
954 2075 987 2118 »
1022 2054 1125 2121 Ait
1158 2052 1571 2142 Episcopus:
1613 2076 1647 2118 «
1684 2058 1758 2121 Et
1809 2054 1874 2121 in
1928 2053 2258 2141 Spiritum
2318 2058 2638 2124 Sanctum
2676 2112 2689 2136 ‚

156 2156 473 2212 sanctam
507 2140 875 2212 Ecclesiam
912 2140 1344 2221 catholicam,
1374 2140 1846 2209 remissionem
1886 2154 2344 2230 peccatorum,
2375 2155 2439 2212 et
2469 2145 2697 2214 carnis

160 2231 740 2302 resurrectionem
767 2233 798 2297 ⁶?
822 2252 856 2294 »
892 2234 969 2298 Et
1000 2229 1402 2298 exclamavit
1443 2252 1601 2298 cum
1647 2230 1975 2319 lacrymis
2008 2231 2383 2299 Palmatius
2414 2231 2692 2302 dicens:

150 2344 190 2386 «
228 2321 474 2397 CredO,
510 2318 809 2387 domine.
846 2341 881 2383 »
919 2318 1043 2400 Qui
1097 2318 1503 2406 baptizatus,
1543 2340 1577 2383 «
1614 2324 1799 2399 Vere,
1843 2320 2090 2406 inquit,
2149 2319 2283 2409 vjdi
2331 2322 2698 2391 Dominum

70 2465 73 2471 ,
149 2415 395 2479 Jesum
457 2407 796 2477 Christum
859 2406 1089 2474 lumen
1144 2428 1404 2486 verum,
1441 2428 1483 2474 a
1533 2429 1668 2493 quo
1719 2407 2150 2476 illuminatus
2185 2430 2435 2478 sum.»
2469 2412 2699 2502 Bapti-

152 2511 300 2568 zata
338 2509 451 2568 est
498 2509 563 2565 et
608 2495 836 2565 omnis
870 2494 1118 2564 domus
1151 2494 1323 2582 ejuS,
1367 2518 1538 2565 uxor
1577 2496 1836 2566 scilicet
1868 2509 1931 2565 et
1974 2496 2106 2566 filii
2155 2520 2233 2567 ac
2274 2497 2392 2566 alii
2445 2502 2699 2589 promi-

150 2589 302 2658 scui
340 2608 552 2658 sexus
588 2606 874 2654 numero
906 2584 1398 2674 quadragrinta
1430 2585 1590 2653 duo.
1624 2586 1718 2654 Ab
1743 2608 1820 2654 eo
1853 2586 2035 2654 enim
2074 2599 2393 2675 tempore,
2423 2610 2695 2657 omnem

153 2699 355 2747 suam
417 2673 807 2743 facultatem
846 2672 1220 2741 Palmatius
1259 2674 1678 2763 pauperibus
1727 2674 2102 2755 distribuit,
2146 2676 2550 2766 perquirens
2625 2697 2699 2745 er

151 2785 442 2836 omnem
499 2763 843 2854 regionem
883 2761 1005 2831 ubi
1055 2761 1398 2830 latitarent
1439 2761 1828 2843 Christiani,
1868 2764 2088 2849 iisque
2138 2762 2220 2831 de
2253 2762 2557 2833 facultati
2617 2787 2697 2833 us

150 2855 305 2925 suis
358 2852 618 2921 victum
655 2864 721 2919 et
753 2850 1093 2931 vestitum,
1139 2849 1411 2937 aliaque
1445 2851 1616 2920 vitae
1657 2853 2043 2922 necessaria
2077 2851 2691 2921 subministrando.

241 2946 280 3030 ξ
330 2948 424 3016 4.
466 2945 617 3010 Post
657 2940 803 3008 dies
838 2959 991 3006 vero
1041 2939 1320 3028 triginta
1368 2938 1544 3008 duos
1596 2940 1966 3027 requiritur
2002 2939 2379 3009 Palmatius
2426 2941 2513 3008 ab
2553 2940 2695 3008 Ale·

144 3031 471 3102 xandro:
528 3028 947 3097 intellexerat
994 3028 1176 3095 enim
1228 3027 1409 3114 quod
1442 3028 1873 3097 Christianus
1899 3039 2097 3108 esset,
2136 3050 2214 3096 ac
2245 3026 2402 3096 aliis
2434 3027 2697 3097 Christo

147 3121 446 3190 credere
472 3117 935 3218 persuaderet.
969 3117 1099 3197 Qui
1146 3139 1303 3184 cum
1356 3138 1393 3184 a
1444 3122 1778 3202 Torquato
1813 3117 2091 3186 tribuno
2124 3128 2347 3185 tentus
2386 3129 2584 3198 esset,
2618 3139 2697 3186 ac

150 3210 428 3280 missus
470 3230 536 3274 tn
580 3204 963 3274 custodiam
1009 3205 1413 3284 Mamertini,
1443 3206 1652 3294 jussit
1709 3227 1863 3274 eum
1913 3204 2043 3272 sibi
2084 3205 2525 3294 praesentari,
2577 3205 2698 3292 qui

148 3298 440 3368 vinctus
478 3296 736 3364 catenis
775 3293 1116 3363 adductus
1147 3305 1269 3362 est.
1316 3297 1513 3362 Hunc
1551 3315 1710 3362 cum
1764 3292 2043 3362 vidisset
2100 3292 2476 3368 Alexander
2531 3307 2699 3364 cate·

150 3401 439 3464 natum,
466 3383 676 3474 jussit
708 3381 901 3462 solvi,
943 3394 1007 3450 et
1035 3382 1170 3451 ait:
1222 3403 1257 3447 «
1295 3382 1401 3450 Sic
1452 3403 1693 3450 amens
1741 3380 1962 3450 sactus
1993 3403 2088 3461 es,
2127 3382 2435 3463 Palmati,
2472 3396 2548 3452 ut
2580 3384 2699 3453 de-

148 3499 351 3547 seras
389 3473 575 3553 deos,
614 3483 678 3540 et
720 3492 1012 3558 quaeras
1067 3493 1145 3539 ac
1186 3470 1372 3540 colas
1418 3469 1768 3538 hominem
1821 3475 2217 3540 mortuum?
2252 3495 2287 3538 »
2324 3471 2700 3544 Palmatius

146 3587 319 3635 vero
373 3561 611 3631 tacuit.
664 3559 764 3628 Ait
796 3559 900 3629 illi
942 3580 1219 3628 rursum
1269 3558 1679 3628 Alexander:
1716 3581 1753 3625 «
1788 3563 2087 3645 Loquere
2122 3559 2573 3642 fiducialiter;
2613 3581 2700 3629 ne

148 3655 434 3724 timeas,
482 3674 518 3717 »
555 3647 931 3737 Respondit
978 3647 1375 3728 Palmatius,
1437 3647 1714 3718 dicens:
1752 3670 1786 3713 «
1837 3648 1902 3716 Si
1951 3648 2129 3717 datis
2188 3648 2559 3730 licentiam,
2612 3648 2702 3719 lo·

146 3743 452 3830 quimur
491 3737 859 3807 veritatem.
898 3759 932 3802 »
965 3736 1133 3804 Dicit
1162 3735 1220 3804 ei
1258 3734 1667 3805 Alexander:
1706 3760 1741 3803 «
1773 3741 1941 3806 Exce
2000 3749 2059 3805 ta
2093 3736 2379 3807 deorum
2415 3738 2694 3827 injuria,

148 3833 469 3917 loquere.
512 3851 547 3894 »
583 3824 1027 3914 Respondens
1061 3824 1475 3894 Palmatius:
1513 3848 1548 3891 «
1584 3825 1651 3894 Si
1693 3826 1864 3895 bene
1897 3849 1936 3894 a
1991 3838 2233 3907 vertaS,
2280 3825 2527 3912 inquit,
2561 3847 2698 3894 non

150 3919 259 3989 dii
316 3916 593 3985 dicendi
661 3926 871 3992 sunt,
933 3912 1048 3983 sed
1112 3912 1375 3982 factura
1431 3914 1791 3984 hominum
1863 3914 2293 3994 mortalium:
2357 3913 2700 4001 siquidem

145 4009 516 4078 discernat
559 4000 1013 4073 mansuetudo
1059 4014 1278 4071 vestra
1324 4014 1554 4071 utrum
1594 4002 1888 4072 debeant
1919 4002 2052 4071 coli
2104 4004 2225 4089 qui
2275 4001 2703 4073 fabricantur

144 4099 246 4168 ab
294 4093 750 4163 hominibus?
793 4089 1040 4172 Quales
1087 4091 1271 4159 enim
1322 4091 1422 4160 dii
1492 4103 1690 4173 sunt,
1745 4113 1862 4161 vos
1907 4091 2237 4179 judicate.
2278 4091 2405 4161 Sed
2463 4113 2703 4182 precor

145 4207 293 4276 ego
342 4182 718 4252 claritatem
756 4192 965 4259 tuam,
1002 4190 1078 4247 ut
1110 4178 1301 4250 dicas
1347 4179 1473 4249 deo
1522 4191 1664 4260 tuo,
1705 4191 1780 4249 ut
1828 4179 2172 4267 loquatur,
2227 4191 2292 4249 et
2337 4202 2494 4250 cum
2542 4202 2703 4250 eum

144 4277 712 4358 interrogavero,
767 4267 1175 4358 respondeat
1223 4268 1429 4337 mihi:
1482 4268 1665 4355 quod
1732 4268 1899 4337 dum
1953 4267 2209 4338 sactum
2260 4269 2508 4350 fuerit,
2562 4291 2698 4339 non

130 4363 408 4432 desero
447 4360 631 4433 deos.
683 4380 855 4446 quos
903 4357 1123 4426 dicis?
1159 4380 1195 4423 »
1229 4358 1400 4427 Dicit
1445 4358 1506 4425 ei
1546 4356 1956 4427 Alexander:
2015 4380 2049 4423 «
2088 4363 2184 4427 Tu
2233 4358 2352 4445 qui
2401 4380 2440 4427 a
2487 4380 2702 4428 cuna-

136 4446 358 4521 bulis
421 4468 535 4516 eos
582 4447 928 4526 adorasti,
983 4446 1327 4533 quomodo
1376 4467 1562 4516 nunc
1609 4468 1726 4517 eos
1797 4446 2189 4535 relinquis?
2240 4470 2276 4514 »
2327 4446 2706 4536 Respondit

331 4567 571 4624 surius
602 4596 624 4608 -
664 4564 827 4626 Vitae
858 4562 962 4627 SS.
992 4596 1017 4610 -
1044 4561 1171 4626 vol.
1200 4562 1272 4624 X.
2468 4561 2546 4623 25
