3347 4999
174 313 369 380 OCT.
423 313 505 378 24
818 331 897 377 nn
950 330 1007 377 s.
1059 329 1307 377 Anam
1354 330 1545 377 mar.
1600 330 1675 377 m·
1723 328 1922 378 socns
1971 330 2120 378 esus
2522 313 2651 380 679

174 430 473 487 centum
515 426 581 484 et
613 414 854 504 viginti
907 413 1219 484 millibus
1282 414 1685 493 hominum,
1738 415 1822 483 ad
1875 437 1993 486 vos
2042 414 2236 495 veni,
2291 427 2410 486 aut
2456 418 2742 488 omnino

183 525 687 597 persuasurus,
739 517 860 573 aut
908 501 1329 593 perditurus.
1371 526 1405 569 »

289 602 328 675 ἓ
376 596 460 665 4.
498 593 689 663 Cives
718 606 943 662 autem
974 613 989 659 :
1031 591 1440 671 «Videmus,
1476 591 1822 672 dixerunt,
1867 614 1907 662 o
1942 596 2103 671 Rex,
2145 603 2208 660 te
2248 591 2530 681 linguae
2563 594 2742 664 mul-

182 700 346 755 tum
381 682 765 770 indulgere.
809 693 875 751 et
905 679 1279 751 attribuere
1319 680 1861 751 imbecillitatem
1901 680 2134 768 ei,qui
2181 692 2284 750 est
2319 681 2509 752 solus
2535 687 2737 753 Deus.

176 772 326 844 Sed
372 777 716 862 Rapsaces
741 769 879 839 dux
919 770 1257 839 exercitus
1293 770 1759 839 Sennacherib
1811 790 1945 840 non
1977 791 2265 859 parvum
2302 770 2424 840 tibi
2471 769 2741 841 dederit

172 859 632 950 exemplum:
670 861 982 946 quicum
1020 858 1169 949 ipse
1207 878 1483 945 quoque
1530 857 1907 946 aliquando
1955 859 2024 927 in
2067 859 2301 938 Deum,
2357 879 2608 950 magna
2643 859 2741 930 lo-

169 963 518 1039 quentem
570 961 636 1018 et
672 950 1044 1037 jactantem
1096 947 1428 1017 vibrasset
1477 947 1825 1038 linguam,
1890 958 2058 1035 quot
2103 946 2468 1017 hominum
2521 946 2744 1018 millia

178 1037 621 1130 perdiderit,
664 1050 729 1106 et
774 1058 932 1105 cum
985 1048 1243 1121 quanto
1291 1036 1623 1106 dedecore
1675 1036 2070 1116 recesserit,
2145 1036 2346 1128 pauci
2414 1049 2578 1106 sunt
2622 1038 2744 1124 qui

176 1128 537 1198 nesciant.
592 1124 781 1209 Quod
826 1136 1053 1194 autem
1094 1147 1215 1194 nos
1253 1147 1562 1205 accusas,
1593 1122 1775 1212 quod
1831 1124 2204 1195 multorum
2244 1125 2736 1216 principatum,

168 1232 250 1289 et
308 1215 569 1285 multos
601 1215 764 1284 deos
798 1213 1238 1287 inducamus.
1282 1235 1428 1294 nos,
1463 1214 1585 1301 qui
1625 1213 1862 1283 multis
1886 1214 1975 1283 ab
2008 1214 2170 1283 hinc
2202 1213 2515 1295 servuliS,
2563 1226 2737 1284 tam—

169 1328 412 1396 quam
456 1303 983 1383 haereditatem,
1037 1324 1076 1371 a
1128 1301 1511 1391 majoribus
1561 1324 1785 1372 veram
1855 1303 2252 1393 accepimus
2299 1302 2735 1395 religionem,

177 1417 323 1467 nec
382 1392 780 1462 monarchia
821 1393 887 1460 in
940 1404 1204 1461 arctum
1256 1390 1675 1461 adducimus
1709 1390 2163 1472 divinitatem,
2208 1412 2330 1461 nec
2378 1392 2744 1462 abundan-

177 1487 289 1557 tia
328 1502 785 1571 personarum
837 1480 1239 1549 inducimus
1273 1480 1644 1550 multorum
1689 1480 2183 1570 principatum:
2219 1480 2334 1549 sed
2369 1502 2583 1551 unam
2615 1503 2739 1551 na-

179 1589 428 1644 turam
480 1571 647 1640 citra
697 1568 1105 1639 divisionem
1160 1567 1229 1637 in
1285 1583 1418 1639 tres
1479 1590 1809 1658 personas
1857 1569 2264 1650 dividentes,
2332 1574 2623 1649 Patrem,
2675 1583 2741 1640 et

182 1662 479 1733 Filium.
533 1673 598 1729 et
664 1659 994 1747 Spiritum
1045 1661 1367 1727 Sanctum
1419 1658 1875 1727 confitemur:
1949 1658 2197 1728 Filium
2249 1679 2406 1728 vero
2453 1657 2684 1747 ipsum
2718 1715 2734 1738 ,

173 1770 405 1840 quem
447 1770 561 1818 vos
594 1745 1058 1826 contumeliis,
1104 1746 1469 1827 incessitis,
1509 1746 1860 1817 hominem
1886 1767 2036 1817 esse
2078 1747 2362 1828 factum,
2402 1760 2477 1816 ut
2507 1746 2744 1819 divina

183 1836 694 1931 praedixerunt
740 1856 1070 1925 responsa
1102 1890 1118 1914 ,
1169 1849 1235 1904 et
1293 1857 1329 1905 a
1381 1836 1623 1906 vestris
1689 1836 2065 1925 majoribus
2118 1846 2345 1905 actum
2397 1835 2612 1905 fuisse
2668 1836 2742 1904 in

175 1935 487 2000 Crucem
540 1937 819 2015 propter
866 1923 1155 1993 salutem
1203 1926 1546 2005 omnium,
1588 1945 1747 1993 cum
1801 1925 1903 1993 illi
1956 1924 2131 1994 male
2177 1923 2742 2014 ignorassentdi-

177 2015 668 2106 spensationis
716 2012 991 2082 divinae
1021 2014 1455 2101 mysterium,
1506 2024 1573 2082 et
1621 2012 1816 2082 tertio
1862 2013 1973 2082 die
2009 2013 2463 2083 resurrexisse
2495 2035 2534 2082 a
2562 2035 2742 2082 mor-

177 2106 363 2182 tuis,
418 2115 485 2172 et
524 2125 767 2172 rursus
791 2101 874 2170 ad
925 2101 1192 2172 coelum
1228 2101 1642 2181 ascendisse,
1687 2115 1752 2170 et
1779 2102 1846 2168 in
1890 2101 2104 2173 altum
2148 2101 2497 2172 sublatum
2529 2100 2743 2172 fuisse

174 2194 272 2265 ad
332 2213 545 2262 suum
596 2197 860 2261 Patrem
910 2204 976 2259 et
1007 2190 1382 2271 credimus,
1420 2201 1485 2260 et
1535 2189 2117 2280 praedicamus.»

280 2284 321 2368 §
363 2288 455 2352 ὅ.
510 2285 651 2350 Non
689 2280 1105 2349 sustinentes
1134 2291 1361 2349 autem
1412 2278 1538 2348 hos
1572 2300 1806 2348 sacros
1855 2280 2097 2349 audire
2144 2300 2496 2350 sermones
2542 2300 2745 2349 aures

184 2369 556 2464 profanae,
596 2368 682 2438 ad
723 2367 901 2437 facta
929 2388 1002 2436 se
1038 2368 1501 2438 contulerunt.
1549 2373 1785 2455 Itaque
1808 2369 1894 2438 ad
1929 2367 2379 2439 obsidendam
2416 2371 2551 2439 Rex
2579 2390 2746 2439 con-

180 2480 442 2531 versus
488 2459 858 2537 civitatem,
897 2455 1229 2528 adversus
1274 2478 1425 2528 eam
1463 2457 1778 2528 movebat
1807 2478 2047 2528 omnes
2080 2457 2463 2538 machinas,
2501 2479 2745 2530 omnes

183 2551 429 2622 exitus
478 2547 847 2637 diligenter
872 2545 1272 2616 custodiens
1302 2561 1367 2615 et
1400 2546 1748 2628 munienS‚
1800 2561 1865 2616 et
1921 2559 2174 2639 putans
2214 2547 2379 2627 sore,
2430 2560 2506 2617 ut
2563 2547 2743 2616 mul-

186 2656 428 2712 torum
488 2636 758 2706 dierum
809 2634 991 2705 fame
1028 2657 1146 2705 eos
1196 2636 1262 2703 in
1313 2658 1523 2706 suam
1583 2635 1919 2726 redigeret
1983 2648 2404 2725 potestatem.
2457 2639 2535 2704 Et
2580 2656 2740 2705 cum

182 2725 595 2816 collegisset
625 2745 867 2795 omnes
917 2724 1376 2803 Christianos,
1429 2725 1550 2811 qui
1608 2737 1804 2794 erant
1851 2725 1921 2794 in
1977 2726 2165 2816 agris
2219 2736 2285 2796 et
2339 2723 2739 2796 suburbiis,

183 2818 372 2889 alios
402 2815 684 2901 quidem
722 2814 1089 2894 interemit,
1144 2813 1317 2883 alios
1365 2835 1522 2883 vero
1573 2814 1680 2893 iis,
1733 2814 1854 2901 qui
1908 2825 2105 2883 erant
2149 2813 2220 2881 in
2261 2813 2414 2902 ejus
2451 2811 2735 2891 ditione,

190 2904 514 2977 vendidit
560 2904 629 2972 in
681 2902 1096 2972 servitutem.
1152 2907 1317 2973 Cum
1369 2915 1600 2972 autem.
1697 2902 1747 2970 ii
1798 2902 1980 2971 cives
2027 2924 2099 2971 se
2146 2901 2477 2972 adversus
2507 2901 2746 2970 omnia

185 2995 466 3067 fortiter
516 2990 1000 3065 defenderent,
1050 3005 1117 3061 et
1164 3003 1438 3082 tempus
1484 3012 1622 3077 quo
1736 2990 2117 3070 terebatur,
2176 2994 2492 3078 Tyranno
2547 3010 2741 3078 spem

189 3081 617 3155 reddidisset
666 3079 858 3149 valde
919 3080 1161 3150 exilem
1201 3134 1217 3154 .
1270 3078 1506 3149 statuit
1554 3079 1713 3149 dolo
1771 3100 2015 3169 capere
2084 3078 2452 3148 civitatem.
2507 3082 2744 3165 Itaque

188 3173 390 3276 petit,
436 3182 512 3238 ut
558 3170 619 3238 ei
670 3168 904 3238 liceret
934 3169 1203 3258 ingredi
1252 3170 1620 3246 civitatem,
1676 3178 1752 3236 ut
1797 3168 2055 3237 videret
2105 3166 2364 3239 scilicet
2398 3186 2515 3249 ea,
2567 3187 2743 3253 quae

184 3264 288 3333 nbi
338 3271 563 3339 erant,
619 3258 815 3347 prius
865 3256 1150 3326 terribili
1215 3257 1477 3345 prolato
1514 3256 2003 3344 jurejurando,
2054 3267 2120 3325 et
2168 3256 2279 3337 iis,
2330 3276 2509 3344 quae
2555 3255 2741 3325 dice-

186 3354 497 3425 bantur,
562 3345 965 3435 interposito
1028 3346 1180 3436 ipso
1229 3345 1400 3433 legis
1453 3349 1605 3424 Deo,
1660 3366 1734 3415 se
1783 3345 1955 3414 nihil
2013 3347 2114 3415 eis
2173 3365 2324 3415 esse
2391 3344 2736 3414 facturum

188 3448 472 3531 praeter
525 3455 606 3502 ea
668 3454 846 3521 quae
913 3448 1446 3504 consueverant:
1503 3454 1725 3521 neque
1788 3446 2190 3504 coacturum
2226 3488 2243 3515 ,
2309 3446 2387 3502 ut
2449 3434 2741 3524 patriam

186 3527 605 3617 abjurarent
652 3521 1090 3613 religionem:
1150 3543 1369 3609 neque
1415 3521 1791 3609 aliquando
1818 3523 2007 3593 aliud
2063 3523 2325 3593 malum
2378 3543 2735 3613 magnum,

185 3629 317 3688 aut
370 3632 660 3704 parvum
711 3610 811 3680 eis
834 3630 985 3680 esse
1032 3609 1411 3681 facturum:
1447 3612 1564 3681 sed
1614 3611 1839 3683 solum
1881 3634 1959 3682 ea
1994 3614 2335 3691 visurum,
2373 3632 2552 3699 quae
2582 3622 2746 3680 sunt

190 3708 263 3775 in
300 3702 603 3779 civitate,
641 3711 707 3769 et
739 3720 1051 3769 annuum
1083 3699 1415 3770 tributum
1456 3713 1930 3791 accepturum,
1965 3701 2147 3789 quod
2183 3700 2377 3793 prius
2403 3699 2738 3769 dabatur:

187 3791 455 3864 deinde
488 3802 715 3858 autem
768 3809 840 3857 se
887 3787 1081 3858 illinc
1123 3790 1349 3858 statim
1384 3810 1854 3861 excessurum.

283 3884 323 3969 ἓ
372 3885 472 3952 Β.
527 3882 707 3946 Haec
740 3898 899 3946 cum
940 3877 1247 3958 dixisset,
1294 3890 1361 3947 et
1410 3891 1602 3969 pacta
1652 3890 1985 3949 conventa
2028 3877 2317 3960 iniisset,
2360 3888 2427 3946 et
2482 3886 2743 3979 postre-

201 3992 396 4039 mum
455 3970 747 4067 iurasset
783 3965 1313 4055 jusjmandum,
1367 3966 1733 4057 persuadet
1773 3968 1882 4048 iis,
1934 3968 2055 4055 qui
2105 3978 2269 4037 sunt
2315 3965 2387 4035 in
2447 3964 2740 4035 civitate.

196 4078 360 4126 cum
429 4062 564 4127 Deo
611 4076 1009 4126 universum
1064 4056 1571 4146 permisissent,
1623 4056 1743 4145 qui
1790 4068 1894 4128 est
1934 4056 2122 4125 testis
2172 4051 2627 4133 sacramenti,
2682 4067 2748 4121 et

201 4143 333 4213 hoc
373 4145 599 4216 solum
643 4143 1013 4215 dixissent:
1052 4168 1088 4212 «
1125 4144 1428 4236 Regibus
1479 4166 1602 4215 nos
1668 4144 1910 4216 cedere
1957 4143 2358 4214 didicimus.
2429 4140 2622 4225 Quod
2688 4143 2747 4211 si

205 4245 279 4301 tu
318 4254 521 4304 secus
569 4233 890 4303 statueris
935 4232 1182 4314 facere,
1234 4255 1443 4320 quam
1488 4233 1691 4305 nobis
1734 4232 1992 4313 dixisti,
2048 4237 2251 4314 Deus,
2286 4232 2411 4391 gui
2457 4243 2560 4301 est
2594 4251 2749 4321 spe-

201 4332 422 4419 ctator
444 4321 934 4411 jurisjurandi,
967 4321 1033 4392 id
1073 4322 1361 4393 omnino
1408 4321 1806 4403 ulciscetur,
1849 4344 2071 4411 neque
2115 4321 2241 4391 diu
2337 4321 2553 4391 ifferet
2599 4318 2746 4388 vin·

200 4406 487 4478 dictam.
542 4411 749 4482 Nobis
787 4412 999 4492 enim,
1052 4410 1396 4492 dicebant,
1447 4432 1489 4482 o
1522 4410 1785 4483 Christe
1817 4410 2146 4492 Salvator,
2200 4424 2268 4481 et
2313 4411 2440 4480 Fili
2487 4410 2638 4489 Dei,
2683 4424 2748 4478 et
