3347 4999
683 305 809 370 772
1251 323 1330 369 nr.
1376 323 1430 369 s.
1473 282 1865 371 wowoaneo
1906 325 2003 372 nr.
2042 324 2452 371 nuisement.
2820 306 2993 371 OCT.
3045 308 3109 372 34

588 405 969 497 wolfgangi
998 404 1397 495 sepulerum
1430 405 1823 478 diutissime
1850 430 2080 488 orans,
2118 422 2394 497 repente
2422 407 2656 477 lumen
2691 409 3124 498 recepit.Alio

592 509 892 595 tempore
946 494 1194 565 mulier
1239 509 1515 584 aegrota
1561 519 1687 588 spe
1732 496 1978 568 salutis
2022 497 2439 568 obtinendae
2488 519 2525 565 a
2573 498 2721 568 suis
2780 497 2866 567 de
2920 512 3127 569 ortata

586 598 688 653 est
732 606 803 652 in
855 583 1031 654 beati
1079 585 1567 655 Emmerammi
1627 587 1951 675 martyris
2004 585 2390 655 ecelesiam.
2448 585 2573 655 Ubi
2623 608 2780 656 oum
2845 521 2967 656 ifia
3045 587 3120 657 ad

589 676 990 743 Sanctorum
1031 695 1189 742 aras
1239 673 1570 763 reptando
1621 674 1871 756 potius,
1923 696 2133 761 quam
2190 674 2611 753 incedendo,
2667 675 2930 745 sedulis
2984 698 3129 766 pre·

586 761 788 831 cibus
836 783 1076 831 eorum
1126 775 1464 850 expeteret
1510 763 1866 854 suffragia,
1925 763 2196 832 tandein
2251 762 2346 832 vel
2411 761 2678 842 labore,
2742 763 2843 832 vel
2900 765 3129 834 morbo

585 848 976 940 defatigata,
1012 850 1195 939 apud
1251 851 1425 920 beati
1461 851 1847 943 wolfgangi
1882 851 2227 922 tumulum
2281 852 2473 920 humi
2507 851 2778 921 resedit.
2824 857 3126 941 Cumque

584 949 651 1008 et
693 938 926 1008 animo
972 952 1038 1007 et
1082 960 1367 1028 corpore
1413 940 1780 1030 depressa,
1833 941 1984 1028 ejus
2027 941 2289 1010 meritis
2332 955 2399 1009 et
2463 940 2780 1029 precibus
2839 941 2965 1011 sibi
3019 963 3123 1032 pe·

585 1039 752 1098 teret
796 1047 997 1116 opem
1038 1026 1221 1106 ferri,
1274 1029 1503 1100 subito
1549 1042 1899 1099 eontracta
1931 1029 2238 1098 membra
2287 1027 2512 1098 soluta
2560 1043 2747 1108 sunt,
2808 1032 3119 1117 tantaque

582 1115 649 1184 vi
695 1128 1032 1206 separata,
1064 1128 1142 1186 ut
1172 1117 1459 1207 sanguis
1493 1117 1653 1187 inde
1694 1120 1762 1187 in
1799 1118 2091 1188 humum
2124 1116 2533 1187 dimanaret.
2574 1118 2872 1188 Primum
2918 1119 2934 1186 i
2992 1119 3115 1188 itur

584 1205 813 1274 territa
883 1205 1172 1286 mulier,
1244 1205 1627 1276 exclamare
1692 1206 1915 1295 coaepit
1968 1228 2126 1294 prae
2205 1206 2484 1275 timore:
2528 1206 2780 1276 deinde
2846 1207 3121 1277 exiiens

582 1314 775 1374 sana,
827 1293 1083 1384 gratias
1128 1295 1266 1385 egit
1318 1299 1446 1365 Deo
1492 1306 1559 1364 et
1605 1293 1801 1365 beato
1850 1293 2275 1386 wolfgango.
2328 1294 2517 1364 Alius
2556 1294 2841 1382 quidam
2878 1296 3126 1384 gravis-

583 1381 755 1453 sime
790 1381 1133 1463 laborans‚
1169 1382 1410 1453 orandi
1452 1387 1665 1454 eausa
1715 1384 1897 1454 veuit
1941 1383 2031 1452 ad
2084 1383 2260 1453 beati
2319 1384 2809 1453 Emmerammi
2858 1383 3124 1453 aedem.

583 1474 890 1558 Cumque
938 1470 1063 1540 diu
1114 1493 1234 1560 pro
1273 1472 1384 1542 sui
1435 1472 1837 1543 liberatione
1885 1484 2190 1562 rogaret,
2246 1477 2650 1542 Sanctorum
2715 1473 2955 1542 merita
3006 1474 3131 1541 im-

586 1558 891 1648 plorans,
950 1559 1224 1630 tandem
1264 1561 1462 1651 juxta
1513 1562 1688 1632 beati
1742 1559 2125 1652 wolfgangi
2161 1561 2472 1630 tumbam
2525 1559 2706 1629 felici
2753 1582 3132 1650 oppressus

584 1669 868 1728 somno,
922 1648 1146 1719 virum
1194 1648 1566 1736 quemdam
1618 1654 1877 1721 statura
1939 1652 2300 1739 procerum
2349 1663 2415 1718 et
2475 1649 2727 1719 canitie
2775 1650 3131 1719 venerabi-

586 1734 745 1817 lem,
779 1736 1163 1807 adstantem
1215 1737 1418 1819 videt,
1455 1760 1757 1825 eumque
1805 1738 1936 1808 sibi
1970 1737 2166 1808 audit
2196 1736 2573 1807 dicentem:
2627 1760 2663 1804 «
2694 1737 2869 1820 Quid
2906 1751 2980 1807 tu
3020 1737 3133 1808 bic

582 1826 756 1916 agis,
814 1840 934 1896 aut
978 1847 1114 1912 qua
1145 1830 1374 1896 *causa
1427 1826 1563 1897 huc
1620 1827 1919 1896 venisti?
1951 1849 1985 1893 »
2029 1826 2418 1916 Respondet
2468 1824 2621 1895 ille:
2661 1848 2697 1892 «
2727 1827 2928 1897 Miser
2976 1847 3124 1915 ego,

584 1915 677 1983 mi
727 1913 1030 1996 domine,
1088 1914 1222 1984 huc
1277 1914 1524 1985 adveni
1571 1914 1822 1984 salutis
1871 1914 2338 2003 impetrandae
2385 1917 2630 1995 causa,
2674 1935 2811 2002 qua
2875 1914 3133 1984 multos

569 2002 724 2092 jam
778 2025 998 2074 annos
1028 2025 1299 2074 careo.»
1338 2009 1508 2073 Tum
1557 2003 1761 2074 heros
1809 2002 2216 2072 venerabilis
2258 2003 2451 2094 virga
2503 2003 2878 2093 pastoritia,
2910 2025 3123 2090 quam

583 2103 812 2162 tenere
848 2091 1230 2174 videbatur,
1281 2113 1441 2162 eum
1489 2093 1871 2183 attingens:
1926 2113 1964 2158 (ι
1998 2095 2238 2180 Surge,
2294 2092 2554 2178 inquit,
2607 2114 2859 2180 ocyus:
2914 2114 3131 2161 sanus

577 2179 765 2249 enim
814 2180 1096 2249 effeetus
1133 2202 1229 2250 eS.
1264 2204 1300 2247 »
1336 2181 1705 2251 Confestim
1752 2180 1888 2261 ille,
1927 2179 2048 2267 qui
2085 2179 2229 2268 jani
2279 2180 2616 2249 exanimis
2655 2179 2793 2250 fere
2829 2181 3125 2269 jacebat,

582 2287 704 2355 per
754 2268 997 2338 merita
1044 2268 1224 2338 beati
1273 2268 1410 2339 Viri
1464 2269 1701 2340 morbo
1743 2269 2071 2339 liberatus
2116 2266 2355 2350 exiliit,
2407 2282 2472 2337 et
2521 2290 2682 2358 prae
2725 2268 2980 2359 gaudio
3002 2268 3133 2338 ela·

586 2354 867 2436 mitans,
969 2379 1056 2427 ua
1109 2369 1325 2448 potest
1359 2356 1607 2427 virium
1661 2357 2006 2434 facultate,
2061 2361 2273 2426 Deum
2312 2371 2379 2427 et
2414 2369 2732 2427 sanctum
2781 2355 3137 2447 wolfgan-

582 2464 752 2535 gum
804 2443 923 2516 lau
972 2468 1011 2517 e
1046 2458 1113 2517 et
1162 2444 1672 2539 praedicatione
1720 2447 1934 2517 effert.
