3347 4999
125 352 302 419 OCT.
358 352 396 416 4
995 368 1074 413 ne
1123 369 1179 427 s,
1225 365 1574 414 FaAthsco
1623 366 1809 415 coar.
2473 353 2597 416 ⁴25

120 453 310 541 quod
364 453 529 521 haec
566 451 798 541 palma
847 450 1048 520 illum
1104 473 1506 541 pauperem,
1561 473 1766 538 quem
1829 453 1895 519 in
1951 453 2386 539 praecedenti
2428 454 2538 523 die
2590 476 2690 522 re—

121 543 420 632 pulerat,
463 540 894 631 designabat.
936 545 1013 608 Et
1048 561 1250 608 mane
1284 542 1596 627 sequenti
1641 540 1994 608 mandavit
2029 563 2148 628 per
2189 564 2351 611 suos
2391 543 2691 614 famulos

124 654 251 721 per
286 631 533 700 Urbem
575 630 837 699 dictum
891 649 1266 719 pauperem
1303 632 1566 716 quaeri.
1614 633 1828 710 Quem
1874 629 2227 698 inventum
2253 633 2450 719 juxta
2501 636 2692 700 Late·

123 741 377 790 ranum
429 720 499 788 in
550 717 874 806 hospitali
932 718 1152 787 sancti
1202 719 1498 798 Antonii,
1553 731 1712 786 ante
1750 730 2195 807 conspectum
2256 741 2461 789 suum
2515 719 2690 789 cele—

121 811 293 879 riter
342 808 556 897 jussit
600 807 880 876 adduci.
937 813 1241 893 Cumque
1304 806 1744 876 introductus
1797 819 1976 876 esset
2022 818 2180 875 ante
2239 821 2687 898 conspectum

121 898 388 968 summi
449 897 838 974 PontificiS,
890 896 1204 983 exposuit
1252 917 1459 964 suum
1517 895 1988 985 propositum,
2046 908 2280 984 petens
2333 897 2690 966 humiliter

119 1001 193 1057 et
223 989 580 1066 instanter,
621 984 1091 1076 supradictam
1143 984 1275 1053 sibi
1326 985 1597 1052 vivendi
1651 983 1959 1074 regulam
1999 985 2395 1073 approbari.
2437 985 2688 1057 videns

121 1089 357 1146 autem
419 1075 667 1144 Christi
719 1073 1031 1143 Vicarius
1072 1073 1403 1142 Dominus
1453 1073 1902 1142 Innocentius
1953 1078 2085 1152 111,
2140 1074 2244 1144 vir
2290 1075 2528 1161 utique
2577 1096 2681 1143 sa·

121 1165 391 1256 pientia
438 1163 714 1242 clarus,
769 1161 1251 1248 admirandam
1304 1163 1374 1229 in
1427 1162 1572 1232 viro
1647 1162 1760 1230 Dei
1811 1161 2170 1250 simplicis
2222 1163 2439 1233 animi
2495 1165 2686 1252 puri-

121 1268 363 1333 tatem,
417 1252 748 1342 propositi
790 1251 1274 1331 constantiam,
1330 1251 1770 1340 ignitumque
1819 1249 2193 1321 voluntatis
2241 1263 2519 1321 sanctae
2559 1253 2688 1321 fer-

121 1364 385 1421 vorem,
426 1341 674 1410 Christi
723 1346 1097 1430 Pauperem
1166 1340 1413 1408 mentis
1461 1361 1694 1408 amore
1741 1339 2256 1429 complectens,
2310 1340 2686 1410 inclinatus

123 1445 233 1501 est
265 1432 521 1510 animo,
575 1444 651 1500 ut
698 1430 893 1518 pium
945 1428 1369 1528 supplicanti
1420 1429 1778 1517 praeberet
1823 1449 2212 1498 assensum.
2266 1429 2542 1499 Distulit
2594 1445 2689 1498 ta-

129 1543 288 1590 men
345 1519 694 1610 perficere,
733 1517 913 1605 quod
954 1517 1202 1588 Christi
1253 1516 1646 1605 postulabat
1680 1517 2178 1606 PauperculuS,
2233 1540 2356 1607 pro
2389 1540 2468 1587 eo
2501 1519 2687 1605 quod

126 1609 487 1696 aliquibus
523 1608 606 1677 de
648 1606 1132 1677 Cardinalibus
1166 1627 1420 1675 novum
1455 1605 1745 1693 aliquid,
1784 1619 1850 1675 et
1887 1628 2102 1696 supra
2135 1607 2313 1678 vires
2346 1606 2690 1677 humanas

128 1699 432 1769 arduum
477 1697 842 1766 videretur.

222 1795 259 1868 ἓ
334 1792 502 1858 20.
578 1786 825 1855 Aderat
879 1796 1106 1853 autem
1179 1785 1355 1853 inter
1425 1783 1821 1852 Cardinales
1884 1785 1990 1852 vir
2056 1784 2492 1854 venerandus
2561 1790 2689 1854 Do-

136 1877 378 1945 minus
424 1875 723 1944 Joannes
770 1872 854 1941 de
905 1877 1150 1942 Sancto
1200 1872 1408 1941 Paulo
1439 1927 1454 1952 ,
1508 1872 1894 1962 Episcopus
1943 1873 2400 1953 Sabinensis‚
2453 1876 2684 1944 omnis

134 1963 521 2033 sanctitatis
570 1975 856 2043 amator,
900 1975 966 2031 et
1012 1961 1290 2051 adjutor
1335 1959 1723 2051 pa'uperum
1768 1962 2050 2030 Christi:
2089 1963 2208 2049 qui
2261 1963 2496 2031 divino
2549 1965 2684 2050 spi·

134 2052 275 2121 ritu
341 2053 840 2132 inflammatuS,
896 2071 1173 2119 summo
1227 2050 1533 2120 Pontifici
1586 2050 1780 2131 dixit,
1826 2063 1892 2120 et
1922 2051 2255 2121 fratribus
2305 2052 2494 2120 suis:
2552 2075 2586 2116 «
2619 2053 2693 2119 Si

185 2141 533 2209 etitionem
577 2141 903 2231 Pauperis
937 2140 1152 2229 hujus
1192 2152 1543 2227 tamquam
1583 2141 1794 2208 nimis
1834 2139 2123 2208 arduam
2164 2162 2550 2229 novamque
2588 2162 2689 2207 re-

158 2229 485 2309 enimus,
539 2250 697 2298 cum
749 2241 931 2320 petat
978 2228 1376 2298 confirmari
1429 2228 1564 2297 sibi
1609 2227 1903 2297 formam
1969 2229 2404 2320 evangelicae
2454 2231 2630 2298 vitae
2662 2284 2680 2308 ,

130 2319 519 2388 cavendum
569 2330 671 2387 est
719 2317 941 2398 nobis,
984 2338 1069 2386 ne
1116 2317 1187 2384 in
1240 2317 1490 2387 Christi
1530 2317 1978 2406 Evangelium
2022 2317 2483 2388 offendamus,
2518 2324 2686 2387 Nam

129 2408 191 2478 si
229 2409 388 2494 quis
423 2408 596 2477 intra
624 2429 790 2477 evan
846 2406 1058 2476 elicae
1088 2405 1529 2495 perfectionis
1559 2407 2066 2476 observantiam
2093 2419 2159 2476 et
2184 2419 2416 2476 votum
2456 2408 2679 2509 ipsius

127 2495 319 2566 dicat
367 2497 704 2567 contineri
752 2521 788 2566 a
826 2495 1013 2583 iquid
1068 2517 1347 2578 novum,
1403 2507 1521 2566 aut
1569 2495 2066 2577 irrationabile,
2113 2495 2216 2567 vel
2254 2498 2344 2566 im
2405 2497 2687 2569 ossibile

127 2586 217 2654 ad
273 2586 806 2665 observandum,
859 2598 1098 2655 contra
1146 2585 1519 2665 Christum,
1558 2585 1909 2675 Evangelii
1945 2598 2324 2666 auctorem,
2410 2586 2686 2676 lasphe·

130 2696 326 2744 mare
374 2675 833 2744 convincitur.
892 2698 927 2739 »
963 2673 1231 2757 Quibus
1280 2674 1693 2764 propositis,
1751 2697 2111 2745 successor
2154 2675 2454 2764 Apostoli
2509 2678 2684 2744 Petri

133 2785 512 2833 conversus
560 2763 646 2833 ad
688 2768 1064 2853 Pauperem
1099 2761 1371 2842 Christi,
1405 2763 1613 2832 dixit:
1654 2786 1693 2830 «
1727 2767 1882 2844 Ora,
1918 2763 2044 2843 fili,
2080 2763 2166 2833 ad
2202 2764 2575 2843 Christum,
2610 2777 2687 2833 ut

132 2875 329 2921 suam
386 2853 584 2922 nobis
636 2874 755 2941 per
802 2865 863 2921 te
915 2850 1330 2921 voluntatem
1364 2851 1682 2922 ostendat
1708 2874 1724 2931 ;
1755 2874 1892 2939 qua
1921 2853 2178 2923 certius
2210 2853 2509 2941 cognita,
2545 2853 2684 2922 tuis

184 2942 270 3009 iis
298 2941 660 3012 desideriis
688 2942 1002 3011 securius
1022 2962 1493 3010 annuamus»
1512 2942 2020 3030 omnipotentis
2042 2952 2269 3009 autem
2306 2940 2414 3009 Dei
2440 2945 2686 3009 Famu-

133 2964 268 3110 l'us,
305 3044 517 3100 totum
570 3052 642 3100 se
690 3030 1049 3099 conferens
1080 3029 1167 3098 ad
1199 3029 1567 3108 orandum,
1608 3031 1931 3132 precibus
1964 3028 2224 3098 devotis
2255 3029 2576 3105 obtinuit,
2619 3044 2685 3098 et

133 3119 315 3206 quod
367 3120 664 3189 exterius
714 3121 858 3209 ipse
910 3120 1262 3209 proferret,
1300 3119 1562 3207 et,quid
1612 3120 1905 3188 interius
1941 3123 2123 3206 Papa
2172 3118 2475 3188 sentiret.
2515 3124 2681 3187 Nam

133 3230 294 3277 cum
347 3208 745 3296 parabolam
797 3208 881 3276 de
927 3208 1136 3277 divite
1184 3212 1387 3297 Rege,
1428 3229 1589 3277 cum
1626 3208 1916 3276 muliere
1954 3207 2256 3276 formosa
2284 3219 2349 3277 et
2379 3229 2680 3298 paupere

132 3298 580 3366 contrahente
613 3310 984 3386 gratanter,
1023 3309 1090 3365 et
1119 3296 1204 3365 de
1234 3295 1421 3386 prole
1447 3311 1792 3385 suscepta,
1831 3295 2254 3385 praeferente
2286 3298 2679 3386 generantis

134 3388 339 3475 Regis
389 3386 789 3475 imaginem,
844 3407 923 3454 ac
974 3407 1096 3474 per
1142 3385 1270 3455 hoc
1318 3385 1680 3454 educanda
1729 3384 1812 3453 de
1865 3407 2103 3454 mensa
2155 3385 2399 3474 ipsiuS,
2433 3391 2611 3454 sicut
2646 3408 2683 3454 a

133 3479 267 3544 Deo
345 3489 746 3564 acceperat,
804 3473 1179 3543 retulisset:
1248 3496 1329 3542 ex
1390 3472 1582 3542 illius
1648 3475 2210 3564 interpretatione
2268 3475 2678 3565 subjunxit:

133 3587 167 3628 «
212 3569 357 3633 Non
411 3575 512 3631 est
580 3561 1095 3632 formidandum
1130 3616 1144 3634 .
1199 3562 1380 3648 quod
1433 3561 1614 3630 fame
1664 3575 1946 3650 pereant
1994 3564 2251 3632 aeterni
2304 3565 2506 3654 Regis
2558 3563 2683 3631 filii

131 3666 194 3721 et
243 3651 600 3731 haeredeS‚
654 3651 773 3738 qui
823 3651 906 3719 ad
960 3651 1336 3741 imaginem
1387 3652 1591 3740 Regis
1642 3651 1888 3721 Christi
1942 3673 2061 3741 per
2109 3652 2404 3742 Spiritus
2455 3654 2681 3722 Sancti

132 3743 454 3811 virtutem
507 3740 590 3808 dc
640 3762 941 3830 paupere
991 3753 1208 3808 matre
1259 3739 1424 3821 nati,
1461 3753 1527 3808 et
1560 3740 1690 3829 ipsi
1730 3763 1851 3830 per
1897 3742 2218 3830 spiritum
2265 3742 2685 3830 paupertatis

135 3844 297 3900 sunt
347 3830 417 3898 in
470 3829 825 3919 Relig‘ione
866 3827 1284 3918 paupercula
1337 3829 1740 3918 generandi.
1797 3830 1864 3900 Si
1911 3831 2096 3898 enim
2148 3834 2286 3899 Rex
2333 3830 2681 3900 coelorum

137 3918 604 3989 imitatoribus
653 3918 801 3987 suis
848 3939 1138 4007 regnum
1193 3917 1529 4004 promittit
1575 3931 1956 3998 aeternum,
2011 3932 2267 4005 quanto
2304 3919 2524 4008 magis
2567 3918 2685 3987 illa

140 4006 716 4086 subministrabit,
748 4028 925 4093 quae
950 4006 1414 4075 communiter
1452 4006 1746 4097 largitur
1793 4009 1993 4079 bonis
2041 4021 2107 4076 et
2156 4007 2398 4077 malis?
2428 4032 2462 4073 »
2493 4012 2683 4077 Hanc

140 4116 298 4187 ergo
349 4096 776 4186 parabolam,
831 4108 896 4166 et
944 4093 1365 4163 intellectum
1417 4096 1664 4185 ipsiuS,
1724 4096 1971 4167 Christi
2021 4097 2332 4168 Vicarius
2381 4119 2539 4166 cum
2576 4097 2685 4166 di·-

144 4181 428 4273 ligenter
477 4184 831 4258 audisset,
887 4182 1179 4252 miratus
1227 4195 1327 4252 est
1374 4184 1570 4253 valde
1606 4240 1621 4263 ‚
1675 4199 1743 4254 et
1805 4186 2276 4256 indubitanter
2336 4186 2680 4255 Christum

146 4269 445 4344 locutum
519 4275 588 4342 in
664 4272 946 4342 homine
995 4273 1409 4362 recognovit.
1488 4274 1613 4343 Sed
1687 4286 1753 4344 et
1803 4274 2187 4356 visionem,
2242 4282 2450 4361 quam
2519 4290 2683 4345 tunc

145 4363 467 4451 temporis
514 4385 551 4431 e
597 4362 785 4433 coelo
837 4373 1253 4452 perceperat,
1308 4361 1377 4430 in
1430 4361 1559 4431 hoc
1608 4363 1764 4432 Viro
1814 4361 1955 4431 fore
2002 4362 2483 4453 complendam
2531 4365 2684 4452 Spi-

147 4447 281 4518 ritu
327 4450 561 4520 divino
610 4463 1043 4543 suggerente,
1099 4449 1420 4522 firmavit.
1460 4450 1748 4522 Videbat
1795 4471 2094 4538 namque
2144 4452 2213 4521 in
2265 4452 2530 4523 somnis
2576 4454 2684 4540 (ut
