3347 4999
224 301 399 367 OCT.
459 303 539 367 ⁴0
879 322 956 365 m:
1006 321 1097 368 ss.
1151 320 1465 367 Ectaumo
1514 321 1588 366 ET
1637 322 1955 369 anement
2007 325 2120 369 im.
2562 307 2689 370 3155

222 418 451 495 auget,
490 426 788 492 eumque
835 406 1060 474 nervis
1116 405 1308 474 caedi
1359 406 1788 475 tenuissimis
1841 407 2135 497 imperat
2191 406 2587 477 crudeliter.
2647 409 2777 491 Qui

221 516 384 563 cum
422 495 576 563 nive
615 495 911 584 spissius
961 494 1275 583 Martyris
1308 517 1425 563 cor
1478 494 1577 563 ori
1616 495 2117 580 infligerentur.
2159 496 2420 565 affectis
2462 498 2778 586 partibus

222 584 598 653 afferebant
650 600 979 671 magnum
1019 605 1299 652 sensum
1342 583 1429 652 do
1462 583 1623 652 oris.
1683 583 1808 653 Sed
1860 584 1958 653 sic
2008 606 2285 671 quoque
2320 591 2574 674 Martyr
2608 586 2780 656 nihil

223 673 416 742 visus
450 686 549 743 est
599 672 945 742 remisisse
995 694 1066 741 se
1114 672 1198 740 de
1247 694 1373 740 sua
1414 673 1628 741 animi
1670 672 2171 761 magnitudine,
2211 687 2328 743 aut
2360 673 2445 742 de
2486 696 2609 744 sua
2649 676 2785 744 fide

223 762 296 829 in
331 763 671 831 Christum
710 761 1077 830 Dominum
1112 774 1420 831 nostrum
1456 761 1721 848 aliquid
1756 761 2114 831 relaxasse.
2152 763 2328 832 Hinc
2361 762 2774 848 frequentes,

224 863 291 919 et
348 873 417 921 se
475 851 763 919 invicem
808 863 1301 937 consequentes
1352 864 1846 920 tormentorum
1899 851 2186 940 specieS,
2244 865 2591 937 tamquam
2646 853 2774 921 flu-

223 952 401 1021 ctuS,
423 939 877 1027 erumpebant
900 940 966 1009 in
1000 945 1387 1028 Martyrem.
1412 940 1647 1008 Statim
1679 940 1863 1008 enim
1894 961 2265 1009 conversus
2290 952 2390 1009 est
2418 946 2783 1029 Tyrannus

223 1028 309 1097 ad
362 1028 851 1098 inveniendum
913 1027 1102 1097 aliud
1141 1028 1576 1119 supplicium
1614 1052 1628 1108 ;
1673 1041 1738 1098 et
1785 1028 1974 1117 ligno
2022 1029 2425 1119 appendens
2477 1029 2776 1097 indomi-

225 1131 362 1187 tam
417 1129 738 1197 statuam,
775 1117 1226 1187 consumebat
1271 1114 1514 1187 carnes
1561 1117 2135 1198 lacerationibus;
2190 1130 2254 1187 et
2292 1117 2376 1186 ad
2431 1117 2776 1188 medullas

223 1220 289 1276 et
319 1229 474 1277 ossa
505 1228 724 1293 usque
773 1207 1049 1276 subibat
1088 1205 1284 1276 dolor
1318 1230 1332 1286 ;
1385 1219 1449 1275 et
1500 1207 1918 1296 principales
1971 1219 2197 1297 partes
2228 1208 2538 1296 corporis
2574 1209 2781 1277 attin-

223 1296 450 1386 gebat.
506 1301 759 1383 Martyr
797 1308 1025 1364 autem
1078 1295 1399 1395 precibus
1449 1307 1866 1365 tormentum
1918 1310 2493 1385 contemperans,
2551 1309 2616 1365 et
2665 1298 2775 1367 sui

223 1384 685 1473 Agonothe‘tae
712 1383 1048 1454 auxilium
1082 1406 1432 1465 invocans,
1477 1406 1607 1453 non
1646 1385 1869 1476 magis
1895 1385 2305 1454 censebatur
2343 1386 2504 1474 pati,
2541 1407 2777 1471 quam,

223 1473 361 1543 alio
423 1474 717 1561 patiente
752 1528 766 1552 ,
821 1473 841 1540 i
898 1494 967 1543 se
1015 1493 1163 1541 esse
1211 1487 1569 1563 spectator.
1639 1479 2005 1560 Postquam
2058 1486 2285 1542 autem
2341 1475 2506 1542 satis
2547 1474 2783 1542 decer-

222 1563 390 1632 tavit
437 1561 768 1631 adversus
885 1561 1353 1632 ilacerationes
1384 1617 1399 1643 ,
1463 1575 1529 1631 et
1577 1563 1981 1631 universum
2031 1562 2458 1651 discerptum
2519 1585 2789 1653 corpus

227 1651 658 1741 propositum
702 1650 830 1719 suit
864 1650 1193 1739 adspectu
1229 1664 1500 1730 tetrum,
1557 1650 1928 1720 daemones
1975 1650 2284 1738 quidem,
2338 1664 2414 1720 ut
2452 1675 2574 1742 par
2608 1666 2775 1733 erat,

229 1739 650 1821 moerebant,
711 1744 885 1808 Deus
932 1751 1158 1809 autem
1201 1761 1237 1808 e
1287 1762 1369 1809 su
1423 1740 1559 1808 eris
1597 1740 1946 1809 exultabat
1981 1752 2258 1831 propter
2291 1762 2497 1810 suum
2532 1746 2786 1811 corona

223 1829 626 1898 redimitum
682 1828 1035 1897 athletam.
1084 1828 1315 1898 Judex
1412 1829 1613 1897 einde
1660 1851 1952 1898 cernens
2006 1851 2079 1898 se
2126 1850 2275 1897 esse
2322 1843 2728 1918 superatum
2762 1886 2777 1910 ‚

226 1940 389 1987 cum
456 1940 575 1987 nec
640 1917 863 1986 verbis
930 1930 1155 2005 posset
1205 1917 1617 2007 persuadere
1667 1919 1976 2008 patienti,
2036 1939 2157 1987 nec
2207 1917 2603 1999 blanditiis,
2662 1940 2785 1988 nec

226 2007 395 2076 ullis
442 2005 598 2075 aliis
657 2006 1091 2085 rationibus,
1155 2006 1460 2096 procedit
1511 2006 1596 2076 ad
1653 2006 1784 2075 tale
1825 2020 2238 2076 tormentum
2274 2016 2293 2088 ,’
2335 2007 2516 2094 quod
2570 2008 2628 2076 si
2679 2007 2781 2076 vel

227 2096 454 2165 solum
485 2094 570 2164 ad
598 2116 800 2164 aures
831 2095 1200 2184 perveniat,
1231 2108 1448 2185 potest
1477 2096 1891 2166 conturbare
1916 2119 1995 2165 ac
2021 2095 2445 2165 confundere
2481 2108 2782 2166 mentem

225 2198 291 2252 et
325 2185 831 2274 cogitationem.
887 2184 1236 2253 Tenuibus
1265 2184 1451 2253 enim
1505 2184 1667 2254 loris
1706 2185 2007 2274 peduum
2045 2197 2110 2254 et
2152 2207 2490 2267 manuum
2531 2184 2784 2254 adstri-

227 2286 373 2341 ctos
421 2273 675 2363 digitos
714 2273 913 2361 jubet
971 2272 1299 2342 violenter
1344 2273 1838 2343 circumtrahi:
1905 2274 2089 2360 quod
2157 2274 2216 2342 ei
2267 2273 2781 2343 intolerandum

229 2362 559 2430 reddebat
608 2362 1018 2430 cruciatum.
1074 2367 1238 2430 Nam
1289 2384 1448 2431 cum
1499 2361 2101 2452 confringerentur
2148 2362 2461 2443 articuli,
2518 2376 2583 2432 et
2641 2363 2785 2432 vio-

227 2449 410 2518 lenta
454 2450 845 2519 extensione
893 2450 1406 2537 quodammodo
1457 2452 1846 2532 striderent,
1892 2451 2178 2543 contigit
2208 2451 2532 2522 athletam
2573 2474 2784 2543 prope

231 2552 447 2608 morte
481 2538 686 2616 affici,
722 2539 905 2624 quod
941 2561 1311 2630 compages
1360 2542 1673 2611 omnium
1728 2542 2198 2611 membrorum
2236 2542 2545 2631 corporis
2584 2565 2624 2610 a
2657 2564 2784 2611 sua

226 2628 388 2697 sede
435 2641 500 2696 et
532 2627 773 2695 ordine
821 2627 1374 2698 dimoverentur:
1430 2629 1600 2700 adeo
1648 2642 1725 2700 ut
1774 2644 2052 2720 propter
2091 2630 2437 2721 ingentem
2471 2630 2777 2700 dolorem

227 2715 312 2785 ad
356 2715 894 2786 misericordiam
933 2716 1364 2786 traherentur
1395 2718 1598 2788 etiam
1642 2719 1980 2789 inanima.

317 2813 354 2886 ἓ
384 2811 469 2877 5.
519 2805 642 2874 Sed
679 2810 1035 2892 Tyrannus
1068 2806 1344 2892 quidem
1376 2828 1532 2875 curn
1574 2829 1708 2876 non
1744 2809 2078 2898 potuisset
2110 2808 2308 2879 factis
2340 2806 2777 2909 persuadere,

226 2894 311 2963 ad
365 2893 925 2983 persuadendum
976 2895 1202 2965 verbis
1250 2917 1493 2967 rursus
1525 2919 1596 2967 se
1628 2897 1914 2977 confert,
1963 2901 2255 2986 persona
2289 2896 2780 2986 disputationis

226 3005 424 3053 suam
463 2996 698 3073 tegens
748 2984 1247 3072 impotentiam.
1296 2990 1371 3054 Et
1407 2986 1717 3074 primum
1766 2986 2049 3073 quidem
2085 3040 2100 3066 ,
2146 2997 2222 3054 ut
2280 2986 2401 3072 qui
2442 2998 2620 3055 esset
2670 3006 2786 3053 su-

227 3073 687 3161 perstitiosius
725 3072 1012 3142 affectus
1037 3073 1106 3141 in
1138 3095 1333 3142 suam
1374 3074 1803 3163 religionem,
1859 3073 2206 3143 lacerabat
2237 3074 2542 3144 divinam
2576 3072 2783 3144 Verbi

223 3162 455 3231 carnis
505 3163 1035 3252 susceptionem,
1081 3163 1365 3251 ejusque
1415 3185 1537 3253 per
1588 3163 1894 3232 essiones
1941 3175 2007 3232 et
2054 3163 2073 3230 i
2130 3185 2276 3233 sam
2329 3168 2662 3241 Crucem;
2716 3173 2782 3232 et

225 3271 706 3337 quaecumque
742 3263 905 3319 sunt
934 3252 1128 3340 signa
1170 3265 1436 3321 nostrae
1468 3187 1737 3331 saiutiS,
1782 3273 1861 3321 ea
1896 3274 2059 3322 scan
2115 3252 2208 3320 ali
2243 3251 2538 3321 ducebat
2571 3251 2783 3321 offen-

227 3339 478 3409 siones.
535 3339 860 3408 Posthaec
903 3338 1285 3428 proferebat
1316 3341 1523 3409 etiam
1557 3340 1887 3409 fabricam
1932 3341 2455 3421 elementorum,
2496 3354 2573 3411 ut
2605 3361 2783 3428 quae

227 3440 404 3497 esset
452 3426 734 3513 quidem
784 3427 1011 3497 dulcis
1058 3443 1120 3497 et
1171 3429 1518 3509 amabilis,
1570 3441 1636 3498 et
1685 3429 1766 3497 ad
1821 3429 2192 3499 fruendum
2245 3431 2595 3521 proposita
2656 3430 2781 3498 ho-

223 3515 577 3592 minibus,
641 3529 705 3584 et
769 3515 951 3602 quod
1008 3517 1215 3587 nollet
1258 3540 1340 3586 ne
1395 3517 1592 3587 valde
1651 3518 1932 3604 quidem
1986 3541 2234 3589 caecus
2267 3573 2288 3599 ‚
2344 3540 2521 3606 quae
2581 3541 2662 3588 ex
2700 3540 2783 3587 ea

225 3607 446 3674 oritur
479 3659 493 3683 ,
552 3604 804 3693 privari
854 3604 1010 3675 volu
1069 3619 1221 3675 tate.
1279 3612 1533 3694 Martyr
1579 3619 1809 3676 autem
1857 3607 2033 3697 (erat
2086 3609 2271 3678 enim
2322 3629 2482 3676 vera
2530 3607 2779 3697 plenus

224 3692 616 3794 sapientia)
661 3703 897 3762 contra
962 3717 1003 3764 a
1056 3696 1286 3764 erebat
1335 3694 1525 3764 illius
1573 3696 1862 3766 deorum
1900 3696 2455 3773 ‚imbecillitatem
2505 3708 2569 3765 et
2617 3696 2782 3765 effe-

223 3782 699 3858 minationem,
739 3803 916 3868 quae
949 3783 1125 3853 inter
1159 3805 1230 3854 se
1265 3784 1554 3853 invicem
1596 3784 1900 3864 suerunt,
1956 3807 2229 3876 pugnas
2276 3797 2341 3854 et
2380 3784 2775 3867 seditioneS,

224 3884 288 3941 et
336 3871 518 3958 quod
574 3870 1045 3940 volutarentur
1094 3872 1160 3941 in
1199 3872 1509 3962 corporis
1541 3874 2024 3943 affectionibus
2060 3898 2074 3954 ;
2128 3886 2194 3943 et
2240 3873 2421 3961 quod
2460 3873 2634 3942 nihil
2668 3895 2783 3943 eo-

226 3982 382 4029 rum
436 3981 612 4047 quae
664 3959 991 4049 producta
1043 3973 1248 4039 sunt,
1303 3983 1382 4030 ex
1432 3983 1503 4030 se
1550 3976 1776 4032 ortum
1831 3963 2101 4042 habeat,
2155 3975 2221 4032 et
2270 3964 2355 4034 sit
2403 3962 2554 4031 sine
2590 3962 2784 4051 prin-

225 4049 431 4136 cipio,
487 4048 601 4117 sed
656 4049 883 4118 statim
930 4048 1259 4118 referatur
1307 4049 1390 4119 ad
1445 4051 1739 4140 primam
1793 4066 1859 4120 et
1904 4051 2312 4121 efficientem
2361 4073 2668 4130 causam,
2717 4064 2783 4123 et

224 4138 763 4227 omnipotentem
799 4161 813 4218 ;
866 4150 931 4207 et
978 4138 1160 4224 quod
1193 4140 1312 4226 qui
1346 4139 1513 4208 haec
1550 4139 1900 4226 relinquit,
1946 4140 2031 4209 ad
2065 4162 2304 4210 eorum
2349 4140 2594 4210 transit
2634 4141 2784 4231 opi-

224 4224 448 4305 ficem,
503 4248 737 4295 eorum
802 4248 976 4314 quae
1025 4227 1254 4297 fluunt
1311 4240 1374 4296 et
1425 4250 1557 4297 non
1611 4241 1817 4310 stant,
1896 4229 2386 4299 habitationem
2448 4243 2779 4319 perpetua

224 4325 290 4380 et
338 4314 561 4383 stabili
616 4315 1034 4385 habitatione
1071 4371 1085 4396 ‚
1140 4316 1608 4404 ineffabilique
1640 4372 1654 4394 ‚
1709 4329 1773 4385 et
1820 4340 1995 4403 quae
2049 4339 2180 4387 non
2232 4317 2511 4398 desinit,
2588 4317 2782 4387 volu-

230 4414 411 4489 ptate
458 4418 915 4474 commutans.
972 4406 1094 4474 His
1145 4407 1318 4475 veris
1369 4407 1681 4495 Martyris
1731 4407 1955 4477 verbis
2007 4412 2371 4496 Tyrannus
2420 4408 2773 4488 attonitus,
