3347 4999
691 364 820 427 446
1331 381 1407 426 na
1455 379 1815 435 ominosum
1864 380 2135 425 marva.
2190 377 2402 426 Arme.
2830 361 3003 427 OCT.
3066 364 3149 427 16

602 465 818 535 multo
867 479 1170 554 tempore
1223 464 1408 533 nudo
1446 464 1668 553 jacuit
1718 464 1848 534 sub
1906 467 2083 532 aere:
2151 484 2492 532 annorum
2544 476 2689 532 erat
2740 463 2899 553 plus
2954 478 3142 533 octo-

602 555 790 645 ginta
824 577 836 620 :
889 575 1093 640 quem
1131 575 1253 624 nos
1285 565 1446 621 tunc
1494 552 1790 642 indigni,
1832 552 1899 620 in
1946 552 2063 621 tali
2103 551 2342 621 exsilio
2394 553 2776 620 meruimus
2810 552 3138 622 salutare.

688 644 724 730 ξ
770 646 846 712 2.
902 642 1210 724 Quodam
1260 654 1564 731 tempore
1609 640 1960 742 paschalis
2009 640 2408 710 solemnitas
2455 640 2810 729 agebatur,
2865 653 2929 710 et
2961 642 3136 712 dum

601 732 669 800 in
721 732 1019 818 quodam
1064 730 1236 809 loco,
1288 730 1410 816 qui
1459 736 1667 819 Regia
1720 730 2074 808 vocitatur,
2114 729 2201 798 ob
2250 728 2432 797 diem
2471 728 2817 817 paschalis
2852 730 3139 800 lionoris

603 820 818 889 nostri
868 820 1143 889 sibimet
1182 817 1487 887 clausam
1523 818 1882 887 ecclesiam
1922 830 2300 887 reserarent
2327 831 2815 907 compererunt
2846 819 3138 887 Arriani.

604 910 838 978 Statim
875 908 1158 995 quidam
1197 906 1549 996 presbyter
1576 928 1811 976 eorum
1847 907 2091 975 Andiot
2123 906 2423 986 nomine,
2455 908 2871 1007 congregata
2903 928 3144 977 secum

601 1010 1024 1067 armatorum
1100 1017 1336 1074 manu,
1390 994 1475 1064 ad
1525 994 2056 1095 expugnandam
2127 994 2401 1063 turbam
2467 994 2870 1064 accenditur
2936 996 3143 1066 inno-

601 1099 904 1156 centum.
961 1087 1359 1160 Introeunt‚
1429 1084 1808 1173 evaginatis
1880 1082 2194 1172 spathiS‚
2264 1105 2457 1152 arma
2526 1083 2950 1174 corripiunt,
3021 1085 3144 1155 alii

601 1195 875 1262 quoque
947 1186 1119 1242 tecta
1178 1172 1693 1252 conscendunt,
1767 1183 1831 1240 et
1880 1193 1999 1261 per
2065 1170 2396 1241 fenestras
2464 1172 2792 1243 ecclesiae
2854 1174 3141 1264 sagittas

601 1273 963 1352 spargunt.
1019 1266 1096 1332 Et
1144 1271 1306 1330 tunc
1356 1260 1525 1330 forte
1573 1273 1637 1330 et
1683 1272 1969 1331 canente
2019 1260 2272 1349 populo
2322 1260 2460 1339 Dei,
2501 1259 2712 1331 lector
2758 1284 2945 1331 unus
2978 1263 3140 1350 pul-

601 1353 743 1451 pito
794 1351 1067 1429 sistens,
1121 1348 1615 1439 allelujaticum
1678 1348 1892 1418 melos
1938 1350 2249 1419 canebat.
2315 1354 2461 1432 Quo
2528 1363 2833 1439 tempore
2889 1352 3139 1441 sagitta

600 1462 669 1509 in
722 1452 997 1529 gutture
1037 1437 1408 1527 jaculatus,
1461 1438 1745 1507 cadente
1784 1436 1868 1505 de
1919 1437 2241 1506 manibus
2293 1437 2560 1517 codice,
2620 1449 2932 1508 mortuus
2982 1451 3139 1528 post

599 1528 845 1598 cecidit
915 1528 1081 1618 ipse.
1157 1532 1322 1596 Nam
1385 1539 1449 1595 et
1513 1525 1633 1594 alii
1701 1525 2204 1615 quamplurimi
2277 1526 2541 1615 sagittis
2608 1538 2674 1595 et
2732 1525 2989 1615 jaculis
3065 1528 3137 1595 in

601 1616 829 1686 medio
875 1615 1251 1706 crepidinis
1299 1614 1535 1684 altaris
1585 1613 1966 1704 probantur
2011 1614 2243 1684 occisi.
2281 1619 2445 1684 Nam
2493 1614 2616 1700 qui
2662 1614 2914 1704 gladiis
2970 1629 3138 1684 tunc

601 1705 994 1795 interempti
1055 1725 1188 1772 non
1253 1716 1451 1785 sunt,
1523 1716 1757 1792 postea
1819 1703 2058 1792 poenis
2119 1702 2353 1783 attriti,
2406 1704 2593 1793 regio
2628 1702 2836 1790 jussu
2897 1725 3141 1774 omnes

600 1816 772 1885 pene
843 1793 1061 1863 necati
1139 1804 1349 1871 sunt,
1422 1792 1820 1881 praesertim
1882 1791 2276 1860 maturioris
2359 1792 2621 1860 aetatis.
2696 1791 2873 1861 Alibi
2938 1814 3138 1862 nam-

566 1905 732 1973 ‚que
793 1883 972 1952 sicut
1026 1879 1484 1950 Thunazudae
1543 1880 1865 1969 contigit,
1933 1879 2261 1961 Galibus,
2334 1880 2477 1948 vico
2533 1881 2977 1962 Ammoniae,
3034 1880 3136 1950 vel

599 1972 755 2042 aliis
819 1972 890 2039 in
942 1970 1153 2049 locis,
1212 1982 1557 2058 tempore,
1623 1989 1761 2054 quo
1835 1981 2261 2038 sacramenta
2325 1968 2438 2036 Dei
2507 1967 2763 2057 populo
2834 1969 3139 2059 porrige-

597 2061 873 2139 bantur,
931 2059 1351 2127 introeuntes
1393 2057 1686 2126 maximo
1719 2056 1970 2136 furore,
2015 2078 2266 2143 corpus
2314 2055 2557 2126 Christi
2608 2069 2673 2125 et
2720 2058 3133 2146 sanguinem

607 2146 1018 2239 pavimentis
1047 2157 1471 2236 sparserunt,
1508 2158 1574 2216 et
1613 2145 1784 2215 illud
1838 2145 2116 2234 pollutis
2153 2144 2444 2234 pedibus
2488 2145 2944 2215 calcaverunt.
2983 2151 3138 2236 Ipse

601 2238 788 2306 enim
825 2235 1207 2306 Geisericus
1257 2255 1497 2325 praece
1548 2246 1724 2315 erat,
1782 2234 1877 2303 ita
1933 2233 2503 2323 persuadentibus
2552 2235 2908 2325 Episcopis
2956 2236 3128 2315 suis,

598 2337 675 2394 ut
721 2326 901 2393 intra
949 2322 1180 2392 aulam
1233 2345 1428 2393 suam
1506 2323 1923 2408 iliorumque
1971 2345 2255 2391 suorum
2320 2344 2452 2391 non
2505 2322 2639 2391 nisi
2699 2323 2967 2392 Arriani
3019 2345 3138 2413 per

599 2412 866 2482 diversa
925 2411 1305 2481 ministeria
1358 2423 1797 2501 ponerentur.
1853 2416 2036 2480 Inter
2092 2411 2263 2480 alios
2328 2422 2603 2479 ventum
2668 2425 2771 2482 est
2816 2425 2980 2482 tunc
3047 2411 3133 2481 ad

599 2507 1069 2591 Armogastem
1122 2513 1460 2570 nostrum.
1496 2501 1699 2589 Cujus
1738 2522 1895 2569 curn
1930 2499 2052 2570 diu
2090 2524 2170 2568 ac
2200 2501 2477 2589 saepius
2506 2499 2706 2571 tibias
2754 2501 3134 2588 torquendo

598 2590 1027 2661 tumentibus
1074 2588 1585 2679 confringerent
1652 2587 1971 2670 chordis,
2024 2602 2089 2658 et
2136 2589 2461 2669 frontem,
2516 2590 2585 2657 in
2635 2612 2769 2676 qua
2821 2591 3132 2660 Christus

598 2677 923 2750 vexillum
963 2700 1131 2748 suae
1170 2678 1409 2747 fixerat
1439 2677 1699 2757 CruciS,
1767 2691 2083 2768 rugatam
2135 2678 2492 2778 magisque
2538 2691 2798 2748 aratam
2849 2678 3134 2748 descen-

598 2768 836 2838 dentes
885 2778 1087 2854 atque
1158 2767 1543 2857 mugientes
1611 2766 2047 2836 ostenderent
2095 2787 2308 2848 nervi,
2360 2779 2435 2835 ut
2482 2766 2600 2836 fila
2670 2788 3080 2837 aranearum
3111 2822 3126 2849 ,

601 2870 839 2927 sancto
887 2855 1153 2926 coelum
1223 2855 1671 2945 respiciente,
1732 2856 2127 2945 crepabant.
2181 2859 2255 2923 At
2302 2854 2423 2924 ubi
2491 2868 2774 2926 tortores
2824 2857 3132 2927 nervicas

597 2945 891 3016 chordas
938 2944 1289 3034 disruptas
1335 2965 1483 3013 esse
1517 2943 1860 3024 viderunt,
1899 2942 2125 3012 allatis
2152 2942 2462 3015 crebrius
2495 2943 2893 3014 fortioribus
2926 2945 3127 3013 chor-

597 3034 706 3105 dis
739 3047 943 3122 atque
973 3032 1357 3113 canabinis,
1397 3033 1515 3102 illo
1543 3032 1717 3100 nihil
1751 3032 1965 3114 aliud,
2005 3032 2140 3101 nisi
2174 3032 2421 3101 Christi
2465 3054 2710 3102 nomen
2740 3034 3121 3112 invocante,

596 3123 714 3192 illa
764 3123 997 3193 omnia
1036 3121 1515 3192 vanescebant.
1584 3121 1713 3190 Sed
1773 3133 1838 3190 et
1885 3121 2108 3211 capite
2167 3120 2490 3191 deorsum
2552 3120 2720 3190 dum
2772 3121 2856 3190 ad
2905 3143 3129 3192 unum

597 3212 925 3302 penderet
980 3210 1248 3300 pedem,
1311 3210 1613 3302 dormire
1658 3210 1856 3297 quasi
1909 3232 2116 3300 super
2180 3210 2430 3279 lectum
2482 3208 2740 3298 plumis
2785 3222 3074 3280 stratum
3109 3264 3124 3290 ,

595 3300 923 3369 omnibus
954 3299 1334 3369 videbatur.
1387 3304 1601 3383 Quem
1641 3321 1803 3369 cum
1839 3298 2298 3369 Theodoricus
2347 3298 2552 3387 Regis
2586 3297 2796 3379 filius,
2834 3299 2952 3386 qui
2977 3298 3127 3388 ejus

595 3388 922 3457 dominus
958 3399 1123 3466 erat,
1183 3389 1419 3477 poenis
1467 3410 1603 3458 non
1655 3387 2042 3457 valentibus
2072 3442 2087 3468 ,
2140 3388 2364 3476 capite
2413 3387 2716 3457 truncari
2756 3388 3123 3474 jussisset,

595 3499 634 3546 a
670 3498 796 3546 suo
844 3474 1247 3566 prohibetur
1285 3476 1600 3564 jucundo
1650 3477 2068 3565 presbyter-0,
2123 3476 2390 3545 dicente
2431 3475 2605 3545 sibi:
2660 3476 2919 3546 Poteris
2964 3498 3123 3545 eum

594 3565 883 3634 diversis
930 3563 1418 3635 afflictionibus
1466 3565 1871 3635 interficere.
1925 3569 2091 3635 Nam
2128 3565 2185 3634 si
2221 3564 2451 3655 gladio
2549 3565 2896 3645 cremeris,
2953 3564 3127 3633 inci-

595 3655 785 3744 pient
833 3652 1126 3723 Romani
1176 3666 1541 3742 martyrem
1587 3653 2002 3753 praedicare.
2062 3659 2248 3722 Tunc
2295 3653 2473 3721 Theo
2525 3654 2755 3723 oricus
2807 3655 2872 3722 in
2923 3658 3127 3742 Byza-

593 3764 832 3813 cenam
879 3741 1301 3832 provinciam
1340 3741 1423 3811 ad
1474 3741 1832 3811 fodiendas
1863 3764 2019 3811 eum
2070 3742 2482 3811 condemnat
2543 3742 2842 3811 scrobeS.
2892 3747 3129 3811 Postea

592 3831 793 3919 quasi
833 3831 917 3901 ad
971 3831 1204 3919 majus
1242 3830 1692 3921 opprobrium
1731 3831 1917 3901 haud
1951 3831 2185 3920 procul
2225 3829 2654 3921 Carthagine,
2686 3831 2806 3900 ubi
2854 3830 2939 3899 ab
2979 3851 3126 3899 om-

593 3921 801 3990 nibus
851 3920 1216 4000 videretur,
1273 3930 1610 4009 pastorem
1662 3940 1820 3988 eum
1873 3920 2220 4010 praecepit
2251 3942 2400 3991 esse
2449 3941 2837 3989 vaccarum.

678 4013 714 4097 ξ
761 4012 842 4080 8.
896 4014 1081 4078 Inter
1119 4007 1312 4090 haec:
1366 4009 1651 4077 Domino
1693 4007 2052 4090 revelante,
2096 4031 2256 4077 cum
2306 4007 2739 4077 dormitionis
2766 4029 2928 4078 suae
2968 4029 3128 4107 pro-

589 4097 853 4166 ximum
905 4111 1211 4168 cerneret
1279 4097 1489 4177 diem,
1543 4096 1829 4167 advocat
1885 4096 2254 4184 quemdam
2306 4095 2592 4165 Felicem
2667 4095 3123 4165 venerabilem

590 4185 1078 4268 Christianum,
1140 4196 1648 4276 procuratorem
1701 4186 1948 4256 domus
1995 4186 2118 4255 filii
2174 4186 2409 4276 RegiS,
2480 4185 2602 4271 qui
2649 4188 3118 4273 Armogastem

586 4290 665 4346 ut
698 4275 1092 4364 Apostolum
1145 4275 1618 4355 venerabatur,
1671 4274 1974 4361 dicitque
2022 4274 2164 4343 illi:
2202 4297 2236 4340 «
2281 4279 2578 4363 Tempus
2629 4295 2817 4342 meae
2868 4273 3126 4343 resolu-

589 4365 796 4434 tionis
828 4363 1145 4434 advenit:
1185 4365 1467 4435 obsecro
1510 4378 1570 4433 te
1619 4385 1739 4453 per
1785 4363 2016 4443 fidem,
2063 4384 2271 4449 quam
2324 4364 2596 4449 utrique
2660 4375 2991 4440 tenemus,
3045 4374 3126 4430 ut

589 4454 720 4525 sub
771 4453 896 4522 bac
936 4453 1229 4542 siliquae
1276 4453 1518 4523 arbore
1545 4475 1653 4522 me
1693 4451 1981 4542 sepelire
2019 4450 2351 4542 digneriS‚
2409 4450 2806 4521 redditurus
2835 4450 3123 4521 Domino
