3347 4999
660 375 681 396 .
750 335 877 399 1106
1334 352 1410 397 na
1460 353 1513 397 s.
1569 349 1856 400 causano
1905 351 2143 398 Anam:
2195 350 2523 398 aaoxisxsi
2942 332 3142 397 OCT.
3197 335 3230 397 :3

668 447 955 524 putaret,
994 457 1111 525 per
1161 448 1254 506 tot
1303 433 1707 525 prolapsum
1758 435 2102 525 scopulos,
2143 435 2401 523 quibus
2441 436 2597 525 jure
2646 435 3097 525 discerptum
3143 437 3236 503 vi-

663 524 984 594 deretur?
1032 530 1107 594 At
1147 523 1260 594 ille
1294 546 1429 594 non
1468 522 1692 594 solum
1731 524 1947 604 vivuS,
1979 524 2096 594 sed
2149 524 2352 594 etiarn
2399 524 2769 595 incolumis
2817 537 2884 594 et
2931 522 3234 593 illaesus

668 626 975 704 repertus
1033 627 1134 684 est
1181 636 1340 683 cum
1393 612 1770 702 lapidibus.
1848 612 2066 682 Facile
2123 624 2349 682 autem
2402 614 2729 683 omnibus
2793 634 3231 703 persuasum

663 717 785 781 est,
843 701 1094 771 idcirco
1128 724 1284 772 eum
1342 702 1411 770 in
1467 716 1600 770 tam
1646 701 1931 770 immani
1978 700 2385 792 praecipitio
2452 701 2629 771 laedi
2683 723 2816 771 non
2871 701 3228 791 potuisse.
3277 739 3280 792 Α

663 790 840 877 quod
892 812 1051 860 eum
1104 805 1413 860 ruentem
1479 811 1715 880 preces
1773 790 1900 858 viri
1951 791 2064 859 Dei
2115 801 2637 860 sustentassent.
2702 795 2795 859 Ex
2844 811 2930 860 eo
2981 802 3228 859 autern

668 879 912 968 lapide,
967 880 1146 949 utin
1182 879 1726 970 praesentiarum
1779 900 2057 949 cernere
2101 879 2281 959 licet,
2327 901 2600 947 summa
2651 878 3072 948 Broniensis
3126 900 3232 947 ec-

664 968 910 1037 clesiae
958 990 1077 1037 ara
1124 969 1432 1039 confecta
1479 980 1602 1036 est.

1057 1111 1211 1173 Hinc
1255 1113 1413 1173 redit
1454 1112 1524 1172 aul
1572 1111 1807 1187 propris·
1851 1127 2016 1173 sacer
2058 1119 2118 1172 et
2168 1111 2466 1172 senen-ilis
2510 1111 2701 1182 Abba,

1065 1191 1458 1269 magnificans
1505 1190 1866 1262 Dominum,
1911 1192 2015 1269 qni
2060 1189 2273 1266 dirigit
2314 1201 2442 1252 acta
2489 1207 2764 1252 suorum.

758 1329 793 1414 ξ
827 1329 977 1398 38.
1030 1322 1329 1394 Tandem
1365 1335 1590 1392 autem
1628 1322 1845 1391 divini
1880 1323 2167 1412 spiritus
2200 1323 2606 1393 revelatione
2638 1323 2951 1404 edoctuS,
2995 1322 3225 1392 sciens

675 1415 1032 1483 imminere
1078 1414 1259 1482 diem
1313 1411 1538 1493 illurn,
1579 1433 1717 1499 quo
1757 1423 1934 1481 esset
1969 1411 2364 1481 redditurus
2405 1413 2734 1482 rationem
2769 1411 3224 1482 villicationis

675 1525 861 1582 suae,
914 1523 1160 1591 operae
1211 1502 1502 1590 pretium
1551 1499 1965 1570 existimavit
2013 1503 2301 1571 revisere
2348 1501 2672 1570 coenobia
2725 1499 3060 1578 fratrum.
3098 1504 3224 1570 sub

673 1592 826 1679 ejus
874 1613 1037 1660 cura
1089 1591 1511 1680 degentium,
1564 1610 1642 1658 ac
1692 1589 2019 1678 deinceps
2072 1602 2253 1658 tanto
2301 1611 2373 1658 se
2422 1589 2602 1662 fasce
2636 1589 2881 1670 levare,
2920 1589 3219 1678 locoque

677 1702 801 1750 suo
853 1678 1172 1749 idoneum
1233 1692 1571 1768 pastorem
1637 1677 1936 1768 singulis
1994 1677 2343 1747 coenobiis
2403 1678 2797 1768 praeficere.
2876 1682 3220 1769 Suscepto

675 1791 836 1858 ergo
886 1769 1147 1847 itinere,
1202 1788 1358 1836 cum
1410 1768 2035 1857 appropinquasset
2076 1766 2274 1836 villae
2323 1768 2726 1848 Marcianae,
2764 1788 2983 1855 quam
3024 1772 3221 1837 Sam-

675 1859 832 1928 brae
882 1858 1136 1926 fluvius
1185 1856 1427 1934 alluit,
1488 1856 1676 1945 pueri
1752 1856 1901 1946 ejus
1971 1856 2208 1924 horam
2288 1855 2668 1945 prandendi
2757 1854 3008 1925 adesse
3083 1879 3218 1925 cer·

676 1960 953 2027 nenteS,
1017 1967 1404 2035 congruum
1472 1944 1602 2013 sibi
1691 1957 1756 2013 et
1830 1944 2026 2031 equis
2110 1956 2388 2033 captant
2469 1944 2954 2014 diverticulum
3029 1957 3216 2016 extra

679 2037 851 2104 viam
897 2089 910 2113 ,
966 2055 1387 2121 amoenoque
1434 2046 1498 2102 et
1558 2032 1846 2102 herbido
1900 2034 1968 2101 in
2022 2032 2168 2103 loco
2214 2033 2295 2101 ad
2348 2033 2581 2103 cibum
2636 2032 3070 2103 sumendum
3127 2034 3217 2102 di·

676 2123 1070 2194 scumbunt.
1126 2127 1199 2192 At
1247 2123 1350 2190 vir
1403 2123 1508 2191 Dei
1561 2121 1692 2191 sub
1739 2120 2038 2209 quadam
2094 2122 2402 2191 residens
2448 2122 2715 2202 arbore,
2769 2122 3046 2191 amicae
3106 2123 3219 2190 ab·

676 2213 1037 2282 stinentiae
1088 2212 1428 2291 studebat,
1479 2222 1544 2280 et
1587 2210 1909 2298 quamvis
1957 2233 1995 2279 a
2044 2212 2190 2281 suis
2238 2211 2831 2300 importunissime
2882 2211 3219 2281 invitare·

677 2316 808 2380 tur,
861 2300 1111 2370 adduci
1165 2313 1387 2369 tamen
1440 2321 1573 2368 non
1630 2304 1871 2389 potuit,
1917 2311 1993 2369 ut
2037 2299 2190 2368 cibo
2225 2311 2653 2369 vesceretur:
2698 2321 2734 2364 «
2768 2297 2886 2368 sed
2923 2321 3083 2382 νος,
3126 2301 3221 2369 in-

674 2391 845 2477 quit,
901 2389 1050 2468 filii,
1102 2410 1258 2457 cum
1317 2389 1427 2457 Dei
1479 2388 1948 2458 benedictione
1995 2387 2368 2457 comedite:
2417 2409 2646 2457 meum
2700 2408 2854 2457 vero
2898 2409 3044 2458 non
3098 2405 3217 2465 est,

676 2480 801 2548 hac
851 2477 985 2548 diei
1028 2477 1196 2548 hora
1241 2499 1467 2548 escam
1518 2478 1683 2547 attin
1740 2499 1873 2558 ere,
1917 2476 2314 2568 praesertim
2365 2498 2524 2546 cum
2581 2477 2788 2567 piscis
2836 2475 3052 2560 desit,
3086 2501 3220 2566 quo

674 2590 778 2637 me
815 2566 1190 2637 reficiam.»
1225 2571 1364 2636 Hoc
1400 2566 1512 2635 ille
1559 2566 1711 2636 dice
1764 2580 1877 2645 at,
1932 2579 2011 2635 ut
2058 2578 2284 2655 posset
2336 2565 2738 2655 impransus
2783 2566 3010 2637 abire.
3073 2568 3217 2637 Illis

676 2679 829 2726 vero
876 2656 1064 2726 hunc
1128 2657 1194 2725 in
1249 2654 1529 2724 modum
1599 2656 1774 2724 inter
1831 2676 1901 2724 se
1950 2676 2302 2724 sermones
2348 2653 2860 2725 conserentibus
2892 2711 2910 2736 ,
2960 2657 3217 2745 pieque

672 2744 1271 2823 contendentibus,
1324 2744 1467 2813 avis
1515 2744 1893 2831 quaedam,
1938 2765 2016 2812 ea
2061 2744 2125 2811 in
2164 2744 2405 2813 arbore
2455 2764 2616 2813 suos
2663 2742 2899 2813 fovens
2951 2744 3215 2835 pullos

675 2857 806 2905 non
863 2856 1147 2925 parvum
1218 2833 1472 2923 piscem
1525 2832 1610 2901 ad
1658 2833 1809 2923 ejus
1860 2832 2067 2922 pedes
2132 2832 2398 2922 dejecit.
2480 2831 2556 2900 Id
2606 2830 2917 2902 videntes
2966 2832 3218 2904 famuli

670 2925 841 3015 ejus.
896 2945 1053 2992 cum
1099 2922 1398 3010 quodam
1423 2922 1606 3011 joce,
1647 2934 1715 2990 at
1749 2933 1973 2991 tamen
2019 2933 2400 2990 reverenter
2438 2921 2632 3011 ajunt
2658 2920 2740 2989 ad
2778 2942 2984 2990 eum:
3027 2946 3068 2990 «
3099 2928 3217 2999 En.

674 3025 861 3103 pater
911 3011 1296 3089 reverende,
1356 3010 1559 3100 paulo
1599 3022 1757 3079 ante
1807 3009 2243 3099 praetexebas
2281 3030 2414 3079 non
2466 3009 2704 3079 adesse
2757 3010 3074 3099 piscem:
3126 3014 3236 3081 vel·

675 3123 859 3170 nunc
893 3099 1130 3169 saltem
1171 3099 1303 3168 noli
1339 3120 1658 3189 respuere
1689 3120 1916 3168 escam
1953 3097 2239 3169 coelitus
2272 3097 2582 3167 missam.
2615 3098 2761 3166 lam
2795 3098 2987 3167 enim
3028 3100 3222 3171 nulla

674 3188 903 3258 relicta
947 3188 1068 3257 tibi
1095 3201 1192 3257 est
1214 3188 1398 3278 justa
1427 3188 1847 3257 excusatio.»
1874 3186 2173 3256 Tandem
2219 3187 2439 3256 victus
2475 3185 2589 3255 ille
2623 3187 2709 3256 ab
2741 3188 2865 3265 eis,
2907 3191 3218 3260 vescitur

677 3299 835 3346 cum
888 3276 1010 3354 eis,
1065 3276 1194 3345 sed
1236 3275 1559 3361 reliquias
1593 3275 1953 3365 cibijubet
1986 3275 2197 3364 pullis
2236 3274 2387 3363 ejus
2420 3276 2565 3345 avis
2595 3277 2876 3366 apponi,
2918 3298 3010 3346 ne
3047 3277 3221 3348 fame

675 3365 1173 3434 cruciarentur.

758 3458 792 3541 ξ
841 3455 1008 3525 39.
1064 3458 1350 3540 Sumpto
1399 3453 1551 3521 cibo
1599 3475 1758 3522 cum
1811 3454 2186 3543 gratiarum
2215 3454 2530 3534 actione,
2588 3452 2866 3542 singula
2906 3452 3218 3525 filiorum
3287 3450 3288 3453 ’

668 3541 997 3612 coenobia
1047 3542 1333 3611 invisere
1384 3541 1646 3641 pergit,
1712 3555 2064 3631 paternam
2126 3541 2266 3611 illis
2336 3540 2871 3612 sollicitudinem
2947 3564 3222 3634 reprae-

669 3645 971 3711 sentanS,
1006 3642 1069 3699 et
1117 3631 1200 3698 de
1238 3642 1617 3699 monastica
1665 3630 2181 3703 conversatione
2228 3652 2344 3702 eos
2391 3630 2798 3709 admonens,
2835 3629 3222 3722 divinaque

668 3719 1054 3790 eruditione
1103 3718 1361 3788 affatim
1415 3718 1789 3799 instruens,
1846 3719 2083 3789 multis
2130 3741 2406 3806 quoque
2449 3718 2672 3788 modis
2703 3718 3126 3804 adhortans,
3155 3736 3224 3791 ut

669 3822 1014 3881 servantes
1075 3808 1409 3877 unitatem
1480 3808 1768 3897 spiritus
1830 3808 1897 3876 in
1971 3807 2247 3877 vinculo
2300 3807 2534 3897 pacis,
2589 3806 2920 3879 adversus
2979 3809 3226 3897 jacula

670 3897 956 3988 maligni
1005 3896 1387 3973 daemonis,
1444 3916 1717 3986 semper
1767 3896 1835 3964 in
1873 3897 2020 3965 acie
2072 3910 2398 3984 tanquam
2453 3895 2624 3967 bene
2663 3897 2910 3966 armati
2966 3897 3228 3970 milites

667 3999 945 4057 starent.
992 3991 1069 4055 At
1119 3984 1219 4055 illi
1270 3984 1606 4054 salutares
1654 3984 1808 4072 ejus
1859 4006 2211 4055 sermones
2259 4005 2420 4054 cum
2475 3985 2691 4054 multa
2739 3984 3076 4058 aviditate
3119 4010 3229 4059 ac·

662 4076 1015 4165 cipientes,
1070 4088 1133 4143 et
1183 4072 1610 4163 corporalem
1664 4073 2122 4163 praesentiam
2187 4072 2589 4165 inexplebili
2640 4072 2989 4144 desiderio
3039 4097 3230 4147 com-

666 4163 1074 4255 plectentes,
1136 4164 1220 4233 ab
1285 4163 1424 4231 imo
1468 4174 1738 4251 pectore
1786 4162 1993 4252 longa
2043 4163 2328 4232 trahunt
2376 4184 2495 4232 sus
2548 4162 2704 4249 iria,
2750 4175 3103 4251 orantque
3149 4166 3232 4236 la·

667 4252 1157 4342 crymabundi,
1191 4273 1273 4320 ne
1301 4251 1610 4321 discedat
1642 4252 1730 4322 ab
1757 4251 1879 4321 eis.
1918 4251 2187 4333 Quibus
2214 4250 2332 4320 ille
2360 4251 2460 4321 sic
2518 4263 2709 4321 ertur
2739 4251 3228 4342 respondisse:

672 4365 708 4409 «
758 4346 901 4411 Non
945 4342 1061 4423 ita,
1116 4339 1359 4410 fratres
1411 4340 1585 4422 mei,
1639 4362 1940 4428 aequum
1994 4353 2095 4411 est
2147 4340 2322 4410 fieri.
2376 4339 2778 4410 Haereditas
2826 4362 2985 4411 mea
3036 4365 3233 4433 prae·

671 4431 857 4502 clara
904 4443 1004 4500 est
1057 4429 1252 4511 mihi,
1299 4427 1419 4500 ubi
1470 4430 1743 4518 requies
1781 4451 1952 4511 mea,
1989 4430 2113 4499 ubi
2147 4428 2463 4499 habitare
2496 4429 2848 4511 constitui,
2888 4432 3228 4519 quoniam
