3347 4999
728 344 856 410 548
1304 359 1383 405 nr:
1432 358 1487 405 s,
1544 357 1741 405 rz‘rno
1787 357 1865 403 m:
1913 306 2284 404 atomum
2331 354 2514 403 conr.
2878 337 3059 402 OCT.
3129 341 3219 404 ¹9

641 446 725 516 ad
777 445 1091 515 omnium
1172 442 1395 511 ta'men
1462 442 1668 531 pedes
1735 441 2034 510 mirabili
2102 440 2522 509 demissione
2593 453 3036 529 prosternens
3103 464 3213 511 se.

642 534 1024 606 Praecinxit
1070 531 1269 600 illum
1318 536 1494 600 Deus
1541 533 1816 609 virtute,
1853 544 1917 599 et
1951 530 2181 619 posuit
2225 528 2739 598 immaculatam
2778 529 2952 597 viam
2996 530 3213 617 ejus:

642 636 1066 726 paupertate,
1109 620 1470 709 religiosae
1504 619 1920 708 disciplinae
1955 619 2203 709 rigore,
2239 620 2393 687 rara
2425 618 2788 687 oculorum
2828 617 3208 700 modestia,

642 711 1032 782 incredibili
1086 710 1196 779 siti
1246 709 1683 777 cruciatuum
1738 730 2062 799 magnam
2102 708 2171 776 in
2224 706 2554 776 omnibus
2610 706 2925 777 excitavit
2972 708 3218 777 admi-

643 803 977 872 rationem
1029 800 1163 869 sui.

736 899 775 973 g
824 896 907 963 4.
956 887 1341 959 Solemnem
1396 886 1917 976 professionem,
1982 885 2247 975 expleto
2311 883 2610 954 tirocinii
2659 907 2884 963 anno,
2929 886 3204 968 emisit,

638 992 708 1049 et
754 1000 901 1048 sese
948 977 1223 1046 elevans
1271 997 1481 1066 supra
1531 998 1625 1056 se,
1676 976 1979 1043 humana
2028 974 2264 1043 omnia
2315 974 2805 1043 transcendens
2861 990 2924 1046 et
2972 977 3200 1044 anhe-

645 1069 796 1137 lans
845 1066 929 1136 ad
980 1065 1326 1144 coelestia,'
1374 1064 1596 1134 oculis
1647 1076 1871 1132 tamen
1924 1064 1992 1131 in
2032 1076 2279 1132 terram
2334 1085 2473 1134 sem
2532 1085 2606 1132 er
2644 1063 2949 1153 dejectiS‚
2992 1065 3208 1152 igno·

643 1159 839 1227 rabat
887 1178 973 1224 an
1025 1155 1280 1224 chorus
1329 1154 1655 1223 ecclesiae
1702 1154 1937 1242 (quem
1984 1165 2314 1242 perpetuo
2362 1085 2626 1241 adissat)
2657 1152 2918 1225 fornice
2966 1153 3210 1224 obdu-

642 1259 797 1317 ctus
834 1258 1034 1323 esset,
1088 1265 1174 1311 an
1228 1242 1577 1329 laqueari;
1632 1265 1718 1311 an
1762 1241 2013 1310 cellula
2048 1264 2174 1312 sua
2214 1263 2294 1310 ex
2330 1240 2703 1331 lapidibu5‚
2748 1267 2835 1313 an
2871 1266 2952 1313 ex
2985 1242 3212 1333 lignis

642 1346 1028 1413 constaret;
1067 1346 1132 1401 et
1162 1333 1417 1401 exactis
1455 1333 1520 1399 in
1555 1331 1857 1418 quodam
1887 1331 1995 1399 sui
2031 1330 2309 1400 Ordinis
2339 1331 2666 1400 coenobio
2702 1334 2927 1403 tribus
2960 1334 3205 1413 annis,

646 1424 889 1494 fratres
941 1445 1072 1491 non
1125 1444 1202 1490 ex
1252 1420 1472 1503 vultu,
1528 1421 1646 1489 sed
1697 1442 1778 1489 ex
1827 1419 1971 1488 solo
2021 1421 2202 1489 vocis
2253 1421 2708 1509 cognoscebat
2767 1422 3037 1492 auditu.
3094 1422 3211 1490 Si-

650 1513 836 1581 lentii
903 1532 1179 1599 quoque
1233 1510 1458 1600 rigore
1522 1509 1833 1599 linguam
1891 1509 2266 1599 reprimere
2315 1508 2599 1578 studens
2648 1532 2769 1599 per
2819 1511 3212 1580 triennium

649 1601 989 1690 quosdam
1046 1600 1111 1668 in
1164 1620 1279 1668 ore
1331 1598 1604 1688 lapillos
1653 1598 1899 1667 detulit
1933 1604 1964 1679 ‚'
2018 1611 2094 1668 ut
2151 1597 2248 1666 vel
2309 1598 2406 1665 sic
2471 1598 2794 1684 loquendi
2850 1598 3209 1690 pruritum

648 1694 1014 1760 coerceret.
1095 1687 1307 1757 Senili
1361 1687 1724 1777 prudentia
1767 1688 2195 1775 juventutem
2254 1708 2800 1777 supergressus,
2867 1688 3211 1777 vigesimo

653 1780 895 1849 aetatis
943 1798 1151 1859 ann0,
1191 1790 1458 1866 praeter
1508 1777 1684 1845 sacri
1736 1775 2013 1845 Ordinis
2066 1797 2351 1855 morem,
2397 1789 2629 1845 custos
2661 1778 2977 1847 coenobii
3032 1782 3213 1845 San-

540 1926 547 1931 .
651 1883 800 1938 ctae
848 1867 1098 1936 Mariae
1147 1870 1241 1934 An
1337 1865 1560 1935 lorum
1616 1864 2063 1934 renunciatus
2127 1877 2268 1943 est;
2337 1865 2459 1933 ubi
2524 1877 2616 1935 tot
2686 1867 3203 1936 charismatum

652 1959 831 2026 dona
884 1955 1173 2025 coelitus
1225 1955 1324 2023 ili
1374 1954 1616 2023 collata
1670 1966 1873 2032 sunt,
1928 1966 2004 2022 ut
2051 1976 2126 2021 ex
2196 1975 2273 2022 eo
2314 1960 2456 2040 jam
2511 1967 2813 2044 tempore
2865 1954 3208 2045 prodigiis

649 2055 1073 2116 coruscaret.
1115 2049 1279 2113 Cum
1333 2044 1514 2112 enim
1569 2065 1842 2113 annona
1891 2042 2116 2111 omnis
2165 2042 2545 2122 defecisset,
2583 2066 2660 2113 ac
2690 2044 2937 2113 fratres
2964 2043 3204 2132 egredi

650 2135 734 2204 ad
792 2133 1155 2224 petendam
1208 2131 1712 2221 eleemosynam
1771 2132 2300 2221 prohiberentur
2333 2131 2671 2203 altissima
2721 2135 2875 2202 nive
2905 2154 3208 2201 conven-

652 2237 799 2293 tum
850 2221 1229 2301 obsidente,
1284 2222 1614 2308 conqueri
1665 2220 1749 2289 de
1801 2226 1990 2290 Petro
2039 2234 2434 2309 coeperunt,
2501 2223 2620 2307 qui
2678 2224 2880 2291 etiam
2936 2223 3206 2310 rigente

653 2313 880 2381 hieme
929 2311 1099 2401 ipsis
1146 2311 1445 2399 cogitare
1485 2310 1570 2378 de
1603 2310 1904 2379 crastino
1954 2310 2305 2389 vetuisset,
2360 2309 2698 2397 quidquid
2751 2332 3033 2379 mensae
3085 2332 3204 2378 su-

656 2414 923 2491 pererat
970 2398 1277 2486 quotidie
1324 2398 1392 2466 in
1449 2420 1787 2487 pauperes
1835 2398 2247 2467 distribuere
2291 2412 2691 2487 consuetus.
2746 2399 2989 2480 Atine,
3018 2412 3202 2468 certo

653 2490 880 2560 sciens
926 2486 1373 2559 enutriendos
1419 2509 1567 2557 esse
1615 2488 1734 2575 qui
1763 2486 2023 2575 jactant
2070 2488 2442 2589 cogitatum
2495 2511 2700 2559 suum
2757 2489 2823 2556 in
2880 2488 3198 2569 Domino,

646 2579 861 2668 jussit
908 2577 991 2647 ad
1042 2578 1294 2646 ostium
1352 2575 1678 2666 puerulos
1729 2599 2030 2667 pergere,
2071 2578 2216 2658 ubi,
2257 2599 2465 2664 super
2503 2599 2820 2646 acervum
2864 2579 3043 2645 nivis
3091 2600 3205 2667 po-

655 2668 878 2740 stibus
925 2667 1341 2746 haerentem‚
1382 2665 1809 2755 praegrande
1855 2667 2233 2734 canistrum
2279 2665 2598 2734 refertum
2653 2667 2957 2756 panibus
3014 2668 3205 2735 inve-

656 2767 930 2837 nerunt,
984 2769 1121 2825 tam
1175 2756 1569 2845 importuno
1619 2766 1944 2844 tempore,
1990 2769 2054 2823 et
2100 2755 2343 2824 itinere
2391 2755 2528 2823 alta
2563 2756 2715 2825 nive
2748 2757 2995 2835 obsim,
3035 2778 3206 2824 non-

658 2846 795 2915 nisi
842 2846 929 2914 ab
978 2844 1245 2935 angelis
1313 2865 1391 2912 eo
1448 2843 1793 2912 delatum:
1845 2865 2051 2930 quam
2101 2843 2375 2913 divinae
2426 2844 2893 2934 providentiae
2956 2867 3204 2913 curam

654 2935 812 3004 aliis
849 2956 1125 3021 quoque
1175 2933 1441 3001 vicibus
1490 2946 1590 3001 est
1636 2945 1980 3021 expertus,

745 3026 781 3110 ἓ
827 3028 914 3094 5.
993 3022 1116 3091 Sed
1172 3022 1555 3091 mirabilior
1602 3035 1746 3090 erat
1810 3021 1983 3090 Petri
2034 3021 2170 3090 vita
2208 3076 2222 3102 ,
2276 3044 2452 3108 quae
2502 3036 2576 3091 ut
2626 3022 2772 3090 viva
2827 3021 2932 3091 lex
2981 3021 3208 3110 perfe-

653 3112 904 3182 ctionis
944 3111 1265 3181 alumnos
1315 3111 1727 3199 provocabat
1774 3110 1857 3178 ad
1897 3111 2348 3179 sanctitatem.
2396 3117 2522 3180 Pro
2555 3112 2797 3198 quovis
2834 3111 3204 3210 praeconio

656 3199 1001 3271 sufficeret
1048 3199 1294 3269 referre
1341 3200 1483 3276 illa,
1529 3221 1707 3286 quae
1753 3199 1838 3267 de
1879 3199 2007 3268 hoc
2044 3199 2184 3266 viro
2226 3200 2661 3268 sanctissimo
2710 3200 2879 3269 dixit
2913 3200 3206 3269 sanctis·

661 3289 835 3358 sima
888 3289 1142 3378 pariter
1189 3290 1379 3377 virgo
1422 3289 1690 3356 Teresia
1741 3287 2257 3357 Carmelitarum
2313 3287 2855 3357 Reformatorum
2913 3310 3189 3378 parem,

656 3376 993 3458 videlicet,
1050 3399 1134 3446 ne
1186 3389 1530 3446 momento
1564 3377 1842 3464 quidem
1896 3376 2026 3445 diei
2072 3399 2151 3445 ac
2202 3378 2421 3447 noctis
2471 3382 2738 3445 Petrum
2774 3379 2861 3446 ab
2894 3377 3204 3446 oratione

656 3486 1010 3548 cessasse3
1064 3478 1151 3546 et,
1209 3486 1291 3534 ne
1340 3488 1628 3536 somnus
1675 3467 1899 3535 oranti
1949 3466 2326 3553 obreperet,
2397 3466 2588 3535 flexis
2637 3467 2935 3555 genibus
2966 3521 2980 3544 ,
3036 3488 3202 3535 cum

654 3555 869 3640 quieti
921 3567 1185 3622 tantum
1237 3554 1599 3645 indulgere
1638 3557 2033 3656 cogebatur,
2088 3554 2169 3623 ad
2227 3554 2394 3644 ligni
2448 3555 2744 3643 stipitem
2804 3556 3044 3644 parieti
3096 3556 3206 3624 in-

658 3644 871 3713 fixum
921 3656 1130 3731 caput
1177 3644 1589 3713 admoveret.
1647 3644 1844 3713 Illius
1892 3643 2086 3723 cella,
2129 3642 2365 3712 eadem
2401 3644 2669 3713 Teresia
2703 3657 2891 3724 teste,
2937 3644 3197 3734 pedum

656 3745 953 3820 quatuor
1001 3732 1502 3823 longitudinem
1554 3755 1713 3801 cum
1778 3733 2069 3801 dimidio
2119 3754 2253 3800 non
2290 3732 2689 3813 excedebat;
2729 3733 3033 3821 adeoque
3083 3732 3203 3801 de-

711 3844 893 3892 ressa
942 3834 1108 3902 erat,
1171 3835 1246 3890 ut
1292 3824 1485 3892 flexis
1534 3823 1827 3913 genibus
1875 3835 1940 3892 et
1988 3822 2218 3898 curvis
2267 3844 2540 3913 semper
2580 3824 2888 3892 humeris
2943 3823 3012 3890 in
3081 3822 3202 3891 illa

659 3845 939 3981 fiaerere
987 3922 1363 4001 cogeretur.
1432 3916 1556 3979 Per
1603 3912 2064 4002 quadraginta
2112 3933 2454 3980 annorum
2507 3911 3201 3998 decursum-sesqui-

654 3999 897 4069 horam
950 4013 1213 4071 tantum
1254 4021 1497 4070 somno
1545 4000 1904 4070 concessit.
1938 4001 2302 4091 Jejunium
2356 4000 2609 4069 amavit
2643 4000 2812 4068 adeo
2846 4013 2919 4069 ut
2950 4000 3035 4068 ad
3077 4000 3198 4067 tri-

650 4089 875 4158 duum
928 4091 1296 4170 ordinarie,
1350 4102 1414 4158 et
1462 4089 1547 4158 ad
1582 4102 1734 4158 octo
1774 4088 2148 4176 aliquando
2196 4089 2342 4158 dies
2391 4089 2691 4158 inediam
2745 4088 3197 4179 protraxerit;

655 4179 1037 4267 asperrimo
1088 4192 1435 4265 praeterea
1484 4179 1712 4248 cilicio
1767 4189 2116 4258 armatuS,
2183 4179 2456 4248 bractea
2504 4178 2720 4247 ferrea
2773 4199 2891 4267 per
2959 4175 3199 4268 viginti

660 4287 881 4335 annos
923 4267 1241 4355 praefixis
1281 4268 1540 4337 aculeis
1591 4285 1843 4358 corpus
1875 4267 2247 4346 dilanians,
2291 4266 2395 4336 bis
2430 4268 2495 4334 in
2535 4267 2646 4336 die
2683 4266 2974 4356 flagellis
3025 4269 3093 4334 in
3132 4286 3200 4335 se

654 4353 1136 4424 crudelissime
1177 4356 1754 4437 animadvertens,
1825 4358 2091 4432 itinera,
2139 4356 2458 4442 quamvis
2527 4356 2934 4446 longissima
2996 4368 3199 4442 atque

655 4443 1062 4534 asperrima,
1102 4448 1325 4536 capite
1359 4468 1633 4536 semper
1665 4445 1950 4527 detecte,
1999 4445 2343 4532 nudisque
2391 4445 2680 4537 pedibus
2719 4467 2838 4534 per
2876 4457 3113 4515 aestus
3140 4455 3201 4512 et
