3347 4999
737 337 863 400 340
1395 353 1471 398 na
1521 350 1955 399 ss.·un.¹ieiio
2004 353 2078 398 ετ
2127 298 2260 399 soc.
2306 353 2419 398 mi.
2870 332 3044 399 OCT.
3104 335 3184 397 it

647 437 897 527 accipit
944 458 1076 507 non
1131 435 1385 526 pusillo
1431 448 1495 504 et
1543 436 1806 526 abjecto
1853 436 2109 505 animo.
2148 434 2401 505 Deinde
2442 434 2762 506 sublimis
2824 457 3201 525 praeceps-

644 547 779 613 que
828 547 1256 616 suspensuS,
1323 546 1401 592 ex
1449 523 1639 594 fumo
1711 547 1910 596 nares
1973 524 2415 593 acerbissime
2485 538 2880 613 permeante
2932 525 3203 625 excipit

647 628 1087 684 tormentum.
1142 613 1319 695 Quin
1370 614 1565 682 etiam
1617 614 1780 682 huic
1818 614 1909 682 rei
1949 626 2083 682 tam
2135 614 2324 702 gravi
2357 611 2813 702 adjungentes
2846 633 3201 682 accessio-

648 724 829 782 nem,
886 724 1043 771 cum
1096 703 1291 780 aceti,
1346 715 1408 770 et
1457 702 1643 781 salis,
1698 715 1763 770 et
1809 702 2301 770 acerrimorum
2354 701 2699 770 seminum
2740 701 3200 772 mixtionibus

643 790 818 861 sacta
866 802 1044 861 esset
1074 792 1297 860 acrior
1348 791 1768 878 temperatio,
1822 789 2003 877 quod
2057 790 2220 859 hinc
2276 789 2493 858 fuerat
2540 801 3137 877 contemperatum
3174 845 3192 869 ,

648 901 769 969 per
832 879 1017 948 illius
1068 901 1265 947 nares
1329 877 1807 947 crudelissime
1877 878 2245 967 percolant.
2301 877 2423 946 Ille
2473 890 2698 947 autem
2753 877 2881 946 hoc
2941 878 3198 947 intole-

646 967 942 1038 randum
996 980 1407 1037 tormentum
1457 966 1718 1036 fortiter
1764 968 2025 1048 ferens,
2078 981 2142 1035 et
2192 967 2418 1057 ignem
2469 966 2749 1052 quidem
2800 966 3135 1056 frigidum
3175 1022 3193 1048 ,

646 1057 703 1127 si
752 1077 910 1125 cum
965 1057 1121 1145 igne
1167 1069 1440 1125 aeterno
1487 1055 1921 1137 conseratur,
1979 1069 2303 1144 reputans
2332 1109 2347 1136 ,
2401 1055 2674 1124 dulcem
2726 1067 2954 1123 autem
2991 1054 3196 1123 illam

643 1145 961 1214 acerbam
1009 1143 1404 1232 qualitatem
1433 1198 1449 1225 ,
1503 1144 1600 1212 sic
1650 1166 1894 1214 rursus
1942 1143 2119 1213 ferro
2170 1145 2438 1214 vinctus
2500 1143 2871 1231 conjicitur
2918 1144 2989 1211 in
3036 1166 3200 1213 car-

645 1254 894 1303 cerem.

733 1325 769 1477 ?
812 1326 890 1392 θ.
945 1319 1303 1390 Secundus
1351 1334 1500 1409 post
1547 1342 1707 1389 eum
1757 1322 2018 1392 Probus
2076 1321 2340 1390 sistitur
2388 1331 2543 1390 ante
2595 1319 2903 1408 judicem
2936 1374 2957 1400 ‚
3017 1320 3198 1390 ridi-

646 1431 733 1479 cu
764 1432 840 1479 os
886 1408 1163 1495 quidem
1215 1408 1405 1477 illius
1470 1409 1633 1478 deos
1703 1409 2069 1478 ludificans
2114 1431 2194 1478 ex
2245 1410 2330 1478 iis
2375 1428 2551 1495 quae
2599 1409 2833 1478 Graeci
2881 1407 2966 1478 de
3017 1410 3198 1498 ipsis

644 1497 1091 1578 fabulantur;
1145 1503 1596 1588 Imperatores
1644 1512 1872 1566 autem
1905 1552 1920 1579 ,
1973 1511 2050 1567 ut
2096 1499 2213 1586 qui
2264 1521 2340 1567 ex
2389 1519 2607 1584 aequo
2665 1496 2925 1567 nefaria
2972 1498 3195 1567 simul

645 1585 966 1667 facerent,
1006 1586 1443 1675 etjuberent.
1498 1587 1903 1656 verberatus
1953 1608 2108 1656 vero
2159 1589 2303 1676 ipse
2350 1609 2623 1674 quoque
2672 1587 2738 1654 in
2791 1609 2890 1666 OS,
2943 1599 3010 1655 et
3057 1586 3197 1655 hoc

647 1688 981 1745 tormento
1041 1675 1245 1744 veluti
1313 1674 1626 1744 exultans
1673 1687 1738 1743 et
1785 1675 2070 1745 exiliens
2106 1731 2121 1756 ,
2175 1674 2675 1744 condemnatur
2732 1688 2911 1744 stare
2976 1697 3195 1762 super

647 1763 902 1833 ferrum
954 1762 1281 1832 candens.
1357 1768 1520 1831 Cum
1594 1776 1823 1832 autem
1895 1764 2023 1833 hoc
2083 1777 2492 1834 tormentum
2565 1761 2908 1833 videretur
2960 1764 3193 1853 potius

647 1852 955 1931 laetitia,
1008 1874 1213 1938 quam
1271 1849 1576 1921 molestia
1625 1851 1895 1921 afficere
1946 1858 2302 1954 Martyrem
2344 1907 2358 1932 ‚
2416 1852 2610 1939 jubet
2660 1852 2871 1941 judex
2924 1852 3190 1922 ferrum

651 1940 872 2031 magis
904 1937 1295 2020 candefieri,
1340 1951 1405 2007 et
1452 1963 1659 2029 super
1709 1940 1772 2008 id
1811 1962 2328 2031 quamprimum
2385 1941 2644 2030 imponi
2696 1939 3027 2009 Athletam
3059 1996 3075 2020 ,
3124 1954 3193 2010 et

647 2052 727 2099 ex
777 2029 1190 2117 negligentia
1241 2028 1762 2107 ministrorum,
1819 2050 1951 2097 non
2004 2051 2081 2099 ex
2129 2030 2363 2098 divino
2428 2029 2727 2109 auxili0,
2782 2030 3190 2099 existimans

646 2139 793 2188 esse
843 2116 1154 2205 Martyris
1195 2116 1690 2186 fortitudinem.
1730 2117 1909 2187 Illud
1946 2133 2169 2187 autem
2208 2117 2539 2207 frigidum
2579 2117 2858 2187 vocabat
2891 2118 3183 2195 Athleta‚

645 2205 995 2294 etjudicis
1045 2206 1337 2284 inventa,
1395 2220 1740 2292 tamquam
1793 2206 1984 2276 stulti
2034 2205 2385 2275 irridebat.
2428 2211 2505 2275 At
2554 2207 2623 2273 in
2688 2204 2891 2274 dorso
2945 2204 3058 2296 pla
3108 2228 3186 2274 as

648 2295 706 2362 is
753 2294 872 2379 qui
928 2293 1342 2362 irridebatur
1376 2347 1390 2373 ,
1444 2308 1679 2363 contra
1734 2294 1988 2364 furiose
2043 2295 2384 2385 iinponit3
2429 2295 2762 2383 jubetque
2808 2295 2871 2363 ei
2920 2308 3033 2363 ton
3090 2294 3191 2363 eri

647 2402 941 2462 comam,
972 2395 1036 2450 et
1066 2382 1399 2452 carbones
1428 2383 1607 2472 ignis
1657 2384 1932 2452 immitti
1968 2384 2036 2452 in
2080 2396 2410 2472 tempora,
2451 2396 2515 2451 et
2550 2382 2858 2471 linguam
2891 2383 3182 2461 extrahi,

648 2483 724 2540 ut
771 2482 1264 2561 amputaretur.
1320 2476 1571 2560 Martyr
1618 2483 1872 2552 autem,
1917 2495 2075 2542 cum
2122 2473 2314 2562 prius
2356 2471 2578 2560 judici
2626 2471 2950 2541 dixisset:
3005 2494 3043 2538 «
3075 2475 3192 2540 Est

648 2560 820 2628 mihi
879 2561 1116 2650 lingua
1152 2615 1168 2639 ,
1227 2582 1403 2647 quae
1451 2582 1585 2629 non
1642 2574 1857 2648 potest
1901 2561 2260 2641 exscindi,
2314 2575 2378 2629 et
2426 2560 2682 2647 alioqui
2748 2560 3185 2639 immortalis,

645 2671 852 2736 quam
904 2650 1097 2718 audit
1145 2654 1373 2728 DeuS,
1441 2649 1560 2736 qui
1627 2650 1832 2718 etiam
1885 2672 1955 2720 se
2005 2671 2236 2719 vocem
2305 2650 2665 2738 sanguinis
2727 2648 2898 2718 dixit
2945 2648 3189 2718 audire

646 2737 1102 2838 clamantem;
1144 2760 1179 2803 »
1220 2758 1392 2837 eam·
1433 2738 1745 2838 protinus
1797 2740 2113 2827 porrexit.
2173 2743 2392 2820 Quam
2443 2760 2600 2807 cum
2652 2737 2768 2807 ille
2828 2739 3046 2807 secari
3095 2737 3191 2806 le-

648 2839 874 2906 cisset,
913 2848 1069 2894 eum
1111 2840 1488 2895 transmisit
1524 2848 1589 2895 in
1626 2848 1998 2896 carcerem.

733 2917 768 3002 ξ
815 2918 896 2986 S.
950 2918 1116 2983 Cum
1169 2936 1321 2983 vero
1368 2914 1452 2984 ad
1503 2914 1812 2982 divinum
1865 2915 2244 2984 transiisset
2290 2914 2754 2983 Andronicum
2788 2969 2803 2993 ,
2876 2925 2940 2983 et
2987 2936 3190 3003 expe·

646 3004 896 3072 rientia
946 3025 1351 3093 persuasum
1409 3002 1800 3083 habuisset,
1853 3003 2035 3091 quod
2103 3024 2307 3071 omne
2356 3025 2575 3092 genus
2624 3003 2950 3072 tormenti
3004 3017 3189 3074 esset

645 3091 832 3181 apud
867 3113 1024 3160 eum
1078 3091 1411 3171 inefficax,
1467 3113 1839 3161 conversus
1886 3105 1986 3160 est
2034 3091 2121 3160 ad
2172 3091 2666 3180 deceptionem,
2722 3104 2788 3160 et
2835 3092 2895 3161 ei
2961 3090 3181 3161 dixit:

645 3203 682 3247 «
718 3184 883 3249 Gere
931 3193 994 3249 te
1043 3181 1170 3248 hac
1218 3181 1289 3247 in
1353 3201 1424 3248 re
1471 3181 1837 3270 sapienter,
1892 3195 1955 3250 et
2005 3180 2341 3260 sacrifica,
2404 3180 2811 3270 priusquam
2866 3181 3192 3270 gravissi·

646 3290 839 3336 mum
872 3323 887 3348 ‚
954 3281 1017 3336 et
1064 3269 1178 3336 cui
1243 3267 1511 3336 nullum
1562 3269 1689 3339 erit
1732 3268 2114 3339 remedium
2147 3324 2161 3349 ,
2214 3269 2574 3358 quippiam
2633 3269 2942 3357 patiaris.
3004 3268 3193 3350 Quid

643 3357 829 3424 enim
879 3356 1223 3426 commodi
1274 3371 1687 3447 acceperunt
1735 3359 1942 3428 amici
1992 3359 2089 3427 tui
2131 3380 2211 3426 ex
2260 3379 2430 3426 vana
2458 3379 2583 3425 sua
2623 3357 3035 3438 constantia,
3067 3358 3195 3444 qui

647 3444 922 3514 tandem
975 3457 1126 3534 post
1176 3445 1391 3513 multa
1453 3459 1785 3516 tormenta
1834 3447 2146 3516 conversi
2198 3444 2616 3524 didicerunt,
2656 3446 2838 3532 quod
2894 3446 3024 3515 sibi
3075 3469 3195 3515 ex-

647 3533 1003 3622 pediebat,
1058 3545 1122 3602 et
1188 3533 1351 3601 deos
1398 3535 1873 3604 coluerunt?»
1916 3536 2006 3605 Ad
2065 3535 2229 3604 haec
2293 3548 2522 3604 autem
2575 3535 2823 3604 Christi
2885 3540 3189 3603 Martvr:

644 3644 680 3688 «
717 3622 784 3691 Si
836 3623 1007 3690 inihi
1055 3621 1364 3707 quidem,
1420 3623 1667 3708 inquit,
1718 3625 2144 3714 persuasisti,
2201 3623 2356 3693 illos
2406 3645 2679 3711 quoque
2719 3621 2924 3693 credo
2976 3604 3195 3691 fuisse

645 3732 1034 3800 persuasos.
1076 3712 1192 3780 Sin
1243 3725 1471 3780 autem
1505 3734 1629 3802 ego
1683 3734 1815 3781 non
1866 3735 2019 3781 sum
2058 3735 2432 3802 persuasus
2457 3713 2669 3801 (absit
2700 3712 2912 3792 enim,
2949 3724 3024 3780 ut
3064 3732 3195 3800 ego

642 3821 956 3886 unquam
1028 3800 1119 3868 ita
1167 3822 1206 3869 a
1258 3822 1362 3868 ine
1409 3800 1803 3882 discedam,
1857 3814 1923 3870 et
1970 3801 2141 3870 adeo
2194 3800 2637 3888 insaniam),
2694 3799 2912 3869 habeo
2965 3820 3195 3868 meam

644 3890 1053 3958 sententiam
1102 3889 1355 3979 pignus
1391 3888 1668 3960 illorum
1719 3890 2167 3960 constantiae.
2212 3895 2356 3958 Una
2388 3903 2489 3958 est
2529 3889 2711 3958 enim
2752 3889 2823 3957 in
2861 3889 3199 3957 omnibus

646 3977 755 4065 pia
805 3978 1170 4068 cogitatio,
1224 3979 1553 4065 quoniam
1612 4001 1851 4048 omnes
1909 3999 2184 4066 quoque
2232 3999 2451 4047 unum
2505 3999 2749 4047 sumus
2802 3977 2870 4046 in
2922 3977 3196 4048 Christo

641 4067 823 4136 lesu.
889 4091 925 4133 »
975 4067 1096 4135 His
1147 4073 1506 4155 Tyrannus
1557 4090 1800 4138 rursus
1852 4067 1955 4136 ira
2007 4067 2332 4157 percitus,
2396 4066 2699 4135 minatus
2747 4081 2849 4136 est
2905 4088 2976 4134 se
3025 4088 3195 4136 eum

647 4155 715 4222 in
783 4155 1242 4225 intolerabilia
1307 4157 1783 4245 conjecturum
1856 4169 2214 4227 tormenta.
2289 4160 2364 4226 Et
2426 4155 2655 4225 statim
2723 4154 2919 4223 duris
2976 4155 3197 4225 simul

648 4245 874 4312 nervis
933 4246 1364 4313 veliementer
1411 4258 1509 4314 est
1558 4245 1948 4333 flagellatus
1979 4300 1993 4321 .
2048 4259 2113 4314 et
2163 4258 2491 4335 perpetua
2546 4243 2747 4333 plaga
2796 4241 3020 4312 factus
3072 4266 3202 4333 per

650 4344 863 4402 totuin
901 4354 1179 4422 corpus.
1232 4338 1421 4402 Tunc
1474 4333 1746 4412 ridens,
1822 4334 1993 4401 dixit
2039 4333 2345 4402 Athleta:
2400 4357 2435 4399 «
2502 4332 2694 4402 Falsa
2756 4331 3086 4412 fuerunt,
3159 4356 3201 4402 o

640 4421 902 4511 judex,
969 4445 1046 4491 ea
1109 4443 1285 4508 quae
1350 4443 1421 4492 es
1492 4422 1840 4500 minatus,
1915 4445 2074 4491 cum
2150 4436 2283 4490 non
2346 4422 2649 4510 potueris
2713 4419 2979 4507 aliquid
3033 4424 3203 4492 novi
