3347 4999
682 333 810 397 ΗΟ
1322 350 1398 395 nii
1445 350 1501 395 s.
1555 348 1926 396 nuacaAiino
1975 348 2221 395 iiiiiimr.
2276 346 2374 394 EP-
2807 326 2978 392 OCT.
3035 328 3116 394 Η,

594 435 1059 525 Moguntinam
1113 432 1329 502 tenuit
1388 433 1642 513 sedem,
1708 432 1950 501 viventi
2002 431 2229 501 adhuc
2276 429 2801 519 Archiepiscopo
2852 442 2918 498 et
2968 451 3118 498 ma-

589 524 801 615 gistro
850 544 975 593 suo
1023 521 1365 592 Bonifacio
1413 524 1860 610 subrogatum
1904 520 2139 590 fuisse.

677 615 713 699 ἓ
758 613 902 684 84.
957 611 1076 680 His
1126 612 1352 698 itaque
1400 611 1802 691 transactis,
1858 610 2098 679 beatus
2157 606 2599 677 Burcbardus
2657 627 2930 675 omnem
2994 628 3116 677 ca-

593 713 844 770 tervam
896 699 1415 780 monachorum,
1461 720 1582 788 per
1627 720 1799 786 quos
1847 698 1964 767 illo
2013 699 2085 767 in
2134 710 2437 786 ternpore
2485 716 2657 781 pene
2704 708 2952 765 cuncta
3001 716 3116 765 ec-

587 788 966 859 clesiastica
996 788 1659 860 administrabantur
1694 785 2383 877 irreprehensibiliter
2414 783 2660 865 officia,
2694 783 3114 853 Clericorum

588 898 859 965 quoque
899 898 977 945 ac
1013 876 1342 946 laicorum
1375 876 1681 947 diversae
1727 876 2164 957 conditioniS,
2210 896 2411 945 sexus
2458 885 2522 943 et
2561 873 2798 943 aetatis
2834 873 3111 942 turbam

590 977 871 1057 paterna
919 964 1379 1034 corroboravit
1425 964 1928 1046 admonitione,
1995 964 2362 1050 divinaque
2432 960 2861 1052 consignavit
2906 960 3116 1031 bene-

589 1054 909 1124 dictione.
965 1059 1118 1123 Post
1166 1054 1354 1135 haec‚
1408 1054 1784 1143 assumptis
1831 1075 1945 1123 sex
1996 1063 2260 1123 tanturn
2307 1073 2387 1121 ex
2427 1051 2613 1120 omni
2668 1049 3116 1120 multitudine

589 1141 1091 1232 discipulorum
1123 1162 1404 1212 suorum
1445 1141 1823 1224 monachis,
1856 1142 2080 1210 navim
2114 1140 2545 1220 conscendit;
2582 1138 2852 1209 codices
2876 1139 3112 1220 etiam,

631 1253 761 1301 uos
809 1230 906 1300 vel
943 1230 1088 1320 ipse
1134 1230 1654 1320 conscripserat,
1695 1230 1792 1299 vel
1827 1230 2313 1317 undecumque
2345 1228 2827 1314 conquisierat,
2875 1248 3115 1297 secum

638 1320 930 1410 eportari
982 1318 1174 1399 fecit;
1227 1330 1291 1388 at
1340 1340 1429 1388 ue
1478 1318 1635 1388 inde
1669 1340 1789 1408 per
1820 1318 2185 1388 decursum
2230 1317 2540 1386 fluminis
2581 1316 2667 1385 ad
2715 1315 3105 1397 castellum,

584 1408 769 1495 quod
822 1407 1244 1497 Holienburg
1290 1341 1565 1486 dicitur,
1625 1407 1776 1475 navi
1834 1408 1895 1476 io
1948 1406 2427 1496 proficiscitur,
2480 1405 2714 1492 ibique
2768 1404 3112 1491 quamdiu

588 1496 984 1587 supervixit,
1040 1497 1108 1564 in
1156 1495 1729 1586 contemplatione
1773 1430 2029 1576 divina,
2085 1494 2337 1596 vigiliis
2379 1493 2658 1575 scilicet,
2703 1491 2993 1581 jejuniis
3044 1504 3109 1561 et

585 1585 1012 1655 orationibus
1085 1584 1450 1665 insistenS,
1508 1605 1646 1653 una
1716 1606 1873 1654 cum
1949 1583 2318 1685 praedictis
2384 1582 2713 1653 fratribus
2779 1582 3111 1651 continue

583 1674 1000 1744 morabatur.
1054 1678 1168 1743 Est
1214 1685 1441 1743 autem
1512 1672 1782 1742 viculus
1844 1672 2128 1760 quidam
2180 1670 2610 1741 Miclielnstat
2684 1671 3105 1750 nominatus,

580 1784 783 1849 quem
847 1762 1065 1831 eidem
1119 1763 1233 1830 Dei
1282 1760 1614 1832 sacerdoti
1676 1761 2022 1847 quondam
2077 1761 2145 1829 in
2198 1760 2679 1850 proprietatem
2734 1758 3112 1828 tradiderat

585 1873 710 1942 pro
760 1850 1059 1920 remedio
1106 1851 1377 1919 animae
1428 1872 1593 1919 suae
1658 1848 1864 1919 frater
1933 1850 2181 1939 Pipini,
2236 1848 2756 1919 carlomannus.
2809 1847 2987 1917 Illuc
3036 1869 3108 1917 se

586 1939 972 2019 transferre,
1050 1952 1251 2025 atque
1320 1938 1791 2008 monachicam
1864 1938 2005 2031 iuic
2066 1937 2663 2028 congregationem
2724 1935 3106 2017 instituere,

584 2028 816 2115 ibique
864 2028 1241 2118 praesentis
1290 2027 1462 2095 vitae
1501 2027 1870 2097 terminum
1920 2026 2319 2117 praestolari
2369 2031 2561 2095 Pater
2623 2024 3111 2094 sanctissimus

589 2127 1071 2273 proposuerat:
1128 2115 1240 2185 sed
1292 2115 1697 2205 disponente
1760 2115 2374 2205 praedestinatione
2422 2113 2678 2193 divina,
2753 2112 3104 2202 praevenit

639 2226 934 2274 umanae
980 2203 1489 2274 deliberationis
1539 2218 1688 2274 vota
1725 2205 2117 2274 communis
2149 2202 2641 2273 haereditariae
2675 2200 3108 2271 mortalitatis

586 2314 897 2362 occasus.
950 2297 1113 2361 Nam
1169 2313 1300 2361 non
1354 2292 1568 2362 multo
1618 2305 1787 2383 post,
1841 2315 2046 2380 quam
2098 2293 2167 2360 in
2222 2292 2568 2382 praedicto
2637 2290 2917 2359 castello
2967 2311 3113 2359 una

585 2402 744 2449 cum
795 2381 879 2450 iis
926 2382 1045 2467 qui
1093 2401 1324 2450 secum
1374 2394 1587 2461 erant,
1636 2382 1781 2470 jam
1822 2395 1970 2471 post
2008 2381 2257 2450 multos
2305 2381 2562 2449 activae
2612 2379 2786 2448 vitae
2819 2378 3111 2448 sudores

583 2468 913 2559 optimam
968 2480 1224 2559 partem
1274 2468 1587 2561 elegerat,
1644 2470 1843 2541 solito
1890 2470 2167 2561 gravius
2218 2469 2412 2540 illum
2465 2468 2772 2558 corporis
2845 2467 3115 2537 incom-

590 2558 872 2627 modum
942 2557 1332 2638 invadebat3
1394 2559 1627 2645 sicque
1685 2560 1770 2628 de
1839 2560 1951 2630 die
2012 2560 2079 2628 in
2146 2559 2326 2628 diem
2387 2558 2700 2628 exteriori
2749 2555 3111 2626 deficiente

585 2645 908 2726 homine,
988 2647 1208 2737 coepit
1277 2647 1557 2717 interior
1603 2649 1689 2716 ad
1740 2648 1807 2717 id
1856 2648 2035 2736 quod
2109 2647 2232 2716 diu
2294 2647 2734 2736 suspirabat,
2788 2646 3108 2715 bravium

583 2735 1103 2825 percipiendum
1156 2736 1490 2815 renovari,
1543 2735 1782 2817 donec,
1839 2748 1912 2805 ut
1959 2737 2094 2806 sibi
2143 2736 2342 2827 longe
2391 2749 2547 2804 ante
2596 2734 2891 2824 Spiritus
2941 2738 3112 2803 San-

579 2835 733 2891 ctus
777 2823 1207 2904 revelaverat,
1264 2823 1585 2913 deinceps
1624 2847 1782 2894 cum
1834 2826 2095 2895 Christo
2148 2846 2543 2905 mansurus,
2600 2834 2978 2892 mereretur
3014 2820 3113 2891 fe-

579 2910 799 2982 liciter
845 2911 1149 2982 dissolvi.
1205 2917 1351 2994 Qua
1399 2913 1634 3000 utique
1686 2913 1946 3003 positus
1987 2915 2054 2982 in
2091 2936 2124 2982 a
2179 2914 2361 2993 onia,
2463 2935 2536 2981 er
2585 2923 2799 2981 totum
2835 2924 3109 2999 tempus

575 2999 796 3089 ipsius
845 3000 1299 3091 aegritudinis
1350 3000 1755 3082 tardantem,
1808 3014 1894 3083 et,
1953 3016 2027 3073 ut
2074 3002 2127 3071 si
2186 3004 2206 3070 i
2256 3001 2407 3071 vide
2458 3013 2634 3081 atur,
2676 3001 2973 3089 migrare
3007 3020 3114 3068 re-

578 3102 929 3190 cusa-ntem
1008 3091 1352 3171 animam,
1427 3089 1948 3181 Psalmographi
2014 3090 2498 3161 consolabatur
2574 3102 2639 3158 et
2705 3088 3111 3157 hortabatur

573 3191 897 3246 canticis:
953 3182 1169 3259 Quare
1218 3179 1427 3247 tristis
1475 3202 1576 3259 es,
1637 3180 1892 3266 inquit,
1946 3182 2178 3249 anima
2237 3201 2410 3260 mea,
2465 3189 2527 3248 et
2584 3199 2796 3268 quare
2844 3187 3113 3246 contur-

573 3267 687 3334 bas
733 3267 887 3334 me?
933 3268 1143 3367 Spera
1188 3268 1258 3335 in
1313 3272 1484 3336 Deo:
1549 3270 1866 3359 quoniam
1940 3270 2160 3339 adhuc
2230 3269 2579 3357 confitebor
2629 3268 2745 3334 illi
2803 3266 3112 3335 salutare

572 3356 800 3452 vult-as
861 3376 990 3422 mei
1038 3365 1098 3422 et
1147 3355 1326 3423 Deus
1372 3378 1556 3425 meus
1617 3357 1829 3446 (Psal.
1899 3357 2059 3444 4⁴);
2101 3377 2513 3442 rursumque
2579 3375 2951 3424 conversus
3017 3353 3110 3422 ad

575 3441 956 3542 Christum:
1001 3443 1186 3511 Sicut
1234 3465 1485 3523 cervus,
1536 3444 1781 3531 inquit,
1827 3446 2160 3514 desiderat
2208 3447 2297 3514 ad
2342 3447 2555 3533 sontes
2601 3465 2962 3527 aquarum,
3005 3443 3110 3511 ita

575 3529 908 3598 desiderat
977 3532 1207 3598 anima
1251 3554 1400 3600 mea
1446 3533 1536 3601 ad
1582 3543 1666 3613 te,
1722 3538 1914 3603 Deus.
1969 3535 2195 3605 Sz'civit
2265 3536 2496 3603 anima
2564 3555 2715 3601 mea
2762 3533 2853 3600 ad
2900 3536 3113 3600 Deum

567 3620 816 3706 fontem
879 3620 1166 3717 vivumg
1215 3621 1479 3711 quando
1557 3624 1821 3690 veniam
1893 3633 1956 3691 et
2033 3623 2363 3713 apparebo
2413 3631 2566 3691 ante
2611 3622 2858 3709 faciem
2929 3622 3052 3689 Dei
3073 3621 3109 3687 ?

573 3706 781 3796 (Psal.
834 3705 986 3795 4⁴);
1038 3716 1102 3775 et
1151 3706 1361 3776 illud:
1415 3713 1626 3791 Quam
1675 3711 1922 3780 dilecta
1970 3713 2407 3780 tabernacula
2454 3721 2595 3791 tua,
2650 3710 2926 3779 Domine
2972 3709 3113 3777 vir·

575 3798 833 3864 tutum!
883 3797 1283 3886 concupiscit
1329 3808 1391 3865 et
1439 3798 1659 3886 deficit
1725 3801 1957 3868 anima
2029 3822 2180 3868 mea
2227 3803 2298 3868 in
2358 3801 2540 3867 atria
2612 3799 2901 3867 Domini.
2981 3801 3109 3867 Cor

571 3905 790 3953 meum
818 3894 1056 3953 cicaro
1086 3907 1236 3954 mea
1269 3888 1751 3954 emanaverunt
1782 3888 1854 3955 in
1884 3892 2093 3956 Deum
2120 3890 2346 3957 vivum
2370 3888 2585 3977 (Psal.
2618 3886 2755 3975 38).
2797 3890 3110 3972 Cumque

572 3971 668 4071 sic
719 3974 963 4053 oranti,
1023 3973 1366 4063 psallenti,
1432 3974 1825 4063 gratiasque
1872 3975 1940 4044 in
1993 3975 2513 4048 infirmitatibus
2584 3975 2836 4066 agenti,
2893 3995 3103 4063 saepe

570 4072 772 4129 ctiam
815 4059 1054 4131 fratres
1089 4073 1153 4130 et
1182 4064 1736 4153 comperegrinos
1763 4063 2144 4154 discipulos
2169 4086 2332 4135 suos
2359 4064 2767 4134 confortanti
2802 4062 3106 4152 languor

575 4170 695 4248 per
742 4149 1057 4250 singulas
1088 4150 1288 4220 horas
1320 4151 1791 4252 ingravescere
1826 4173 1960 4221 non
1990 4165 2308 4233 cessaret,
2340 4154 2642 4223 vicinum
2673 4173 2842 4223 suae
2881 4163 3113 4220 trans-

576 4249 1005 4337 migrationis
1039 4250 1166 4308 iter
1197 4251 1332 4308 tam
1371 4240 1613 4309 viatico
1651 4240 2161 4311 Dominicorum
2217 4254 2802 4312 sacramentorum
2829 4295 2844 4321 ,
2890 4261 3107 4326 quam

572 4346 938 4405 universis,
991 4348 1166 4413 quae
1200 4327 1440 4418 religio
1472 4328 1781 4418 deposcit
1815 4329 1915 4398 vel
1958 4342 2256 4420 praestat
2289 4329 2695 4410 Christiana,
2731 4328 2913 4408 fidei,
2953 4329 3109 4418 spei

573 4425 637 4483 et
684 4414 1037 4485 charitatis
1110 4415 1383 4485 solertia
1451 4416 1735 4505 provida
1807 4419 2286 4508 praemunivit.
2342 4424 2552 4505 Atque
2604 4439 2724 4509 per
2773 4417 2963 4496 haec,
3040 4429 3115 4487 et
