3347 4999
168 371 189 397 .
278 329 448 397 OCT.
508 330 534 394 ‘l
1125 349 1202 395 DE
1251 348 1306 396 s.
1362 347 1620 396 mammo
1668 347 1962 396 ancnmr.
2681 333 2722 396 9

274 427 760 519 magnificatus
807 449 847 497 a
895 426 1181 497 Domino
1229 427 1297 497 in
1349 442 1723 519 conspectu
1752 449 2017 527 regum,
2059 427 2127 496 in
2163 426 2388 499 verbis
2419 426 2589 508 suiS,
2631 428 2810 498 sicut

273 519 340 586 in
395 515 843 604 sequentibus
891 516 1358 598 ostendemu5‚
1415 530 1743 598 monstra,
1800 516 2112 586 videlicet
2160 537 2466 618 paganos
2515 516 2797 599 feroceS,

272 605 590 697 placavit.
646 605 881 674 Merito
931 606 1142 696 igitur
1177 627 1333 675 eum
1388 605 1790 676 Remedium
1843 604 2056 675 fuisse
2108 616 2537 675 nominatum
2581 606 2649 674 in
2688 607 2810 677 ba-

270 695 592 785 ptismate
636 693 1099 774 crederemus,
1154 694 1288 763 nisi
1323 694 1392 763 in
1427 693 2013 764 emendatioribus
2045 694 2254 783 gestis
2295 694 2490 763 illum
2529 694 2810 766 oraculo

268 784 503 854 divino
554 803 671 874 per
717 795 1031 854 sanctum
1080 788 1503 863 Montanum,
1544 783 1932 872 Remigium
1974 782 2198 852 vocari
2245 780 2514 863 debere,
2550 805 2809 873 cogno-

270 894 641 942 sceremus.
698 871 824 940 Sed
859 884 924 942 et
974 872 1042 940 in
1092 872 1403 942 versibus
1454 872 1755 942 metricis
1803 873 1888 941 ab
1924 871 2072 960 ipso
2104 870 2528 960 compositis,
2564 884 2627 940 et
2651 873 2807 962 jus-

268 961 461 1030 sione
527 959 716 1030 illius
783 960 850 1029 in
920 960 1216 1047 quodam
1272 982 1427 1031 vase
1473 962 1561 1029 ab
1608 982 1690 1029 eo
1734 972 2133 1030 consecrato
2183 958 2512 1050 sculptiS,
2569 960 2662 1029 ita
2713 961 2806 1030 le-

270 1050 503 1140 gimus
538 1074 551 1114 ε

663 1172 914 1236 Hauriat
959 1173 1101 1235 hinc
1146 1174 1403 1252 populus
1444 1176 1631 1236 vitam
1678 1173 1754 1234 de
1794 1174 2097 1249 sanguine
2139 1188 2329 1248 sacru,

666 1253 892 1330 lnjecto
933 1260 1218 1315 aeternus
1254 1270 1436 1330 quem
1488 1253 1645 1315 fudit
1686 1253 1945 1315 vulnere
1981 1250 2276 1314 Christus,

668 1333 983 1411 Remigius
1026 1334 1224 1396 reddit
1266 1334 1528 1394 Domino
1569 1350 1671 1393 sua
1723 1340 1857 1394 vota
1901 1333 2198 1395 sacerdos.

270 1493 461 1577 Quod
517 1516 634 1563 vas
673 1514 891 1581 usque
940 1493 1024 1562 ad
1078 1506 1306 1563 nostra
1359 1505 1663 1582 tempora
1715 1492 2133 1582 perduravit,
2173 1493 2390 1563 donec
2440 1487 2698 1574 fusum,
2735 1493 2803 1562 in

266 1582 809 1672 redemptionem
860 1581 1097 1671 datum
1147 1594 1249 1651 est
1296 1581 1885 1661 Christianorum,
1940 1594 2016 1651 ut
2062 1603 2101 1650 a
2152 1582 2491 1653 ministris
2545 1581 2806 1652 diaboli

265 1672 709 1741 Nortmannis
758 1670 1119 1740 redimeret
1168 1670 1461 1760 pretium
1513 1670 1818 1758 argentei
1852 1669 2112 1751 calicis»,
2151 1692 2327 1757 quos
2361 1670 2446 1739 de
2481 1684 2808 1759 potestate

268 1760 702 1860 tenebrarum
739 1759 1399 1830 redemerateffusus
1428 1759 1713 1850 sanguis
1740 1759 2005 1840 caliciS,
2039 1759 2285 1828 Christi
2315 1759 2628 1830 videlicet
2656 1782 2806 1849 pas·

275 1870 514 1919 stoms.

354 1939 391 2024 ξ
437 1944 523 2008 ὅ.
579 1936 895 2007 Traditus
943 1948 1170 2006 autem
1222 1958 1262 2006 a
1312 1935 1716 2026 parentibus
1751 1935 2024 2005 scholae
2060 1936 2304 2006 litteris
2355 1936 2800 2018 imbuenduS,

263 2024 334 2095 in
387 2026 576 2094 brevi
625 2024 893 2094 coaevis
938 2037 1004 2095 et
1050 2025 1253 2095 etiam
1308 2039 1475 2095 natu
1526 2025 1905 2114 majoribus
1938 2025 2085 2095 suis
2119 2025 2432 2095 doctrina
2470 2025 2807 2095 excellen-

268 2114 398 2184 tior
445 2127 545 2184 est
591 2114 894 2184 effectus.
973 2114 1299 2184 Studebat
1348 2135 1622 2201 quoque
1675 2126 1940 2184 teneros
1987 2135 2207 2183 annos
2258 2135 2527 2183 morum
2584 2128 2807 2183 matu-

268 2203 463 2272 ritate
512 2203 804 2284 vincere‚
856 2214 922 2272 et
967 2202 1508 2272 benevolentiam
1561 2202 1814 2283 cordis,
1850 2202 2206 2272 charitatis
2243 2201 2441 2272 melle
2488 2202 2792 2284 condire,

268 2292 504 2360 turbas
552 2291 1009 2379 frequentium
1064 2290 1480 2381 populorum
1535 2290 1769 2371 vitare,
1809 2304 1873 2360 et
1904 2303 1979 2361 ut
2020 2312 2424 2380 praeconem
2466 2314 2671 2361 suum
2714 2291 2804 2360 fe·

267 2379 443 2449 cisse
491 2380 846 2461 didicerat,
904 2381 1038 2449 vita
1086 2380 1391 2450 solitaria
1440 2380 1509 2448 in
1562 2379 1947 2449 reclusione
1997 2380 2285 2450 Domino
2332 2380 2630 2449 servire:
2683 2381 2805 2467 qui

263 2467 457 2538 locus
523 2469 589 2537 in
652 2482 873 2538 castro
937 2468 1267 2539 Lauduno
1312 2468 1549 2559 (Laon)
1619 2469 1951 2539 hactenus
1999 2469 2443 2560 designatur,
2499 2480 2565 2539 et
2635 2469 2805 2539 coli-

267 2568 401 2626 tur.
456 2562 532 2626 In
603 2578 741 2642 qua
813 2557 1196 2626 reclusione
1259 2558 1585 2628 secundis
1656 2559 2097 2629 successibus
2168 2559 2476 2629 certatim
2528 2573 2806 2629 sanctae

265 2645 802 2714 conversationis
842 2645 1100 2715 studiis
1130 2647 1364 2736 justus
1404 2646 1802 2716 adolescens
1834 2648 2118 2717 Domino
2155 2647 2493 2716 militavit.
2539 2652 2616 2717 Et
2641 2670 2800 2718 cum

265 2734 350 2803 ad
404 2734 640 2824 viginti
692 2744 757 2802 et
803 2732 979 2822 duos
1028 2735 1264 2805 aetatis
1312 2757 1476 2804 suae
1524 2758 1744 2805 annos
1794 2737 2123 2826 pervenit,
2177 2736 2500 2805 defuncto
2541 2741 2804 2805 Benna-

265 2823 379 2892 dio
435 2822 954 2913 archiepiscopo
1012 2823 1079 2891 in
1152 2823 1278 2892 hac
1337 2825 1509 2893 urbe
1558 2825 1974 2906 Rhemensi,
2028 2825 2339 2893 omnium
2392 2824 2803 2913 generaliter

262 2913 436 2981 votis
482 2912 564 2980 ad
618 2911 953 3001 pontificii
1000 2911 1276 2981 culmen
1331 2925 1567 3002 raptus
1605 2913 1820 2984 fuisse
1868 2913 2252 2982 dinoscitur
2301 2913 2549 3002 potius,
2588 2933 2798 2999 quam

263 3000 543 3070 electus.
598 3001 699 3070 Fit
762 3022 924 3090 ergo
973 3022 1356 3071 concursus
1408 3001 1679 3092 populi,
1735 3001 1987 3070 diversi
2034 3000 2314 3089 quidem
2368 3022 2594 3083 sexuS,
2647 3021 2802 3071 con·

263 3088 543 3157 ditionis
592 3112 670 3158 ac
720 3089 1100 3179 dignitatiS,
1157 3111 1421 3159 necnon
1472 3103 1536 3160 et
1584 3090 1869 3160 aetatis:
1926 3089 2042 3160 sed
2106 3091 2317 3159 unius
2371 3101 2574 3176 atque
2611 3088 2802 3176 ejus-

263 3176 417 3245 dem
471 3178 844 3246 sententiae
891 3178 1124 3247 cuncti
1172 3178 1359 3248 hunc
1411 3200 1561 3247 vere
1611 3183 1742 3247 Deo
1805 3178 2138 3267 dignum,
2210 3191 2276 3247 et
2338 3179 2459 3265 qui
2525 3178 2801 3268 populis

264 3265 543 3355 praefici
591 3265 886 3349 deberet,
940 3265 1439 3337 acclamabant.
1494 3268 1608 3336 Vir
1655 3279 1882 3335 autem
1938 3266 2378 3336 beatissimus
2426 3267 2536 3337 his
2584 3288 2795 3357 angu-

263 3354 413 3423 stiis
463 3354 877 3443 depressus,
933 3355 1171 3424 nimiis
1232 3355 1657 3425 afficiebatur
1715 3355 2134 3444 angoribus:
2189 3355 2355 3442 quia
2421 3377 2545 3425 nec
2595 3355 2801 3445 fugae

262 3442 455 3511 locus
502 3464 796 3530 usquam
851 3442 1164 3532 patebat,
1220 3466 1343 3514 nec
1387 3444 1675 3534 populO,
1731 3457 1807 3512 ut
1846 3446 1932 3514 ab
1981 3444 2360 3514 intentione
2407 3457 2645 3534 coepta
2697 3465 2800 3511 re-

261 3531 658 3620 sipisceret,
715 3530 861 3601 ullo
911 3532 1111 3601 modo
1177 3533 1568 3610 satisfacere
1619 3544 1903 3621 poterat.
1983 3533 2261 3602 Divinae
2309 3555 2609 3619 namque
2655 3545 2798 3601 erat

258 3619 654 3699 voluntatis.
710 3632 787 3689 ut
831 3621 951 3705 qui
999 3621 1310 3691 omnium
1355 3620 1563 3691 saluti
1599 3633 2087 3710 prospecturus
2120 3635 2286 3701 erat,
2330 3623 2644 3690 omniurn
2683 3642 2799 3690 ac-

259 3707 792 3777 clamationibus
838 3708 1241 3799 eligeretur:
1287 3721 1350 3779 et
1396 3710 1516 3796 qui
1566 3709 1814 3778 unitati
1854 3708 2016 3779 fidei
2059 3732 2215 3780 cum
2252 3711 2396 3799 jam
2447 3709 2790 3790 fidelibus,

258 3808 322 3864 et
369 3795 622 3865 futuris
669 3796 990 3868 fidelibus
1036 3809 1180 3867 erat
1229 3797 1652 3886 provisurus,
1691 3798 1969 3879 unione,
2011 3798 2243 3869 cuncti
2293 3797 2531 3888 populi
2573 3798 2657 3867 ad
2696 3819 2798 3868 se-

259 3883 416 3953 dem
466 3887 863 3955 eveheretur
910 3886 1352 3955 sacerdotalis
1416 3886 1722 3956 honoris.
1792 3888 2281 3957 Sanctissimus
2347 3885 2624 3974 quidem
2696 3887 2797 3954 vir

258 3995 416 4042 cum
467 3972 577 4042 his
624 3974 1237 4045 acclamationibus
1300 3997 1372 4043 se
1418 3978 1648 4067 urgeri
1709 3975 2184 4066 conspiceret,
2240 3975 2323 4046 de
2371 3974 2794 4046 infirmitatis

258 4072 323 4130 et
369 4062 607 4132 aetatis
665 4085 831 4132 suae
891 4075 1194 4152 tempore
1254 4065 1580 4151 conqueri
1643 4065 1903 4154 coepit,
1956 4077 2022 4133 et
2066 4065 2227 4151 quia
2278 4064 2795 4134 Ecclesiasticus

259 4149 425 4219 ordo
474 4150 819 4220 infirmam
871 4163 1154 4221 aetatem
1205 4152 1290 4220 ad
1342 4153 1519 4222 hanc
1568 4176 1705 4228 non
1761 4153 2087 4241 reciperet
2126 4153 2528 4242 dignitatem
2563 4207 2578 4233 ,
2637 4173 2795 4222 voce

262 4236 538 4327 publica
589 4239 951 4310 fatebatur.
1003 4240 1308 4311 Timebat
1346 4243 1556 4322 enim,
1608 4265 1689 4310 ne
1722 4243 2091 4311 immatura
2127 4253 2311 4310 aetas
2353 4241 2614 4311 inimici
2653 4263 2794 4311 ver-

265 4327 466 4396 sutiis
517 4328 948 4419 impugnata,
1003 4328 1267 4415 aliquid
1317 4331 1749 4399 contraheret
1796 4330 2081 4399 sinistri.
2120 4329 2246 4398 Sed
2281 4329 2512 4399 divina
2546 4330 2786 4420 gratia,

261 4428 325 4482 et
381 4436 611 4490 vocem
686 4416 1099 4510 populorum
1168 4419 1724 4488 constantissime
1793 4419 1859 4486 in
1927 4418 2147 4507 ipsius
2220 4418 2593 4507 perdurare
2635 4417 2792 4487 fecit
