3347 4999
774 328 901 393 662
1364 345 1442 392 nx
1487 345 1543 392 s.
1598 344 1905 393 saviiaiiio
1952 342 2279 392 commitit.
2331 341 2529 392 nrisc.
2920 326 3092 392 OCT.
3135 329 3199 392 23

680 451 969 499 munere
1001 429 1083 498 ad
1139 441 1393 497 tantam
1447 428 1740 519 gloriam
1779 429 2108 520 pervenit,
2151 442 2218 497 et
2254 427 2613 498 ardentius
2638 438 2705 497 et
2739 428 3091 499 sincerius
3115 430 3198 498 di-

682 517 892 610 ligere
938 518 1502 606 comprobamus.

762 611 800 694 ξ
847 610 931 676 ιι.
986 609 1194 697 Signa
1245 619 1473 675 autem
1527 626 1658 674 non
1703 628 1740 674 a
1794 604 2139 682 fidelibus,
2181 604 2294 673 sed
2327 607 2413 673 ab
2446 604 2860 675 infidelibus
2891 605 3193 694 exigenda

678 717 875 765 sunt:
929 695 1247 783 quamvis
1297 708 1389 764 tot
1438 709 1866 764 mortuorum
1906 694 2344 763 resuscitator
2366 717 2515 764 esse
2548 695 2999 763 veracissime
3029 717 3190 784 prae-

675 784 987 863 dicetur,
1040 797 1205 871 quot
1265 784 1654 852 animarum
1712 782 2045 851 haeretica
2102 785 2428 872 pravitate
2474 800 3031 870 corruptarum,
3094 784 3191 851 do·

675 876 892 942 ctrina
946 873 1103 942 fidei
1150 873 1527 941 catholicae
1571 887 1635 941 et
1684 872 2102 960 operationis
2152 887 2369 941 rectae
2422 889 2874 960 recuperator
2920 895 3066 940 esse
3099 894 3188 940 co·

675 963 1053 1062 gnoscitur.
1127 962 1289 1031 Plus
1348 974 1449 1030 est
1502 961 1687 1029 enim
1724 1016 1739 1040 ,
1792 962 2097 1029 animam
2166 961 2233 1029 in
2308 976 2661 1031 aeternum
2719 963 3116 1039 victuram,
3159 983 3187 1027 a

672 1051 990 1120 vitiorum
1043 1049 1367 1119 sordibus
1413 1049 1496 1117 ad
1539 1049 2074 1118 immortalitatis
2107 1048 2527 1118 desiderium
2585 1072 2702 1137 per
2760 1049 3182 1119 dulcedinem
3281 1091 3282 1102 ³

674 1138 830 1228 piac
874 1139 1365 1208 exhortationis
1413 1138 1810 1218 accendere,
1877 1160 2083 1224 quam
2136 1159 2389 1226 corpus
2456 1139 2701 1207 iterum
2762 1139 3181 1212 moriturum,
3281 1215 3282 1222 χ

673 1227 758 1295 de
800 1227 1064 1296 tumulo
1115 1228 1541 1297 resuscitare.
1586 1228 1863 1310 Quoties
1889 1248 2051 1316 ergo
2097 1227 2395 1312 aliquem
2446 1227 2529 1295 ad
2581 1229 3055 1315 cognitionem
3103 1247 3184 1292 ve·

674 1316 894 1384 ritatis
942 1338 981 1385 a
1032 1317 1329 1385 tenebris
1372 1317 1704 1385 revocavit
1750 1337 2024 1395 error-m,
2084 1316 2275 1383 toties
2322 1317 2543 1385 caecis
2588 1316 2821 1384 oculis
2876 1317 3180 1401 fulgorem

672 1404 971 1472 reddidit
1022 1405 1217 1474 lucis.
1272 1409 1485 1487 Quem
1554 1405 1720 1472 dum
1772 1426 1873 1478 ea.
1913 1425 2090 1489 quae
2136 1404 2401 1491 agenda
2457 1406 2869 1493 proposuit,
2926 1404 3009 1472 ad
3055 1402 3180 1470 effe-

672 1504 856 1561 ctum
891 1495 1120 1581 operis
1168 1492 1470 1562 assiduis
1518 1493 2111 1561 admonitionibus
2163 1494 2535 1580 perducere
2587 1494 2764 1572 l'ecit,
2807 1495 3017 1562 etiam
3068 1511 3178 1557 ma·

673 1603 883 1650 nuum
935 1582 1190 1650 damna
1243 1581 1538 1651 resolvit.
1573 1582 1694 1651 Cui
1726 1582 1779 1650 si
1813 1582 1897 1649 de
1931 1582 2175 1650 virtute
2225 1582 2291 1648 in
2346 1581 2656 1650 virtutem
2691 1582 2941 1659 eundi,
2975 1595 3034 1648 et
3062 1599 3178 1647 cor·

673 1670 781 1739 dis
828 1671 1186 1740 affectibus
1232 1670 1314 1739 ad
1367 1672 1722 1759 superiora
1771 1670 2185 1738 ascendendi
2229 1671 2640 1740 voluntatem
2691 1686 2759 1738 et
2815 1670 3174 1764 facultatem

673 1759 983 1828 doctrina
1033 1759 1240 1829 simul
1277 1773 1340 1826 et
1396 1760 1717 1847 precibus
1769 1759 2175 1847 impetravit,
2230 1780 2510 1848 gressus
2560 1759 2818 1846 pedum
2875 1781 2912 1827 a
2963 1754 3177 1824 debili-

675 1849 830 1916 tatis
880 1848 1166 1917 nexibus
1217 1848 1466 1916 liberos
1504 1847 1713 1915 dedit.
1753 1852 1996 1915 Verum
2033 1848 2467 1935 omnipotens
2516 1848 2843 1936 Spiritus,
2893 1846 3173 1938 -quiopej

671 1953 865 2005 ratur
901 1937 1135 2005 omnia
1186 1936 1250 2003 iii
1295 1936 1643 2014 omnibuS,
1690 1935 2006 2004 dividens
2054 1936 2352 2025 singulis
2404 1950 2601 2036 prout
2651 1936 2826 2014 vult,
2871 1951 3001 2002 tam
3047 1932 3173 1999 forti

672 2038 944 2094 sanctos
974 2039 1037 2094 et
1070 2025 1316 2093 electos
1351 2046 1512 2093 suos
1546 2047 1878 2114 compage
1915 2025 2270 2093 charitatis
2305 2027 2544 2104 univit,
2581 2038 2655 2093 ut
2706 2024 2884 2093 nihil
2936 2039 3163 2094 eorum,

668 2134 847 2199 quae
892 2114 1065 2182 alter
1110 2115 1352 2183 merito
1400 2114 1781 2183 sanctitatis
1837 2114 2246 2200 assequitur,
2297 2114 2490 2181 alteri
2542 2112 2739 2181 desit.
2797 2118 2965 2182 Cum
3014 2108 3167 2175 enim

669 2222 1145 2288 quaecumque
1194 2203 1370 2270 bona
1422 2203 1520 2270 sic
1568 2203 1739 2271 alter
1788 2202 1853 2269 in
1904 2202 2115 2270 altero
2161 2202 2408 2291 diligit.
2455 2204 2633 2270 sicut
2682 2203 2749 2269 in
2806 2199 3159 2285 semetipso,

672 2291 999 2358 nimirum
1059 2312 1176 2379 per
1219 2290 1620 2358 charitatem
1656 2290 1909 2379 agitur,
1945 2302 2020 2358 ut
2067 2290 2321 2357 eisdem
2356 2291 2557 2358 etiam
2591 2312 2753 2358 cuin
2793 2292 2946 2376 ipso
2996 2282 3165 2373 parti-

666 2378 959 2465 cipetur.
992 2385 1137 2461 Quo
1170 2379 1265 2455 fii,
1290 2396 1364 2445 ut
1398 2380 1868 2447 beatissimum
1901 2379 2295 2446 Severinum
2326 2379 2722 2458 antistitem,
2760 2377 3022 2446 nullius
3047 2391 3162 2440 oni·

670 2466 835 2536 nino
868 2468 1136 2537 virtutis
1181 2480 1521 2556 expertem
1571 2467 1809 2536 merito
1858 2467 2246 2546 credamus,
2279 2488 2481 2552 quem
2539 2465 2834 2557 perlecta
2871 2463 3162 2533 charitate

667 2554 1003 2625 bonorum
1053 2558 1365 2625 omnium
1405 2555 1821 2646 profectibus
1853 2556 2294 2640 conjunctum
2328 2578 2477 2626 esse
2505 2576 2636 2623 non
2673 2556 3090 2648 dubitamus

754 2647 920 2731 δῦ.
999 2646 1205 2730 Cujus
1263 2646 1436 2713 vitae
1499 2645 2029 2733 descriptionem
2097 2660 2365 2713 nostrae
2426 2666 2864 2730 nequaquam
2919 2644 3157 2709 inertiae

664 2734 1261 2811 commendamus,
1311 2734 1475 2820 quia
1524 2732 1623 2801 vel
1673 2745 1932 2820 quanta
1983 2734 2299 2822 ipse‘pro
2353 2736 2635 2801 Domino
2681 2734 2906 2821 egerit
2948 2743 3008 2797 et
3037 2745 3158 2823 pet·-

668 2821 920 2901 tulerit,
976 2822 1078 2891 vel
1125 2836 1381 2909 quanta
1435 2842 1553 2911 per
1597 2843 1754 2891 eum
1812 2823 2138 2890 Dominus
2183 2837 2505 2909 operatus
2552 2824 2661 2897 sit.
2705 2845 2835 2891 nec
2877 2819 3155 2917 historiae

667 2913 1079 2991 narratione,
1136 2933 1257 2979 nec
1309 2912 1581 2980 testium
1636 2911 1977 2979 veracium
2027 2910 2399 2980 assertione
2452 2910 2738 2999 perfecte
2789 2910 3150 2978 didicimus:

663 3001 982 3085 quamvis
1028 3022 1102 3069 ea
1158 3000 1533 3069 litterarum
1585 2998 2203 3078 commendatione,
2261 3013 2326 3068 et
2373 3001 2679 3089 congrua
2732 2998 3031 3067 fidelium
3076 3006 3150 3054 re-

665 3086 917 3157 latione
963 3088 1373 3177 dignissima
1420 3087 1794 3156 credimus.
1827 3087 2179 3170 Quomodo
2225 3089 2407 3156 enim
2463 3103 2688 3174 posset
2738 3088 2912 3165 fieri,
2952 3092 3145 3179 uttam

664 3176 954 3246 idoneus
1019 3177 1177 3245 fidei
1235 3177 1610 3245 catholicae
1675 3177 2102 3264 praedicator
2169 3190 2235 3246 et
2290 3176 2567 3254 doctor,
2625 3168 3145 3245 memorabilibus

666 3286 800 3333 non
872 3264 1161 3351 fulgeret
1220 3268 1597 3355 operibus?
1655 3266 1777 3333 Cui
1838 3280 2059 3333 tamen
2131 3264 2549 3333 laudabilius
2597 3264 2728 3333 fuit
2780 3260 3139 3353 labefactum

663 3368 941 3422 sanctae
990 3355 1333 3424 Ecclesiae>
1370 3367 1619 3427 statum
1672 3375 1800 3422 suo
1848 3351 1995 3422 loco
2040 3354 2406 3444 corrigere,
2453 3366 2518 3422 et
2551 3354 2632 3422 ad
2684 3354 3031 3441 pristinam
3063 3361 3137 3408 tn·

663 3441 1128 3511 columitatem
1184 3443 1480 3511 inaximo
1526 3441 1775 3512 sudore
1827 3441 2192 3524 reducere,
2248 3465 2450 3529 quam
2507 3456 2685 3511 recto
2736 3455 3018 3513 stantem
3056 3446 3132 3522 or·

663 3529 825 3599 dine
871 3544 935 3599 et
986 3552 1115 3601 non
1162 3544 1509 3599 nutantem
1562 3551 1851 3600 servare.
1909 3529 2033 3600 Sed
2089 3544 2237 3619 post
2282 3531 2637 3601 decessum
2681 3528 2978 3600 doctoris
3020 3514 3131 3587 reli·

662 3618 1063 3709 giosissimi,
1116 3619 1394 3706 quaudo
1442 3619 1847 3707 gravissima
1899 3619 2257 3688 inundatio
2290 3619 2513 3707 gentis
2549 3620 2942 3689 incredulae
2974 3620 3133 3679 totam

663 3730 838 3799 pene
886 3708 1174 3778 Galliam
1225 3722 1290 3777 et
1335 3709 1484 3796 ejus
1544 3707 1836 3776 finitima
1872 3708 2078 3777 caede
2126 3722 2329 3796 atque
2378 3708 2718 3776 incendiis
2764 3697 3134 3796 devastabat.

659 3797 1191 3867 succedentibus
1237 3809 1301 3865 et
1341 3797 1974 3887 ingravescentibus
2020 3796 2348 3875 adversis,
2421 3798 2636 3866 sancti
2688 3798 2825 3865 Viri
2888 3791 3139 3885 glot'}0⁸'a

660 3886 835 3955 sacta
890 3886 1001 3954 vel·
1043 3886 1397 3966 miracula,
1450 3886 1694 3974 partim
1746 3888 2158 3976 conscripta,
2202 3886 2445 3975 partim
2481 3885 2701 3954 avidis
2733 3872 3139 3969 scriptoribus

660 3996 829 4044 casu
878 3976 1273 4064 inopinatae
1323 3974 1855 4065 perturbationis
1922 3989 2189 4064 erepta,
2246 3974 2689 4065 gratulationi
2755 3985 3007 4043 nostrae
3047 3974 3135 4024 σθ·

661 4064 992 4153 gnitionis
1040 4064 1263 4133 ablata
1333 4076 1519 4132 sunt.
1591 4069 1871 4132 Tantam
1949 4085 2246 4150 namque
2294 4063 2785 4132 dominationis
2834 4060 2955 4155 viiii
3008 4059 3138 4143 ῑυᾯῦ

663 4154 990 4242 temporis
1039 4152 1422 4221 crudelitati
1496 4153 1895 4244 tyrannicae
1959 4167 2232 4242 propter
2285 4164 2631 4242 peccatum
2687 4144 3136 4220 inobedientiae

661 4238 834 4309 ultio
882 4240 1117 4309 divina
1148 4242 1507 4321 concessit,
1546 4255 1620 4311 ut
1654 4242 1721 4309 in
1764 4242 2033 4310 cunctis
2066 4240 2441 4311 Galliarum
2484 4239 2851 4329 provinciis
2884 4249 3001 4333 uec,
3025 4234 3135 4288 ¹¹⁰⁸

658 4328 939 4416 quidem
990 4330 1254 4411 civitas,
1297 4331 1431 4402 nisi
1471 4330 1787 4400 Metensis
1830 4329 1889 4410 *,
1928 4330 2156 4399 inusta
2193 4344 2611 4399 remaneret:
2654 4342 2955 4416 quamvis
2982 4322 3131 4382 1⁰2³

711 4455 738 4484 *
765 4454 957 4503 Gallica.
977 4458 1099 4497 Mam

550 4698 673 4771 Ἃ,
2009 4507 2013 4511 ’
2953 4470 2959 4475 ’
3121 4532 3186 4725 t
