3347 4999
235 317 409 383 OCT.
467 316 549 381 46
2565 315 2694 379 449

1388 487 1636 564 VITA

559 712 639 810 S.
710 711 1007 814 GALL1
1081 710 1523 811 ABBATIS
1597 710 1714 811 ET
1786 708 2456 811 CONFESSORtS

233 951 421 999 EDITA
468 952 508 997 A
556 949 931 998 WALAFRIDO
980 951 1216 997 STRABO
1264 952 1408 999 ABR.
1446 951 1747 1001 AUGIRNSI
1779 929 1835 1010 ᾳ,
1874 949 2002 999 NON
2041 951 2251 997 Anum
2300 951 2441 997 ABR.
2480 951 2536 997 S.
2576 949 2780 1015 GALLI,

988 1057 1067 1104 UT
1114 1057 1356 1113 QUIDAM
1402 1058 1530 1106 NON
1578 1057 1773 1106 REC'I'E
1820 1057 2042 1105 AJUNT.

344 1238 660 1294 Mortuus
687 1241 812 1304 est,
843 1240 922 1293 ut
948 1236 1357 1293 mabillonio
1394 1236 1683 1305 videtur,
1714 1250 1823 1295 an.
1858 1238 1988 1291 646
2019 1264 2095 1274 —-
2122 1236 2279 1291 Nat.
2308 1234 2675 1292 Hibernus.

1058 1420 1507 1487 PRAEFATIO
1555 1421 1955 1487 AUCTORIS

328 1572 469 1641 Nisi
509 1593 614 1641 me
657 1577 1060 1641 Sanctarum
1110 1572 1482 1642 auctoritas
1542 1571 2094 1662 scripturarum,
2134 1583 2199 1641 et
2248 1572 2617 1660 praecipue
2666 1570 2789 1640 illa

238 1660 524 1730 veridici
561 1660 929 1750 prophetae
986 1662 1347 1740 sententia,
1387 1682 1526 1747 qua
1560 1660 1901 1730 sacrificio
1949 1660 2337 1730 obedientia
2378 1659 2784 1750 praefertur,

236 1749 323 1819 ad
363 1749 829 1819 necessitatem
866 1748 1231 1818 obediendi
1270 1749 1793 1839 constringeret,
1832 1750 2215 1839 praeceptis
2248 1749 2516 1831 vestriS‚
2550 1771 2588 1818 o
2630 1770 2789 1820 san-

236 1838 531 1909 ctissimi
584 1849 829 1927 patres,
876 1836 1231 1928 apologiae
1280 1837 1684 1926 hujusmodi
1735 1859 1957 1929 genus
1995 1859 2452 1928 opponerem:
2509 1838 2577 1907 Si
2628 1858 2786 1926 pro-

238 1927 468 2018 pheta,
526 1926 643 2013 qui
695 1939 891 2006 ante,
943 1947 1149 2012 quam
1223 1925 1636 1996 formaretur
1686 1927 1751 1994 in
1804 1938 2035 2008 utere,
2090 1949 2131 1996 a
2180 1927 2467 1995 Domino
2525 1926 2786 1997 electus

237 2028 368 2095 est,
421 2027 485 2083 et
533 2015 941 2104 priusquam
978 2015 1189 2083 exiret
1235 2015 1317 2084 de
1367 2027 1625 2093 ventre,
1690 2015 2161 2085 sanctificatus
2209 2028 2348 2099 est;
2402 2015 2569 2083 dum
2627 2035 2789 2084 eum

239 2103 575 2173 Dominus
608 2103 859 2192 spiritu
882 2125 1008 2172 suo
1044 2102 1421 2183 illustrans,
1463 2104 1651 2174 verbi
1688 2103 1912 2174 officio
1949 2104 2395 2193 manciparet,
2436 2103 2522 2172 de
2555 2102 2792 2172 aetatis

241 2191 645 2262 infirmitate
691 2205 757 2261 et
824 2192 1212 2281 ignorantia
1281 2204 1702 2280 conquestus
1749 2205 1890 2262 est:
1955 2192 2118 2280 quid
2181 2215 2217 2261 e
2270 2215 2349 2273 ο,
2426 2205 2787 2282 peccator,

238 2293 535 2351 acturus
574 2302 755 2362 sum,
808 2280 930 2368 qui
977 2281 1047 2348 in
1082 2280 1445 2368 iniquitate
1491 2293 1890 2371 concethS,
1934 2295 1998 2350 et
2038 2282 2106 2351 in
2133 2281 2217 2351 de
2252 2283 2382 2350 icto
2432 2280 2785 2370 profusuS,

244 2382 527 2461 propter
574 2370 814 2440 sordes
864 2370 1060 2449 vitae,
1102 2369 1635 2440 incircumcisus
1685 2392 1839 2439 sum
1890 2370 2095 2439 corde
2141 2384 2206 2440 et
2252 2370 2580 2440 auribus:
2630 2369 2796 2456 quia

243 2459 561 2529 videlicet
593 2479 720 2529 nec
753 2458 1112 2528 scientiam
1144 2457 1352 2549 digne
1379 2459 1710 2549 percipio,
1751 2480 1875 2529 nec
1902 2459 2136 2529 audita
2167 2459 2403 2529 devote
2434 2462 2795 2530 conservo?

244 2547 602 2631 Quomodo
655 2547 961 2637 justitias
1009 2548 1281 2616 Domini
1342 2548 1714 2629 enarrabO,
1771 2561 1837 2618 et
1903 2570 2254 2619 assumam
2307 2559 2792 2618 testamentum

241 2637 397 2727 ejus
448 2658 568 2726 per
615 2657 690 2705 os
739 2657 996 2716 meum,
1049 2636 1257 2723 cujus
1303 2647 1590 2706 aetatem
1651 2658 1774 2705 nec
1826 2650 2097 2728 tempus
2145 2637 2374 2707 adhuc
2434 2636 2787 2726 implevit,

245 2747 372 2795 nec
424 2724 709 2795 scientia
758 2724 1318 2794 commendavit?
1362 2726 1570 2815 Cujus
1604 2725 1787 2795 dicta
1838 2747 1960 2795 nec
2008 2726 2321 2795 doctrina
2369 2725 2788 2803 corroborat,

243 2836 371 2884 nec
410 2815 544 2884 vita
578 2813 987 2883 confirmat?
1034 2814 1437 2883 Praesertim
1480 2837 1639 2883 cum
1686 2837 1763 2883 ea
1815 2814 2112 2884 scribere
2152 2814 2455 2902 jubeatis
2503 2825 2566 2881 et
2606 2811 2795 2882 ordi-

245 2925 435 2985 nare,
490 2924 785 2991 quorum
837 2901 1239 2992 dignitatem
1302 2902 1412 2972 vix
1461 2903 1694 2972 animo
1760 2914 2064 2992 torpente
2112 2902 2432 2989 conjicio.
2487 2906 2647 2970 Tres
2698 2915 2794 2969 ta-

248 3014 405 3062 men
457 2992 544 3062 ob
592 3012 839 3060 causas
887 2990 1189 3060 audendi
1238 2991 1400 3060 talia
1454 2992 1632 3061 viam
1684 2992 1980 3072 inveni0,
2037 2991 2298 3060 scilicet
2350 2990 2531 3077 quod
2592 2989 2795 3059 credo

248 3102 359 3151 me
407 3103 443 3149 a
494 3078 778 3149 Domino
827 3078 1355 3160 sublevandum,
1393 3080 1479 3149 ob
1528 3080 1731 3169 cujus
1756 3080 1957 3170 jussa
1992 3079 2244 3168 pariter
2290 3101 2369 3147 ac
2422 3079 2787 3167 promissa,

245 3168 431 3257 quod
477 3169 728 3237 virium
784 3168 1332 3238 consideratione
1395 3168 1763 3248 exhorrui,
1818 3167 2179 3237 obediendi
2251 3166 2628 3258 cupiditate
2678 3189 2797 3235 su-

251 3258 461 3348 scepi.
510 3255 761 3325 Deinde
809 3256 990 3342 quod
1045 3279 1153 3326 me
1199 3256 1473 3326 confido
1524 3257 1702 3327 beati
1753 3256 1927 3327 Galli
1970 3257 2481 3337 intercessione,
2520 3255 2798 3325 vestris-

247 3369 380 3434 que
434 3344 753 3435 precibus
781 3344 1117 3433 adjuvari,
1211 3367 1281 3413 ro
1330 3367 1626 3431 quorum
1665 3347 2096 3415 veneratione
2129 3368 2208 3416 ac
2256 3366 2487 3414 amore
2516 3344 2798 3435 grande

246 3457 429 3505 onus
477 3432 790 3502 humeris
858 3433 1084 3523 aptavi
1181 3433 1503 3503 ebilibus.
1559 3438 1957 3516 PostremO,
2010 3435 2193 3522 quod
2263 3433 2506 3503 alienis
2556 3434 2799 3503 insisto

245 3523 576 3602 vestiariis,
632 3521 1070 3609 veritatisque
1120 3522 1453 3591 tenendae
1503 3522 1755 3592 lineam
1819 3523 2012 3594 novis
2069 3521 2548 3593 tantummodo
2590 3544 2797 3592 cosror

251 3579 576 3703 passibus
610 3610 947 3679 demetiri.
989 3612 1205 3681 Vitam
1270 3611 1481 3700 igitur
1543 3612 1762 3681 sancti
1811 3611 2229 3682 Confessoris
2291 3611 2537 3681 Christi
2587 3578 2794 3691 caiti,

302 3701 526 3770 atroni
563 3699 801 3778 nostri,
856 3699 1062 3787 cujus
1109 3701 1418 3789 corporis
1457 3700 1860 3771 thesaurum
1912 3700 2235 3771 fidelibus
2284 3704 2564 3769 servatis
2598 3720 2802 3768 excu-

249 3724 411 3870 fiiis,
471 3810 682 3859 sensu
720 3786 1045 3868 nobilem,
1101 3788 1357 3879 scripto
1406 3788 1838 3878 degenerem,
1892 3788 2100 3859 vultis
2148 3812 2183 3857 a
2233 3811 2342 3858 me
2390 3788 2655 3856 lumine
2696 3809 2801 3857 re-

253 3891 404 4034 tlztae
432 3875 801 4035 lacutionis
848 3877 1103 3958 ornari,
1147 3890 1212 3946 et
1259 3877 1503 3946 seriem
1546 3877 1906 3948 confusam
1953 3876 2412 3968 capitulorum
2467 3875 2802 3967 distingui

288 3977 460 4035 lmtti
517 3988 625 4036 us.
2380 4000 2387 4042 3

345 4055 637 4124 Obsecro
669 4054 897 4141 itaque
939 4065 1022 4134 te,
1069 4055 1392 4124 Gosberte
1449 4053 1830 4135 carissime,
1866 4054 2050 4123 Abba
2086 4053 2478 4123 monasterii
2504 4058 2568 4123 S.
2598 4054 2797 4136 Galli,

255 4156 675 4230 cunctosque
708 4143 972 4223 fratres,
1027 4143 1145 4228 qui
1186 4145 1317 4212 sub
1361 4155 1423 4212 te
1465 4143 1751 4211 miiitiae
1789 4143 2185 4212 deserviunt
2218 4142 2536 4233 spiritali,
2574 4156 2650 4212 ut
2694 4164 2803 4211 me

243 4232 684 4302 ¹orationibus
762 4230 1102 4318 adjuvetis
1133 4286 1148 4312 ,
1202 4244 1545 4318 quatenus
1593 4244 1658 4300 et
1706 4231 1837 4302 hoc
1886 4253 2110 4321 opuS,
2165 4245 2230 4301 et
2276 4231 2413 4301 alia
2479 4232 2803 4320 deinceps

248 4321 468 4409 digne
533 4324 663 4390 Deo
728 4341 995 4390 merear
1059 4319 1424 4410 explicare.
1497 4324 1662 4390 Nam
1738 4321 1797 4390 si
1876 4332 2223 4410 gratanter
2283 4333 2461 4391 recte
2517 4344 2550 4390 a
2607 4320 2806 4390 nobis

310 4445 337 4472 ¹·
364 4445 411 4485 Is
429 4445 591 4485 florult
609 4455 732 4487 nono
754 4447 931 4489 seculo.

418 4527 658 4586 surius
688 4559 713 4572 ·
752 4527 918 4589 Vitae
949 4530 1062 4589 SS.
1094 4557 1118 4574 -
1148 4525 1278 4590 Vol.
1309 4525 1384 4589 X.
2572 4523 2649 4586 29
