3347 4999
709 267 835 330 332
1395 285 1469 330 nn
1517 286 1568 331 s.
1629 283 1901 331 rActtxo
1952 285 2145 332 sense.
2202 286 2383 332 saon.
2851 265 3033 331 OCT.
3102 267 3186 329 to
3264 278 3273 293 ¹

625 370 684 437 ei
737 367 951 436 exsuli
1007 368 1145 436 nati
1197 382 1358 437 sunt
1390 367 1473 437 de
1528 370 1943 459 Quenburga
2008 369 2147 438 filia
2192 370 2404 438 Cearli
2468 369 2668 459 Regis
2732 369 3181 437 Meri-iorum.

627 458 950 545 Baptizati
1002 470 1163 525 sunt
1206 469 1508 545 tempore
1542 459 1851 543 sequenti
1893 471 1957 526 et
2005 458 2121 527 alii
2174 458 2368 527 liberi
2420 459 2591 548 ejus,
2646 456 2730 526 de
2780 456 3189 545 Edelburga

627 546 888 635 Regina
940 545 1299 634 progeniti,
1354 545 1648 614 Edilhim
1702 560 1765 615 et
1826 546 2177 615 Ediltridis
2226 547 2390 627 filia,
2448 560 2513 616 et
2551 546 2720 615 alter
2788 545 2973 614 silius
3035 550 3185 614 Bu·

621 635 884 704 scsrea:
922 656 1216 720 quorum
1276 635 1505 723 primi,
1559 634 1766 703 albati
1820 636 2071 715 adhuc,
2127 637 2301 725 rapti
2365 649 2525 704 sunt
2573 635 2657 704 de
2700 635 2825 703 hac
2878 635 3042 713 vita,
3114 646 3188 703 et

625 724 906 792 Eboraci
960 724 1025 789 in
1088 722 1372 791 ecclesia
1426 723 1703 812 sepulti.
1760 725 2147 814 Baptizatus
2201 738 2301 794 est
2347 738 2410 794 et
2460 723 2562 793 lffi
2625 723 2813 793 filius
2859 722 3177 803 osfridi,

625 812 739 881 sed
792 825 857 880 et
904 810 1020 879 alii
1060 811 1324 882 nobiles
1370 825 1432 880 et
1465 812 1721 916 egregii
1762 815 1883 881 viri
1923 835 2057 882 non
2112 814 2337 898 pauci.

710 903 745 987 ξ
792 907 943 972 16.
1023 906 1278 969 Tantus
1326 914 1552 969 autem
1615 906 1832 970 tertur
1878 914 2042 970 tunc
2092 901 2304 973 fuisse
2375 902 2594 971 fervor
2642 900 2796 970 fidei
2849 922 2926 968 ac
2989 899 3189 968 desi·

624 989 892 1057 derium
934 988 1181 1057 lavacri
1227 988 1547 1059 salutaris
1578 990 1763 1079 genti
1801 990 2513 1071 Nord·Humbrorum‚
2553 1003 2626 1060 ut
2659 988 2955 1076 quodam
2996 1003 3184 1057 tem-

629 1100 790 1168 pore
833 1078 1165 1174 Paulinus
1193 1078 1471 1147 veniens
1504 1100 1662 1147 cum
1706 1084 1798 1147 Re
1849 1101 1884 1142 e
1923 1093 1988 1147 et
2029 1080 2284 1180 Regina
2316 1082 2381 1147 in
2416 1080 2669 1168 regiam
2705 1078 2962 1157 villam,
2988 1098 3184 1165 quae

628 1180 911 1236 vocatur
958 1166 1274 1256 Adregin,
1333 1167 1729 1253 trigintasex
1833 1168 2025 1237 iebus
2065 1167 2317 1237 ibidem
2354 1191 2512 1237 cum
2550 1169 2648 1237 eis
2696 1165 3183 1236 catechizandi

628 1271 692 1325 et
741 1256 1132 1345 baptizandi
1168 1254 1391 1323 officio
1430 1256 1728 1333 deditus,
1786 1271 2207 1326 moraretur:
2251 1258 2509 1344 quibus
2534 1255 2778 1325 (liebus
2826 1256 3109 1325 cunctis
3141 1277 3185 1323 a

627 1367 824 1413 inane
874 1366 1092 1430 usque
1127 1344 1208 1412 ad
1267 1366 1615 1434 vesperam
1670 1344 1765 1413 nil
1808 1345 1996 1415 aliud
2033 1361 2284 1435 ageret,
2322 1368 2528 1433 quam
2578 1346 3037 1413 confluentem
3098 1366 3185 1412 eo

624 1433 706 1501 (le
756 1434 1027 1501 cunctis
1064 1433 1307 1502 viculis
1342 1455 1419 1502 ac
1472 1433 1638 1502 locis
1672 1434 1965 1524 plebem,
1999 1435 2243 1504 Christi
2279 1434 2482 1503 verbo
2515 1433 2759 1503 salutis
2797 1434 3178 1511 instruere,

625 1536 828 1607 atque
881 1523 1282 1591 instructam
1338 1523 1403 1589 in
1439 1522 1648 1592 fluvio
1698 1523 1915 1603 Gleni,
1970 1525 2087 1610 qui
2128 1525 2480 1613 proximus
2519 1535 2684 1600 erat,
2744 1521 3017 1591 lavacro
3070 1544 3184 1589 re-

632 1611 982 1680 missionis
1022 1610 1325 1679 abluere.
1355 1615 1532 1681 Haec
1567 1611 1727 1680 villa
1765 1626 2064 1702 tempore
2100 1612 2532 1698 sequentium
2572 1617 2831 1700 Regum
2870 1611 3175 1691 deserta,

625 1712 688 1766 et
737 1698 867 1767 alia
917 1722 1036 1789 pro
1071 1698 1185 1767 illa
1228 1712 1328 1767 est
1361 1699 1532 1768 facta
1581 1700 1647 1767 in
1704 1700 1873 1778 loco,
1927 1702 2047 1787 qui
2098 1714 2376 1771 vocatur
2432 1700 2731 1770 Melinin.
2788 1704 2968 1768 Haec
3017 1701 3185 1786 qui-

627 1788 781 1856 dem
827 1789 889 1856 in
932 1788 1280 1878 provincia
1319 1789 1826 1858 Berniciorum:
1866 1789 1979 1857 sed
2023 1803 2086 1859 et
2138 1791 2201 1858 in
2242 1790 2587 1879 provincia
2627 1790 3010 1867 Deirorum,
3052 1788 3178 1857 ubi

624 1878 900 1966 saepius
954 1898 1228 1944 manere
1277 1899 1433 1944 cum
1506 1882 1683 1967 Rege
1732 1878 2026 1956 solebat,
2085 1879 2469 1967 baptizabat
2518 1879 2584 1946 in
2630 1879 2836 1945 ssuvio
2889 1876 3169 1957 Sualva,

625 1967 741 2052 qui
801 1966 1023 2033 vicum
1061 1964 1258 2051 juxta
1294 1970 1709 2034 Cataractam
1769 1969 2211 2054 praeterfluit.
2267 1968 2580 2036 Nondum
2632 1966 2814 2033 enim
2866 1966 3175 2035 oratoria

633 2053 730 2122 vel
783 2054 1178 2142 baptisteria
1234 2054 1298 2122 in
1364 2054 1513 2143 ipso
1572 2056 1848 2124 exordio
1900 2057 2241 2129 nascentis
2304 2057 2393 2124 ibi
2438 2055 2775 2123 Ecclesiae
2902 2067 3175 2123 oterant

627 2142 998 2211 aedificari.
1059 2148 1361 2211 Attamen
1416 2144 1482 2211 in
1542 2165 1786 2233 campo
1840 2150 2044 2225 Don0‚
2114 2146 2229 2214 ubi
2284 2158 2445 2214 tunc
2493 2144 2694 2213 etiam
2759 2077 2915 2212 vill}
2988 2145 3175 2233 regia

625 2244 790 2309 erat,
849 2230 1002 2298 fecit
1035 2229 1418 2311 basilicam,
1455 2254 1660 2318 quam
1701 2235 2132 2323 postmodum
2175 2234 2446 2324 pagani,
2487 2255 2522 2301 a
2565 2233 2823 2319 quibus
2856 2231 3177 2301 Eduinus

629 2325 763 2388 Rex
812 2319 1081 2387 occisus
1129 2333 1272 2400 est,
1328 2342 1486 2389 curn
1569 2334 1700 2390 tota
1750 2322 1986 2390 eadem
2040 2321 2193 2390 villa
2265 2321 2794 2391 succenderunt.
2856 2326 2982 2389 Pro
3031 2343 3175 2408 qua

627 2413 844 2495 Reges
920 2409 1327 2497 posteriores
1379 2409 1594 2478 secere
1655 2410 1784 2479 sibi
1837 2411 2067 2479 villam
2139 2412 2204 2479 in
2267 2412 2585 2502 regione,
2661 2431 2837 2497 quae
2889 2424 3175 2479 vocatur

628 2495 879 2565 Loidis.
937 2499 1158 2567 Evasit
1208 2512 1432 2568 autem
1488 2498 1715 2589 ignem
1767 2499 2001 2580 altare,
2056 2502 2216 2587 quia
2272 2499 2617 2589 lapideum
2670 2512 2835 2579 erat,
2899 2512 2963 2568 et
3029 2521 3177 2569 ser-

625 2599 820 2656 vatur
860 2586 1088 2657 adhuc
1148 2588 1214 2655 in
1263 2589 1675 2657 monasterio
1741 2590 2289 2658 reverendissimi
2347 2589 2622 2660 Abbatis
2670 2602 2733 2656 et
2784 2587 3174 2677 presbyteri

623 2676 1030 2757 Trunwulsi‚
1085 2676 1264 2763 quod
1302 2691 1403 2745 est
1453 2678 1520 2746 in
1565 2677 1733 2746 silva
1786 2677 2060 2747 Elmete.
2115 2684 2397 2747 Tantam
2453 2690 2680 2747 autem
2734 2675 3169 2746 devotionem

623 2764 937 2834 Eduinus
974 2787 1134 2853 erga
1170 2765 1434 2834 cultum
1488 2766 1790 2836 veritatis
1840 2767 2101 2847 habuit,
2141 2781 2212 2835 ut
2247 2766 2448 2835 etiam
2502 2766 2663 2856 Regi
2708 2766 3172 2835 Orientalium

624 2853 994 2943 Anglorum
1047 2852 1456 2943 Carpualdo,
1513 2854 1655 2923 filio
1705 2855 2065 2934 Redualdi,
2130 2854 2590 2945 persuaderet,
2647 2854 2902 2923 relictis
2952 2854 3175 2923 idolo-

625 2963 776 3011 rum
817 2943 1450 3031 superstitionibus,
1508 2943 1711 3012 fidem
1763 2960 1826 3013 et
1874 2958 2298 3013 sacramenta
2352 2941 2596 3013 Christi
2629 2965 2787 3012 cum
2831 2966 2959 3012 sua
3008 2964 3175 3032 pro-

626 3031 848 3099 vincia
907 3033 1281 3121 suscipere.
1338 3037 1414 3101 Et
1459 3032 1738 3118 quidem
1823 3047 2012 3122 pater
2057 3035 2207 3122 ejus
2256 3030 2562 3102 Reduald
2605 3031 3026 3121 jamdudum
3096 3031 3172 3099 in

625 3121 855 3189 Cautio
905 3121 1353 3189 sacramentis
1379 3120 1802 3190 Christianae
1830 3121 1987 3191 fidei
2022 3122 2335 3191 imbutus
2366 3133 2491 3201 est,
2537 3122 2654 3189 sed
2683 3119 2958 3190 frustra.
2994 3125 3171 3189 Nam

624 3207 895 3276 rediens
929 3208 1239 3290 domum,
1271 3209 1355 3277 ab
1409 3231 1614 3278 uxore
1661 3232 1784 3278 sua
1820 3223 1884 3278 et
1931 3211 2350 3297 quibusdam
2400 3209 2734 3298 perversis
2769 3208 3176 3278 doctoribus

627 3295 951 3365 seductus
984 3310 1104 3378 est,
1160 3310 1364 3383 atque
1412 3320 1447 3365 a
1491 3299 1880 3367 sinceritate
1930 3298 2087 3367 fidei
2137 3299 2551 3389 depravatus
2586 3353 2600 3378 ,
2654 3297 2895 3367 habuit
2944 3308 3177 3385 poste-

629 3383 806 3452 riora
847 3384 1072 3473 pejora
1124 3385 1512 3473 prioribus:
1555 3388 1641 3454 ita
1682 3401 1754 3456 ut
1802 3387 1868 3454 in
1917 3408 2170 3456 morem
2209 3388 2649 3472 antiquorum
2699 3386 3174 3456 Samaritano-

625 3493 805 3553 rum,
858 3484 921 3541 et
971 3472 1232 3542 Christo
1282 3475 1531 3544 servire
1571 3474 1937 3556 videretur,
1992 3476 2220 3546 etdiis
2267 3476 2524 3563 quibus
2554 3487 2751 3544 antea
2801 3473 3167 3555 serviebat,

624 3574 826 3647 atque
877 3561 942 3629 in
985 3561 1222 3630 eodem
1276 3561 1435 3632 sano
1480 3576 1542 3632 et
1576 3563 1789 3633 altare
1847 3565 2126 3634 haberet
2173 3565 2253 3633 ad
2307 3562 2723 3634 sacrificium
2777 3563 3046 3642 Christi,
3100 3575 3175 3631 et

628 3648 893 3718 arulam
945 3649 1029 3719 ad
1101 3650 1411 3721 victimas
1471 3651 2016 3722 daemoniorum.
2093 3653 2283 3740 Quod
2368 3651 2679 3721 videlicet
2725 3650 2961 3721 fanum
3027 3657 3175 3721 Rex

623 3737 930 3824 ejusdem
981 3739 1370 3829 provinciae
1425 3739 1794 3830 Alduulff(
1828 3742 1947 3829 qui
1991 3756 2220 3811 nostra
2291 3752 2506 3811 aetate
2544 3740 2749 3830 fuit),
2805 3763 3026 3828 usque
3076 3739 3173 3809 ad

625 3849 828 3896 suum
869 3840 1139 3916 tempus
1193 3829 1623 3918 perdurasse,
1677 3843 1740 3899 et
1780 3853 1850 3900 se
1889 3831 1955 3899 in
2001 3831 2288 3923 pueritia
2345 3829 2594 3900 vidisse
2645 3840 2952 3899 testatur.

712 3923 748 3996 ἓ
798 3920 927 3989 12.
985 3922 1139 3986 Erat
1186 3931 1412 3987 autem
1467 3917 1814 4008 praefatus
1849 3926 1987 3990 Rex
2036 3918 2342 3989 Reduald
2394 3932 2559 3989 natu
2611 3919 2886 3996 nobilis,
2924 3938 3174 4005 quam-

625 4003 790 4075 libet
837 4018 997 4074 actu
1034 4005 1381 4096 ignobiliS,
1439 4005 1625 4076 filius
1658 4009 1921 4098 Tytilli‚
1965 4010 2168 4098 cujus
2219 4023 2407 4098 pater
2465 4007 2595 4078 fuit
2655 4007 2875 4088 Vulsa,
2928 4028 2968 4075 a
3029 4027 3177 4092 quo

624 4097 839 4182 Reges
894 4097 1264 4184 Anglorum
1316 4095 1764 4167 Orientalium
1832 4097 2211 4187 Vulffingas
2271 4097 2646 4187 appellant.
2706 4101 2952 4165 Verum
3011 4098 3177 4163 Car-

625 4182 832 4272 puald
889 4204 1020 4252 non
1077 4184 1291 4255 multo
1335 4198 1506 4275 post,
1559 4207 1766 4272 quam
1821 4186 2024 4255 fidem
2078 4208 2236 4255 acce
2294 4188 2362 4267 it,
2418 4199 2720 4275 tempore
2768 4185 3037 4253 occisus
3067 4196 3180 4253 est

623 4292 657 4337 a
713 4271 854 4340 viro
893 4273 1156 4362 gentili,
1206 4275 1481 4343 nomine
1532 4274 1923 4355 RichbertO,
1963 4288 2027 4343 et
2067 4276 2219 4343 exin
2274 4298 2309 4344 e
2361 4275 2580 4344 tribus
2636 4273 2841 4343 annis
2893 4272 3175 4362 provin-

624 4359 726 4430 cia
777 4361 845 4430 in
895 4383 1122 4431 errore
1172 4376 1431 4432 versata
1479 4377 1602 4442 est,
1673 4364 1888 4433 donec
1936 4364 2198 4454 accepit
2248 4384 2536 4454 regnum
2587 4361 2894 4451 ejusdem
2956 4359 3179 4428 frater

3311 1782 3313 1847 l
