3347 4999
238 304 407 372 OCT.
458 308 498 371 8
1115 322 1190 368 nrt
1239 322 1295 369 s.
1349 318 1637 368 mamma
1688 321 1880 368 vmuA
2547 306 2675 371 269

238 410 496 510 rigent3
550 406 936 497 respondit:
997 428 1031 472 «
1087 411 1223 495 Ego
1273 416 1537 474 tantum
1592 405 1772 474 intra
1822 428 1928 474 me
1990 408 2209 475 sentio
2272 408 2586 478 ardorem
2623 465 2638 490 ‚
2699 423 2764 480 et

237 496 456 587 frigus
489 509 846 566 externum
900 517 1008 564 me
1056 516 1194 563 non
1245 492 1440 563 valde
1471 493 1745 562 anxiam
1792 493 2122 563 habeat.»
2153 499 2354 565 Nocte
2400 511 2463 566 et
2511 498 2622 567 die
2672 513 2769 570 to·

234 587 357 656 ties
405 585 715 655 flectebat
764 605 968 674 genu,
1013 584 1206 653 toties
1247 604 1393 651 sese
1441 581 1822 652 inclinabat
1866 596 1931 651 et
1962 582 2405 653 osculabatur
2439 586 2761 670 humum,

233 673 331 744 vel
393 677 627 745 Venias
663 674 733 755 *,
789 685 862 742 ut
911 673 1048 742 dici
1098 672 1305 752 solet,
1370 670 1726 761 capiebat,
1780 683 1858 741 ut
1912 671 2163 740 mirum
2219 671 2562 743 videretur
2626 689 2764 745 tam

233 762 530 833 nobilem
566 776 631 832 et
671 774 938 832 tenerae
985 760 1416 831 habitudinis
1469 773 1851 829 matronam
1890 815 1904 842 ,
1947 771 2167 831 tantos
2220 782 2417 850 posse
2471 762 2766 851 perferre

233 851 523 922 labores.
581 851 799 921 Sextis
856 850 1046 920 feriis
1105 849 1460 920 consuevit
1508 848 1813 918 ardentis
1859 850 2037 918 cerei
2098 861 2328 950 guttas
2376 850 2629 950 ignitas
2694 853 2766 922 in

237 940 495 1011 nudam
549 940 892 1031 deponere
931 959 1237 1020 carnem,
1286 940 1375 1007 ita
1422 949 1498 1006 ut
1547 936 1910 1007 vulnerum
1963 950 2128 1007 vesti
2184 938 2247 1007 ia
2296 938 2770 1026 relinqueren-

231 1042 377 1100 tur:
429 1052 608 1118 quae
656 1030 712 1099 si
779 1051 905 1099 sua
940 1041 1182 1118 sponte
1213 1040 1371 1096 ante
1421 1027 1802 1115 proximam
1840 1040 2098 1096 sextam
2176 1028 2388 1097 eriam
2451 1029 2767 1099 nonnihil

230 1132 463 1189 curata
495 1130 745 1198 essent,
798 1118 944 1188 suis
993 1116 1351 1207 unguibus
1412 1139 1489 1186 ea
1541 1114 1876 1197 laceram,
1930 1116 2322 1198 renovabat,
2379 1139 2462 1186 ne
2511 1140 2766 1209 corpus

228 1209 377 1309 ejus
412 1208 779 1277 vulnerum
810 1205 1178 1276 afflictione
1218 1216 1508 1275 vacaret.
1547 1204 1854 1275 Habebat
1893 1205 2097 1274 etiam
2137 1205 2394 1277 nodosa
2435 1217 2500 1274 et
2532 1229 2767 1297 asper-

229 1319 406 1367 rima
454 1297 787 1388 ligamina
848 1295 935 1364 ad
984 1316 1236 1384 corpus
1285 1316 1531 1374 suum,
1584 1315 1763 1381 quae
1813 1315 2035 1381 neque
2098 1308 2325 1375 noctu,
2384 1316 2603 1382 neque
2664 1297 2770 1365 in-

228 1386 457 1456 terdiu
498 1407 536 1455 a
594 1406 665 1454 se
709 1384 1013 1453 removit.
1055 1383 1382 1467 Qualibet·
1409 1395 1595 1452 sexta
1635 1381 1804 1451 feria
1868 1396 2146 1473 propter
2195 1384 2563 1453 Salvatoris
2615 1407 2770 1475 pas-

228 1474 520 1555 sionem,
573 1487 637 1543 et
679 1471 957 1543 felleum
1010 1485 1272 1563 potum,
1320 1471 1453 1561 ipsi
1505 1472 1574 1541 in
1623 1493 1829 1541 cruce
1876 1471 2211 1552 oblatum,
2255 1473 2769 1544 amarissimam

227 1562 514 1633 herbam
563 1560 937 1650 quamdam
987 1583 1104 1631 ore
1155 1561 1521 1642 retinebat;
1577 1560 1785 1647 idque
1817 1561 2054 1630 itidem
2097 1562 2253 1631 aliis
2300 1582 2575 1648 quoque
2623 1563 2770 1633 die-

226 1652 361 1723 bus
401 1652 718 1731 faciebat,
775 1652 834 1722 si
881 1649 1064 1737 quod
1095 1649 1383 1719 verbum
1434 1648 1941 1719 inconsiderate
1980 1650 2399 1740 protulisset.
2453 1656 2530 1720 Et
2576 1653 2765 1739 quia,

226 1756 461 1831 spreta
496 1740 891 1810 mundanae
938 1738 1232 1809 laetitiae
1266 1737 1437 1807 falsa
1479 1737 1984 1828 pulcritudine,
2020 1760 2138 1809 cor
2163 1740 2317 1827 ejus
2350 1739 2770 1810 intolerabili

226 1830 473 1901 mortis
524 1828 767 1898 Christi
820 1828 1186 1897 acerbitate
1235 1826 1589 1928 perfusum
1631 1838 1799 1906 erat,
1860 1850 1993 1897 non
2037 1827 2340 1899 absurde
2388 1827 2617 1898 dicere
2654 1852 2772 1919 po-

229 1920 365 1989 tuit
412 1940 572 1987 cum
624 1917 744 1986 illa
794 1916 1146 2007 praeclara
1186 1915 1395 1986 vidua
1443 1915 1723 1986 Noemi:
1759 1938 1795 1983 «
1840 1921 1932 1985 Ne
1966 1917 2217 1987 vocetis
2269 1938 2375 1985 me
2425 1916 2765 2006 pulcram,

228 2008 344 2077 sed
385 2018 614 2076 vocate
652 2027 756 2074 me
782 2027 1088 2075 amaram
1115 2030 1131 2086 ;
1158 2005 1323 2092 quia
1354 2004 1820 2074 amaritudine
1854 2004 2048 2074 valde
2086 2027 2154 2074 re
2211 2005 2368 2075 levit
2398 2028 2505 2075 me
2539 2007 2774 2075 Omni—

226 2110 562 2186 potens.»
598 2094 1034 2165 Obedientiae
1091 2115 1244 2166 vero
1294 2093 1602 2164 studiosa
1649 2092 1802 2173 fuit,
1854 2107 1931 2164 ut
1981 2094 2156 2164 nulli
2213 2095 2232 2161 i
2281 2116 2431 2164 esse
2480 2095 2772 2166 voluerit

227 2186 381 2254 sine
448 2197 902 2285 praeceptore.
973 2188 1049 2253 In
1116 2182 1430 2253 facienda
1493 2181 1926 2253 confessione
1988 2182 2485 2264 humillimam,
2556 2197 2621 2254 et
2680 2184 2767 2254 ad

225 2274 514 2361 quaevis
575 2273 707 2363 ipsi
762 2272 1069 2363 injuncta
1119 2271 1707 2362 promptissimam
1741 2325 1756 2352 ‚
1810 2294 1881 2341 se
1927 2271 2261 2341 exhibuit.
2331 2271 2427 2341 Ab
2477 2272 2774 2343 infantia

226 2384 353 2453 pro
407 2382 594 2431 more
628 2361 891 2442 habuit,
933 2359 1226 2452 singulis
1275 2360 1478 2432 sextis
1525 2359 1715 2429 feriis
1749 2361 2059 2430 confiteri
2112 2372 2385 2450 peccata
2434 2384 2584 2431 sua.
2644 2362 2773 2433 Sed

226 2449 561 2540 saepiuS,
627 2472 705 2520 eo
755 2450 1041 2521 minime
1086 2461 1448 2531 contenta,
1500 2448 1810 2537 quolibet
1869 2450 1981 2521 die
2028 2450 2268 2521 crebro
2316 2449 2772 2523 confitebatur

224 2540 435 2610 etiam
488 2538 779 2609 levicula
823 2539 1024 2608 verba
1071 2551 1134 2608 et
1181 2538 1657 2629 cogitationeS.

317 2630 356 2716 ξ
405 2633 538 2701 u.
591 2632 685 2697 Ex
723 2627 1110 2698 obedientia
1159 2627 1227 2696 in
1278 2627 1627 2709 domibus,
1684 2627 2097 2698 monasterio
2138 2628 2481 2699 Alvastrae
2530 2631 2773 2701 vicinis

225 2729 292 2787 et
339 2717 692 2806 contiguis
743 2717 1184 2796 morabatur,
1255 2737 1390 2786 non
1441 2729 1514 2786 ut
1563 2715 1863 2787 aboleret
1911 2739 2242 2787 canonem
2311 2721 2773 2789 monasticum

223 2806 373 2876 illis
442 2804 770 2876 fratribus
821 2805 1349 2896 praescriptum,
1403 2827 1528 2874 nec
1578 2820 1653 2875 ut
1723 2827 1975 2875 novum
2027 2807 2395 2894 quemdam
2462 2829 2765 2888 morem,

224 2917 391 2965 cum
454 2894 473 2962 i
531 2916 604 2964 sa
651 2907 830 2964 esset
877 2895 1164 2976 mulier,
1217 2916 1297 2963 eo
1346 2894 1718 2974 inveheret;
1773 2894 1892 2965 sed
1941 2909 2016 2964 ut
2062 2916 2237 2982 opus
2288 2896 2403 2964 Dei
2454 2897 2774 2966 mirabile

224 3005 308 3053 eo
359 2983 429 3051 in
506 3004 628 3053 oco
667 2984 925 3053 certius
971 2983 1468 3053 ostenderetur.
1509 2989 1586 3052 In
1636 2983 1758 3052 illo
1795 2983 2208 3054 monasterio
2246 2982 2456 3054 frater
2485 2985 2773 3072 quidam

226 3072 385 3152 fuit,
430 3093 508 3141 ex
549 3072 634 3140 iis
680 3093 852 3159 quos
907 3095 1248 3143 conversos
1306 3084 1572 3151 vocant,
1622 3072 2013 3143 Gerekinus
2066 3071 2367 3153 nomine,
2421 3074 2542 3161 qui
2596 3075 2777 3144 intra

225 3181 451 3230 annos
497 3161 958 3252 quadraginta
1007 3184 1366 3249 nunquam
1413 3183 1450 3231 e
1501 3161 1916 3230 monasterio
1946 3181 1981 3228 e
2037 3181 2266 3230 ressus
2299 3160 2463 3243 fuit3
2496 3162 2612 3232 sed
2662 3163 2776 3232 die

225 3271 309 3319 ac
365 3262 560 3318 nocte
607 3271 860 3320 vacans
908 3250 1198 3319 orationi
1237 3305 1251 3332 ,
1296 3272 1448 3320 eam
1516 3271 1556 3319 a
1627 3250 1909 3319 Domino
1956 3271 1996 3318 o
2052 3248 2255 3319 tinuit
2302 3252 2589 3340 gratiam
2631 3306 2645 3333 ,
2704 3266 2778 3321 ut

113 3355 124 3366 ·
224 3359 475 3407 novem
526 3337 937 3426 Angelorum
988 3338 1265 3409 ordines
1315 3339 1491 3408 inter
1553 3337 1897 3408 orandum
1946 3338 2148 3425 quasi
2195 3341 2623 3410 continenter
2675 3342 2776 3409 vi-

219 3426 447 3507 deret,
498 3438 563 3495 et
612 3427 740 3496 sub
788 3428 1161 3497 elevatione
1223 3449 1457 3497 sacrae
1506 3424 1769 3495 hostiae
1818 3427 2162 3497 Christum
2215 3428 2283 3496 in
2336 3427 2556 3498 forma
2605 3431 2776 3518 pue-

221 3515 372 3585 ruli
412 3513 653 3584 crebro
700 3515 1148 3616 conspiceret.
1203 3521 1369 3586 Cum
1410 3527 1639 3585 autem
1691 3529 1929 3585 sancta
1976 3516 2260 3607 Birgitta
2309 3518 2393 3586 ad
2446 3517 2613 3586 illud
2668 3540 2777 3588 ve-

224 3605 449 3675 nisset
513 3616 1010 3673 monasterium
1045 3659 1059 3686 ,
1141 3604 1286 3674 illic
1337 3616 1687 3673 moratura
1723 3659 1737 3685 ,
1800 3604 1912 3674 hic
1975 3604 2182 3675 frater
2241 3628 2475 3677 secum
2527 3606 2778 3676 tacitus

227 3692 733 3773 admirabatur,
770 3692 1040 3762 dicens:
1069 3716 1104 3760 «
1129 3698 1261 3763 Cur
1293 3693 1458 3762 haec
1485 3692 1769 3762 domina
1804 3694 1872 3762 in
1913 3694 2411 3766 monachorum
2444 3696 2776 3765 coenobio

225 3780 510 3862 residet,
564 3793 803 3849 contra
854 3780 1165 3871 regulam
1203 3795 1533 3862 nostram,
1577 3803 1824 3852 novam
1869 3783 2004 3852 huc
2044 3783 2617 3853 consuetudinem
2670 3784 2777 3854 in-

227 3868 653 3940 troducens?
698 3896 722 3935 ι
779 3875 1044 4027 Raptus
1092 3870 1306 3959 igitur
1361 3871 1429 3939 in
1489 3871 1766 3960 spiritu,
1805 3871 2069 3942 audivit
2130 3894 2359 3942 vocem
2416 3873 2779 3963 perspicue

228 3957 619 4028 dicentem:
691 3980 728 4026 «
785 3960 930 4028 Noi
985 3959 1275 4043 mirari3
1328 3971 1430 4029 est
1483 3961 1671 4030 enim
1734 3962 1902 4031 haec
1956 3961 2180 4031 amica
2233 3962 2391 4040 Dei,
2445 3974 2650 4049 atque
2697 3983 2780 4031 ea

229 4038 448 4116 causa
495 4047 632 4117 huc
682 4047 886 4128 venit,
932 4059 1006 4116 ut
1056 4049 1126 4117 in
1167 4047 1294 4117 hoc
1345 4060 1577 4118 monte
1618 4049 1822 4121 flores
1871 4048 2182 4140 colligat,
2222 4072 2259 4118 e
2288 4051 2546 4137 quibus
2577 4050 2777 4121 multi

231 4135 440 4205 etiam
503 4136 680 4206 ultra
729 4157 917 4206 mare
967 4146 1033 4205 et
1094 4137 1159 4205 in
1210 4138 1527 4207 extremis
1574 4138 1766 4208 orbis
1808 4138 2121 4228 partibus
2173 4138 2498 4229 degentes
2528 4196 2543 4222 ‚
2598 4140 2771 4210 acci·

236 4222 428 4312 pient
476 4224 928 4307 medicinam3
973 4237 1133 4315 puta
1165 4227 1524 4312 Teutone3‚
1582 4238 1646 4295 et
1698 4226 1818 4295 alii
1859 4227 1926 4296 in
1973 4227 2267 4309 Oriente,
2312 4228 2675 4299 Occidente
2711 4243 2775 4298 et

233 4310 324 4381 ad
373 4317 693 4384 Austrum
731 4319 1272 4385 morantes.»1ta
1305 4315 1374 4384 in
1409 4315 1535 4385 hac
1571 4315 1980 4385 revelatione
2029 4315 2093 4384 id
2139 4318 2773 4409 praesignificatum

287 4438 315 4466 ⁴¹
343 4440 505 4497 Venias
523 4451 677 4492 capere
697 4445 780 4489 cst,
799 4444 854 4484 ut
874 4444 1039 4485 surius
1064 4440 1164 4493 ipse
1181 4443 1332 4490 docet,
1350 4445 1523 4485 terram
1546 4441 1825 4491 deosculari,
1844 4441 1946 4485 loco
1966 4445 2138 4495 pedum
2157 4445 2275 4486 Jesu
2299 4445 2487 4487 Christi.
