3347 4999
213 341 386 408 OCT.
441 344 524 407 20
1104 361 1181 405 uz
1230 361 1283 405 s.
1337 358 1617 406 miramo
1666 359 1855 405 usar.
2530 341 2655 405 603

212 444 298 514 ab
349 443 456 525 iis,
501 443 622 530 qui
670 462 826 512 eum
863 442 1179 512 volebant
1219 443 1629 522 interimere,
1724 443 1841 511 etit
1880 442 2081 511 breve
2116 452 2386 532 tempus
2421 442 2506 511 ad
2542 464 2740 513 oran·

211 533 402 602 dum.
448 536 613 600 Cum
664 553 825 621 ergo
874 532 1270 621 accepisset,
1314 544 1379 601 et
1425 531 1507 600 ad
1544 553 1661 600 coe
1698 553 1809 599 um
1843 530 2297 619 adspexisset:
2339 553 2373 597 «
2405 536 2603 612 DeuS,
2633 533 2741 601 in-

209 621 382 708 quit,
435 642 563 710 ago
615 620 735 689 tibi
784 621 1062 709 gratias,
1117 619 1297 706 quod
1353 642 1458 689 me
1504 618 1957 689 corroborasti
2011 619 2375 709 indignum
2413 632 2603 688 tuum
2642 620 2744 690 fa·-

214 708 527 791 mulum,
606 721 682 778 ut
726 708 1200 777 conculcarem
1269 708 1584 778 stimulos
1632 708 1943 786 diaboli,
1996 720 2060 776 et
2117 722 2534 777 contererem
2587 709 2745 795 eJus

214 798 515 885 laqueos,
574 818 745 885 quos
833 798 1047 866 aravit
1081 797 1369 886 pedibus
1418 798 1628 865 meis:
1670 797 2063 887 pudoreque
2110 809 2176 865 et
2225 797 2605 886 ignominia
2638 796 2743 866 af-

211 886 452 955 feceris
497 886 646 974 ejus
694 819 985 964 vultum,
1042 886 1160 972 qui
1208 899 1270 954 te
1319 883 1613 972 reliquit,
1675 885 1915 953 mundi
1967 885 2188 954 lucem
2224 939 2239 965 ,
2293 898 2358 953 et
2414 906 2571 954 eum
2642 907 2743 954 se-

209 988 413 1045 cutus
458 987 578 1055 est,
634 975 755 1061 qui
796 976 1022 1074 ipsum
1075 974 1387 1053 seduxit,
1449 973 1827 1043 diabolum.
1873 978 2008 1063 Ago
2057 973 2179 1043 tibi
2228 973 2521 1063 gratiaS,
2580 974 2745 1042 Uni-

211 1065 437 1155 genite
486 1063 610 1131 Fili
661 1068 916 1141 Patris,
969 1062 1150 1149 quod
1204 1085 1310 1132 me
1357 1062 1682 1153 dignatus
1731 1062 1825 1132 sis
1872 1063 2103 1132 bravio
2152 1084 2492 1152 supernae
2544 1084 2745 1132 voca·

213 1152 441 1233 tionis,
494 1164 557 1220 et
605 1151 814 1221 choro
865 1157 1267 1220 Sanctorum
1309 1164 1609 1232 tuorum,
1647 1163 1712 1220 et
1749 1172 1855 1220 me
1889 1152 2479 1221 consummaveris
2512 1151 2580 1219 in
2619 1164 2740 1221 tua

210 1240 663 1311 confessione.
717 1246 793 1309 Et
843 1262 1027 1309 nunc
1074 1240 1313 1309 invoco
1360 1251 1446 1320 te,
1505 1239 1836 1309 Domine:
1892 1239 2169 1328 adspice
2219 1262 2428 1341 super
2470 1262 2617 1320 me,
2675 1252 2743 1309 et

210 1351 419 1420 super
451 1328 906 1398 humilitatem
960 1348 1206 1408 meam,
1244 1341 1307 1398 et
1331 1328 1417 1397 da
1449 1328 1879 1429 refrigerium
1919 1328 2318 1398 haereditati
2356 1343 2532 1404 tuae,
2571 1350 2743 1415 quo-

215 1419 398 1487 niam
448 1430 549 1487 est
598 1415 965 1496 imbecilla,
1001 1429 1066 1485 et
1116 1440 1244 1486 non
1301 1415 1643 1506 perfecisti
1691 1439 1867 1487 eam.
1914 1422 2080 1487 Ecce
2113 1418 2294 1486 enim
2335 1417 2597 1486 inimici
2638 1417 2742 1486 tui

215 1518 691 1585 resonuerunt,
743 1518 829 1587 et,
882 1506 1002 1593 qui
1053 1518 1112 1573 te
1160 1505 1317 1575 odio
1366 1505 1639 1587 habent,
1695 1505 2125 1576 sustulerunt
2173 1518 2422 1595 caput,
2474 1520 2539 1575 et
2583 1528 2742 1575 con-

211 1595 445 1665 silium
498 1608 823 1684 ceperunt
873 1606 1110 1666 contra
1159 1606 1431 1663 sanctos
1476 1607 1648 1674 tuOS,
1705 1594 2048 1664 dicentes:
2104 1595 2359 1675 Venite,
2420 1595 2742 1664 extermi-

211 1706 457 1753 nemus
491 1705 629 1763 eos,
665 1696 728 1752 et
762 1705 892 1753 non
930 1683 1046 1751 fiat
1088 1684 1341 1751 mentio
1389 1683 1691 1753 nominis
1741 1683 1984 1752 Christi
2036 1682 2360 1773 amplius.
2415 1688 2592 1752 Haec
2634 1684 2739 1773 ja·

207 1785 346 1842 ctat
370 1771 718 1852 Julianus;
751 1773 916 1841 haec
947 1770 1346 1858 blasphema
1380 1769 1622 1860 lingua
1653 1772 1915 1852 effutit3
1953 1772 2114 1842 haec
2150 1772 2451 1841 minatur
2482 1771 2741 1861 populo

214 1874 330 1931 tuo
411 1861 716 1942 Domine,
775 1883 894 1951 pro
926 1880 1061 1946 quo
1112 1873 1303 1928 tuum
1358 1861 1764 1951 sanguinem
1809 1860 2131 1930 effudisti.
2188 1865 2354 1930 Ecce
2400 1862 2584 1930 enim
2639 1860 2742 1929 al-

210 1950 383 2018 taria
438 1959 549 2018 tua
599 1961 761 2018 sunt
806 1949 1088 2027 effossa;
1143 1951 1610 2018 sanctuarium
1666 1961 1859 2018 tuum
1912 1961 2013 2018 est
2060 1950 2465 2025 incensum;
2519 1962 2582 2017 et
2621 1948 2743 2017 ab·

216 2038 397 2106 latus
444 2050 545 2105 est
580 2037 784 2106 decor
830 2038 1078 2106 domus
1130 2049 1320 2116 tuae3
1358 2050 1422 2105 et
1456 2037 1742 2127 sanguis
1792 2039 2180 2106 testamenti
2231 2038 2329 2105 tui
2366 2059 2487 2127 pro
2525 2036 2741 2106 nihilo

207 2138 312 2195 est
360 2125 637 2194 habitus
690 2138 960 2216 propter
1010 2139 1283 2215 peccata
1337 2139 1588 2195 nostra.
1626 2126 1750 2196 Sed
1793 2139 1863 2194 tu
1915 2127 2203 2215 patienS,
2239 2127 2540 2205 Domine,
2580 2127 2743 2195 siste

214 2227 398 2283 tuam
455 2214 520 2282 in
578 2235 698 2283 nos
748 2214 1315 2305 indignationem,
1353 2227 1418 2283 et
1465 2215 1532 2282 in
1589 2215 1690 2283 ira
1735 2228 2072 2284 memento
2124 2215 2651 2295 misericordiae,
2678 2226 2743 2285 et

207 2303 529 2392 extingue
557 2302 852 2372 furorem
893 2316 1113 2382 tuum,
1155 2324 1356 2389 quem
1397 2325 1519 2373 nos
1554 2303 2023 2383 accendimus,
2063 2303 2227 2371 dum
2267 2316 2327 2372 te
2360 2303 2740 2393 benignum

206 2403 274 2458 et
320 2391 719 2461 clementem
751 2392 832 2460 ad
871 2392 1040 2459 iram
1085 2413 1632 2481 provocaremus.
1689 2391 2057 2482 Confringe
2105 2414 2184 2461 su
2241 2394 2481 2462 erbum
2533 2403 2742 2483 caput

211 2478 667 2559 idololatriae,
729 2480 910 2569 quod
967 2503 1146 2550 nunc
1201 2504 1443 2551 rursus
1488 2492 1841 2561 movetur,
1908 2493 1973 2552 et
2019 2480 2190 2552 extol
2227 2482 2364 2552 itur
2411 2480 2741 2551 adversus

213 2590 444 2660 servos
484 2582 658 2639 tuos.
717 2576 831 2651 Da,
885 2582 960 2639 ut
1003 2569 1194 2638 humi
1234 2569 1612 2639 allidantur
1640 2569 1802 2639 mali
1837 2572 1986 2660 ejus
2015 2570 2311 2658 infantes
2342 2571 2427 2639 ab
2456 2570 2742 2640 infracta

211 2671 399 2747 petra
452 2671 606 2728 tuae
654 2658 1104 2728 confessionis
1137 2672 1201 2727 et
1248 2658 1449 2727 fidei:
1492 2671 1566 2728 ut
1615 2659 1682 2726 in
1733 2661 1924 2728 omni
1974 2659 2119 2728 loco
2169 2660 2266 2728 tui
2316 2659 2734 2740 dominatus,

210 2769 464 2836 purum
517 2761 581 2817 et
615 2747 787 2816 nulli
841 2747 1354 2837 reprehensioni
1404 2747 1778 2818 obnoxium
1822 2749 2148 2819 offeratur
2177 2748 2635 2817 sacrificium:
2674 2759 2741 2816 et

207 2834 637 2926 glorificetur
687 2849 876 2907 tuum
929 2836 1443 2906 sanctissimum
1498 2859 1789 2917 nomen,
1845 2839 2085 2916 Patris,
2138 2848 2203 2906 et
2250 2835 2423 2915 Filii,
2478 2848 2541 2905 et
2590 2835 2740 2924 Spi-

207 2924 379 2994 ritus
430 2925 682 3005 Sancti,
739 2947 922 2994 nunc
970 2937 1034 2994 et
1082 2946 1395 3015 semper,
1450 2939 1515 2995 et
1563 2926 1629 2993 in
1684 2926 1917 2996 secula
1965 2925 2392 2995 seculorum.
2426 2929 2661 2993 Amen.
2700 2946 2736 2990 »

294 3015 330 3100 ξ
379 3017 525 3085 au.
581 3019 657 3083 Et
706 3038 865 3084 cum
919 3027 1018 3083 ter
1065 3036 1289 3104 genua
1341 3015 1658 3095 flexisset,
1711 3029 1775 3083 et
1820 3015 2170 3085 adorasset
2216 3013 2300 3082 ad
2352 3014 2731 3083 Orientem:

212 3128 236 3164 ι
274 3107 448 3170 Deus
480 3124 558 3171 ex
615 3108 764 3184 Deo,
822 3124 1061 3172 rursus
1094 3103 1286 3184 dixit,
1336 3103 1523 3173 solus
1571 3125 1650 3172 ex
1708 3101 1851 3173 solo
1880 3157 1899 3182 ,
1942 3108 2080 3172 Rex
2125 3124 2206 3171 ex
2240 3107 2459 3192 Rege,
2498 3101 2614 3188 qui
2664 3123 2738 3170 es

206 3191 278 3259 in
329 3190 561 3271 coeliS,
614 3204 678 3260 et
725 3191 918 3261 sedes
965 3190 1052 3260 ad
1100 3192 1445 3261 dexteram
1498 3191 1740 3272 PatriS,
1785 3191 1905 3278 qui
1945 3204 2007 3260 te
2055 3190 2315 3281 genuit,
2369 3191 2622 3278 quique
2664 3189 2733 3258 in

206 3291 385 3348 terra
421 3299 495 3346 es
542 3292 850 3348 versatus
902 3292 1175 3369 propter
1211 3280 1526 3350 omnium
1564 3293 1874 3350 nostrum
1928 3279 2217 3348 salutem
2253 3334 2268 3358 ,
2321 3301 2568 3349 corona
2622 3300 2738 3347 eo-

205 3390 388 3446 rum,
442 3367 563 3453 qui
612 3390 735 3457 pro
784 3381 846 3436 te
948 3370 1003 3436 ie
1052 3369 1421 3448 decertant,
1474 3368 1637 3437 audi
1682 3389 1787 3436 me
1838 3368 2038 3437 hodie
2072 3366 2403 3437 humilem
2453 3382 2517 3438 et
2558 3368 2733 3437 indi·

207 3477 423 3546 gnum
470 3469 664 3524 tuum
700 3456 883 3525 famu
921 3479 1063 3537 um,
1101 3469 1166 3525 et
1212 3458 1281 3526 in
1333 3478 1498 3546 pace
1547 3456 1822 3544 suscipe
1859 3458 2161 3526 animam
2200 3478 2461 3526 meam:
2515 3470 2578 3526 et
2630 3456 2734 3527 sac

200 3566 351 3614 eam
404 3544 755 3630 quiescere
802 3567 959 3613 cum
1013 3546 1279 3615 Sanctis
1329 3545 1486 3626 tuis,
1544 3544 1661 3633 qui
1713 3545 1833 3614 tibi
1889 3545 2297 3636 placuerunt
2333 3568 2372 3614 a
2405 3545 2661 3616 seculo,
2697 3568 2733 3612 »

203 3639 342 3703 Vox
388 3646 616 3702 autem
666 3654 702 3702 e
748 3633 935 3702 coelo
970 3633 1205 3715 extitit,
1240 3632 1517 3703 dicens:
1556 3656 1592 3701 «
1626 3634 1896 3703 Audivit
1931 3635 2258 3704 Dominus
2286 3646 2438 3704 tuas
2473 3656 2729 3725 preces,

202 3722 544 3802 oArtemi,
597 3737 661 3790 et
708 3722 829 3791 tibi
881 3721 1159 3792 donavit
1203 3723 1490 3813 gratiam
1534 3724 1998 3793 curationum.
2054 3723 2321 3793 Festina
2360 3745 2520 3812 ergo
2569 3745 2738 3791 con-

205 3832 559 3882 summare
609 3832 892 3880 cursum
952 3825 1193 3893 tuum,
1254 3824 1318 3880 et
1365 3812 1672 3901 accipere
1738 3814 2051 3892 bravium
2106 3824 2414 3901 paratum
2468 3811 2737 3881 Sanctis

202 3898 558 3980 omnibuS,
609 3899 729 3986 qui
776 3898 1160 3968 dilexerunt
1214 3899 1583 3969 adventum
1635 3901 1905 3970 Christi.
1964 3924 1999 3966 »
2050 3905 2239 3970 Hanc
2287 3921 2518 3970 vocem
2574 3921 2734 3968 cum

201 3987 539 4059 audiisset
588 3988 827 4058 beatus
873 3988 1236 4069 Artemius,
1289 4000 1355 4058 et
1383 3989 1894 4076 quodammodo
1939 3989 2187 4058 certior
2246 4001 2421 4059 esset
2467 3986 2731 4074 factuS,

203 4091 435 4166 aperte
481 4077 877 4146 ostendebat
925 4098 997 4146 se
1048 4099 1196 4146 esse
1260 4076 1595 4168 repletum
1644 4077 1936 4168 gaudio,
1988 4089 2054 4147 et
2089 4077 2237 4168 jam
2289 4077 2550 4146 visione
2613 4099 2737 4167 ap-

208 4164 633 4254 prehendere
680 4165 988 4245 deliciaS,
1052 4179 1115 4235 et
1154 4163 1470 4257 gloriam,
1525 4187 1663 4252 qua
1702 4178 1846 4236 erat
1893 4165 2252 4235 fruiturus.
2294 4165 2483 4235 Unde
2529 4167 2734 4235 etiam

195 4273 358 4321 cum
408 4253 664 4324 collum
715 4255 1029 4325 lubenter
1125 4255 1511 4334 orrexisset,
1554 4255 1762 4325 ictum
1815 4254 2065 4345 accipit
2111 4254 2439 4344 vigesimo
2479 4254 2738 4323 mensis

193 4339 525 4411 Octobris.
586 4348 662 4413 Et
727 4344 873 4434 ipse
932 4343 1056 4430 qui
1109 4365 1214 4411 em
1267 4342 1577 4413 ascendit
1636 4343 1707 4412 in
1756 4343 2031 4423 coelOS,
2086 4365 2123 4412 a
2181 4343 2530 4434 pariturus
2578 4355 2737 4413 ante

193 4428 443 4499 Christi
491 4430 760 4514 faciem,
817 4453 941 4524 pro
969 4454 1109 4520 quo
1157 4431 1359 4501 etiam
1413 4446 1698 4502 mortem
1746 4431 2051 4523 suscepit
2098 4454 2136 4502 a
2166 4433 2435 4503 acriter.
2476 4437 2737 4523 Corpus
