3347 4999
233 326 405 393 OCT.
459 328 499 390 9
911 344 988 389 na
1038 343 1091 389 s,
1146 342 1454 390 LUDOVICO
1504 340 1871 389 nssnrnANno
1921 342 2101 390 cour.
2558 325 2687 405 297

231 427 542 517 Vigilias,
587 427 799 507 sitim,
838 427 1116 507 famem,
1158 441 1420 496 aestum
1459 440 1522 495 et
1554 426 1808 515 frigora
1858 428 1925 496 in
1979 428 2106 496 boc
2146 427 2522 517 apostolico
2570 426 2778 496 mini-

231 518 438 587 sterio
487 516 712 585 serens
742 570 756 595 ,
813 537 1083 601 semper
1135 516 1338 604 pedes
1401 515 1772 594 incedenS,
1828 529 1891 584 et
1940 537 2142 602 saepe
2189 539 2438 605 aeger,
2492 537 2773 585 cursum

233 627 436 675 suum
490 628 648 674 cum
716 603 1031 695 Apostolo
1092 626 1577 673 consummare
1626 604 1980 693 gestiebat.
2037 605 2307 672 Socium
2360 605 2776 691 quandoque

232 693 478 763 babuit
513 694 753 763 rudem
810 693 1142 773 moribu5,
1197 693 1312 762 cui
1361 715 1493 761 non
1539 692 1688 761 sine
1724 691 2057 761 miraculo
2100 691 2381 761 mortale
2422 693 2673 761 vulnus
2708 694 2802 761 in.

228 784 450 872 capite
496 796 892 866 curaveram
945 783 1112 869 quin
1164 783 1365 851 etiam
1423 794 1686 871 praeter
1732 781 2302 870 exspectationem
2338 836 2352 858 ,
2398 794 2475 849 ut
2506 782 2568 848 ei
2605 783 2772 849 sub-

228 872 511 952 veniret,
550 872 869 961 apparuit
915 872 1119 940 arbor
1172 870 1522 960 pomifera,
1577 871 1868 957 sonsque
1901 870 1983 939 ad
2038 870 2333 939 radicem
2388 870 2765 949 scaturivit,

226 973 307 1031 ut
353 959 550 1029 illum
603 972 938 1029 recrearet
965 975 1030 1029 et
1062 960 1484 1038 convivaret;
1538 961 1655 1046 qui
1703 973 1934 1048 postea
1983 980 2138 1027 eum
2196 959 2536 1027 inurbane
2585 958 2771 1025 dese·

229 1071 412 1128 rens,
461 1049 730 1128 misere,
770 1049 950 1118 sicut
987 1050 1049 1118 ei
1105 1050 1204 1118 vir
1253 1050 1364 1118 Dei
1405 1049 1855 1138 praedixerat,
1898 1046 2236 1134 reliquum
2277 1048 2449 1115 vitae
2498 1060 2773 1135 tempus

229 1151 297 1207 et
328 1138 534 1206 finem
571 1138 1024 1227 consumpsit.
1083 1137 1279 1206 Visus
1324 1151 1425 1207 est
1472 1138 1676 1206 etiam
1731 1159 1931 1226 saepe
1974 1137 2039 1203 in
2094 1137 2381 1216 itinere,
2439 1157 2477 1204 a
2515 1136 2621 1203 via
2671 1157 2774 1203 se-

228 1226 504 1306 cedens,
559 1227 852 1315 flagellis
892 1249 963 1295 se
993 1228 1297 1295 caedere.
1353 1227 1615 1295 Pluries
1664 1226 1900 1295 obvias
1939 1225 2178 1294 babuit
2213 1225 2422 1314 tigres
2454 1238 2572 1293 aut
2605 1224 2776 1293 alias

229 1315 433 1395 seraS,
474 1337 652 1401 quae
687 1316 885 1405 signo
919 1316 1147 1384 crucis
1179 1312 1265 1384 ab
1298 1338 1376 1384 eo
1411 1316 1609 1385 mites
1645 1315 1970 1393 redditae,
2002 1314 2487 1382 itinerantibus
2520 1312 2777 1381 illaesis

232 1404 510 1483 relictiS,
551 1404 687 1473 alio
721 1406 846 1473 iter
877 1404 1322 1493 arripiebant.

318 1496 354 1579 ἓ
393 1498 550 1565 10.
592 1493 1053 1583 Carthagenae
1102 1493 1543 1562 concionator
1594 1492 1966 1581 deputatus
2000 1492 2065 1560 in
2101 1490 2667 1581 Quadragesima,
2703 1506 2779 1561 ut

227 1581 289 1651 ei
344 1603 492 1650 mos
525 1594 690 1662 erat,
750 1583 938 1651 visus
985 1580 1114 1650 fuit
1163 1582 1444 1650 duriora
1484 1581 1692 1650 corda
1741 1580 2050 1649 emollire
2097 1594 2162 1648 et
2209 1581 2556 1649 auditores
2608 1602 2774 1648 non·

229 1670 366 1739 nisi
403 1685 856 1760 compunctos
905 1682 969 1738 et
1009 1692 1239 1739 amare
1280 1672 1520 1739 flentes
1553 1670 1920 1739 dimittere.
1962 1670 2293 1758 Rapiebat
2341 1669 2771 1738 audientium

232 1771 518 1839 menteS,
578 1780 795 1845 neque
826 1759 1011 1827 enim
1045 1759 1349 1828 hominis
1383 1759 1497 1828 sed
1532 1758 1759 1849 angeli
1811 1758 2128 1847 spiritum
2165 1758 2366 1827 verba
2400 1759 2549 1847 ejus
2585 1758 2777 1826 redo-

232 1848 487 1916 lebant.
543 1846 990 1916 Contumeliis
1043 1860 1316 1947 propter
1363 1849 1530 1917 haec
1587 1871 1625 1917 a
1672 1847 2071 1917 carnalibus
2121 1868 2199 1914 ac
2246 1849 2449 1915 etiam
2506 1847 2776 1936 probris

228 1948 292 2005 et
342 1936 783 2005 irrisionibus
832 1950 1217 2025 appetituS,
1276 1937 1620 2028 gaudebat
1667 1936 1849 2023 quod
1907 1957 2028 2025 pro
2084 1936 2363 2005 nomine
2406 1935 2565 2004 Jesu
2616 1935 2777 2005 talia

228 2025 368 2115 pati
404 2024 662 2111 dignus
698 2024 1084 2094 baberetur.

321 2114 357 2199 ξ
408 2118 537 2185 11.
591 2113 927 2182 Tubaram
980 2135 1018 2182 a
1068 2113 1421 2203 superiore
1473 2112 1752 2193 missus,
1799 2127 1876 2183 ut
1908 2124 2143 2204 gentes
2186 2112 2340 2181 illas
2383 2112 2495 2180 Dei
2542 2134 2621 2180 co
2677 2112 2777 2179 ni-

229 2201 415 2270 tione
456 2201 791 2271 imbueret
823 2215 887 2271 et
927 2214 1201 2272 sanctae
1236 2202 1573 2271 Ecclesiae
1609 2202 2061 2271 sacramentis
2096 2202 2414 2278 initiaret,
2450 2203 2635 2269 omni
2694 2224 2776 2269 us

228 2289 419 2358 illius
468 2289 597 2359 loci
650 2290 1095 2372 infidelibus,
1149 2291 1578 2360 orationibus
1609 2346 1623 2371 ,
1670 2292 1957 2380 jejuniis
1992 2346 2006 2371 ,
2084 2289 2665 2380 flagellationibus
2713 2304 2778 2359 et

228 2378 388 2447 aliis
426 2379 685 2468 poenis,
717 2380 778 2447 ‘a
830 2380 1115 2449 Domino
1163 2380 1632 2449 conversionis
1683 2381 1971 2468 gratiam
2024 2380 2345 2458 obtinuit,
2401 2400 2607 2465 quam
2659 2400 2775 2468 per

231 2468 600 2538 conciones
649 2468 871 2558 ipsius
923 2470 1254 2539 Dominus
1297 2481 1524 2538 noster
1559 2470 1803 2556 exequi
1837 2469 2165 2559 dignatus
2195 2481 2319 2537 est.
2364 2472 2771 2537 Daemonem

233 2557 328 2626 ibi
379 2558 662 2626 mentito
715 2558 954 2627 habitu
1002 2560 1087 2626 ab
1126 2559 1231 2627 his
1283 2558 1637 2628 laboribus
1685 2560 2155 2628 dehortantem
2215 2557 2464 2627 detexit
2502 2571 2567 2626 et
2616 2558 2776 2626 ulu-

228 2644 482 2714 lantem
535 2646 724 2714 abire
774 2647 1016 2736 coegit.
1059 2647 1392 2716 Infantem
1443 2648 1593 2736 (qui
1645 2647 1773 2716 suit
1808 2649 2077 2737 primus
2109 2668 2313 2733 quem
2366 2668 2561 2715 sacro
2592 2645 2775 2714 sonte

229 2733 500 2824 abluit),
534 2736 621 2804 ab
654 2734 824 2805 Indo
856 2737 1174 2821 quamvis
1201 2735 1556 2806 idololatra
1590 2737 1921 2814 delatum,
1952 2735 2343 2805 Michaelem
2375 2733 2769 2824 appellavit,

227 2823 521 2912 ipsomet
571 2823 742 2892 Indo
809 2825 1031 2913 palam
1096 2837 1377 2895 testante
1439 2848 1510 2895 se
1567 2826 1653 2894 ab
1715 2826 1960 2915 angelo
2012 2825 2280 2894 Domini
2337 2824 2771 2892 admonitum

227 2925 763 2982 consecuturum
815 2936 970 2982 eum
1024 2936 1182 2983 cum
1235 2914 1578 3004 baptismo
1627 2915 1917 2983 salute-m
1970 2928 2341 2993 aeternam,
2396 2925 2461 2981 et
2509 2911 2595 2980 ad
2648 2913 2775 2980 boc

227 3001 459 3090 ipsum
504 3001 778 3071 beatum
819 3002 1235 3071 Ludovicum
1287 3025 1326 3071 a
1378 3008 1509 3073 Deo
1558 3003 1723 3072 illuc
1758 3005 2089 3071 directum
2128 3002 2363 3070 fuisse.
2420 3001 2770 3069 Idolorum

223 3089 427 3158 etiam
464 3092 740 3180 tuguria
766 3092 1093 3160 succendi
1125 3092 1410 3171 curavit,
1450 3105 1514 3161 et
1547 3103 1735 3161 tanta
1776 3089 2158 3160 sanctitatis
2190 3090 2342 3176 ejus
2375 3088 2555 3158 fama
2584 3088 2771 3178 apud

225 3177 559 3248 barbaras
621 3179 776 3248 illas
833 3191 1067 3270 gentes
1119 3180 1453 3261 invaluit,
1507 3194 1584 3250 ut
1641 3179 1977 3269 plurimos
2031 3199 2109 3246 ex
2161 3176 2299 3247 illis
2346 3178 2650 3247 furentes
2700 3178 2769 3246 in

228 3267 598 3352 quemdam
650 3268 1066 3338 ministrum
1098 3268 1289 3358 (sola
1341 3270 1722 3358 praesentia
1773 3266 2149 3336 tumultum
2202 3267 2553 3356 sedando)
2599 3267 2773 3335 deti-

228 3355 476 3424 nuerit.
531 3357 893 3425 Publicum
943 3358 1145 3426 etiam
1191 3357 1284 3427 ibi
1324 3358 1714 3427 adulterum
1770 3355 2087 3442 quamvis
2139 3369 2474 3446 potentem
2527 3356 2774 3425 acriter

226 3443 664 3532 reprehendit
696 3467 711 3523 ;
765 3466 802 3512 a
843 3467 980 3531 quo
1019 3459 1249 3535 postea
1296 3448 1509 3515 armis
1544 3444 1767 3514 valide
1802 3447 2105 3524 invasuS,
2148 3445 2565 3514 mirantibus
2597 3466 2773 3514 cun-

225 3533 378 3611 ctiS‚
429 3531 558 3601 telo
615 3533 681 3599 in
737 3547 985 3602 terram
1039 3534 1363 3612 cadente,
1413 3535 1783 3603 incolumis
1829 3547 1892 3602 et
1943 3534 2329 3623 intrepidus
2358 3538 2594 3602 evasit.
2641 3539 2772 3602 Nec

224 3622 313 3690 ab
349 3620 750 3690 hominibus
784 3621 1035 3703 solum,
1075 3623 1197 3691 sed
1233 3624 1434 3691 etiam
1474 3646 1508 3691 a
1544 3623 1999 3691 daemonibus
2036 3622 2101 3690 in
2148 3622 2423 3692 illarum
2507 3623 2770 3691 entium

224 3709 791 3779 conversionibus
841 3710 1139 3799 plurima
1192 3710 1493 3801 pertulit,
1550 3712 1946 3800 praesertim
2000 3712 2183 3800 apud
2241 3733 2444 3798 quem
2503 3733 2612 3779 arn
2658 3733 2771 3778 ve-

225 3812 538 3867 teranum
575 3797 916 3870 idolorum
946 3800 1363 3869 sacerdotem
1395 3801 1594 3870 morti
1628 3801 2042 3889 proximum,
2076 3820 2280 3885 quem
2318 3820 2512 3868 sacro
2545 3799 2771 3888 bapti-

223 3899 441 3955 smate
468 3887 864 3968 initiavit,et
890 3888 973 3956 ad
1004 3889 1312 3976 ipsorum
1345 3889 1869 3958 immundorum
1900 3888 2271 3978 spirituum
2311 3887 2767 3985 infestatione,

223 3975 359 4045 fixo
397 3976 580 4066 apud
633 3974 831 4044 illum
869 3988 1144 4046 sanctae
1178 3977 1405 4046 crucis
1443 3978 1665 4067 sign0,
1717 3977 2049 4046 liberavit.
2085 3977 2416 4046 zlacobum
2462 3977 2765 4066 Raphae·

223 4063 354 4132 lem
409 4070 699 4134 Frances
731 4086 809 4134 ex
851 4086 930 4133 eo
964 4065 1111 4134 loco
1155 4065 1486 4155 praevidit
1521 4065 1935 4155 naufragum
1987 4065 2324 4144 futurum,
2369 4086 2570 4151 quem
2620 4088 2773 4155 pro·

225 4164 453 4242 pterea
491 4175 610 4242 per
641 4154 823 4223 diem
876 4167 941 4222 et
997 4154 1196 4224 binas
1234 4168 1463 4224 noctes
1505 4169 1851 4224 natantem
1894 4166 1961 4222 et
1995 4154 2433 4223 beatissimae
2472 4154 2772 4244 Virginis

226 4244 327 4308 Ss.
376 4243 636 4311 Rosarii
678 4242 1135 4333 patrocinium
1179 4244 1457 4312 assidue
1491 4243 2001 4334 implorantem,
2041 4242 2306 4311 salvum
2345 4242 2427 4310 ad
2461 4242 2623 4311 litus
2674 4265 2773 4310 re-

222 4328 438 4417 cepit;
478 4331 597 4399 ubi
632 4352 787 4400 eum
829 4344 1183 4422 propterea
1232 4355 1389 4401 cum
1446 4332 1781 4402 subsidiis
1821 4332 2041 4402 victus
2088 4345 2152 4401 et
2202 4333 2483 4401 vestitus
2531 4351 2771 4420 exspe-

223 4427 544 4500 ctaverat,
581 4432 645 4488 et
685 4443 721 4488 a
767 4422 1005 4490 mortis
1043 4421 1360 4490 instantis
1396 4421 1713 4489 faucibus
1748 4421 2024 4511 eripuit.
