3347 4999
232 330 403 397 OCT.
465 329 546 394 16
966 348 1042 393 ns
1091 347 1448 404 Quinnsnm
1499 349 1769 394 marva.
1822 347 2032 394 Amne.
2551 333 2680 397 447

231 445 487 511 nostr0,
544 432 675 501 nisi
727 431 988 508 feceris,
1061 433 1432 501 rationem:
1507 454 1640 502 non
1698 431 1879 518 quod
1947 431 2065 501 ille
2112 443 2404 513 curaret,
2477 434 2598 503 ubi
2646 446 2768 503 aut

228 522 528 609 qualiter
575 544 776 590 suum
817 520 1218 611 sepeliretur
1255 542 1540 610 corpus,
1594 520 1710 590 sed
1776 534 1852 590 ut
1899 519 2071 589 illud
2124 521 2711 592 demonstraretur
2749 578 2763 604 ,

225 611 409 697 quod
485 632 675 679 servo
755 631 879 678 suo
930 609 1338 679 revelaverat
1415 614 1612 680 Deus.
1663 632 1700 675 »
1750 608 2138 699 Respondet
2196 609 2378 679 Felix
2441 623 2505 679 et
2552 611 2764 681 dicit:

226 724 262 764 «
299 699 485 767 Absit
534 721 570 766 a
623 698 855 779 nobis,
910 698 1258 768 confessor
1333 697 1775 768 venerabilis:
1854 698 1971 767 sed
2028 698 2352 788 sepeliam
2401 709 2459 766 te
2509 700 2577 768 in
2628 723 2769 769 una

223 787 677 857 basilicarum
716 809 873 856 cum
929 787 1280 877 triumpho
1307 800 1371 856 et
1418 788 1659 877 gratia,
1696 808 1903 873 quam
1958 788 2326 856 mereris.»
2356 787 2477 856 Cui
2524 788 2768 858 beatus

226 885 599 965 Armogas:
654 881 882 956 «Non,
942 876 1054 945 sed
1129 875 1311 962 quod
1363 876 1543 956 dixi,
1603 875 1912 945 facturus
1958 898 2130 946 es.»
2180 875 2303 947 Ille
2355 876 2601 945 timens
2650 876 2768 946 Dei

225 965 582 1034 hominem
617 966 1044 1045 contristare,
1101 966 1449 1047 veraciter,
1502 965 1686 1052 quod
1744 965 2162 1054 ingesserat,
2222 964 2538 1055 promisit
2616 985 2765 1033 esse

227 1054 602 1123 facturum.
640 1056 877 1123 Statim
920 1053 1097 1122 intra
1128 1054 1583 1143 paucissimos
1609 1053 1756 1123 dies
1781 1076 2012 1124 comes
2060 1055 2279 1124 bonae
2311 1053 2766 1124 confessionis

229 1143 316 1212 de
368 1143 496 1211 hac
548 1142 679 1210 vita
730 1142 1072 1232 migravit.
1125 1143 1490 1212 Festinavit
1538 1143 1721 1212 Felix
1750 1143 1883 1212 sibi
1918 1142 2303 1232 delegatum
2343 1145 2472 1214 sub
2522 1143 2764 1213 arbore

224 1231 458 1300 fodere
515 1230 937 1320 sepulcrum.
991 1231 1112 1300 Cui
1160 1254 1316 1302 cum
1374 1231 1662 1302 intextae
1729 1232 1992 1302 radices
2043 1245 2107 1301 et
2155 1231 2467 1303 soliditas
2531 1232 2764 1301 aridae

228 1320 497 1389 telluris
547 1341 808 1388 moram
861 1319 1180 1401 facerent,
1207 1333 1271 1389 et
1321 1320 1549 1390 labore
1597 1334 1985 1411 angeretur,
2025 1320 2205 1407 quod
2246 1320 2509 1392 tardius
2544 1321 2763 1391 sancti

226 1407 542 1478 membra
569 1408 876 1497 corporis
901 1409 1377 1490 humarentur,
1419 1409 1719 1491 tandem,
1758 1410 2084 1480 abscissis
2125 1409 2500 1489 radicibus,
2543 1408 2761 1479 multo

226 1498 438 1567 altius
490 1511 736 1567 terram
768 1519 1043 1577 cavans,
1089 1498 1427 1587 conspicit
1456 1498 1962 1589 sarcophagum
2003 1497 2552 1589 splendidissimi
2582 1519 2764 1567 mar-

227 1587 444 1656 moris
481 1600 987 1676 praeparatum,
1040 1587 1313 1674 qualem
1373 1586 1543 1657 forte
1578 1587 1818 1657 nullus
1856 1588 2139 1657 omnino
2187 1586 2427 1656 habuit
2467 1591 2755 1676 Regum.

226 1675 355 1745 Sed
410 1696 532 1744 nec
563 1674 910 1760 quendam
948 1676 1448 1757 Archiminum,
1490 1678 1768 1746 nomine
1799 1675 2280 1756 Masculinum‚
2321 1675 2534 1744 debeo
2574 1696 2764 1764 prae-

227 1764 455 1833 terire.
496 1763 625 1845 Qui
673 1786 831 1832 cum
888 1762 1123 1833 multis
1173 1764 1444 1835 insidiis
1496 1778 1937 1854 premeretur,
1991 1777 2066 1833 ut
2112 1763 2516 1834 catholicam
2560 1763 2764 1832 omit-

229 1865 399 1924 teret
448 1851 679 1932 fidem,
729 1852 874 1941 ipse
933 1874 1091 1921 eum
1134 1858 1270 1922 Rex
1322 1864 1550 1943 postea
1598 1853 2017 1923 blandiendo
2064 1853 2385 1923 affatibus
2433 1852 2764 1921 seculari-

225 1942 360 2011 bus
408 1940 442 1975 *
491 1940 820 2020 mutabat,
869 1942 1273 2030 promittens
1318 1942 1554 2011 multis
1607 1964 1764 2012 eum
1814 1942 2072 2012 divitiis
2119 1940 2649 2021 cumulandum,
2704 1941 2763 2009 si

229 2029 568 2098 voluntati
616 2031 769 2116 eJus
842 2029 1153 2100 auditum
1229 2030 1497 2100 facilem
1569 2030 2095 2101 commodasset.
2150 2031 2278 2114 Qui
2338 2052 2495 2100 cum
2570 2028 2762 2099 fortis

226 2132 432 2206 atque
479 2119 775 2188 invictus
825 2132 1151 2200 maneret,
1186 2120 1383 2207 jubet
1421 2142 1578 2188 eum
1622 2120 1855 2189 subire
1905 2121 2309 2190 sententiam
2339 2118 2750 2208 ‘capitalem,

229 2209 324 2276 ita
379 2220 601 2276 tamen
634 2206 931 2277 callidus
955 2207 1217 2278 occulte
1248 2208 1697 2298 praecipiens,
1736 2221 1812 2278 ut
1858 2209 1917 2278 si
1951 2208 2015 2276 in
2061 2208 2179 2278 illa
2212 2209 2380 2279 hora
2428 2207 2763 2277 vibrantis

227 2295 442 2386 gladii
493 2296 997 2385 pertimesceret
1046 2296 1282 2377 ictum,
1354 2298 1573 2386 magis
1611 2320 1768 2367 eum
1820 2297 2179 2377 occideret,
2244 2319 2331 2367 ne
2392 2308 2758 2384 martyrem

227 2384 606 2475 gloriosum
657 2384 952 2454 fecisset.
1011 2386 1076 2454 Si
1126 2397 1350 2454 autem
1402 2385 1637 2455 fortem
1694 2387 1759 2454 in
1828 2386 2253 2457 confessione
2310 2386 2758 2475 conspiceret,

227 2472 530 2631 adgladio
581 2485 1007 2563 temperaret.
1066 2474 1190 2545 Sed
1243 2473 1357 2543 ille
1404 2488 1479 2545 ut
1536 2475 1859 2545 columna
1911 2474 2309 2557 immobilis,
2365 2475 2629 2545 Christo
2661 2496 2761 2543 so-

228 2564 274 2632 li
331 2575 510 2641 ante,
559 2562 751 2631 fortis
798 2563 1118 2643 effectuS,
1172 2564 1521 2634 confessor
1570 2566 1927 2634 revertitur
1974 2565 2335 2655 gloriosus.
2393 2563 2526 2634 Etsi
2585 2585 2759 2631 mar-

227 2666 448 2741 tyrem
499 2651 778 2721 invidus
813 2651 1026 2721 hostis
1075 2651 1296 2722 noluit
1344 2653 1600 2735 facere,
1656 2653 2111 2725 confessorem
2168 2668 2389 2724 tamen
2446 2665 2753 2720 nostrum

226 2762 365 2810 non
418 2740 638 2826 potuit
687 2739 960 2811 violare.

317 2837 354 2911 ἓ
404 2833 499 2899 9.
554 2829 878 2898 Novimus
924 2841 988 2899 et
1049 2829 1263 2899 alium
1305 2852 1385 2900 ea
1434 2844 1828 2922 tempestate
1881 2830 2158 2901 nomine
2225 2834 2570 2899 Saturum.
2624 2826 2754 2909 Qui

223 2939 385 2987 cum
455 2917 765 2986 lucidum
816 2930 992 2987 esset
1058 2920 1446 2990 membrum
1505 2920 1846 2990 Ecclesiae
1897 2919 2166 2996 Christi,
2222 2929 2287 2985 et
2358 2916 2753 3005 pravitatem

221 3007 666 3076 Arrianorum
710 3006 1017 3076 libertate
1054 3008 1392 3078 catholica
1435 3008 1825 3095 frequenter
1871 3018 2185 3096 argueret
2228 3005 2389 3093 (tuit
2438 3004 2549 3073 hic
2601 3025 2755 3092 pro-

222 3106 500 3165 curator
523 3094 771 3166 domus
801 3097 1180 3186 Hunerici),
1218 3098 1641 3177 convenitur,
1691 3109 2055 3166 accusante
2086 3092 2426 3163 Marivado
2502 3092 2752 3162 uodam

224 3185 538 3264 diacon0‚
593 3205 798 3270 quem
838 3186 1228 3256 Hunericus
1300 3185 1639 3254 infaustus
1710 3184 2154 3272 singulariter
2214 3183 2470 3251 honora
2526 3195 2637 3261 at,
2683 3192 2759 3250 ut

222 3273 417 3343 fieret
452 3277 736 3342 Saturus
770 3274 1121 3345 Arrianus.
1175 3275 1672 3344 Promittuntur
1720 3273 2011 3342 honores
2059 3285 2124 3343 et
2156 3271 2432 3340 divitiae
2474 3269 2752 3350 multae,

215 3363 285 3443 ‚si
333 3361 621 3430 faceret:
678 3375 1175 3451 praeparantur
1230 3362 1574 3453 supplicia
1635 3360 1809 3441 dira,
1875 3361 1933 3430 si
1984 3361 2214 3430 nollet.
2285 3365 2426 3429 Hac
2484 3359 2758 3449 optione

223 3450 598 3541 proposita,
653 3464 728 3519 ut
777 3451 835 3519 si
883 3450 1233 3541 regalibus
1270 3452 1488 3540 jussis
1540 3471 1671 3519 non
1724 3449 2076 3531 obediret,
2139 3450 2357 3539 primo
2426 3447 2603 3517 facta
2651 3446 2758 3515 di-

225 3539 605 3619 scussione,
643 3552 707 3608 et
740 3551 895 3608 ante
928 3540 1184 3608 amissa
1223 3539 1426 3609 domo
1463 3539 1562 3609 vel
1599 3539 2009 3621 substantia,
2049 3539 2395 3608 distractis
2430 3536 2756 3606 omnibus

222 3628 594 3718 mancipiis
643 3651 719 3698 ac
769 3628 955 3707 filiis,
1010 3650 1181 3698 uxor
1228 3629 1400 3717 ejuS,
1457 3629 1606 3718 ipso
1655 3642 2033 3712 praesente,
2079 3626 2445 3696 camelario
2496 3625 2562 3692 in
2596 3646 2754 3692 con·

214 3717 497 3807 jugium
550 3716 949 3786 traderetur.
981 3717 1170 3799 Quod
1217 3717 1329 3785 ille
1375 3716 1618 3805 plenus
1654 3722 1809 3798 De0,
1858 3718 2080 3806 magis
2127 3727 2203 3785 ut
2250 3714 2568 3784 velociter
2603 3734 2758 3813 pro-

226 3806 542 3886 venisset,
597 3806 687 3873 im
747 3804 847 3876 ios
877 3806 1306 3895 provocabat.
1340 3805 1437 3875 Ob
1484 3828 1691 3894 quam
1743 3828 2022 3876 causam
2052 3826 2219 3874 uxor
2260 3804 2408 3892 ejus
2441 3801 2758 3871 induc1as

222 3895 368 3963 visa
417 3907 517 3963 est
565 3895 650 3964 ab
753 3894 809 3962 is
856 3895 976 3982 qui
1023 3896 1556 3982 exequebantur,
1611 3895 1954 3964 nesciente
1991 3894 2261 3972 marito,
2321 3891 2589 3981 petisse.
2640 3894 2760 3958 Ac-

224 3982 406 4052 cedit
455 3984 537 4052 ad
595 3983 916 4052 maritum
994 3982 1129 4052 alia
1178 3989 1352 4064 Eva,
1407 3984 1697 4054 consilio
1746 3984 2144 4072 magistrata
2214 3979 2571 4070 serpentis.
2627 3977 2752 4047 Sed

223 4070 364 4152 ille,
407 4072 617 4141 Adam
669 4093 801 4142 non
845 4070 994 4150 fuit,
1048 4072 1168 4159 qui
1218 4072 1619 4142 illecebrosa
1665 4072 1906 4142 vetitae
1944 4070 2209 4141 arboris
2240 4091 2443 4160 poma
2491 4066 2756 4137 contin-

220 4174 446 4253 geret:
501 4161 665 4248 quia
715 4182 849 4229 non
900 4161 1242 4250 indigem,
1301 4161 1416 4234 sed
1462 4166 1774 4242 SaturuS‚
1830 4160 2219 4240 vocabatur,
2274 4170 2623 4229 saturatus
2665 4156 2752 4225 ab

220 4250 529 4321 ubertate
602 4249 849 4319 domus
915 4250 1053 4330 Dei,
1120 4262 1186 4319 et
1248 4263 1541 4320 torrente
1610 4250 2015 4319 deliciarum
2066 4248 2216 4337 ejus
2264 4259 2559 4337 potatus,
2626 4243 2758 4342 Ad-

223 4338 405 4407 venit
440 4337 687 4407 mulier
725 4338 811 4408 ad
853 4339 1108 4420 locum,
1146 4340 1269 4410 ubi
1299 4339 1590 4409 maritus
1633 4338 2010 4430 singularis
2060 4336 2333 4420 orabat,
2387 4333 2756 4406 conscisffls

273 4467 297 4486 *
327 4464 554 4510 Invitabat,
572 4465 822 4514 legendum
843 4469 971 4517 puto.
