3347 4999
736 293 862 356 454
1418 306 1496 353 na
1543 307 1598 353 s.
1653 301 1855 352 GALLO
1903 305 2042 351 Ana.
2098 305 2173 351 ar
2220 302 2402 352 conr.
2863 285 3021 351 OCT.
3072 288 3134 352 16

650 402 1037 464 revocaret:
1089 390 1248 478 quia
1301 390 1444 478 ipse
1490 389 1669 459 hanc
1736 411 1777 458 a
1840 388 2122 458 Domino
2184 388 2475 477 gratiam
2543 387 2830 467 meruit,
2888 400 2956 457 ut
3020 410 3134 457 non

652 482 874 553 solum
911 480 1208 560 Latinae,
1263 478 1379 548 sed
1432 480 1632 548 etiam
1677 477 2077 548 barbaricae
2120 476 2484 547 locutionis
2535 477 2971 579 cognitionem
3019 499 3134 546 non

655 592 933 662 parvam
1002 568 1301 637 haberet.
1356 571 1660 654 Cumque
1715 566 2020 656 ejusdem
2076 565 2314 666 templi
2363 564 2762 636 solemnitas
2807 577 3127 665 ageretur,

649 660 833 729 venit
881 656 1249 727 multitudo
1312 677 1445 724 non
1514 656 1801 724 minima
1863 654 2236 744 promiscui
2302 676 2502 725 sexus
2558 667 2622 724 et
2688 665 2961 734 aetatis,
3025 675 3139 723 non

652 759 915 818 tantum
970 757 1245 837 propter
1289 743 1670 814 festivitatis
1727 744 2102 824 honorem,
2157 765 2392 812 verum
2442 742 2646 814 etiam
2706 742 2789 812 ad
2852 742 3140 811 videndos

649 834 1070 927 peregrin05‚
1123 855 1297 921 quos
1330 845 1748 923 agnoverant
1782 832 2160 903 advenisse.
2201 837 2374 922 Ergo
2412 831 2578 901 dum
2624 832 2705 901 ad
2752 832 2974 900 horam
3012 852 3137 900 ora-

648 925 854 995 tionis
901 934 1410 1003 concurrerent,
1459 921 1666 1011 jussu
1715 920 2081 990 venerandi
2132 921 2408 991 Abbatis
2457 918 2694 991 Gallus
2743 920 2955 1010 coepit
2989 920 3139 988 viam

648 1013 948 1083 veritatis
995 1010 1351 1082 ostendere
1399 1010 1677 1100 populO,
1731 1023 1795 1079 et
1841 1022 1918 1079 ut
1963 1009 2047 1078 ad
2088 1014 2295 1080 Deum
2332 1022 2905 1090 converterentur,
2942 1006 3144 1077 admo-

648 1124 853 1172 nere:
906 1113 1119 1188 utque
1166 1100 1360 1169 vanis
1409 1099 1715 1185 abjectis,
1769 1098 2132 1168 adorarent
2183 1103 2392 1168 Deum
2446 1103 2746 1179 Patrem,
2801 1103 3137 1167 Creatorem

648 1191 961 1260 omnium
1015 1210 1285 1257 rerum:
1339 1198 1403 1256 et
1453 1187 1892 1278 Unigenitum
1943 1188 2092 1277 ejus
2142 1186 2427 1267 Filium,
2481 1188 2551 1256 in
2609 1209 2749 1274 quo
2795 1201 2890 1256 est
2936 1185 3135 1263 saluS,

651 1281 782 1348 vita
810 1291 875 1348 et
908 1277 1313 1347 resurrectio
1365 1289 1815 1345 mortuorum.
1853 1280 1929 1344 Et
1959 1276 2027 1344 in
2061 1287 2433 1366 conspectu
2465 1277 2805 1356 omnium,
2844 1275 3141 1364 arripiens

649 1367 1043 1445 simulacra,
1095 1379 1160 1435 et
1198 1364 1549 1454 lapidibus
1584 1365 1650 1433 in
1696 1364 1912 1433 frusta
1945 1364 2448 1435 comminuens.
2495 1364 2777 1453 projecit
2811 1364 2876 1432 in
2918 1363 3134 1432 lacum.

644 1456 774 1525 His
808 1456 995 1535 visiS,
1041 1453 1359 1524 nonnulli
1398 1454 1708 1524 conversi
1742 1465 1906 1523 sunt
1942 1452 2022 1521 ad
2067 1454 2456 1531 Dominum,
2494 1466 2557 1522 et
2590 1453 2981 1523 confitentes
3013 1472 3142 1541 pec-

655 1557 803 1614 cata
855 1566 980 1613 sua
1013 1598 1032 1624 ,
1104 1542 1344 1612 laudes
1392 1542 1679 1612 Domino
1733 1563 1856 1632 pro
1910 1564 2034 1611 sua
2085 1541 2593 1611 illuminatione
2644 1542 2995 1611 dederunt.
3040 1537 3147 1607 Alii

648 1644 926 1734 propter
962 1633 1342 1722 imaginum
1393 1631 2003 1700 comminutionem
2053 1631 2155 1698 ira
2204 1643 2269 1699 et
2318 1630 2547 1701 furore
2586 1631 2933 1710 commoti,
2986 1626 3146 1719 gravi

647 1721 1143 1822 indignationis
1179 1719 1658 1790 rabie‘turbidi
1691 1733 2140 1788 recesserunt.
2178 1723 2422 1789 Beatus
2455 1732 2680 1788 autem
2716 1718 3145 1789 Columbanus

638 1811 851 1900 jussit
890 1832 1138 1897 aquam
1176 1807 1425 1888 afferri,
1479 1822 1543 1877 et
1592 1807 2002 1878 benedicens
2037 1807 2253 1887 illam,
2300 1806 2639 1896 adspersit
2677 1829 2759 1876 ea
2810 1806 3142 1896 templunu

648 1913 713 1969 et
744 1898 910 1967 dum
965 1897 1334 1967 circuirent
1384 1896 1750 1985 psallentes
1782 1951 1796 1975 ‚
1850 1895 2187 1965 dedicavit
2233 1895 2619 1966 ecclesiam.
2667 1896 2943 1976 Deinde,
2982 1896 3141 1991 invo-

650 1999 801 2057 cato
837 1986 1114 2056 nomine
1148 1984 1440 2064 Domini,
1495 1986 1690 2055 unxit
1738 1983 1971 2062 altare,
2014 1997 2077 2053 et
2118 1984 2350 2053 beatae
2393 1984 2699 2054 Aureliae
2734 1983 3049 2071 reliquias
3088 2001 3143 2049 in

651 2098 730 2146 eo
763 2074 1139 2154 collocavit,
1183 2073 1550 2159 vestitoque
1582 2073 1803 2153 altari,
1844 2074 2083 2144 Missas
2115 2072 2417 2162 legitime
2450 2073 2983 2163 compleverunt.
3019 2074 3151 2139 Om-

651 2165 859 2233 nibus
892 2164 1119 2248 itaque
1147 2162 1269 2230 rite
1301 2162 1610 2250 peractis,
1650 2184 1961 2231 reversus
1993 2175 2092 2232 est
2133 2162 2432 2251 populus
2467 2162 2532 2230 in
2572 2184 2698 2232 sua
2731 2184 2891 2232 cum
2928 2158 3149 2251 gaudio

648 2272 924 2341 magno.
963 2256 1116 2319 Post
1151 2252 1316 2318 haec
1366 2253 1743 2339 permansit
1775 2251 1867 2320 ibi
1904 2251 2143 2319 beatus
2183 2249 2649 2320 Columbanus
2689 2273 2852 2321 cum
2894 2246 3150 2319 commi·

647 2339 980 2408 litonibus
1013 2340 1157 2407 suis
1191 2338 1409 2408 tribus
1447 2339 1648 2408 annis
1680 2363 1695 2418 ;
1738 2352 1802 2408 et
1832 2339 2189 2408 aedificata
2225 2338 2395 2406 inibi
2437 2338 2711 2419 cellula,
2749 2339 2869 2408 alii
2906 2339 3150 2408 bortum

648 2427 1172 2510 laboraverunt,
1241 2427 1358 2496 alii
1428 2428 1706 2497 arbores
1757 2427 2123 2518 pomiferas
2178 2425 2669 2496 excoluerunt:
2725 2428 2966 2498 beatus
3023 2444 3151 2493 vero

648 2516 883 2587 Gallus
910 2517 1171 2587 texebat
1196 2517 1385 2596 retia,
1417 2528 1481 2584 et
1508 2517 1975 2587 misericordia
2002 2517 2111 2587 Dei
2140 2528 2569 2606 cooperante,
2594 2530 2854 2587 tantam
2887 2515 3150 2608 piscium

647 2606 913 2695 copiam
958 2607 1157 2695 cepit,
1203 2619 1277 2673 ut
1311 2627 1665 2691 nunquam
1704 2606 2031 2675 fratribus
2060 2604 2462 2675 defuissent.
2502 2607 2892 2687 Quinetiam
2934 2604 3157 2674 adven·

652 2706 867 2764 tantes
901 2694 1297 2784 peregrinos
1327 2693 1727 2781 hujusmodi
1759 2695 1938 2783 juvit
1987 2693 2249 2774 solatio,
2292 2705 2355 2763 et
2390 2693 2474 2762 de
2513 2694 2750 2764 eodem
2809 2695 3030 2765 labore
3065 2711 3155 2760 as-

648 2783 886 2852 siduas
920 2782 1174 2873 populo
1208 2783 1718 2852 benedictiones
1766 2783 2102 2851 exhibuit.

737 2875 771 2959 §
817 2875 891 2942 ¹2.
947 2877 1024 2940 Et
1061 2871 1227 2940 dum
1277 2870 1574 2958 quodam
1628 2885 1931 2961 tempore
1982 2872 2145 2941 retia
2182 2892 2305 2940 sua
2347 2871 2638 2940 mitteret
2674 2872 2741 2939 in
2789 2872 3063 2962 pelagus
3098 2867 3156 2934 in

649 2960 921 3030 silentio
961 2961 1203 3040 noctiS,
1242 2960 1506 3030 audivit
1539 2958 1941 3029 daemonem
1981 2981 2230 3048 magno
2270 2960 2454 3029 vocis
2489 2960 2782 3049 strepitu
2816 2961 2903 3030 de
2941 2955 3158 3027 vertice

647 3050 901 3119 montis
931 3049 1225 3138 proximi
1267 3059 1617 3118 vocantem
1669 3048 2040 3135 quemdam
2083 3048 2369 3117 alterum
2427 3049 2836 3118 nominatim
2876 3046 3063 3135 quasi
3099 3044 3158 3111 in

645 3137 888 3228 pelago
936 3150 1469 3207 commorantem
1509 3159 1524 3217 ;
1577 3159 1877 3225 cumque
1924 3150 1987 3207 et
2037 3137 2094 3205 is
2142 3138 2262 3223 qui
2310 3136 2680 3207 vocabatur
2709 3192 2724 3218 ‚
2795 3148 3057 3228 praesto
3101 3151 3161 3201 se

643 3248 792 3296 esse
819 3226 1014 3314 quasi
1042 3226 1128 3294 de
1151 3225 1309 3295 lacu
1343 3225 1782 3314 responderet
1814 3250 1827 3294 :
1883 3250 1917 3292 «
1951 3231 2316 3314 Consurge,
2359 3225 2583 3312 inquit
2623 3225 2761 3305 ille,
2810 3228 2880 3295 in
2916 3224 3163 3313 adjuto·

647 3313 828 3382 rium
872 3313 1065 3392 mihi,
1101 3325 1178 3382 ut
1220 3314 1614 3403 peregrinos
1635 3315 1802 3383 istos
1835 3314 2192 3398 ejiciamus
2225 3313 2308 3382 de
2348 3314 2456 3383 his
2497 3313 2824 3385 sedibus:
2863 3315 3020 3402 quia
3044 3308 3159 3400 ipsi

645 3400 730 3470 de
762 3406 958 3490 longe
993 3401 1357 3482 venienteS,
1414 3423 1519 3470 me
1552 3402 1636 3471 de
1678 3403 1930 3492 templo
1968 3423 2115 3472 meo
2147 3402 2580 3491 expulerunt,
2620 3403 2995 3472 simulacra
3030 3419 3161 3467 mea

643 3491 1130 3567 contriverunt,
1169 3502 1232 3558 et
1273 3489 1632 3590 populum,
1691 3492 1810 3577 qui
1846 3512 1951 3559 me
1985 3491 2418 3577 sequebatur,
2468 3504 2619 3581 post
2660 3513 2730 3560 se
2763 3498 3157 3585 averterunt.

647 3583 1073 3647 Commoveat
1103 3589 1163 3647 te
1194 3578 1443 3666 injuria
1475 3599 1681 3664 quam
1707 3581 1949 3670 patior,
1983 3591 2047 3648 et
2073 3579 2300 3649 hostes
2323 3600 2752 3660 communes,
2779 3579 2996 3650 unitis
3023 3576 3164 3644 viri·

643 3667 797 3747 bus,
821 3689 858 3736 a
887 3667 1136 3736 nostris
1162 3667 1475 3736 terminis
1497 3687 1878 3748 arceamus;
1917 3691 1951 3733 »
1979 3680 2042 3737 et
2073 3669 2220 3756 ipse
2255 3668 2624 3757 respondit:
2652 3691 2688 3734 «
2714 3673 2863 3738 Heu
2897 3665 3075 3757 quod
3096 3661 3169 3731 de

646 3755 782 3824 tuis
823 3755 1190 3825 calumniis
1241 3777 1503 3835 narras,
1545 3776 1624 3824 ex
1675 3777 1824 3825 meo
1873 3767 2260 3845 contempto
2303 3757 2625 3847 percipio.
2680 3762 2846 3828 Nam
2886 3777 3068 3826 unus
3100 3772 3170 3820 ex

644 3843 783 3913 illis
818 3866 923 3914 me
953 3845 1017 3913 in
1051 3844 1291 3935 pelago
1325 3844 1592 3934 premit,
1623 3857 1688 3913 et
1721 3867 1868 3913 mea
1899 3844 2238 3914 devastat:
2275 3845 2475 3930 cujus
2516 3866 2639 3914 nec
2673 3846 2839 3915 retia
2873 3860 3174 3938 unquam

643 3954 1084 4023 corrumpere
1128 3955 1433 4022 possum,
1488 3954 1609 4002 nec
1661 3933 1887 4022 ipsum
1940 3933 2302 4022 decipere:
2355 3934 2514 4020 quia
2575 3934 2914 4005 invocatio
2964 3932 3180 4001 divini

645 4023 946 4092 nominis
993 4021 1077 4091 de
1125 4044 1240 4092 ore
1287 4022 1436 4112 ejus
1485 4042 1842 4109 nunquam
1908 4021 2185 4091 recedit.
2240 4028 2383 4105 Qua
2434 4021 2745 4094 munitus
2779 4077 2794 4102 ‚
2847 4018 3180 4092 continua

641 4109 996 4200 vigilantia
1044 4111 1333 4180 insidias
1378 4123 1642 4179 nostras
1676 4111 2073 4179 contemnit.
2110 4115 2537 4200 Quapropter
2568 4123 2704 4181 tam
2738 4123 3014 4181 caustos
3045 4104 3175 4178 bel·

643 4197 890 4269 latores
920 4199 1102 4281 fidei,
1151 4211 1418 4269 nostrae
1470 4220 1601 4267 non
1643 4199 2069 4288 superabunt
2101 4201 2457 4269 versutiae.
2507 4223 2541 4265 »
2584 4201 2703 4270 His
2742 4199 3021 4280 auditis,
3066 4195 3171 4264 Vir

643 4289 760 4355 Dei
810 4289 1100 4357 munivit
1148 4310 1219 4357 se
1267 4288 1576 4374 undique
1626 4288 1825 4380 signo
1874 4287 2131 4368 CruciS‚
2175 4300 2239 4358 et
2278 4289 2449 4357 dixit
2483 4287 2659 4357 illisz
2714 4311 2750 4354 «
2787 4293 2859 4357 In
2902 4286 3172 4356 nomine

643 4376 913 4446 Domini
964 4377 1174 4446 nostri
1199 4383 1364 4447 Jesu
1398 4376 1644 4446 Christi
1679 4377 1923 4467 adjiiro
1956 4398 2093 4457 νος,
2131 4390 2205 4446 ut
2235 4376 2563 4447 recedatis
2603 4376 2688 4446 de
2736 4376 2882 4447 loco
2917 4377 3071 4456 iste,
3111 4385 3171 4442 et
