3347 4999
651 325 780 389 202
1316 344 1395 389 nn
1429 343 1522 390 ss.
1560 341 1824 390 PLACmo
1861 343 1937 389 nr
1985 340 2185 390 socns
2233 343 2347 389 nu.
2844 324 3018 390 OCT.
3075 328 3125 391 5

649 429 687 583 q
737 431 899 498 ²6.
951 426 1385 496 Exhilaratus
1436 428 1664 514 itaque
1710 426 1796 496 de
1845 427 2100 496 sanctis
2163 427 2480 516 apicibus
2547 440 2739 528 pater
2798 442 3119 508 sanctuS,

574 537 661 605 pa
697 537 844 585 mas
874 515 959 584 ad
1009 514 1144 585 alta
1194 515 1586 598 sustollens,
1641 517 1898 606 gratias
1956 515 2564 606 egitRedemptorl
2613 517 2963 597 omnium,
3009 518 3126 586 di-

559 626 758 674 cens:
814 627 849 670 «
883 610 1118 674 Grates
1169 605 1291 674 tibi
1340 626 1525 673 nunc
1584 627 1846 694 promo,
1900 617 2309 675 cunctorum
2379 607 2522 674 Vita
2574 605 2924 692 salusque,
2987 607 3124 693 qui

560 693 858 763 fructum
914 693 1255 763 labiorum
1300 715 1605 764 meorum
1658 693 2187 764 dilectissimum
2242 694 2621 774 Placidum,
2678 695 2784 762 sin
2840 695 3116 764 ulai-ern

559 795 623 852 et
668 782 955 850 unicum
1010 783 1140 851 mei
1192 782 1486 872 pectoris
1534 782 1784 864 filium,
1838 782 1920 851 ad
1967 794 2163 852 tuum
2213 782 2431 852 fecisti
2470 804 2764 853 conscen
2822 805 2932 854 ere
2999 806 3121 854 so-

564 871 810 941 lium.»
848 876 1028 940 Haec
1078 885 1268 961 pater
1306 872 1791 941 sanctissimus
1839 871 2301 961 proclamanS,
2355 885 2420 941 et
2466 894 2677 961 super
2734 873 3120 942 beatissimi

559 960 888 1050 martyris
936 961 1331 1051 passionem
1380 959 1563 1029 ultra
1599 960 1882 1030 modurn
1944 960 2289 1049 spirituali
2334 960 2586 1030 laetitia
2636 961 3110 1052 congaudenS,

558 1071 836 1118 omnem
881 1049 1355 1118 cassinensem
1406 1071 1795 1118 convocans
1828 1049 2256 1130 concionem,
2312 1050 2515 1118 talem
2553 1049 2639 1124 ad
2674 1072 2789 1119 eos
2826 1050 3115 1150 protulit

558 1138 983 1208 orationem:
1022 1160 1058 1205 «
1095 1138 1283 1208 Sicut
1336 1138 1551 1229 patris
1606 1151 1706 1207 est
1747 1137 2049 1228 gaudere
2097 1138 2167 1207 in
2220 1160 2507 1208 suorum
2565 1138 2982 1226 profectibus
3032 1139 3114 1208 fi-

560 1227 842 1307 liorum,
884 1226 979 1295 ita
1009 1240 1075 1296 et
1116 1227 1416 1296 tiliorum
1452 1240 1553 1296 est
1586 1240 2039 1316 augmentum
2097 1228 2310 1317 patris
2359 1249 2484 1296 sua
2534 1227 2725 1296 lucra
2761 1241 3106 1317 reputare.

560 1320 990 1405 Quapropter
1038 1316 1362 1385 noveritis
1402 1315 1890 1385 dulcissimum
1943 1315 2166 1385 filium
2224 1338 2451 1385 meum
2505 1314 2886 1396 Placidum,
2928 1338 3113 1385 mar-

561 1404 805 1494 tyriali*
841 1404 1075 1474 trabea
1105 1404 1546 1486 adornatum,
1602 1405 1939 1494 migrasse
1962 1404 2045 1473 ad
2091 1405 2487 1474 Dominum.
2521 1404 2669 1473 Jam
2714 1405 2900 1473 enim
2939 1406 3112 1475 meis

560 1493 1010 1563 interioribus
1057 1494 1278 1563 oculis
1332 1494 1484 1582 ejus
1550 1492 2070 1563 immaculatam
2140 1494 2433 1563 bostiam
2491 1507 2556 1563 et
2607 1498 2737 1562 Deo
2786 1494 3114 1584 benepla-

560 1595 851 1664 centem,
889 1582 1139 1652 deduxi
1190 1583 1258 1650 in
1311 1582 1448 1651 alta
1496 1581 1872 1653 coelorum.
1920 1587 2118 1651 Hunc
2171 1604 2417 1672 nempe
2464 1595 2793 1671 tempore,
2844 1604 2984 1669 quo
3024 1583 3113 1651 il-

563 1670 708 1740 lum
748 1694 785 1740 a
824 1684 1011 1761 patre
1060 1694 1187 1741 suo
1237 1671 1534 1759 suscepi,
1577 1674 2031 1740 memineram
2078 1692 2229 1741 esse
2280 1670 2662 1751 mortalem,
2707 1693 2830 1741 nec
2869 1671 3113 1742 fefellit

560 1759 820 1850 opinio.
860 1766 1053 1830 Nunc
1104 1781 1238 1830 non
1273 1772 1397 1840 est,
1436 1759 1616 1845 quod
1668 1772 2156 1847 conqueratur.
2210 1760 2463 1840 Habeo,
2510 1760 2579 1828 in
2613 1782 2751 1846 quo
2787 1765 2919 1829 Deo
2952 1783 3111 1848 gra—

561 1849 691 1919 tias
739 1872 966 1940 agam,
1008 1850 1174 1935 quia
1222 1870 1496 1939 semper
1541 1850 1767 1939 optavi
1818 1862 1896 1918 ut
1937 1848 2021 1916 de
2060 1847 2291 1918 fructu
2347 1848 2579 1917 cordis
2631 1850 2761 1917 mei
2792 1853 2982 1917 omni
3037 1872 3112 1919 o-

560 1939 726 2007 tenti
774 1944 908 2008 Deo
942 1936 1371 2020 sacrificium„
1411 1937 1795 2007 offerretur.
1848 1936 2026 2007 Nihil
2079 1939 2264 2006 enim
2325 1938 2451 2008 hoc
2504 1937 2841 2007 sacrificio
2892 1938 2978 2006 ha
3033 1939 3112 2009 ui

561 2027 955 2118 pretiosius»,
998 2025 1168 2096 nihil
1219 2026 1616 2108 amabiliuS,
1660 2026 1830 2096 nihil
1874 2027 2129 2096 carius.
2169 2026 2388 2116 Elegit
2439 2048 2734 2113 namque
2783 2025 3109 2098 Placidus

613 2138 685 2185 ro
734 2116 998 2185 Christo
1059 2129 1607 2185 momentaneam
1655 2129 1968 2195 mortem,
2013 2128 2078 2184 et
2130 2116 2435 2205 pervenit
2494 2115 2579 2184 ad
2631 2135 2784 2184 eum
2840 2115 2905 2183 in
2949 2138 3109 2186 coe-

589 2205 711 2274 esti
755 2205 925 2274 solio
974 2203 1057 2273 ad
1100 2204 1445 2277 dexteram
1507 2206 1727 2274 Patris
1775 2217 2199 2294 regnantem.
2281 2204 2380 2274 Ob
2436 2203 2507 2272 id
2564 2205 2741 2272 enim
2794 2204 3109 2277 Christus

559 2314 684 2384 pro
718 2294 1043 2361 omnibus
1095 2306 1409 2362 mortuus
1441 2306 1566 2374 est,
1620 2308 1695 2362 ut
1731 2316 1855 2364 nos
1907 2315 2040 2362 non
2091 2294 2313 2374 nobiS,
2370 2293 2484 2362 sed
2539 2293 2796 2361 Christo
2848 2294 3109 2363 vivere-

561 2404 744 2451 mus.
798 2387 1033 2451 Grates
1082 2395 1310 2452 autem
1374 2383 1687 2451 omnium
1740 2381 2180 2471 Redemptori
2243 2381 2499 2458 refero,
2565 2382 2720 2468 quia
2789 2382 3109 2473 ingratus

559 2491 709 2541 esse
746 2491 878 2540 non
934 2492 1241 2561 possum.
1277 2470 1868 2562 Congaudendum
1900 2471 2084 2540 enim
2133 2471 2328 2553 mihi,
2374 2469 2637 2541 scilicet
2664 2470 2841 2557 quod
2893 2471 3106 2541 talem

561 2560 986 2648 discipulum
1021 2559 1410 2639 habuerim,
1454 2583 1588 2630 non
1641 2560 2045 2641 dolendum,
2082 2560 2266 2646 quod
2295 2560 2675 2632 amiserim.
2720 2565 2886 2629 Nam
2927 2561 3102 2630 illud

563 2670 821 2718 munus
871 2649 1025 2724 suit.
1083 2649 1213 2718 hoc
1277 2649 1613 2730 debiturn,
1660 2649 1923 2720 scilicet
1983 2648 2165 2736 quod
2218 2649 2500 2718 functus
2557 2672 2704 2718 sun.
2760 2648 3108 2720 famulatu

560 2737 820 2807 Placidi
868 2737 1197 2828 discipuli
1252 2739 1408 2819 mei,
1471 2739 1814 2825 quamdiu
1863 2744 2042 2807 Deus
2090 2737 2329 2817 voluit,
2403 2751 2469 2808 et
2518 2750 2690 2827 post,
2717 2739 2835 2825 qui
2885 2738 3099 2820 dedit,

560 2827 839 2918 recepit.
895 2827 1086 2910 Quod
1152 2840 1439 2896 naturae
1478 2828 1873 2897 communis
1922 2826 2085 2909 fuit,
2147 2826 2469 2897 Placidus
2521 2848 2644 2917 pro
2680 2827 2945 2898 Christo
2989 2850 3108 2916 po-

559 2917 720 2998 suit,
757 2930 822 2987 et
866 2916 1050 3003 quod
1111 2916 1489 3006 singularis
1535 2929 1636 2986 est
1685 2918 1967 3005 gratiae,
2027 2916 2302 2985 meruit.
2358 2920 2491 2985 Cur
2538 2927 2753 2985 autem
2806 2938 2932 3005 ego
2981 2916 3106 2987 do·

559 3003 734 3074 leam
790 3005 959 3074 mihi
995 3004 1347 3074 Placidum
1383 3004 1608 3074 filium
1664 3027 1894 3075 meum
1930 3017 2267 3095 ereptum,
2302 3027 2461 3074 cum
2512 3003 2595 3074 ad
2650 3004 2926 3074 salutem
2980 3028 3104 3075 no·

561 3108 771 3163 stram
811 3099 989 3164 Deus
1038 3094 1181 3163 lilio
1211 3100 1359 3165 'suo
1400 3116 1534 3164 non
1587 3094 1988 3184 pepercerit,
2037 3093 2152 3164 sed
2192 3115 2314 3183 pro
2355 3093 2556 3164 nobis
2604 3093 2918 3164 omnibus
2968 3108 3102 3163 tra·

559 3183 735 3251 didit
769 3182 1012 3252 illum?
1058 3183 1225 3265 Quis
1275 3205 1584 3271 unquam
1637 3196 1962 3273 exceptus
2008 3196 2110 3252 est
2170 3205 2210 3251 a
2256 3182 2650 3253 conditione
2699 3183 3040 3252 moriendi
3077 3238 3092 3263 ,

559 3270 681 3357 qui
730 3292 863 3339 non
920 3284 1022 3340 est
1067 3285 1395 3361 exceptus
1440 3294 1479 3341 a
1527 3272 1918 3342 conditione
1980 3271 2363 3341 nascendi?
2425 3278 2566 3341 Non
2609 3293 2755 3361 eigo
2804 3270 3092 3342 defleam

561 3357 916 3428 Placidum
952 3358 1201 3439 filium,
1253 3382 1457 3447 quern
1512 3362 1651 3431 scio
1684 3362 2013 3432 transisse
2052 3360 2138 3429 de
2170 3374 2384 3430 morte
2416 3360 2499 3430 ad
2535 3360 2750 3431 vitan.
2788 3365 2862 3429 In
2904 3360 3092 3430 illius

562 3468 863 3534 namque
898 3462 1113 3516 morte
1160 3447 1607 3537 gaudendum
1657 3464 1799 3533 est,
1858 3472 1995 3520 non
2044 3449 2421 3519 dolendum
2451 3504 2465 3531 ,
2532 3450 2678 3536 quit
2729 3449 2914 3519 illam
2970 3470 3094 3537 pro

566 3537 841 3605 veritate
890 3549 956 3605 et
994 3538 1247 3605 aeterni
1293 3539 1497 3628 Regis
1547 3539 1683 3608 fide
1713 3539 2037 3631 gustavit.
2076 3544 2244 3608 Nam
2294 3560 2423 3608 cur
2466 3559 2631 3629 ergo
2666 3555 2732 3620 te,
2796 3537 3089 3617 Placide,

561 3624 660 3694 fili
694 3626 1075 3704 carissime,
1130 3626 1446 3707 defleam,
1499 3629 1619 3714 qui
1670 3629 1842 3698 mihi
1891 3629 1993 3699 sic
2042 3640 2324 3717 ereptus
2369 3649 2465 3711 eS,
2520 3639 2595 3696 ut
2643 3629 2940 3699 (mnium
2992 3649 3098 3697 es·

528 3717 719 3783 ses?
770 3737 901 3783 non
974 3715 1158 3784 enim
1214 3714 1572 3805 perdidisti
1627 3739 1835 3786 usum
1895 3730 2182 3787 naturae
2229 3728 2423 3797 tuae,
2479 3716 2593 3786 sed
2645 3718 3090 3787 mmmutasti.

564 3809 754 3886 Ante,
808 3825 1095 3892 corpore
1125 3803 1611 3894 inseparabilis
1657 3828 1699 3874 a
1733 3810 1863 3875 Deo
1909 3806 2230 3884 existens,
2282 3826 2469 3875 nunc
2519 3804 2906 3876 individuus
2935 3828 3094 3876 cum

571 3897 703 3962 Deo
749 3913 823 3962 es
874 3895 1308 3982 permanens.
1366 3893 1615 3962 Felicia
1663 3895 1869 3964 verba
1917 3916 2095 3981 quae
2127 3894 2197 3962 in
2251 3905 2313 3963 te
2359 3894 2940 3984 expendi,felices
2995 3895 3096 3963 la-

496 4054 501 4059 ,
564 3981 763 4051 bores
809 4003 987 4068 quos
1037 3982 1104 4049 in
1145 3994 1206 4050 te
1254 3980 1582 4061 sustinui,
1628 3982 1794 4051 dum
1831 3983 2096 4052 viveres
2145 4004 2442 4053 mecum.
2496 3989 2637 4053 Non
2698 4006 2732 4051 e
2783 3984 3089 4066 Tertulli,

568 4071 780 4159 patris
830 4070 972 4152 tui,
1027 4092 1288 4140 amora
1347 4092 1455 4140 me
1519 4069 1842 4141 divellere
1890 4071 2152 4161 potuit,
2210 4093 2334 4141 nec
2383 4073 2532 4162 ipse
2582 4071 2730 4141 mili
2782 4095 3092 4160 unquam

565 4172 822 4249 patrem
877 4159 1285 4248 praetulisti,
1337 4181 1704 4247 quousque
1752 4160 1835 4229 ad
1879 4174 2225 4230 aeternam
2266 4161 2472 4231 vitam
2515 4160 2876 4250 migrasti.»
2915 4167 3095 4231 Haec

563 4261 625 4317 et
676 4247 784 4316 bis
850 4247 1104 4318 similia
1169 4262 1361 4338 patre
1435 4249 1799 4318 Benedicto
1882 4250 2376 4339 proloquente,
2431 4273 2512 4319 ex
2566 4251 2836 4319 con-‚itio
2888 4251 3094 4321 totius

564 4337 989 4407 Cassinensis
1035 4338 1590 4439 congregationis
1654 4338 1993 4426 quosdam
2062 4362 2140 4408 ex
2191 4338 2558 4429 discipulis
2608 4361 2733 4408 sus
2782 4339 2864 4408 ad
2921 4340 3093 4409 Sici-

564 4425 727 4495 liam
778 4425 1045 4507 direxit,
1105 4427 1535 4517 praecipiens
1586 4427 1726 4497 illis
1773 4449 1888 4498 eos
1937 4428 2144 4497 citius
2178 4449 2545 4517 properare
2566 4427 2648 4496 ad
2690 4428 3090 4518 praedictam
