3347 4999
147 382 325 448 OCT.
376 383 419 446 6
653 399 732 446 DE
781 400 837 447 s.
891 397 1186 445 Baunonia
1235 396 1739 445 caaruustanoa.
1795 399 2188 447 ramunculi
2475 386 2602 450 227

624 502 868 564 Primus
914 507 972 563 in
1020 505 1151 575 hac,
1197 500 1420 562 Christi
1469 501 1754 562 fundator
1796 503 1993 577 oviliS,
2038 519 2245 565 eremo

708 583 1022 644 Promerui
1057 583 1227 653 fieri,
1258 583 1358 659 qui
1396 587 1567 656 tegor
1601 581 1714 643 boc
1743 580 1958 658 lapide.

629 661 838 724 Bruno
872 663 1018 723 mihi
1054 677 1304 734 nomen,
1335 661 1606 739 genitrix
1638 660 1985 734 Germania,
2019 678 2243 741 meque

705 742 1038 803 Transtulit
1068 742 1138 803 ad
1173 739 1452 802 Calabros
1484 748 1647 816 grata
1684 745 1855 818 quies
1888 744 2178 805 nemoris,

628 821 849 882 Doctor
877 838 1066 894 eram,
1101 836 1311 899 praeco
1341 818 1588 893 Christi,
1616 822 1712 880 vir
1747 829 1922 881 notus
1954 823 2014 882 in
2046 822 2214 895 orbe,

711 902 976 978 Desuper
1007 901 1151 962 illud
1185 909 1337 970 erat,
1366 902 1587 977 gratia,
1624 917 1745 961 non
1780 902 2089 963 meritum.

631 978 843 1042 Carnis
877 980 1073 1042 vincla
1107 980 1235 1041 dies
1262 978 1533 1041 Octobris
1561 988 1720 1040 sexta
1756 980 2029 1050 resolvit,

706 1058 843 1122 Ossa
876 1066 1126 1121 manent
1160 1059 1420 1131 tumul0,
1450 1061 1701 1132 spiritus
1729 1068 1880 1121 astra
1917 1062 2089 1139 petit.

239 1197 275 1282 ξ
327 1197 480 1265 ²5.
536 1193 698 1281 Ejus
747 1205 973 1262 autem
1026 1192 1533 1262 sanctissimam
1584 1192 1791 1261 vitam
1841 1206 2268 1281 mortemque
2325 1194 2690 1284 pretiosam

148 1295 519 1355 consecuta
567 1294 730 1351 sunt
780 1280 998 1350 multa
1056 1279 1423 1362 miracula,
1462 1302 1637 1366 quae
1692 1282 1779 1349 ob
1835 1281 1986 1370 ejus
2052 1283 2402 1370 praeclara
2444 1285 2686 1353 merita

149 1373 457 1442 Christus
486 1371 728 1440 effecit.
770 1375 922 1439 Post
947 1370 1209 1439 obitum
1246 1368 1395 1458 ejus
1428 1382 1492 1438 et
1525 1369 1978 1457 sepulturam,
2018 1370 2259 1441 fratres
2290 1373 2686 1441 monasterii

145 1464 296 1551 ejus
344 1460 617 1530 chartas
663 1460 1019 1538 miserunt,
1077 1472 1154 1528 ut
1212 1458 1413 1527 habet
1464 1458 1913 1538 consuetudo,
1954 1460 2021 1527 in
2067 1460 2373 1530 diversas
2412 1462 2687 1550 provin-

146 1553 312 1630 cias,
358 1563 561 1636 atque
612 1549 683 1617 in
739 1550 958 1635 ipsam
1010 1569 1282 1634 quoque
1336 1546 1803 1626 Britanniam,
1856 1548 2116 1634 quibus
2177 1563 2243 1618 et
2289 1550 2442 1636 ejus
2475 1572 2511 1619 e
2548 1551 2683 1618 vita

148 1640 504 1708 decessum
542 1638 1061 1727 significarunt,
1107 1649 1171 1704 et
1207 1649 1278 1705 ut
1313 1657 1543 1722 preces
1581 1657 1701 1725 pro
1751 1651 1986 1705 sancta
2040 1636 2228 1708 illius
2266 1639 2501 1707 anima
2559 1642 2685 1708 Do-

149 1732 339 1798 mino
376 1727 805 1805 offerrentur,
864 1725 1223 1826 petierunt.
1279 1725 1595 1794 Sciebant
1641 1726 1826 1793 enim
1880 1747 2012 1793 non
2058 1749 2206 1795 esse
2236 1719 2530 1814 jus'lum,
2563 1727 2684 1813 qui

149 1839 283 1886 non
341 1828 590 1906 peccet.
646 1820 722 1882 Et
774 1835 998 1903 primo
1055 1814 1332 1900 quidem
1382 1812 1627 1882 fratres
1691 1826 1755 1881 et
1803 1813 2131 1903 discipuli
2178 1815 2328 1903 ejus
2362 1870 2379 1896 ,
2433 1815 2686 1884 deinde

145 1906 351 1975 etiam
402 1903 554 1982 alii,
592 1903 712 1989 qui
776 1925 932 1972 eum
993 1915 1359 1981 noverant,
1411 1903 1805 1989 quibusque
1844 1904 2119 1992 cognita
2167 1917 2311 1973 erat
2358 1911 2508 1993 ejus
2547 1904 2685 1972 exi-

146 1995 289 2062 mia
319 1991 614 2060 eruditio
647 2003 710 2060 et
762 1991 931 2060 vitae
971 1991 1450 2070 sanctimonia,
1508 1991 1978 2060 testimonium
2029 1992 2113 2061 de
2161 1993 2246 2063 iis
2281 1993 2382 2062 vel
2450 2015 2677 2082 prosa,

144 2080 248 2150 vel
283 2081 611 2160 carmine,
659 2081 726 2148 in
764 2080 848 2150 iis
879 2080 1133 2150 chartis
1165 2080 1616 2169 adscripsere.
1658 2085 1843 2162 Quae
1872 2081 2103 2150 onmia
2140 2103 2684 2150 commemorare

146 2171 205 2240 si
258 2168 571 2250 velimuS,
636 2169 925 2237 nimium
992 2169 1231 2259 prolixi
1281 2169 1578 2248 erimus;
1624 2169 1680 2237 si
1729 2171 2264 2256 praetermittere
2298 2172 2533 2239 omnia
2593 2185 2685 2240 tot

146 2257 714 2349 gravissimorum
756 2257 1114 2326 hominum
1169 2258 1578 2337 testimonia,
1626 2257 2149 2346 ingratitudinis
2181 2273 2245 2327 et
2305 2259 2677 2348 impuden-

145 2349 278 2416 tiae
311 2361 535 2415 notam
581 2368 713 2417 non
748 2347 1181 2435 effugiemus,
1228 2346 1622 2435 praesertim
1666 2346 1944 2433 quando
1976 2369 2055 2415 ex
2092 2347 2174 2416 iis
2208 2348 2458 2417 eximia
2493 2349 2675 2417 beati

143 2435 273 2505 viri
306 2435 630 2505 sanctitas
672 2457 800 2505 non
832 2436 1122 2506 obscure
1156 2447 1372 2525 potest
1403 2435 1882 2505 animadverti.
1924 2440 2000 2505 Et
2032 2435 2303 2524 expedit
2341 2459 2506 2506 sane
2544 2459 2679 2507 non

144 2524 452 2615 ignorari
499 2546 577 2594 ea
623 2547 798 2611 quae
853 2525 1246 2594 annotaturi
1303 2547 1572 2605 sumuS,
1614 2523 1711 2594 vel
1762 2524 1849 2593 ob
1889 2525 1956 2593 id
2005 2527 2439 2615 potissimum
2493 2526 2678 2612 quod

140 2613 422 2700 quidam
468 2613 678 2772 inessti
725 2626 790 2682 et
829 2613 1075 2683 insulsi
1112 2613 1425 2683 homines
1451 2668 1465 2693 ‚
1507 2625 1569 2683 et
1603 2614 1734 2682 sibi
1769 2627 1833 2682 et
1867 2614 2024 2683 aliis
2076 2614 2488 2704 persuadere
2522 2616 2677 2683 ausi

140 2716 327 2783 sunt,
359 2702 546 2772 hunc
627 2716 855 2772 eatum
893 2703 1113 2770 virum
1152 2724 1312 2771 eum
1354 2723 1501 2771 esse
1533 2701 1902 2783 doctorem,
1943 2725 2146 2789 quem
2192 2725 2316 2772 nos
2356 2704 2424 2772 in
2465 2703 2675 2791 hujus

139 2791 466 2862 historiae
519 2792 711 2861 initio
759 2792 1163 2860 damnatum
1222 2790 1764 2871 essediximus:
1818 2791 1999 2878 quod
2053 2791 2333 2879 quidem
2383 2790 2678 2860 vanissi-

140 2903 331 2949 mum
375 2891 498 2959 est,
542 2881 793 2960 nescio,
830 2881 1035 2967 cujus
1068 2879 1509 2948 somniatoris
1550 2895 2045 2959 commentum,
2104 2903 2263 2950 cum
2301 2880 2468 2949 satis
2509 2902 2678 2948 con-

138 2982 288 3050 stet,
332 2968 528 3039 illum
581 2970 986 3039 damnatum
1036 2968 1378 3038 doctorem
1418 2970 1812 3040 beatissimo
1849 2969 2149 3038 Brunoni
2194 2980 2259 3037 et
2291 2969 2497 3039 sociis
2525 2967 2679 3055 ejus

136 3058 564 3127 occasionem
621 3057 1017 3147 praebuisse
1077 3056 1161 3126 de
1232 3058 1364 3126 vita
1427 3059 1736 3127 sanctius
1787 3057 2208 3126 instituenda
2258 3057 2436 3126 serio
2486 3057 2677 3147 cogi-

138 3146 354 3227 tandi,
391 3158 457 3215 et
491 3145 743 3216 relictis
780 3146 1106 3216 omnibus
1158 3146 1366 3234 hujus
1416 3146 1658 3215 mundi
1712 3147 1937 3225 rebuS,
1997 3145 2088 3229 in,
2117 3146 2470 3216 horridam
2509 3146 2674 3214 soli-

138 3235 448 3305 tudinem
487 3235 987 3326 commigrandi
1027 3234 1142 3303 ²⁶...

229 3325 265 3410 ἓ
298 3329 458 3395 26.
497 3322 703 3392 Multa
736 3325 1020 3413 insuper
1048 3325 1499 3413 extant(quae
1527 3337 1751 3393 tamen
1788 3323 2137 3393 brevitatis
2168 3328 2376 3393 causa
2411 3323 2683 3393 silentio

140 3412 697 3502 praeterivimus)
719 3411 1264 3482 clarissimorum
1296 3413 1596 3482 virorum
1630 3425 1696 3481 et
1723 3412 2101 3501 insignium
2134 3411 2582 3503 collegiorum
2618 3426 2684 3481 et

134 3522 585 3592 personarum
622 3501 968 3590 praeclara
998 3502 1409 3583 testimonia,
1439 3522 1615 3588 quae
1641 3500 1942 3580 abunde,
1969 3501 2037 3569 ni
2067 3500 2290 3582 fallor,
2325 3501 2684 3571 sufficiunt

135 3591 221 3659 ad
291 3589 783 3659 ostendendam
836 3590 1211 3660 beatissimi
1277 3591 1487 3681 patris
1537 3589 1876 3658 Brunonis
1925 3589 2371 3659 excellentem
2422 3589 2682 3658 doctri-

136 3701 324 3759 nam,
382 3701 649 3748 morum
703 3678 1149 3760 honestatem,
1204 3693 1267 3747 et
1316 3680 1490 3747 vitae
1529 3678 2086 3759 sanctimoniam,
2153 3679 2424 3748 etiamsi
2487 3677 2681 3746 nulla

135 3769 289 3857 ejus
341 3765 675 3836 miracula
721 3780 1046 3837 extarent.
1102 3768 1297 3853 Atqui
1358 3789 1512 3837 vero
1571 3767 1807 3837 multis
1856 3767 2059 3836 etiam
2116 3766 2477 3836 miraculis
2538 3766 2682 3835 cla-

131 3858 358 3926 ruisse
406 3856 681 3947 legitur,
736 3855 849 3925 sed
885 3878 962 3924 ea
1007 3871 1258 3937 tamen,
1294 3856 1477 3942 quod
1509 3855 1660 3926 sine
1694 3855 1928 3925 dolore
1962 3876 2504 3926 commemorare
2541 3875 2676 3923 non

133 3966 446 4036 possum,
482 3967 635 4025 vnon
686 3946 766 4012 ea
813 3943 1195 4035 diligentia,
1249 3948 1387 4030 qua
1425 3966 1546 4033 par
1592 3958 1761 4027 erat,
1815 3957 2138 4014 annotata
2179 3957 2342 4013 sunt
2381 3967 2395 4023 ;
2451 3955 2569 4013 aut
2619 3944 2679 4012 si

132 4046 459 4102 annotata
495 4045 678 4114 sunt,
715 4033 998 4102 alterius
1048 4033 1349 4102 Instituti
1384 4034 1767 4115 monacbis,
1824 4034 1977 4120 ejus
2029 4033 2521 4102 monasterium
2564 4054 2681 4101 oc-

129 4123 575 4212 cupantibus,
632 4122 855 4213 primo
902 4121 1183 4209 quidem
1246 4121 1711 4213 negligentius
1778 4121 2145 4202 custodita,
2212 4120 2464 4190 deinde
2513 4143 2674 4190 vero

179 4250 204 4270 ⁶
235 4248 651 4289 carthusianorum
679 4250 1010 4289 Institntorem
1040 4258 1124 4299 per
1152 4250 1307 4288 totum
1339 4251 1442 4297 ejus
1478 4251 1698 4291 Ordinem
1719 4246 1881 4289 Officio
1903 4250 1950 4289 et
1970 4246 2115 4288 Missa
2136 4248 2280 4288 recoli
2302 4246 2536 4289 concessit
2562 4257 2682 4287 anno

127 4311 305 4345 Μυῖαν.
325 4303 419 4342 Leo
439 4304 519 4351 Pp.
543 4304 778 4344 Decimus.
798 4304 865 4343 Aa
888 4304 1164 4343 Universum
1185 4299 1440 4343 Ecclesiam
1460 4305 1643 4344 cultum
1662 4302 1758 4344 ritu
1782 4303 2029 4351 semidupl.
2063 4302 2273 4342 extendit
2302 4304 2556 4352 Gregorius
2586 4302 2676 4341 XV.

126 4357 244 4397 Ritu
265 4355 396 4402 dupl.
417 4357 744 4396 celebrandum
766 4358 977 4396 decrevit
1002 4358 1215 4395 Clemens
1238 4357 1316 4404 Pp.
1340 4357 1391 4396 X.

182 4411 219 4448 E
251 4408 380 4447 Sacri
408 4408 617 4457 corporis
650 4411 863 4459 reliquiis
893 4411 1055 4455 (tradit
1086 4407 1340 4449 Guerinius
1371 4413 1420 4449 in
1449 4420 1536 4450 suo
1558 4410 1670 4458 Giry
1692 4412 1843 4453 aucto,
1863 4410 2096 4449 asservari
2122 4409 2170 4448 in
2189 4409 2357 4457 Magna
2375 4404 2685 4457 Delphinatfis

125 4459 728 4558 {larthusitagandibuiae
757 4464 1043 4514 particulam
1072 4474 1178 4503 cum
1207 4463 1391 4503 duobus
1419 4464 1655 4511 dentibus,
1685 4474 1709 4505 e
1730 4463 2062 4513 Neapolitanae
2084 4461 2361 4503 carthusiae
2382 4461 2542 4502 Priore
2562 4461 2689 4500 dono

150 4525 359 4558 ransmta
469 4543 478 4554 .
2313 4538 2320 4541 -
