3347 4999
169 293 345 360 OCT.
395 293 480 357 25
804 310 884 355 1)ss
931 309 1023 356 ss.
1076 305 1489 356 caarsmrao
1538 309 1612 354 nr
1661 309 1851 354 naam
1903 306 2092 353 usar.
2498 291 2614 354 ’701

168 411 272 466 est
306 408 370 464 et
419 393 734 462 alacriter
774 393 1208 473 subeundus,
1272 405 1348 461 ut
1397 414 1582 461 mors
1641 405 1918 461 aeterna
1960 391 2230 461 vitetur.
2271 391 2462 474 Quod
2502 392 2557 462 si
2595 391 2715 461 do-

172 482 348 554 lores
399 482 531 561 isti,
584 482 705 569 qui
769 504 930 552 cum
992 480 1193 550 hodie
1242 481 1403 561 sint,
1460 502 1613 550 cras
1656 502 1791 549 non
1842 491 2068 559 erunt,
2121 502 2280 549 cum
2339 480 2543 549 hodie
2595 503 2716 550 na-

174 585 477 653 scantur,
521 592 677 640 cras
733 571 1267 659 extinguentur,
1329 569 1418 638 ita
1472 568 1738 639 molesti
1788 583 1991 648 sunt:
2055 580 2316 654 quanto
2376 568 2479 637 illi
2526 591 2717 640 acer-

179 662 406 732 biores
466 658 801 750 putandi,
857 659 1115 746 quibus
1193 657 1431 728 nullus
1494 658 1905 748 proponitur
1980 656 2202 727 finis?
2279 657 2454 739 Quid
2533 658 2713 745 quod

163 749 480 839 exempla
518 770 650 818 non
704 747 955 817 desunt
1001 769 1267 828 eorum,
1321 747 1443 834 qui
1481 744 2004 816 convalescendi
2039 747 2249 814 causa
2303 768 2397 827 se,
2452 768 2714 834 suaque

177 837 463 908 medicis
501 837 787 918 dedunt,
842 857 1050 924 seque
1090 850 1154 906 et
1189 835 1403 906 secari
1462 849 1525 905 et
1586 836 1694 904 uri
1753 835 2177 924 permittunt,
2217 846 2280 903 et
2319 835 2561 924 pocula
2605 859 2720 905 su·

173 941 372 997 munt
433 926 894 1005 amarissima,
954 926 1328 1012 mortisque
1381 937 1568 994 metu
1622 946 1745 994 nec
1803 922 2342 993 amaritudinem
2377 924 2711 1003 sentiunt,

174 1038 297 1085 nec
349 1017 579 1106 ignem
633 1013 1117 1096 reformidant,
1182 1036 1305 1083 nec
1363 1012 1619 1083 ferrum
1678 1013 2043 1083 recusant?
2090 1012 2281 1095 Quod
2347 1011 2406 1081 si
2455 1011 2720 1082 fallacis

166 1118 235 1174 et
267 1106 583 1174 incertae.
622 1103 822 1173 istius
862 1104 1036 1172 vitae
1091 1102 1408 1183 studiosi,
1462 1122 1601 1189 quo
1655 1116 1943 1171 mortem
1978 1100 2322 1182 differant,
2357 1113 2423 1170 et
2455 1100 2617 1171 ferri
2657 1114 2722 1172 et

98 1255 101 1262 .
172 1193 193 1262 i
247 1195 355 1264 nis
385 1191 731 1263 molestias
758 1192 1124 1275 sustinent,
1162 1204 1228 1260 et
1257 1213 1489 1260 amara
1527 1191 1858 1260 hauriunt
1894 1190 2421 1260 medicamenta:
2459 1203 2720 1277 quanto

168 1305 209 1352 a
238 1283 470 1352 acrius
500 1281 903 1351 acerbitates
939 1279 1096 1350 illae
1144 1294 1303 1350 sunt
1345 1278 1813 1370 perferendae,
1849 1300 2027 1366 quae
2078 1300 2204 1347 nos
2259 1279 2587 1371 exiguum
2632 1279 2716 1348 ad

169 1384 445 1462 tempus
478 1370 793 1439 cruciant
842 1382 907 1438 et
958 1383 1299 1458 premunt,
1353 1369 1532 1438 utin
1590 1382 1997 1457 perpetuum
2035 1366 2497 1438 extollamus?
2543 1389 2720 1455 quae

169 1481 410 1530 amara
467 1458 666 1530 nobis
725 1471 1059 1528 tormenta
1110 1457 1478 1536 adhibent,
1530 1469 1608 1526 ut
1673 1456 2095 1545 sempiterna
2144 1455 2515 1526 dulcedine
2566 1479 2720 1547 per-

172 1547 532 1618 fruamur?
577 1568 755 1634 quae
795 1547 993 1616 breve
1055 1547 1381 1634 praebent
1428 1543 1859 1624 incendium,
1925 1557 2001 1613 ut
2051 1557 2460 1635 perpetuum
2528 1545 2722 1614 refri-

170 1638 438 1728 gerium
472 1639 971 1721 assequamur?
1003 1640 1181 1705 Haec
1239 1634 1352 1704 Dei
1403 1640 1733 1724 Martyres
1781 1633 2321 1715 consideranteS,
2353 1645 2430 1704 ut
2478 1632 2562 1703 de
2596 1633 2721 1704 ho-

166 1727 397 1796 stibus
444 1725 793 1794 victoriam
830 1737 1278 1814 reportarent,
1314 1723 1548 1794 omnia
1581 1722 2034 1793 acerbitatum
2086 1733 2721 1810 tormentorumque

169 1835 425 1905 genera
461 1812 915 1903 pertulerunt.
963 1819 1005 1883 S
1059 1812 1343 1883 erabant
1374 1813 1585 1892 enim,
1621 1833 1695 1881 se
1744 1811 1927 1881 brevi
1976 1811 2112 1881 vita
2161 1809 2518 1900 gloriaque
2557 1833 2720 1881 con-

171 1906 464 1993 tempta,
538 1914 885 1972 aeternam
962 1901 1005 1971 il
1039 1924 1150 1972 am
1224 1913 1696 1972 assecuturos:
1773 1914 1838 1969 et
1907 1900 2238 1971 vitaturos
2310 1913 2714 2001 perpetuum

173 1992 194 2060 i
250 2013 434 2072 nem,
488 1992 547 2059 si
596 1990 1090 2080 temporarium
1136 1989 1323 2061 hunc
1412 1989 1833 2060 ertulissent.
1873 1990 2101 2078 Hujus
2135 2010 2261 2058 nos
2310 2002 2468 2059 item
2524 2010 2720 2058 verae

174 2015 439 2170 gfforiae
484 2079 748 2170 cupidi,
790 2078 1130 2149 mundum
1177 2012 1559 2164 mundique
1597 2076 2015 2165 cupiditates
2049 2079 2607 2147 contemnamus:
2656 2090 2721 2147 et

172 2191 354 2256 quae
402 2190 441 2237 a
475 2169 741 2239 Sanctis
780 2181 968 2258 gesta
1012 2180 1199 2246 sunt,
1259 2166 1544 2236 minime
1590 2165 1887 2236 obscura
1915 2165 2050 2235 fide
2089 2164 2556 2237 celebremus:
2611 2165 2719 2234 in-

168 2256 555 2347 primisque
614 2270 1010 2326 sanctorum
1080 2261 1456 2345 Martyrum
1508 2254 1921 2344 chrysanthi
1969 2267 2034 2324 et
2085 2254 2324 2324 Dariae
2359 2254 2716 2325 historiam

175 2366 310 2414 non
366 2347 600 2413 minus
634 2344 799 2424 illis,
852 2345 970 2431 qui
1023 2344 1348 2414 credituri
1403 2357 1587 2426 sunt,
1642 2366 1853 2430 quam
1908 2343 2129 2424 nobiS,
2182 2344 2303 2431 qui
2339 2343 2713 2423 credimus,

173 2433 636 2524 profuturam,
697 2455 866 2523 pura
907 2445 1130 2503 mente
1176 2433 1722 2503 conscribamus.
2269 2497 2274 2505 .

264 2525 432 2608 §2
485 2523 601 2591 Vir
658 2522 942 2610 quidam
1010 2522 1547 2603 AlexandrinuS,
1616 2523 1683 2590 in
1754 2521 2026 2592 civitate
2092 2543 2216 2591 sua
2286 2521 2576 2592 illustris
2640 2544 2716 2591 ac

172 2613 522 2700 princeps,
576 2611 977 2697 ordinisque
1027 2611 1385 2692 Senatorii,
1452 2611 1731 2680 nomine
1786 2610 2164 2692 Polemius,
2221 2615 2505 2680 Romam
2556 2632 2714 2680 cum

170 2700 318 2771 filio
368 2722 495 2771 suo
534 2700 963 2790 Chrysantbo
999 2700 1358 2773 concessit.
1405 2702 1535 2783 Qui
1583 2722 1624 2769 a
1669 2704 1928 2788 Senatu
1978 2705 2285 2769 Romano
2334 2698 2554 2769 amice
2602 2721 2718 2768 su-

168 2803 475 2879 sceptuS‚
531 2790 987 2876 maximisque
1034 2789 1416 2859 honoribus
1462 2791 1550 2860 ab
1598 2794 2019 2877 Imperatore
2067 2788 2484 2856 Numeriano
2516 2787 2550 2822 '⁶
2598 2808 2720 2856 au-

165 2891 348 2958 ctus,
406 2878 646 2948 sellam
682 2878 751 2948 in
803 2883 1056 2948 Senatu
1106 2884 1576 2949 Romanorum
1626 2878 1949 2947 obtinuit.
1990 2876 2114 2946 Hic
2165 2873 2386 2945 filium
2429 2875 2715 2945 unicum

170 2967 709 3055 chrysanthum,
765 2989 970 3055 quem
1021 2967 1415 3057 disciplinis
1461 2966 1790 3035 omnibus
1839 2963 2292 3033 imbuendum
2335 2977 2714 3048 curaverat,

166 3055 746 3146 Philosophorum
817 3055 1047 3126 studio
1099 3056 1403 3126 tradidit.
1459 3061 1617 3124 Erat
1663 3066 1891 3123 autem
1949 3051 2355 3123 adolescens
2404 3052 2718 3143 ingenio-

167 3167 336 3225 sus,
388 3159 454 3214 et
520 3144 603 3214 ad
679 3144 1089 3214 discendum
1164 3143 1594 3235 aptissimus.
1660 3146 1969 3224 Quantae
2030 3154 2256 3211 autem
2315 3141 2721 3231 prudentiae

166 3232 402 3314 fuerit,
442 3254 548 3302 res
590 3233 741 3323 ipsa
791 3233 1149 3304 indicabit.
1207 3237 1373 3303 Cum
1424 3232 1608 3301 enim
1660 3252 1866 3300 omne
1898 3230 2311 3320 scriptorum
2355 3252 2575 3319 genus
2614 3229 2720 3299 di-

169 3320 466 3412 ligenter
502 3321 961 3407 conquireret,
1020 3321 1266 3391 incidit
1304 3322 1373 3389 in
1425 3319 1641 3390 libros
1689 3320 2241 3410 Evangeliorum.
2293 3320 2559 3402 Quibus
2606 3341 2718 3389 ac-

162 3419 409 3478 curate
444 3408 783 3498 perlectiS,
821 3410 921 3479 sic
957 3410 1104 3498 ipse
1152 3432 1413 3480 secum:
1452 3432 1488 3475 «
1527 3408 1819 3477 Tamdiu
1861 3423 1923 3478 te
1955 3408 2223 3489 decuit,
2272 3408 2714 3497 Chrysanthe,

169 3496 609 3568 tenebrarum
647 3497 857 3567 libros
886 3497 1216 3579 evolvere,
1261 3498 1490 3585 quoad
1529 3497 1832 3567 veritatis
1876 3497 2111 3567 lumen
2166 3498 2533 3567 invenires.
2574 3503 2714 3567 Non

166 3599 273 3659 est
322 3598 551 3655 autem
612 3587 968 3676 sapientis,
1024 3608 1148 3656 nec
1199 3586 1583 3677 prudentiS,
1638 3599 1717 3656 ut
1763 3609 1800 3655 a
1853 3586 2113 3656 lumine
2163 3608 2440 3656 rursum
2494 3585 2579 3655 ad
2623 3599 2722 3656 te-

166 3676 421 3746 nebras
472 3675 855 3744 revertaris.
909 3674 1233 3745 Perderes
1280 3676 1464 3745 enim
1505 3675 1796 3757 laboreS,
1849 3696 2025 3763 quos
2074 3675 2466 3766 suscepisti,
2516 3675 2574 3743 si
2627 3672 2722 3743 la-

166 3765 416 3835 borum
469 3762 771 3833 fructum
823 3765 1178 3853 abjiceres.
1233 3769 1346 3834 Est
1385 3777 1611 3834 autem
1665 3762 1981 3834 laborum
2021 3763 2309 3845 fructuS,
2363 3763 2482 3851 qui
2514 3785 2554 3831 a
2587 3767 2720 3832 Deo

162 3853 663 3940 quaerentibus
702 3851 931 3923 datur.
974 3854 1082 3924 Sic
1115 3856 1298 3923 enim
1346 3853 1681 3943 praecipit
1728 3858 1931 3933 DeuS,
1985 3850 2572 3940 quemadmodum
2627 3850 2721 3920 le-

165 3943 370 4031 gisti:
448 3943 808 4026 Quaerite,
883 3953 944 4012 et
1010 3944 1359 4013 invenietis
1422 3941 1608 4032 (Luc.
1683 3941 1787 4032 11).
1855 3942 2314 4024 Quamobrem
2395 3941 2454 4010 si
2528 3939 2713 4028 quod

160 4031 519 4117 quaesisti,
574 4045 778 4117 atque
829 4030 1173 4113 invenisti,
1227 4030 1637 4118 reliqueris,
1699 4031 2095 4101 amentibus
2147 4052 2226 4100 ac
2281 4029 2512 4100 stultis
2573 4029 2710 4099 eris

163 4117 566 4191 hominibus
631 4118 903 4192 similis.
962 4120 1276 4190 Studiose
1342 4120 1556 4210 igitur
1608 4119 2105 4209 complectere,
2161 4118 2346 4206 quod
2417 4133 2552 4188 toto
2612 4129 2716 4188 est

160 4206 397 4277 animo
454 4209 1080 4299 complectendum.
1148 4209 1428 4290 Omnia,
1500 4231 1679 4296 quae
1739 4209 1975 4300 gravia
2032 4207 2459 4295 molestaque
2522 4218 2711 4287 sunt,

160 4293 423 4365 desere.
476 4303 794 4388 Magnam
849 4298 1200 4387 jacturam
1254 4297 1488 4380 facieS,
1563 4297 1698 4366 nisi
1768 4297 1863 4379 id,
1945 4297 2128 4387 quod
2206 4310 2298 4367 tot
2363 4296 2717 4367 laboribus

213 4420 242 4448 ¹⁹
270 4420 580 4465 Numerianus
602 4426 772 4466 caesar
790 4426 1091 4467 renuntiatus
1110 4427 1184 4466 est
1202 4435 1325 4467 anno
1343 4427 1443 4470 282:
1463 4435 1586 4466 anno
1607 4426 1825 4475 sequenti
1843 4423 2094 4477 imperium
2117 4421 2345 4468 obtinuit.
