3347 4999
709 338 837 404 758
1279 357 1358 404 nt
1404 356 1463 404 s.
1497 352 1885 403 wotscanco
1926 356 2024 402 nr.
2063 355 2475 403 anismam.
2834 337 3009 404 OCT.
3061 337 3129 403 3¹

623 443 788 512 satis
826 463 958 532 sup
1010 452 1287 510 eterent.
1325 462 1363 507 »
1396 440 1824 524 Quibusdam
1879 462 2034 510 vero
2083 463 2122 510 e
2153 440 2613 511 familiaribus
2656 440 2809 528 ejus
2855 440 3144 511 dicenti-

620 530 775 611 bus,
833 532 1070 600 mutis
1123 529 1291 600 locis
1341 551 1659 620 magnam
1696 550 1845 600 esse
1900 529 2395 600 monachorum
2454 529 2752 619 copiam,
2789 529 3041 600 dolens
3084 541 3145 600 et

624 618 1014 709 lacrymans
1046 617 1351 689 dicebat:
1390 641 1427 686 «
1460 623 1513 689 Ο
1544 640 1748 706 quam
1800 618 2041 688 defecit
2080 631 2363 689 sanctus
2394 622 2408 686 l
2446 623 2499 689 Ο
2526 640 2732 706 quam
2768 618 3153 688 diminutae

623 722 783 777 sunt
816 708 1125 777 veritates
1173 730 1208 777 a
1247 706 1409 778 filiis
1457 708 1855 777 hominuml
1910 707 2084 790 Quid
2134 707 2409 797 prodest
2462 708 2843 777 sanctitatis
2890 721 3157 798 gestare

620 793 975 879 habitum,
1028 797 1354 886 operibus
1407 796 1862 867 destitutum?
1934 797 2289 878 Monacbi,
2343 795 2593 884 qui-ad
2650 795 2928 887 regulae
2986 817 3155 866 suae

618 884 1119 977 praescriptum
1179 886 1438 967 vivunt,
1485 886 1702 956 beatis
1748 898 2240 974 comparantur
2288 884 2595 974 Angelis:
2647 886 2767 973 qui
2831 907 2991 954 vero
3052 907 3159 955 se·

619 974 888 1045 culares
918 986 984 1045 et
1019 974 1280 1044 mundo
1337 973 1552 1044 dediti
1609 987 1792 1055 sunt,
1829 988 2177 1064 apostatae
2213 991 2658 1044 censentur.»
2706 974 2986 1043 Dicebat
3032 996 3158 1044 au-

619 1076 750 1133 tem
803 1063 970 1132 haec
1008 1077 1289 1134 sanctus
1339 1063 1462 1141 vir,
1517 1062 1698 1151 quod
1754 1076 2059 1133 cerneret
2100 1063 2471 1132 monachos
2519 1065 2588 1131 in
2645 1063 2821 1132 beati
2878 1068 3154 1132 Emme-

618 1152 866 1222 rammi
898 1151 1230 1222 coenobio
1276 1151 1528 1221 Abbate
1573 1173 1828 1231 carere,
1865 1165 1931 1221 et
1983 1153 2074 1222 ita
2126 1152 2310 1222 velut
2344 1173 2502 1223 oves
2534 1152 2685 1221 sine
2725 1166 3001 1241 pastore
3046 1174 3153 1221 er-

614 1261 785 1309 rare.
825 1240 899 1310 Id
943 1262 1097 1310 vero
1151 1240 1311 1310 inde
1347 1241 1710 1322 acciderat,
1751 1240 1932 1328 quod
1976 1241 2289 1330 Episcopi
2325 1241 2411 1310 ab
2461 1242 3009 1330 Imperatoribus
3047 1240 3149 1311 vel

619 1328 920 1420 Regibus
961 1329 1130 1400 illud
1175 1331 1665 1400 monasterium
1722 1330 2187 1418 impetrantes,
2226 1330 2296 1398 in
2340 1352 2533 1400 suam
2578 1329 2907 1399 ditionem
2957 1330 3151 1400 rede-

613 1430 874 1508 gerant,
915 1419 1120 1489 rebus
1171 1441 1257 1489 ue
1294 1418 1448 1507 ejus
1477 1431 1541 1487 et
1591 1418 2034 1488 facultatibus
2070 1440 2192 1508 pro
2239 1440 2363 1488 suo
2392 1419 2733 1489 arbitratu
2777 1420 2884 1488 usi
2917 1433 3142 1489 erant.

617 1507 744 1578 Illo
777 1507 987 1598 igitur
1040 1441 1361 1578 defuncto
1423 1505 1699 1586 Abbate,
1761 1528 1964 1594 quem
2028 1507 2448 1588 invenerant,
2509 1508 2776 1578 nullutn
2817 1507 3151 1598 deinceps

616 1608 949 1666 curarunt
1003 1596 1441 1678 substituere,
1485 1596 1680 1665 veriti
1740 1595 2019 1676 scilicet,
2069 1618 2175 1675 ne,
2214 1597 2273 1666 si
2321 1596 2775 1678 monasterio„
2805 1610 2883 1666 ut
2945 1596 3152 1666 babet

611 1684 788 1756 vitae
827 1686 1242 1756 monasticae
1291 1706 1461 1756 usus
1513 1698 1579 1754 et
1633 1686 2080 1765 consuetudo,
2138 1685 2360 1756 Abbas
2411 1685 2914 1775 praeficeretur,
2962 1686 3150 1775 ipso-

619 1794 768 1844 rum
822 1787 1154 1865 usurpata
1188 1787 1483 1865 potestas
1514 1774 1614 1843 vel
1649 1773 1975 1861 obsequia
2023 1774 2625 1844 imminuerentur.
2678 1777 2845 1844 Cum
2894 1773 3148 1872 sicoau-

614 1874 744 1932 tem
784 1864 1099 1954 Episcopi
1139 1863 1529 1933 monasterii
1565 1884 1671 1932 res
1699 1875 1765 1932 et
1801 1865 1974 1932 bona
2005 1863 2133 1932 sibi
2173 1864 2597 1933 vindicarent
2641 1875 2848 1951 atque
2892 1862 3149 1932 distra-

613 1951 873 2033 herent,
926 1973 1053 2022 nec
1106 1952 1463 2021 monacbis
1512 1973 1616 2021 res
1678 1951 2101 2022 necessarias
2169 1951 2731 2042 suppeditarent:
2796 1953 3147 2040 permitte—

613 2039 779 2110 bant
823 2042 922 2109 eis
967 2041 1459 2128 undecumque
1495 2051 1790 2128 possent,
1839 2041 2090 2109 victum
2130 2055 2483 2129 vestesque
2528 2041 2662 2110 sibi
2710 2062 3137 2130 comparare.

700 2132 737 2216 ξ
782 2135 931 2202 ίθ.
986 2130 1112 2199 Sed
1183 2130 1349 2199 baec
1395 2129 1629 2199 omnia
1675 2128 1999 2198 dolebant
2043 2128 2234 2198 cordi
2285 2130 2460 2200 beati
2532 2129 2681 2198 viri.
2745 2133 2986 2217 Itaque
3045 2131 3144 2199 eis

613 2217 845 2289 volens
895 2218 1190 2288 remedia
1224 2218 1572 2300 adhibere,
1627 2217 1815 2287 misit
1855 2217 1938 2287 ad
1992 2223 2398 2288 'treverense
2444 2218 2965 2294 monasterium,
3022 2218 3143 2289 ubi

609 2327 866 2395 corpus
898 2307 1073 2376 beati
1124 2307 1473 2376 Maximini
1520 2306 1835 2395 quiescit,
1899 2318 2102 2395 atque
2149 2306 2309 2376 inde
2348 2308 2586 2377 accivit
2643 2306 3136 2383 Ramuoldum.

612 2393 834 2464 virum
889 2395 955 2463 in
1010 2395 1303 2487 regulari
1355 2395 1724 2487 disciplina
1772 2411 2154 2478 strenuum,
2212 2397 2330 2485 qui
2385 2396 2737 2484 quondam
2785 2418 2947 2466 cum
2992 2396 3140 2486 ipso

613 2483 890 2554 Henrici
944 2484 1452 2575 Archiepiscopi
1522 2484 1973 2575 cappellanus
2021 2485 2264 2555 fuerat.
2318 2490 2488 2557 Eum
2560 2485 2782 2574 primo
2845 2486 3141 2556 instituit

611 2574 1106 2662 Praepositum,
1158 2573 1408 2644 deinde
1471 2575 1791 2645 Abbatem
1848 2573 2168 2664 praefecit
2216 2575 2629 2645 monasterio
2695 2574 2916 2644 sancti
2982 2579 3133 2643 Em-

615 2664 1001 2732 merammi.
1054 2663 1180 2733 Sed
1249 2662 1314 2732 id
1363 2684 1442 2733 ex
1489 2664 1639 2755 ejus
1683 2662 2099 2734 consiliariis
2145 2664 2428 2753 quidam
2489 2663 2776 2753 indigne
2822 2662 3132 2741 ferentes,

607 2750 932 2822 dicebant
968 2752 1071 2821 ei:
1116 2773 1153 2819 «
1187 2752 1360 2835 Quid
1415 2754 1502 2821 ita
1551 2765 1616 2823 et
1660 2753 1981 2843 teipsum,
2032 2765 2099 2823 et
2167 2774 2598 2824 successores
2653 2764 2808 2822 tuos
2856 2751 3131 2823 fraudas

609 2841 832 2910 sancti
882 2842 1370 2912 Emmerammi
1417 2841 1909 2912 facultatibus?
1955 2842 2145 2912 Multi
2201 2842 2482 2930 quidem
2534 2854 2597 2911 te
2648 2841 2969 2922 laudant,
3020 2840 3133 2910 sed

614 2928 684 2996 in
739 2929 865 2999 hoc
903 2942 1081 2999 certe
1121 2952 1254 2999 non
1308 2930 1631 3000 laudant:
1687 2931 1896 3001 immo
1943 2952 2100 3001 vero
2134 2932 2545 3022 vituperant.
2598 2931 2935 3022 Fungaris
2982 2951 3135 3019 ergo

606 3028 673 3086 et
705 3017 1023 3108 Episcopi
1063 3031 1133 3088 et
1161 3018 1437 3090 Abbatis
1485 3039 1791 3095 munere,
1827 3033 1906 3089 ut
1953 3021 2050 3088 tui
2106 3020 2322 3090 fecere
2368 3021 2783 3100 decessoreS,
2840 3041 2923 3088 ne
2970 3040 3133 3107 qua·

613 3106 933 3175 rumdam
996 3128 1225 3176 rerum
1276 3121 1586 3176 carerent
1630 3107 2141 3177 emolumentis.
2208 3109 2471 3179 Isthaec
2518 3122 2636 3177 tua
2695 3108 3128 3197 insipientia,

606 3195 908 3282 quodam
960 3196 1334 3286 sapientiae
1368 3195 1508 3266 sale
1534 3194 1916 3267 condienda
1952 3209 2125 3267 est.»
2174 3199 2269 3267 Iis
2304 3197 2406 3266 vir
2433 3211 2714 3267 sanctus
2752 3197 3127 3287 respondit:

612 3306 649 3349 «
686 3288 827 3353 Non
872 3305 980 3354 me
1029 3284 1238 3374 pudet
1277 3285 1564 3355 stultum
1614 3298 1682 3355 et
1728 3283 2164 3372 insipientem
2216 3285 2355 3356 dici
2410 3297 2683 3375 propter
2731 3291 2966 3355 Deum:
3019 3283 3131 3354 sed

611 3371 885 3441 interim
935 3394 1054 3443 vos
1079 3372 1209 3443 hoc
1243 3373 1419 3445 scire
1444 3373 1729 3456 debetiS‚
1763 3372 2243 3466 wolfgangum
2289 3395 2644 3462 nunquam
2703 3375 2774 3442 in
2816 3373 3134 3443 humeros

612 3480 775 3530 suos
821 3474 1264 3552 accepturum
1314 3462 1656 3532 sarcinam
1691 3517 1708 3545 ,
1773 3485 1978 3548 quam
2031 3463 2206 3534 ferre
2280 3485 2413 3533 non
2468 3462 2719 3552 possit,
2773 3484 2924 3532 nem
2982 3485 3019 3532 e
3062 3474 3136 3531 ut

611 3549 993 3651 Episcopus
1070 3551 1323 3641 pariter
1369 3565 1434 3621 et
1479 3550 1703 3622 Abbas
1758 3551 1896 3622 dici
1968 3554 2147 3623 velit.
2202 3551 2389 3622 Sicut
2435 3552 2619 3621 enim
2652 3605 2668 3630 ,
2727 3564 2889 3621 teste
2989 3564 3134 3620 eato

610 3642 958 3728 Gregorio,
1012 3638 1415 3710 indecorum
1467 3652 1590 3721 est,
1643 3653 1721 3709 ut
1768 3641 1837 3709 in
1886 3661 2169 3730 corpore
2223 3640 2527 3710 humano
2572 3639 2865 3709 alterum
2925 3660 3136 3709 mem—

607 3726 810 3798 brum
874 3727 1157 3799 alterius
1203 3728 1533 3820 fungatur
1576 3727 1829 3813 officim
1882 3730 1974 3798 ita
2024 3728 2352 3799 nimirum
2406 3729 2683 3799 noxium
2713 3783 2729 3806 ‚
2793 3727 3137 3814 simulque

612 3818 1095 3907 turpissimum
1145 3829 1268 3899 est,
1322 3819 1382 3887 si
1430 3817 1702 3908 singula
1757 3838 1984 3887 rerum
2052 3818 2428 3888 ministeria
2490 3818 2803 3907 personis
2863 3816 3137 3886 totidem

607 3927 742 3976 non
792 3905 1049 3975 fuerint
1094 3904 1486 3976 distributa.
1548 3905 1814 3977 Sufficit
1873 3905 2242 3997 Episcopo,
2298 3919 2374 3976 ut
2447 3910 2723 3977 summa
2787 3904 3142 3997 vigilantis

607 3993 967 4066 incumbat
1018 3994 1342 4086 pastorali
1375 3994 1632 4077 officim
1685 3997 1987 4083 satisque
2044 3996 2296 4088 negotii
2348 3995 2551 4065 babet
2605 3994 2853 4075 Abbas,
2904 3996 2963 4065 si
3011 3994 3144 4063 fra·

605 4094 788 4154 trum
826 4096 1020 4154 curet
1067 4083 1383 4165 salutem,
1438 4104 1683 4172 resque
1723 4085 2118 4155 monasterii
2167 4084 2276 4154 sui
2315 4105 2432 4175 per
2477 4084 2710 4154 omnia
2760 4084 2933 4152 bene
2992 4104 3145 4171 pro-

608 4184 824 4242 curet.
879 4179 1097 4257 Quam
1147 4175 1236 4244 ob
1282 4195 1562 4245 causam
1614 4173 1815 4243 debet
1857 4174 2060 4243 etiam
2105 4171 2221 4242 ille
2269 4173 2444 4244 inter
2491 4172 2731 4242 fratres
2776 4170 3004 4241 officia
3034 4170 3144 4240 di-

611 4260 968 4343 stribuere,
1022 4273 1098 4332 ut
1126 4261 1257 4332 hac
1297 4262 1557 4333 ratione
1587 4263 1672 4332 de
1710 4263 1860 4333 suis
1896 4262 2224 4332 oneribus
2263 4261 2523 4349 aliquid
2573 4260 2908 4331 detrahat.
2944 4258 3144 4344 Quod

607 4361 834 4419 autem
879 4371 987 4419 me
1032 4350 1260 4422 dicitis
1297 4365 1363 4422 et
1401 4373 1833 4423 successores
1881 4373 2068 4423 meos
2109 4350 2428 4420 fraudare
2467 4350 2911 4421 facultatibus
2960 4348 3147 4420 beati

607 4441 1099 4509 Emmerammi
1148 4441 1506 4531 martyris:
1576 4439 1896 4529 equidem
1966 4461 2048 4510 ea
2104 4438 2258 4521 illi,
2309 4440 2422 4510 cui
2482 4439 2735 4510 donata
2797 4451 3007 4520 sunt,
3077 4450 3149 4509 et
