<?xml version="1.0" encoding="UTF-8"?>
<!DOCTYPE html PUBLIC "-//W3C//DTD XHTML 1.0 Transitional//EN"
    "http://www.w3.org/TR/xhtml1/DTD/xhtml1-transitional.dtd">
<html xmlns="http://www.w3.org/1999/xhtml" xml:lang="en" lang="en">
 <head>
  <title>
</title>
<meta http-equiv="Content-Type" content="text/html;charset=utf-8" />
  <meta name='ocr-system' content='tesseract 3.04.00' />
  <meta name='ocr-capabilities' content='ocr_page ocr_carea ocr_par ocr_line ocrx_word'/>
</head>
<body>
  <div class='ocr_page' id='page_1' title='image "./historiaeseuvit03lippgoog_0639.png"; bbox 0 0 3347 4999; ppageno 0'>
   <div class='ocr_carea' id='block_1_1' title="bbox 194 341 2621 410">
    <p class='ocr_par' dir='ltr' id='par_1_1' title="bbox 194 341 2621 410">
     <span class='ocr_line' id='line_1_1' title="bbox 194 341 2621 410; baseline 0.002 -4"><span class='ocrx_word' id='word_1_1' title='bbox 194 341 355 406; x_wconf 89' lang='lat' dir='ltr'>OCT.</span> <span class='ocrx_word' id='word_1_2' title='bbox 412 342 493 403; x_wconf 67' lang='lat'>218</span> <span class='ocrx_word' id='word_1_3' title='bbox 1026 362 1101 406; x_wconf 72' lang='grc' dir='ltr'>οε</span> <span class='ocrx_word' id='word_1_4' title='bbox 1152 361 1205 405; x_wconf 77' lang='lat' dir='ltr'>s,</span> <span class='ocrx_word' id='word_1_5' title='bbox 1253 360 1408 406; x_wconf 59' lang='lat' dir='ltr'>Luca</span> <span class='ocrx_word' id='word_1_6' title='bbox 1457 346 1876 409; x_wconf 62' lang='lat' dir='ltr'>armenusra</span> <span class='ocrx_word' id='word_1_7' title='bbox 2496 347 2621 410; x_wconf 72' lang='lat'>527</span> 
     </span>
    </p>
   </div>
   <div class='ocr_carea' id='block_1_2' title="bbox 142 445 2714 4460">
    <p class='ocr_par' dir='ltr' id='par_1_2' title="bbox 177 445 2714 1961">
     <span class='ocr_line' id='line_1_2' title="bbox 189 445 2709 532; baseline 0.001 -18"><span class='ocrx_word' id='word_1_8' title='bbox 189 445 598 515; x_wconf 90' lang='lat' dir='ltr'>describens.</span> <span class='ocrx_word' id='word_1_9' title='bbox 654 445 776 515; x_wconf 89' lang='lat' dir='ltr'>Hic</span> <span class='ocrx_word' id='word_1_10' title='bbox 848 446 1216 532; x_wconf 84' lang='lat' dir='ltr'>sententias</span> <span class='ocrx_word' id='word_1_11' title='bbox 1263 469 1341 515; x_wconf 89' lang='lat' dir='ltr'>ac</span> <span class='ocrx_word' id='word_1_12' title='bbox 1404 446 1773 526; x_wconf 77' lang='lat' dir='ltr'>doctrinas,</span> <span class='ocrx_word' id='word_1_13' title='bbox 1828 468 2092 516; x_wconf 90' lang='lat' dir='ltr'>omnem</span> <span class='ocrx_word' id='word_1_14' title='bbox 2174 461 2466 519; x_wconf 85' lang='lat' dir='ltr'>mentem</span> <span class='ocrx_word' id='word_1_15' title='bbox 2517 470 2709 518; x_wconf 85' lang='lat' dir='ltr'>exce-</span> 
     </span>
     <span class='ocr_line' id='line_1_3' title="bbox 189 534 2706 618; baseline 0.001 -15"><span class='ocrx_word' id='word_1_16' title='bbox 189 534 439 617; x_wconf 79' lang='lat' dir='ltr'><strong>dentes,</strong></span> <span class='ocrx_word' id='word_1_17' title='bbox 496 535 632 604; x_wconf 91' lang='lat' dir='ltr'>veri</span> <span class='ocrx_word' id='word_1_18' title='bbox 682 536 889 605; x_wconf 88' lang='lat' dir='ltr'>simul</span> <span class='ocrx_word' id='word_1_19' title='bbox 939 558 1016 606; x_wconf 91' lang='lat' dir='ltr'>ac</span> <span class='ocrx_word' id='word_1_20' title='bbox 1056 535 1324 605; x_wconf 87' lang='lat' dir='ltr'>honesti</span> <span class='ocrx_word' id='word_1_21' title='bbox 1369 558 1600 605; x_wconf 89' lang='lat' dir='ltr'>amore</span> <span class='ocrx_word' id='word_1_22' title='bbox 1634 536 2114 618; x_wconf 74' lang='lat' dir='ltr'><strong>manifestavit,</strong></span> <span class='ocrx_word' id='word_1_23' title='bbox 2171 560 2396 607; x_wconf 90' lang='lat' dir='ltr'>rerum</span> <span class='ocrx_word' id='word_1_24' title='bbox 2440 539 2706 608; x_wconf 88' lang='lat' dir='ltr'>veritati</span> 
     </span>
     <span class='ocr_line' id='line_1_4' title="bbox 187 625 2714 715; baseline 0 -22"><span class='ocrx_word' id='word_1_25' title='bbox 187 646 570 693; x_wconf 80' lang='lat' dir='ltr'>sermonum</span> <span class='ocrx_word' id='word_1_26' title='bbox 625 625 1115 714; x_wconf 78' lang='lat' dir='ltr'>ingenuitatem</span> <span class='ocrx_word' id='word_1_27' title='bbox 1165 625 1645 706; x_wconf 79' lang='lat' dir='ltr'>commiscens,</span> <span class='ocrx_word' id='word_1_28' title='bbox 1699 639 1775 695; x_wconf 91' lang='lat' dir='ltr'>ut</span> <span class='ocrx_word' id='word_1_29' title='bbox 1822 638 1885 694; x_wconf 87' lang='lat' dir='ltr'>et</span> <span class='ocrx_word' id='word_1_30' title='bbox 1929 626 2173 695; x_wconf 81' lang='lat' dir='ltr'>inentis</span> <span class='ocrx_word' id='word_1_31' title='bbox 2221 626 2427 696; x_wconf 88' lang='lat' dir='ltr'>simul</span> <span class='ocrx_word' id='word_1_32' title='bbox 2479 627 2714 715; x_wconf 18' lang='lat' dir='ltr'>nolin-0</span> 
     </span>
     <span class='ocr_line' id='line_1_5' title="bbox 184 713 2705 804; baseline 0.001 -23"><span class='ocrx_word' id='word_1_33' title='bbox 184 736 351 802; x_wconf 82' lang='lat' dir='ltr'>guae</span> <span class='ocrx_word' id='word_1_34' title='bbox 400 713 710 783; x_wconf 90' lang='lat' dir='ltr'>virtutem</span> <span class='ocrx_word' id='word_1_35' title='bbox 763 714 850 784; x_wconf 94' lang='lat' dir='ltr'>ob</span> <span class='ocrx_word' id='word_1_36' title='bbox 897 714 1132 783; x_wconf 88' lang='lat' dir='ltr'>oculos</span> <span class='ocrx_word' id='word_1_37' title='bbox 1178 727 1475 804; x_wconf 88' lang='lat' dir='ltr'>poneret.</span> <span class='ocrx_word' id='word_1_38' title='bbox 1513 719 1587 783; x_wconf 93' lang='lat' dir='ltr'>In</span> <span class='ocrx_word' id='word_1_39' title='bbox 1646 715 1988 803; x_wconf 88' lang='lat' dir='ltr'>parabolis</span> <span class='ocrx_word' id='word_1_40' title='bbox 2035 738 2310 802; x_wconf 90' lang='lat' dir='ltr'>quoque</span> <span class='ocrx_word' id='word_1_41' title='bbox 2358 716 2705 785; x_wconf 79' lang='lat' dir='ltr'>doctrinas</span> 
     </span>
     <span class='ocr_line' id='line_1_6' title="bbox 185 802 2710 894; baseline 0.001 -23"><span class='ocrx_word' id='word_1_42' title='bbox 185 802 511 872; x_wconf 88' lang='lat' dir='ltr'>salutares</span> <span class='ocrx_word' id='word_1_43' title='bbox 561 805 863 884; x_wconf 76' lang='lat' dir='ltr'>retexuit,</span> <span class='ocrx_word' id='word_1_44' title='bbox 906 803 971 871; x_wconf 91' lang='lat' dir='ltr'>in</span> <span class='ocrx_word' id='word_1_45' title='bbox 1026 804 1151 872; x_wconf 90' lang='lat' dir='ltr'>hoc</span> <span class='ocrx_word' id='word_1_46' title='bbox 1182 803 1383 873; x_wconf 88' lang='lat' dir='ltr'>etiam</span> <span class='ocrx_word' id='word_1_47' title='bbox 1435 804 1776 894; x_wconf 91' lang='lat' dir='ltr'>copiosior</span> <span class='ocrx_word' id='word_1_48' title='bbox 1814 805 2121 874; x_wconf 87' lang='lat' dir='ltr'>caeteris.</span> <span class='ocrx_word' id='word_1_49' title='bbox 2169 810 2377 892; x_wconf 88' lang='lat' dir='ltr'>thue</span> <span class='ocrx_word' id='word_1_50' title='bbox 2418 806 2710 875; x_wconf 90' lang='lat' dir='ltr'>breviter</span> 
     </span>
     <span class='ocr_line' id='line_1_7' title="bbox 185 891 2702 973; baseline 0.002 -14"><span class='ocrx_word' id='word_1_51' title='bbox 185 891 428 973; x_wconf 86' lang='lat' dir='ltr'>dicam,</span> <span class='ocrx_word' id='word_1_52' title='bbox 531 892 1066 962; x_wconf 86' lang='lat' dir='ltr'>uemadmodum</span> <span class='ocrx_word' id='word_1_53' title='bbox 1120 893 1302 961; x_wconf 80' lang='lat' dir='ltr'>verbi</span> <span class='ocrx_word' id='word_1_54' title='bbox 1350 893 1754 962; x_wconf 85' lang='lat' dir='ltr'>descensum</span> <span class='ocrx_word' id='word_1_55' title='bbox 1817 894 1884 962; x_wconf 90' lang='lat' dir='ltr'>in</span> <span class='ocrx_word' id='word_1_56' title='bbox 1940 906 2180 963; x_wconf 86' lang='lat' dir='ltr'>terram</span> <span class='ocrx_word' id='word_1_57' title='bbox 2232 894 2536 963; x_wconf 90' lang='lat' dir='ltr'>dilucide</span> <span class='ocrx_word' id='word_1_58' title='bbox 2591 916 2702 963; x_wconf 86' lang='lat' dir='ltr'>co-</span> 
     </span>
     <span class='ocr_line' id='line_1_8' title="bbox 183 981 2708 1070; baseline 0.001 -22"><span class='ocrx_word' id='word_1_59' title='bbox 183 1003 475 1070; x_wconf 88' lang='lat' dir='ltr'>gnoscen</span> <span class='ocrx_word' id='word_1_60' title='bbox 537 1003 648 1049; x_wconf 91' lang='lat' dir='ltr'>um</span> <span class='ocrx_word' id='word_1_61' title='bbox 700 981 909 1062; x_wconf 89' lang='lat' dir='ltr'>dedit,</span> <span class='ocrx_word' id='word_1_62' title='bbox 944 983 1032 1051; x_wconf 90' lang='lat' dir='ltr'>ita</span> <span class='ocrx_word' id='word_1_63' title='bbox 1073 994 1137 1051; x_wconf 91' lang='lat' dir='ltr'>et</span> <span class='ocrx_word' id='word_1_64' title='bbox 1162 1004 1524 1052; x_wconf 89' lang='lat' dir='ltr'>ascensum</span> <span class='ocrx_word' id='word_1_65' title='bbox 1572 982 1637 1050; x_wconf 92' lang='lat' dir='ltr'>in</span> <span class='ocrx_word' id='word_1_66' title='bbox 1666 982 1912 1063; x_wconf 79' lang='lat' dir='ltr'>coeIOS,</span> <span class='ocrx_word' id='word_1_67' title='bbox 1950 996 2015 1052; x_wconf 93' lang='lat' dir='ltr'>et</span> <span class='ocrx_word' id='word_1_68' title='bbox 2062 983 2354 1052; x_wconf 90' lang='lat' dir='ltr'>reditum</span> <span class='ocrx_word' id='word_1_69' title='bbox 2406 983 2489 1052; x_wconf 92' lang='lat' dir='ltr'>ad</span> <span class='ocrx_word' id='word_1_70' title='bbox 2524 982 2708 1052; x_wconf 88' lang='lat' dir='ltr'>thro-</span> 
     </span>
     <span class='ocr_line' id='line_1_9' title="bbox 185 1071 2706 1160; baseline 0 -22"><span class='ocrx_word' id='word_1_71' title='bbox 185 1092 347 1139; x_wconf 90' lang='lat' dir='ltr'>num</span> <span class='ocrx_word' id='word_1_72' title='bbox 400 1082 785 1160; x_wconf 88' lang='lat' dir='ltr'>paternum‚</span> <span class='ocrx_word' id='word_1_73' title='bbox 839 1071 1017 1140; x_wconf 89' lang='lat' dir='ltr'>sicut</span> <span class='ocrx_word' id='word_1_74' title='bbox 1046 1071 1389 1160; x_wconf 84' lang='lat' dir='ltr'>quispiam</span> <span class='ocrx_word' id='word_1_75' title='bbox 1425 1093 1459 1139; x_wconf 94' lang='lat' dir='ltr'>e</span> <span class='ocrx_word' id='word_1_76' title='bbox 1499 1072 1687 1141; x_wconf 90' lang='lat' dir='ltr'>coelo</span> <span class='ocrx_word' id='word_1_77' title='bbox 1722 1073 2017 1153; x_wconf 89' lang='lat' dir='ltr'>veniens,</span> <span class='ocrx_word' id='word_1_78' title='bbox 2060 1072 2536 1143; x_wconf 81' lang='lat' dir='ltr'>manifestavit.</span> <span class='ocrx_word' id='word_1_79' title='bbox 2569 1077 2706 1142; x_wconf 88' lang='lat' dir='ltr'>Hoc</span> 
     </span>
     <span class='ocr_line' id='line_1_10' title="bbox 183 1160 2696 1251; baseline 0.001 -24"><span class='ocrx_word' id='word_1_80' title='bbox 183 1171 403 1229; x_wconf 88' lang='lat' dir='ltr'>autem</span> <span class='ocrx_word' id='word_1_81' title='bbox 442 1160 617 1228; x_wconf 88' lang='lat' dir='ltr'>inter</span> <span class='ocrx_word' id='word_1_82' title='bbox 654 1172 918 1229; x_wconf 88' lang='lat' dir='ltr'>caetera</span> <span class='ocrx_word' id='word_1_83' title='bbox 966 1161 1434 1250; x_wconf 89' lang='lat' dir='ltr'>gratissimum</span> <span class='ocrx_word' id='word_1_84' title='bbox 1488 1174 1610 1241; x_wconf 85' lang='lat' dir='ltr'>est,</span> <span class='ocrx_word' id='word_1_85' title='bbox 1645 1160 1826 1248; x_wconf 85' lang='lat' dir='ltr'>quod</span> <span class='ocrx_word' id='word_1_86' title='bbox 1881 1162 2106 1251; x_wconf 90' lang='lat' dir='ltr'>ipsum</span> <span class='ocrx_word' id='word_1_87' title='bbox 2158 1184 2430 1249; x_wconf 89' lang='lat' dir='ltr'>quoque</span> <span class='ocrx_word' id='word_1_88' title='bbox 2464 1175 2696 1251; x_wconf 81' lang='lat' dir='ltr'>typum</span> 
     </span>
     <span class='ocr_line' id='line_1_11' title="bbox 182 1249 2701 1341; baseline 0.002 -26"><span class='ocrx_word' id='word_1_89' title='bbox 182 1261 569 1338; x_wconf 85' lang='lat' dir='ltr'>assumptae</span> <span class='ocrx_word' id='word_1_90' title='bbox 612 1249 1058 1319; x_wconf 87' lang='lat' dir='ltr'>humanitatis</span> <span class='ocrx_word' id='word_1_91' title='bbox 1107 1249 1349 1319; x_wconf 87' lang='lat' dir='ltr'>Christi</span> <span class='ocrx_word' id='word_1_92' title='bbox 1402 1250 1557 1331; x_wconf 90' lang='lat' dir='ltr'>mei,</span> <span class='ocrx_word' id='word_1_93' title='bbox 1612 1273 1691 1319; x_wconf 91' lang='lat' dir='ltr'>ac</span> <span class='ocrx_word' id='word_1_94' title='bbox 1733 1251 2009 1341; x_wconf 89' lang='lat' dir='ltr'>signum</span> <span class='ocrx_word' id='word_1_95' title='bbox 2061 1251 2234 1339; x_wconf 89' lang='lat' dir='ltr'>ejus,</span> <span class='ocrx_word' id='word_1_96' title='bbox 2280 1273 2457 1338; x_wconf 89' lang='lat' dir='ltr'>quae</span> <span class='ocrx_word' id='word_1_97' title='bbox 2507 1250 2701 1319; x_wconf 90' lang='lat' dir='ltr'>illum</span> 
     </span>
     <span class='ocr_line' id='line_1_12' title="bbox 188 1338 2702 1430; baseline 0 -25"><span class='ocrx_word' id='word_1_98' title='bbox 188 1353 557 1427; x_wconf 80' lang='lat' dir='ltr'>pepererat,</span> <span class='ocrx_word' id='word_1_99' title='bbox 609 1350 674 1407; x_wconf 94' lang='lat' dir='ltr'>et</span> <span class='ocrx_word' id='word_1_100' title='bbox 707 1352 1128 1430; x_wconf 87' lang='lat' dir='ltr'>assumptam</span> <span class='ocrx_word' id='word_1_101' title='bbox 1182 1339 1677 1408; x_wconf 84' lang='lat' dir='ltr'>humanitatem</span> <span class='ocrx_word' id='word_1_102' title='bbox 1730 1338 2031 1421; x_wconf 90' lang='lat' dir='ltr'>dederat,</span> <span class='ocrx_word' id='word_1_103' title='bbox 2090 1341 2352 1430; x_wconf 91' lang='lat' dir='ltr'>primus</span> <span class='ocrx_word' id='word_1_104' title='bbox 2400 1340 2511 1410; x_wconf 90' lang='lat' dir='ltr'>hic</span> <span class='ocrx_word' id='word_1_105' title='bbox 2545 1342 2702 1409; x_wconf 68' lang='lat' dir='ltr'>cera</span> 
     </span>
     <span class='ocr_line' id='line_1_13' title="bbox 182 1426 2698 1528; baseline 0.001 -34"><span class='ocrx_word' id='word_1_106' title='bbox 182 1450 257 1495; x_wconf 92' lang='lat' dir='ltr'>ac</span> <span class='ocrx_word' id='word_1_107' title='bbox 307 1426 737 1496; x_wconf 84' lang='lat' dir='ltr'>lineamentis</span> <span class='ocrx_word' id='word_1_108' title='bbox 788 1428 1103 1528; x_wconf 78' lang='lat' dir='ltr'>tingenS,</span> <span class='ocrx_word' id='word_1_109' title='bbox 1160 1440 1231 1497; x_wconf 91' lang='lat' dir='ltr'>ut</span> <span class='ocrx_word' id='word_1_110' title='bbox 1277 1428 1362 1497; x_wconf 91' lang='lat' dir='ltr'>ad</span> <span class='ocrx_word' id='word_1_111' title='bbox 1415 1427 1579 1497; x_wconf 88' lang='lat' dir='ltr'>haec</span> <span class='ocrx_word' id='word_1_112' title='bbox 1626 1450 1847 1515; x_wconf 90' lang='lat' dir='ltr'>usque</span> <span class='ocrx_word' id='word_1_113' title='bbox 1922 1442 2222 1519; x_wconf 89' lang='lat' dir='ltr'>tempora</span> <span class='ocrx_word' id='word_1_114' title='bbox 2273 1429 2338 1497; x_wconf 91' lang='lat' dir='ltr'>in</span> <span class='ocrx_word' id='word_1_115' title='bbox 2397 1429 2698 1518; x_wconf 86' lang='lat' dir='ltr'>imagine</span> 
     </span>
     <span class='ocr_line' id='line_1_14' title="bbox 183 1516 2696 1605; baseline 0.001 -21"><span class='ocrx_word' id='word_1_116' title='bbox 183 1517 702 1597; x_wconf 85' lang='lat' dir='ltr'>honorarentur,</span> <span class='ocrx_word' id='word_1_117' title='bbox 750 1516 1048 1598; x_wconf 80' lang='lat' dir='ltr'>tradidit,</span> <span class='ocrx_word' id='word_1_118' title='bbox 1090 1529 1436 1605; x_wconf 90' lang='lat' dir='ltr'>tamquam</span> <span class='ocrx_word' id='word_1_119' title='bbox 1492 1540 1623 1587; x_wconf 89' lang='lat' dir='ltr'>non</span> <span class='ocrx_word' id='word_1_120' title='bbox 1662 1518 1826 1587; x_wconf 90' lang='lat' dir='ltr'>satis</span> <span class='ocrx_word' id='word_1_121' title='bbox 1873 1540 2021 1588; x_wconf 89' lang='lat' dir='ltr'>esse</span> <span class='ocrx_word' id='word_1_122' title='bbox 2065 1518 2507 1599; x_wconf 85' lang='lat' dir='ltr'>existimans,</span> <span class='ocrx_word' id='word_1_123' title='bbox 2565 1519 2696 1586; x_wconf 92' lang='lat' dir='ltr'>nisi</span> 
     </span>
     <span class='ocr_line' id='line_1_15' title="bbox 179 1606 2704 1709; baseline -0 -35"><span class='ocrx_word' id='word_1_124' title='bbox 179 1606 378 1674; x_wconf 87' lang='lat' dir='ltr'>etiam</span> <span class='ocrx_word' id='word_1_125' title='bbox 433 1628 552 1695; x_wconf 92' lang='lat' dir='ltr'>per</span> <span class='ocrx_word' id='word_1_126' title='bbox 614 1606 747 1674; x_wconf 86' lang='lat' dir='ltr'>ima</span> <span class='ocrx_word' id='word_1_127' title='bbox 801 1606 981 1675; x_wconf 88' lang='lat' dir='ltr'>inem</span> <span class='ocrx_word' id='word_1_128' title='bbox 1046 1630 1125 1675; x_wconf 88' lang='lat' dir='ltr'>ac</span> <span class='ocrx_word' id='word_1_129' title='bbox 1174 1619 1413 1709; x_wconf 78' lang='lat' dir='ltr'>typum</span> <span class='ocrx_word' id='word_1_130' title='bbox 1480 1620 1860 1678; x_wconf 89' lang='lat' dir='ltr'>versaretur</span> <span class='ocrx_word' id='word_1_131' title='bbox 1918 1630 2076 1677; x_wconf 89' lang='lat' dir='ltr'>curn</span> <span class='ocrx_word' id='word_1_132' title='bbox 2131 1607 2237 1676; x_wconf 92' lang='lat' dir='ltr'>his</span> <span class='ocrx_word' id='word_1_133' title='bbox 2283 1630 2456 1694; x_wconf 88' lang='lat' dir='ltr'>quos</span> <span class='ocrx_word' id='word_1_134' title='bbox 2523 1607 2704 1677; x_wconf 88' lang='lat' dir='ltr'>desi-</span> 
     </span>
     <span class='ocr_line' id='line_1_16' title="bbox 178 1694 2690 1787; baseline 0 -25"><span class='ocrx_word' id='word_1_135' title='bbox 178 1694 475 1776; x_wconf 84' lang='lat' dir='ltr'>derabat,</span> <span class='ocrx_word' id='word_1_136' title='bbox 530 1695 709 1782; x_wconf 91' lang='lat' dir='ltr'>quod</span> <span class='ocrx_word' id='word_1_137' title='bbox 771 1696 1224 1766; x_wconf 80' lang='lat' dir='ltr'>erventissimi</span> <span class='ocrx_word' id='word_1_138' title='bbox 1256 1696 1510 1765; x_wconf 87' lang='lat' dir='ltr'>amoris</span> <span class='ocrx_word' id='word_1_139' title='bbox 1560 1697 1836 1787; x_wconf 86' lang='lat' dir='ltr'>signum</span> <span class='ocrx_word' id='word_1_140' title='bbox 1873 1709 1993 1766; x_wconf 92' lang='lat' dir='ltr'>est.</span> <span class='ocrx_word' id='word_1_141' title='bbox 2048 1701 2273 1783; x_wconf 90' lang='lat' dir='ltr'>Neque</span> <span class='ocrx_word' id='word_1_142' title='bbox 2323 1696 2388 1765; x_wconf 94' lang='lat' dir='ltr'>id</span> <span class='ocrx_word' id='word_1_143' title='bbox 2441 1695 2690 1776; x_wconf 90' lang='lat' dir='ltr'>solum,</span> 
     </span>
     <span class='ocr_line' id='line_1_17' title="bbox 179 1782 2698 1875; baseline 0 -21"><span class='ocrx_word' id='word_1_144' title='bbox 179 1784 290 1854; x_wconf 87' lang='lat' dir='ltr'>sed</span> <span class='ocrx_word' id='word_1_145' title='bbox 342 1797 407 1853; x_wconf 89' lang='lat' dir='ltr'>et</span> <span class='ocrx_word' id='word_1_146' title='bbox 452 1782 774 1854; x_wconf 85' lang='lat' dir='ltr'>fidelibus</span> <span class='ocrx_word' id='word_1_147' title='bbox 814 1785 1162 1864; x_wconf 88' lang='lat' dir='ltr'>omnibus,</span> <span class='ocrx_word' id='word_1_148' title='bbox 1206 1785 1587 1872; x_wconf 88' lang='lat' dir='ltr'>Christique</span> <span class='ocrx_word' id='word_1_149' title='bbox 1628 1785 2053 1875; x_wconf 87' lang='lat' dir='ltr'>amatoribus</span> <span class='ocrx_word' id='word_1_150' title='bbox 2101 1785 2268 1857; x_wconf 92' lang='lat' dir='ltr'>haec</span> <span class='ocrx_word' id='word_1_151' title='bbox 2319 1808 2491 1874; x_wconf 87' lang='lat' dir='ltr'>quae</span> <span class='ocrx_word' id='word_1_152' title='bbox 2555 1809 2698 1855; x_wconf 90' lang='lat' dir='ltr'>ma-</span> 
     </span>
     <span class='ocr_line' id='line_1_18' title="bbox 177 1873 1288 1961; baseline -0.004 -18"><span class='ocrx_word' id='word_1_153' title='bbox 177 1874 355 1943; x_wconf 82' lang='lat' dir='ltr'>xima</span> <span class='ocrx_word' id='word_1_154' title='bbox 405 1886 619 1953; x_wconf 89' lang='lat' dir='ltr'>erant,</span> <span class='ocrx_word' id='word_1_155' title='bbox 661 1874 952 1961; x_wconf 82' lang='lat' dir='ltr'>gratioso</span> <span class='ocrx_word' id='word_1_156' title='bbox 993 1873 1288 1944; x_wconf 88' lang='lat' dir='ltr'>donavit.</span> 
     </span>
    </p>

    <p class='ocr_par' dir='ltr' id='par_1_3' title="bbox 142 1963 2702 4460">
     <span class='ocr_line' id='line_1_19' title="bbox 267 1963 2702 2054; baseline 0 -21"><span class='ocrx_word' id='word_1_157' title='bbox 267 1965 303 2048; x_wconf 66' lang='grc' dir='ltr'>ξ</span> <span class='ocrx_word' id='word_1_158' title='bbox 353 1968 442 2033; x_wconf 76' lang='grc'>6.</span> <span class='ocrx_word' id='word_1_159' title='bbox 497 1966 574 2031; x_wconf 83' lang='lat' dir='ltr'>At</span> <span class='ocrx_word' id='word_1_160' title='bbox 615 1985 746 2032; x_wconf 91' lang='lat' dir='ltr'>non</span> <span class='ocrx_word' id='word_1_161' title='bbox 808 1964 875 2032; x_wconf 93' lang='lat' dir='ltr'>in</span> <span class='ocrx_word' id='word_1_162' title='bbox 926 1964 1035 2034; x_wconf 90' lang='lat' dir='ltr'>his</span> <span class='ocrx_word' id='word_1_163' title='bbox 1092 1963 1256 2033; x_wconf 88' lang='lat' dir='ltr'>solis</span> <span class='ocrx_word' id='word_1_164' title='bbox 1305 1968 1521 2035; x_wconf 87' lang='lat' dir='ltr'>Lucas</span> <span class='ocrx_word' id='word_1_165' title='bbox 1569 1965 1858 2053; x_wconf 85' lang='lat' dir='ltr'>gratiam</span> <span class='ocrx_word' id='word_1_166' title='bbox 1922 1964 2231 2054; x_wconf 81' lang='lat' dir='ltr'>spirituS,</span> <span class='ocrx_word' id='word_1_167' title='bbox 2287 1986 2462 2052; x_wconf 87' lang='lat' dir='ltr'>quae</span> <span class='ocrx_word' id='word_1_168' title='bbox 2513 1965 2578 2033; x_wconf 91' lang='lat' dir='ltr'>in</span> <span class='ocrx_word' id='word_1_169' title='bbox 2631 1986 2702 2033; x_wconf 92' lang='lat' dir='ltr'>se</span> 
     </span>
     <span class='ocr_line' id='line_1_20' title="bbox 182 2052 2697 2139; baseline 0.001 -20"><span class='ocrx_word' id='word_1_170' title='bbox 182 2064 345 2132; x_wconf 90' lang='lat' dir='ltr'>erat,</span> <span class='ocrx_word' id='word_1_171' title='bbox 403 2052 789 2133; x_wconf 88' lang='lat' dir='ltr'>coarctavit,</span> <span class='ocrx_word' id='word_1_172' title='bbox 840 2073 1057 2139; x_wconf 89' lang='lat' dir='ltr'>neque</span> <span class='ocrx_word' id='word_1_173' title='bbox 1104 2052 1187 2122; x_wconf 90' lang='lat' dir='ltr'>ad</span> <span class='ocrx_word' id='word_1_174' title='bbox 1240 2052 1463 2122; x_wconf 88' lang='lat' dir='ltr'>solum</span> <span class='ocrx_word' id='word_1_175' title='bbox 1526 2058 1704 2122; x_wconf 87' lang='lat' dir='ltr'>Evan</span> <span class='ocrx_word' id='word_1_176' title='bbox 1759 2053 1965 2124; x_wconf 89' lang='lat' dir='ltr'>elium</span> <span class='ocrx_word' id='word_1_177' title='bbox 2036 2054 2143 2123; x_wconf 89' lang='lat' dir='ltr'>hic</span> <span class='ocrx_word' id='word_1_178' title='bbox 2194 2053 2697 2124; x_wconf 89' lang='lat' dir='ltr'>ministrantem</span> 
     </span>
     <span class='ocr_line' id='line_1_21' title="bbox 181 2140 2701 2232; baseline 0 -23"><span class='ocrx_word' id='word_1_179' title='bbox 181 2140 417 2210; x_wconf 90' lang='lat' dir='ltr'>habuit</span> <span class='ocrx_word' id='word_1_180' title='bbox 452 2141 786 2230; x_wconf 81' lang='lat' dir='ltr'>linguam,</span> <span class='ocrx_word' id='word_1_181' title='bbox 831 2142 945 2210; x_wconf 87' lang='lat' dir='ltr'>sed</span> <span class='ocrx_word' id='word_1_182' title='bbox 991 2155 1139 2231; x_wconf 90' lang='lat' dir='ltr'>post</span> <span class='ocrx_word' id='word_1_183' title='bbox 1188 2142 1391 2211; x_wconf 87' lang='lat' dir='ltr'>finem</span> <span class='ocrx_word' id='word_1_184' title='bbox 1449 2141 1708 2212; x_wconf 88' lang='lat' dir='ltr'>miracu</span> <span class='ocrx_word' id='word_1_185' title='bbox 1741 2164 1936 2212; x_wconf 89' lang='lat' dir='ltr'>orum</span> <span class='ocrx_word' id='word_1_186' title='bbox 1976 2142 2243 2223; x_wconf 88' lang='lat' dir='ltr'>Christi,</span> <span class='ocrx_word' id='word_1_187' title='bbox 2297 2143 2498 2213; x_wconf 80' lang='lat' dir='ltr'>&#39;etiam</span> <span class='ocrx_word' id='word_1_188' title='bbox 2535 2146 2701 2232; x_wconf 81' lang='lat' dir='ltr'>Apo-</span> 
     </span>
     <span class='ocr_line' id='line_1_22' title="bbox 181 2230 2699 2320; baseline 0.001 -24"><span class='ocrx_word' id='word_1_189' title='bbox 181 2230 505 2299; x_wconf 87' lang='lat' dir='ltr'>stolorum</span> <span class='ocrx_word' id='word_1_190' title='bbox 543 2231 819 2320; x_wconf 83' lang='lat' dir='ltr'>exponit</span> <span class='ocrx_word' id='word_1_191' title='bbox 865 2231 1204 2300; x_wconf 89' lang='lat' dir='ltr'>actiones:</span> <span class='ocrx_word' id='word_1_192' title='bbox 1245 2236 1320 2299; x_wconf 91' lang='lat' dir='ltr'>Et</span> <span class='ocrx_word' id='word_1_193' title='bbox 1353 2231 1652 2320; x_wconf 90' lang='lat' dir='ltr'>primum</span> <span class='ocrx_word' id='word_1_194' title='bbox 1706 2231 2070 2301; x_wconf 90' lang='lat' dir='ltr'>Salvatoris</span> <span class='ocrx_word' id='word_1_195' title='bbox 2100 2232 2403 2302; x_wconf 89' lang='lat' dir='ltr'>divinam</span> <span class='ocrx_word' id='word_1_196' title='bbox 2456 2232 2523 2299; x_wconf 91' lang='lat' dir='ltr'>in</span> <span class='ocrx_word' id='word_1_197' title='bbox 2559 2254 2699 2301; x_wconf 88' lang='lat' dir='ltr'>coe-</span> 
     </span>
     <span class='ocr_line' id='line_1_23' title="bbox 182 2319 2702 2412; baseline 0.002 -27"><span class='ocrx_word' id='word_1_198' title='bbox 182 2319 321 2385; x_wconf 89' lang='lat' dir='ltr'>lum</span> <span class='ocrx_word' id='word_1_199' title='bbox 359 2320 925 2409; x_wconf 88' lang='lat' dir='ltr'>assumptionem,</span> <span class='ocrx_word' id='word_1_200' title='bbox 970 2320 1217 2389; x_wconf 85' lang='lat' dir='ltr'>deinde</span> <span class='ocrx_word' id='word_1_201' title='bbox 1265 2319 1685 2409; x_wconf 88' lang='lat' dir='ltr'>superipsos</span> <span class='ocrx_word' id='word_1_202' title='bbox 1733 2321 1802 2390; x_wconf 92' lang='lat' dir='ltr'>in</span> <span class='ocrx_word' id='word_1_203' title='bbox 1854 2321 2072 2412; x_wconf 86' lang='lat' dir='ltr'>igneis</span> <span class='ocrx_word' id='word_1_204' title='bbox 2105 2320 2366 2411; x_wconf 85' lang='lat' dir='ltr'>linguis</span> <span class='ocrx_word' id='word_1_205' title='bbox 2406 2322 2702 2411; x_wconf 87' lang='lat' dir='ltr'>Spiritus</span> 
     </span>
     <span class='ocr_line' id='line_1_24' title="bbox 179 2406 2693 2498; baseline 0.002 -24"><span class='ocrx_word' id='word_1_206' title='bbox 179 2406 606 2489; x_wconf 87' lang='lat' dir='ltr'>descensum,</span> <span class='ocrx_word' id='word_1_207' title='bbox 664 2408 912 2477; x_wconf 91' lang='lat' dir='ltr'>dehinc</span> <span class='ocrx_word' id='word_1_208' title='bbox 949 2409 1273 2497; x_wconf 82' lang='lat' dir='ltr'>Stephani</span> <span class='ocrx_word' id='word_1_209' title='bbox 1337 2407 1860 2498; x_wconf 90' lang='lat' dir='ltr'>lapidationem,</span> <span class='ocrx_word' id='word_1_210' title='bbox 1917 2410 2105 2479; x_wconf 91' lang='lat' dir='ltr'>Pauli</span> <span class='ocrx_word' id='word_1_211' title='bbox 2158 2411 2693 2491; x_wconf 87' lang='lat' dir='ltr'>conversionem,</span> 
     </span>
     <span class='ocr_line' id='line_1_25' title="bbox 180 2497 2692 2589; baseline 0.002 -25"><span class='ocrx_word' id='word_1_212' title='bbox 180 2519 421 2587; x_wconf 89' lang='lat' dir='ltr'>nempe</span> <span class='ocrx_word' id='word_1_213' title='bbox 471 2520 590 2589; x_wconf 88' lang='lat' dir='ltr'>per</span> <span class='ocrx_word' id='word_1_214' title='bbox 636 2497 976 2568; x_wconf 90' lang='lat' dir='ltr'>Christum</span> <span class='ocrx_word' id='word_1_215' title='bbox 1030 2498 1272 2568; x_wconf 88' lang='lat' dir='ltr'>factam</span> <span class='ocrx_word' id='word_1_216' title='bbox 1327 2498 1408 2568; x_wconf 90' lang='lat' dir='ltr'>de</span> <span class='ocrx_word' id='word_1_217' title='bbox 1449 2498 1663 2569; x_wconf 92' lang='lat' dir='ltr'>coelis·</span> <span class='ocrx_word' id='word_1_218' title='bbox 1710 2499 2149 2583; x_wconf 81' lang='lat' dir='ltr'>vocationem,</span> <span class='ocrx_word' id='word_1_219' title='bbox 2202 2513 2266 2571; x_wconf 90' lang='lat' dir='ltr'>et</span> <span class='ocrx_word' id='word_1_220' title='bbox 2331 2502 2692 2570; x_wconf 88' lang='lat' dir='ltr'>transitum</span> 
     </span>
     <span class='ocr_line' id='line_1_26' title="bbox 172 2586 2692 2680; baseline 0.002 -27"><span class='ocrx_word' id='word_1_221' title='bbox 172 2610 210 2654; x_wconf 90' lang='lat' dir='ltr'>a</span> <span class='ocrx_word' id='word_1_222' title='bbox 259 2586 477 2657; x_wconf 90' lang='lat' dir='ltr'>littera</span> <span class='ocrx_word' id='word_1_223' title='bbox 526 2587 609 2656; x_wconf 87' lang='lat' dir='ltr'>ad</span> <span class='ocrx_word' id='word_1_224' title='bbox 657 2610 689 2656; x_wconf 89' lang='lat' dir='ltr'>s</span> <span class='ocrx_word' id='word_1_225' title='bbox 743 2587 1000 2669; x_wconf 90' lang='lat' dir='ltr'>iritum,</span> <span class='ocrx_word' id='word_1_226' title='bbox 1063 2588 1277 2676; x_wconf 88' lang='lat' dir='ltr'>hujus</span> <span class='ocrx_word' id='word_1_227' title='bbox 1328 2588 1393 2656; x_wconf 91' lang='lat' dir='ltr'>in</span> <span class='ocrx_word' id='word_1_228' title='bbox 1448 2588 1744 2680; x_wconf 87' lang='lat' dir='ltr'>singulis</span> <span class='ocrx_word' id='word_1_229' title='bbox 1793 2589 1960 2659; x_wconf 91' lang='lat' dir='ltr'>locis</span> <span class='ocrx_word' id='word_1_230' title='bbox 2011 2589 2307 2671; x_wconf 89' lang='lat' dir='ltr'>vincula,</span> <span class='ocrx_word' id='word_1_231' title='bbox 2363 2611 2692 2669; x_wconf 79' lang='lat' dir='ltr'>carcere5‚</span> 
     </span>
     <span class='ocr_line' id='line_1_27' title="bbox 171 2675 2697 2768; baseline 0.001 -24"><span class='ocrx_word' id='word_1_232' title='bbox 171 2675 435 2765; x_wconf 79' lang='lat' dir='ltr'>plagaS,</span> <span class='ocrx_word' id='word_1_233' title='bbox 489 2676 685 2768; x_wconf 87' lang='lat' dir='ltr'>ssagel</span> <span class='ocrx_word' id='word_1_234' title='bbox 720 2677 1016 2759; x_wconf 79' lang='lat' dir='ltr'>ationeS,</span> <span class='ocrx_word' id='word_1_235' title='bbox 1073 2678 1293 2746; x_wconf 89' lang='lat' dir='ltr'>varias</span> <span class='ocrx_word' id='word_1_236' title='bbox 1408 2678 1666 2747; x_wconf 88' lang='lat' dir='ltr'>entium</span> <span class='ocrx_word' id='word_1_237' title='bbox 1720 2677 2051 2762; x_wconf 84' lang='lat' dir='ltr'>insidias,</span> <span class='ocrx_word' id='word_1_238' title='bbox 2105 2678 2448 2764; x_wconf 92' lang='lat' dir='ltr'>quomodo</span> <span class='ocrx_word' id='word_1_239' title='bbox 2496 2701 2533 2747; x_wconf 90' lang='lat' dir='ltr'>a</span> <span class='ocrx_word' id='word_1_240' title='bbox 2590 2684 2697 2746; x_wconf 86' lang='lat' dir='ltr'>Je-</span> 
     </span>
     <span class='ocr_line' id='line_1_28' title="bbox 168 2765 2691 2857; baseline 0 -24"><span class='ocrx_word' id='word_1_241' title='bbox 168 2765 535 2855; x_wconf 74' lang='lat' dir='ltr'>rosolymis</span> <span class='ocrx_word' id='word_1_242' title='bbox 583 2771 863 2836; x_wconf 86' lang='lat' dir='ltr'>Romam</span> <span class='ocrx_word' id='word_1_243' title='bbox 918 2767 1318 2857; x_wconf 88' lang='lat' dir='ltr'>pervenerit,</span> <span class='ocrx_word' id='word_1_244' title='bbox 1401 2767 1640 2837; x_wconf 91' lang='lat' dir='ltr'>abores</span> <span class='ocrx_word' id='word_1_245' title='bbox 1692 2768 1755 2836; x_wconf 93' lang='lat' dir='ltr'>in</span> <span class='ocrx_word' id='word_1_246' title='bbox 1825 2769 2037 2847; x_wconf 90' lang='lat' dir='ltr'>mari,</span> <span class='ocrx_word' id='word_1_247' title='bbox 2092 2766 2528 2846; x_wconf 83' lang='lat' dir='ltr'>afflictioneS,</span> <span class='ocrx_word' id='word_1_248' title='bbox 2580 2789 2691 2856; x_wconf 91' lang='lat' dir='ltr'>pe·</span> 
     </span>
     <span class='ocr_line' id='line_1_29' title="bbox 171 2853 2683 2947; baseline 0 -25"><span class='ocrx_word' id='word_1_249' title='bbox 171 2855 412 2934; x_wconf 89' lang='lat' dir='ltr'>ricula,</span> <span class='ocrx_word' id='word_1_250' title='bbox 465 2853 910 2935; x_wconf 88' lang='lat' dir='ltr'>calamitates,</span> <span class='ocrx_word' id='word_1_251' title='bbox 967 2855 1374 2947; x_wconf 85' lang='lat' dir='ltr'>naufragia:</span> <span class='ocrx_word' id='word_1_252' title='bbox 1443 2878 1739 2942; x_wconf 91' lang='lat' dir='ltr'>quorum</span> <span class='ocrx_word' id='word_1_253' title='bbox 1795 2879 1927 2926; x_wconf 90' lang='lat' dir='ltr'>non</span> <span class='ocrx_word' id='word_1_254' title='bbox 1990 2879 2020 2924; x_wconf 88' lang='lat' dir='ltr'>s</span> <span class='ocrx_word' id='word_1_255' title='bbox 2075 2868 2325 2926; x_wconf 89' lang='lat' dir='ltr'>ectator</span> <span class='ocrx_word' id='word_1_256' title='bbox 2388 2867 2683 2938; x_wconf 82' lang='lat' dir='ltr'>tantum,</span> 
     </span>
     <span class='ocr_line' id='line_1_30' title="bbox 166 2942 2688 3045; baseline -0.002 -33"><span class='ocrx_word' id='word_1_257' title='bbox 166 2942 286 3012; x_wconf 90' lang='lat' dir='ltr'>sed</span> <span class='ocrx_word' id='word_1_258' title='bbox 322 2958 386 3012; x_wconf 93' lang='lat' dir='ltr'>et</span> <span class='ocrx_word' id='word_1_259' title='bbox 421 2944 759 3045; x_wconf 90' lang='lat' dir='ltr'>particeps</span> <span class='ocrx_word' id='word_1_260' title='bbox 791 2943 1032 3014; x_wconf 88' lang='lat' dir='ltr'>fuerat.</span> <span class='ocrx_word' id='word_1_261' title='bbox 1070 2950 1281 3034; x_wconf 82' lang='lat' dir='ltr'>Atque</span> <span class='ocrx_word' id='word_1_262' title='bbox 1309 2945 1395 3014; x_wconf 94' lang='lat' dir='ltr'>ob</span> <span class='ocrx_word' id='word_1_263' title='bbox 1446 2945 1509 3013; x_wconf 92' lang='lat' dir='ltr'>id</span> <span class='ocrx_word' id='word_1_264' title='bbox 1549 2945 1846 3036; x_wconf 86' lang='lat' dir='ltr'>diligens</span> <span class='ocrx_word' id='word_1_265' title='bbox 1894 2957 1994 3015; x_wconf 90' lang='lat' dir='ltr'>est</span> <span class='ocrx_word' id='word_1_266' title='bbox 2073 2967 2266 3014; x_wconf 90' lang='lat' dir='ltr'>orum</span> <span class='ocrx_word' id='word_1_267' title='bbox 2317 2956 2688 3013; x_wconf 89' lang='lat' dir='ltr'>enarrator.</span> 
     </span>
     <span class='ocr_line' id='line_1_31' title="bbox 165 3030 2696 3121; baseline 0 -21"><span class='ocrx_word' id='word_1_268' title='bbox 165 3032 294 3101; x_wconf 90' lang='lat' dir='ltr'>Sed</span> <span class='ocrx_word' id='word_1_269' title='bbox 347 3030 554 3103; x_wconf 87' lang='lat' dir='ltr'>Paulo</span> <span class='ocrx_word' id='word_1_270' title='bbox 586 3033 861 3121; x_wconf 78' lang='lat' dir='ltr'>quidem</span> <span class='ocrx_word' id='word_1_271' title='bbox 916 3039 1167 3104; x_wconf 88' lang='lat' dir='ltr'>Romae</span> <span class='ocrx_word' id='word_1_272' title='bbox 1215 3035 1494 3114; x_wconf 89' lang='lat' dir='ltr'>relicto,</span> <span class='ocrx_word' id='word_1_273' title='bbox 1567 3057 1844 3105; x_wconf 87' lang='lat' dir='ltr'>rursum</span> <span class='ocrx_word' id='word_1_274' title='bbox 1896 3034 2005 3103; x_wconf 89' lang='lat' dir='ltr'>hic</span> <span class='ocrx_word' id='word_1_275' title='bbox 2065 3033 2146 3102; x_wconf 87' lang='lat' dir='ltr'>ad</span> <span class='ocrx_word' id='word_1_276' title='bbox 2200 3033 2539 3103; x_wconf 90' lang='lat' dir='ltr'>Orientem</span> <span class='ocrx_word' id='word_1_277' title='bbox 2590 3032 2696 3100; x_wconf 91' lang='lat' dir='ltr'>di-</span> 
     </span>
     <span class='ocr_line' id='line_1_32' title="bbox 165 3120 2697 3214; baseline -0.001 -23"><span class='ocrx_word' id='word_1_278' title='bbox 165 3120 407 3200; x_wconf 88' lang='lat' dir='ltr'>scedit,</span> <span class='ocrx_word' id='word_1_279' title='bbox 456 3133 799 3210; x_wconf 89' lang='lat' dir='ltr'>totamque</span> <span class='ocrx_word' id='word_1_280' title='bbox 857 3123 1136 3212; x_wconf 71' lang='lat' dir='ltr'>Libyam</span> <span class='ocrx_word' id='word_1_281' title='bbox 1206 3144 1635 3214; x_wconf 88' lang='lat' dir='ltr'>percurrens,</span> <span class='ocrx_word' id='word_1_282' title='bbox 1692 3123 1759 3191; x_wconf 92' lang='lat' dir='ltr'>in</span> <span class='ocrx_word' id='word_1_283' title='bbox 1808 3128 2186 3212; x_wconf 79' lang='lat' dir='ltr'>Aegyptum</span> <span class='ocrx_word' id='word_1_284' title='bbox 2242 3122 2567 3212; x_wconf 89' lang='lat' dir='ltr'>pervenit.</span> <span class='ocrx_word' id='word_1_285' title='bbox 2622 3126 2697 3189; x_wconf 87' lang='lat' dir='ltr'>Et</span> 
     </span>
     <span class='ocr_line' id='line_1_33' title="bbox 164 3211 2693 3312; baseline -0.001 -32"><span class='ocrx_word' id='word_1_286' title='bbox 164 3233 326 3280; x_wconf 91' lang='lat' dir='ltr'>cum</span> <span class='ocrx_word' id='word_1_287' title='bbox 381 3211 802 3312; x_wconf 88' lang='lat' dir='ltr'>superiorem</span> <span class='ocrx_word' id='word_1_288' title='bbox 856 3212 1200 3282; x_wconf 87' lang='lat' dir='ltr'>Thebaida</span> <span class='ocrx_word' id='word_1_289' title='bbox 1257 3214 1433 3281; x_wconf 90' lang='lat' dir='ltr'>intra</span> <span class='ocrx_word' id='word_1_290' title='bbox 1483 3234 1678 3280; x_wconf 91' lang='lat' dir='ltr'>suam</span> <span class='ocrx_word' id='word_1_291' title='bbox 1732 3211 2110 3281; x_wconf 90' lang='lat' dir='ltr'>doctrinam</span> <span class='ocrx_word' id='word_1_292' title='bbox 2179 3211 2561 3302; x_wconf 84' lang='lat' dir='ltr'>recepisset,</span> <span class='ocrx_word' id='word_1_293' title='bbox 2616 3233 2693 3278; x_wconf 83' lang='lat' dir='ltr'>ac</span> 
     </span>
     <span class='ocr_line' id='line_1_34' title="bbox 160 3298 2693 3391; baseline 0 -24"><span class='ocrx_word' id='word_1_294' title='bbox 160 3300 250 3368; x_wconf 90' lang='lat' dir='ltr'>ad</span> <span class='ocrx_word' id='word_1_295' title='bbox 307 3312 713 3389; x_wconf 83' lang='lat' dir='ltr'>magistrum</span> <span class='ocrx_word' id='word_1_296' title='bbox 768 3322 883 3390; x_wconf 88' lang='lat' dir='ltr'>per</span> <span class='ocrx_word' id='word_1_297' title='bbox 918 3301 1357 3391; x_wconf 87' lang='lat' dir='ltr'>Evangelium</span> <span class='ocrx_word' id='word_1_298' title='bbox 1400 3300 1433 3333; x_wconf 66' lang='lat'>’⁶</span> <span class='ocrx_word' id='word_1_299' title='bbox 1468 3300 1883 3381; x_wconf 82' lang='lat' dir='ltr'>adduxisset,</span> <span class='ocrx_word' id='word_1_300' title='bbox 1925 3300 2309 3370; x_wconf 88' lang='lat' dir='ltr'>inferiorem</span> <span class='ocrx_word' id='word_1_301' title='bbox 2354 3298 2693 3369; x_wconf 89' lang='lat' dir='ltr'>Thebaida</span> 
     </span>
     <span class='ocr_line' id='line_1_35' title="bbox 163 3389 2696 3479; baseline -0 -21"><span class='ocrx_word' id='word_1_302' title='bbox 163 3401 426 3477; x_wconf 83' lang='lat' dir='ltr'>septem</span> <span class='ocrx_word' id='word_1_303' title='bbox 483 3401 831 3478; x_wconf 87' lang='lat' dir='ltr'>portarum</span> <span class='ocrx_word' id='word_1_304' title='bbox 882 3390 1219 3460; x_wconf 88' lang='lat' dir='ltr'>civitatem</span> <span class='ocrx_word' id='word_1_305' title='bbox 1264 3389 1546 3470; x_wconf 89' lang='lat' dir='ltr'>accedit,</span> <span class='ocrx_word' id='word_1_306' title='bbox 1583 3390 1648 3457; x_wconf 92' lang='lat' dir='ltr'>in</span> <span class='ocrx_word' id='word_1_307' title='bbox 1700 3411 1831 3475; x_wconf 91' lang='lat' dir='ltr'>qua</span> <span class='ocrx_word' id='word_1_308' title='bbox 1866 3389 2065 3459; x_wconf 87' lang='lat' dir='ltr'>etiam</span> <span class='ocrx_word' id='word_1_309' title='bbox 2124 3389 2417 3479; x_wconf 83' lang='lat' dir='ltr'>pontifex</span> <span class='ocrx_word' id='word_1_310' title='bbox 2464 3411 2542 3458; x_wconf 81' lang='lat' dir='ltr'>ac</span> <span class='ocrx_word' id='word_1_311' title='bbox 2578 3411 2696 3477; x_wconf 87' lang='lat' dir='ltr'>pa-</span> 
     </span>
     <span class='ocr_line' id='line_1_36' title="bbox 159 3476 2698 3582; baseline 0 -35"><span class='ocrx_word' id='word_1_312' title='bbox 159 3491 309 3547; x_wconf 92' lang='lat' dir='ltr'>stor</span> <span class='ocrx_word' id='word_1_313' title='bbox 354 3500 393 3546; x_wconf 92' lang='lat' dir='ltr'>a</span> <span class='ocrx_word' id='word_1_314' title='bbox 441 3478 691 3566; x_wconf 87' lang='lat' dir='ltr'>spiritu</span> <span class='ocrx_word' id='word_1_315' title='bbox 740 3480 1205 3582; x_wconf 90' lang='lat' dir='ltr'>praeponitur.</span> <span class='ocrx_word' id='word_1_316' title='bbox 1262 3478 1534 3560; x_wconf 89' lang='lat' dir='ltr'>Statuis‚</span> <span class='ocrx_word' id='word_1_317' title='bbox 1590 3479 2019 3567; x_wconf 88' lang='lat' dir='ltr'>impurisque</span> <span class='ocrx_word' id='word_1_318' title='bbox 2050 3478 2464 3548; x_wconf 90' lang='lat' dir='ltr'>daemonum</span> <span class='ocrx_word' id='word_1_319' title='bbox 2506 3476 2698 3548; x_wconf 88' lang='lat' dir='ltr'>delu-</span> 
     </span>
     <span class='ocr_line' id='line_1_37' title="bbox 162 3566 2692 3658; baseline -0.001 -24"><span class='ocrx_word' id='word_1_320' title='bbox 162 3566 313 3635; x_wconf 88' lang='lat' dir='ltr'>bris</span> <span class='ocrx_word' id='word_1_321' title='bbox 365 3568 432 3634; x_wconf 88' lang='lat' dir='ltr'>in</span> <span class='ocrx_word' id='word_1_322' title='bbox 487 3578 735 3636; x_wconf 90' lang='lat' dir='ltr'>terram</span> <span class='ocrx_word' id='word_1_323' title='bbox 812 3568 1093 3656; x_wconf 71' lang='lat' dir='ltr'>dejectis</span> <span class='ocrx_word' id='word_1_324' title='bbox 1148 3568 1246 3658; x_wconf 90' lang='lat' dir='ltr'>(id</span> <span class='ocrx_word' id='word_1_325' title='bbox 1310 3567 1490 3636; x_wconf 91' lang='lat' dir='ltr'>enim</span> <span class='ocrx_word' id='word_1_326' title='bbox 1567 3568 1795 3637; x_wconf 89' lang='lat' dir='ltr'>studio</span> <span class='ocrx_word' id='word_1_327' title='bbox 1853 3569 1981 3638; x_wconf 91' lang='lat' dir='ltr'>sibi</span> <span class='ocrx_word' id='word_1_328' title='bbox 2041 3580 2224 3650; x_wconf 89' lang='lat' dir='ltr'>erat,</span> <span class='ocrx_word' id='word_1_329' title='bbox 2278 3581 2353 3638; x_wconf 93' lang='lat' dir='ltr'>ut</span> <span class='ocrx_word' id='word_1_330' title='bbox 2398 3588 2692 3636; x_wconf 90' lang='lat' dir='ltr'>errorem</span> 
     </span>
     <span class='ocr_line' id='line_1_38' title="bbox 162 3654 2690 3758; baseline -0 -35"><span class='ocrx_word' id='word_1_331' title='bbox 162 3656 347 3735; x_wconf 84' lang='lat' dir='ltr'>totiS,</span> <span class='ocrx_word' id='word_1_332' title='bbox 401 3655 579 3742; x_wconf 91' lang='lat' dir='ltr'>quod</span> <span class='ocrx_word' id='word_1_333' title='bbox 632 3656 855 3744; x_wconf 87' lang='lat' dir='ltr'>ajunt,</span> <span class='ocrx_word' id='word_1_334' title='bbox 888 3656 1181 3758; x_wconf 88' lang='lat' dir='ltr'>pedibus</span> <span class='ocrx_word' id='word_1_335' title='bbox 1207 3656 1575 3746; x_wconf 81' lang='lat' dir='ltr'>fugientem</span> <span class='ocrx_word' id='word_1_336' title='bbox 1615 3656 2162 3746; x_wconf 88' lang='lat' dir='ltr'>demonstraret),</span> <span class='ocrx_word' id='word_1_337' title='bbox 2216 3680 2409 3727; x_wconf 86' lang='lat' dir='ltr'>sacra</span> <span class='ocrx_word' id='word_1_338' title='bbox 2439 3654 2690 3745; x_wconf 91' lang='lat' dir='ltr'>templa</span> 
     </span>
     <span class='ocr_line' id='line_1_39' title="bbox 152 3744 2696 3837; baseline 0 -25"><span class='ocrx_word' id='word_1_339' title='bbox 152 3758 401 3814; x_wconf 79' lang='lat' dir='ltr'>contra</span> <span class='ocrx_word' id='word_1_340' title='bbox 452 3744 573 3814; x_wconf 87' lang='lat' dir='ltr'>soli</span> <span class='ocrx_word' id='word_1_341' title='bbox 630 3751 759 3815; x_wconf 87' lang='lat' dir='ltr'>Deo</span> <span class='ocrx_word' id='word_1_342' title='bbox 808 3746 1030 3835; x_wconf 80' lang='lat' dir='ltr'>erigit,</span> <span class='ocrx_word' id='word_1_343' title='bbox 1083 3746 1315 3832; x_wconf 89' lang='lat' dir='ltr'>eisque</span> <span class='ocrx_word' id='word_1_344' title='bbox 1348 3746 1466 3832; x_wconf 90' lang='lat' dir='ltr'>qui</span> <span class='ocrx_word' id='word_1_345' title='bbox 1513 3746 1577 3813; x_wconf 91' lang='lat' dir='ltr'>in</span> <span class='ocrx_word' id='word_1_346' title='bbox 1634 3745 1993 3835; x_wconf 87' lang='lat' dir='ltr'>profundis</span> <span class='ocrx_word' id='word_1_347' title='bbox 2043 3746 2466 3837; x_wconf 85' lang='lat' dir='ltr'>ignorantiae</span> <span class='ocrx_word' id='word_1_348' title='bbox 2515 3757 2696 3813; x_wconf 89' lang='lat' dir='ltr'>tene-</span> 
     </span>
     <span class='ocr_line' id='line_1_40' title="bbox 154 3833 2687 3935; baseline -0.001 -33"><span class='ocrx_word' id='word_1_349' title='bbox 154 3834 309 3902; x_wconf 91' lang='lat' dir='ltr'>bris</span> <span class='ocrx_word' id='word_1_350' title='bbox 344 3834 771 3914; x_wconf 90' lang='lat' dir='ltr'>tenebantur,</span> <span class='ocrx_word' id='word_1_351' title='bbox 818 3856 939 3935; x_wconf 90' lang='lat' dir='ltr'>per</span> <span class='ocrx_word' id='word_1_352' title='bbox 972 3835 1412 3924; x_wconf 88' lang='lat' dir='ltr'>Evangelium</span> <span class='ocrx_word' id='word_1_353' title='bbox 1469 3834 1550 3903; x_wconf 89' lang='lat' dir='ltr'>ad</span> <span class='ocrx_word' id='word_1_354' title='bbox 1592 3835 1706 3905; x_wconf 88' lang='lat' dir='ltr'>Dei</span> <span class='ocrx_word' id='word_1_355' title='bbox 1745 3837 2198 3925; x_wconf 87' lang='lat' dir='ltr'>cognitionem</span> <span class='ocrx_word' id='word_1_356' title='bbox 2254 3833 2687 3925; x_wconf 72' lang='lat' dir='ltr'>regeneratiS,</span> 
     </span>
     <span class='ocr_line' id='line_1_41' title="bbox 154 3923 2694 4014; baseline -0 -23"><span class='ocrx_word' id='word_1_357' title='bbox 154 3923 367 3992; x_wconf 86' lang='lat' dir='ltr'>mites</span> <span class='ocrx_word' id='word_1_358' title='bbox 415 3923 594 3994; x_wconf 79' lang='lat' dir='ltr'>filios</span> <span class='ocrx_word' id='word_1_359' title='bbox 657 3923 834 3993; x_wconf 86' lang='lat' dir='ltr'>essict</span> <span class='ocrx_word' id='word_1_360' title='bbox 912 3937 1129 3994; x_wconf 88' lang='lat' dir='ltr'>curat.</span> <span class='ocrx_word' id='word_1_361' title='bbox 1210 3923 1616 4012; x_wconf 84' lang='lat' dir='ltr'>Hujusmodi</span> <span class='ocrx_word' id='word_1_362' title='bbox 1683 3924 1892 4014; x_wconf 88' lang='lat' dir='ltr'>igitur</span> <span class='ocrx_word' id='word_1_363' title='bbox 1963 3923 2298 3994; x_wconf 89' lang='lat' dir='ltr'>fructibus</span> <span class='ocrx_word' id='word_1_364' title='bbox 2372 3923 2694 4012; x_wconf 88' lang='lat' dir='ltr'>magistro</span> 
     </span>
     <span class='ocr_line' id='line_1_42' title="bbox 146 4012 2691 4102; baseline 0 -22"><span class='ocrx_word' id='word_1_365' title='bbox 146 4012 432 4094; x_wconf 89' lang='lat' dir='ltr'>oblatis,</span> <span class='ocrx_word' id='word_1_366' title='bbox 490 4012 835 4102; x_wconf 89' lang='lat' dir='ltr'>impietate</span> <span class='ocrx_word' id='word_1_367' title='bbox 901 4012 984 4082; x_wconf 93' lang='lat' dir='ltr'>de</span> <span class='ocrx_word' id='word_1_368' title='bbox 1034 4012 1260 4081; x_wconf 89' lang='lat' dir='ltr'>medio</span> <span class='ocrx_word' id='word_1_369' title='bbox 1325 4012 1617 4092; x_wconf 72' lang='lat' dir='ltr'>sublata,</span> <span class='ocrx_word' id='word_1_370' title='bbox 1687 4014 1928 4082; x_wconf 87' lang='lat' dir='ltr'>erectis</span> <span class='ocrx_word' id='word_1_371' title='bbox 1988 4012 2303 4101; x_wconf 87' lang='lat' dir='ltr'>templis,</span> <span class='ocrx_word' id='word_1_372' title='bbox 2358 4012 2691 4081; x_wconf 91' lang='lat' dir='ltr'>altaribus</span> 
     </span>
     <span class='ocr_line' id='line_1_43' title="bbox 146 4100 2691 4203; baseline -0.001 -33"><span class='ocrx_word' id='word_1_373' title='bbox 146 4101 482 4171; x_wconf 83' lang='lat' dir='ltr'>stabilitis</span> <span class='ocrx_word' id='word_1_374' title='bbox 531 4124 609 4171; x_wconf 88' lang='lat' dir='ltr'>ac</span> <span class='ocrx_word' id='word_1_375' title='bbox 660 4103 1094 4183; x_wconf 90' lang='lat' dir='ltr'>consecratis,</span> <span class='ocrx_word' id='word_1_376' title='bbox 1148 4114 1211 4170; x_wconf 92' lang='lat' dir='ltr'>et</span> <span class='ocrx_word' id='word_1_377' title='bbox 1252 4103 1378 4172; x_wconf 88' lang='lat' dir='ltr'>sub</span> <span class='ocrx_word' id='word_1_378' title='bbox 1413 4102 1852 4171; x_wconf 84' lang='lat' dir='ltr'>credentibus</span> <span class='ocrx_word' id='word_1_379' title='bbox 1883 4158 1897 4181; x_wconf 95' lang='lat'>,</span> <span class='ocrx_word' id='word_1_380' title='bbox 1954 4101 2365 4203; x_wconf 79' lang='lat' dir='ltr'>presbyteris</span> <span class='ocrx_word' id='word_1_381' title='bbox 2417 4122 2494 4169; x_wconf 91' lang='lat' dir='ltr'>ac</span> <span class='ocrx_word' id='word_1_382' title='bbox 2544 4100 2691 4192; x_wconf 84' lang='lat' dir='ltr'>dia-</span> 
     </span>
     <span class='ocr_line' id='line_1_44' title="bbox 142 4189 2684 4280; baseline -0.003 -20"><span class='ocrx_word' id='word_1_383' title='bbox 142 4191 354 4260; x_wconf 85' lang='lat' dir='ltr'>conis</span> <span class='ocrx_word' id='word_1_384' title='bbox 403 4192 579 4261; x_wconf 88' lang='lat' dir='ltr'>inter</span> <span class='ocrx_word' id='word_1_385' title='bbox 620 4192 742 4261; x_wconf 89' lang='lat' dir='ltr'>hos</span> <span class='ocrx_word' id='word_1_386' title='bbox 789 4191 1057 4274; x_wconf 88' lang='lat' dir='ltr'>creatis,</span> <span class='ocrx_word' id='word_1_387' title='bbox 1098 4203 1451 4277; x_wconf 90' lang='lat' dir='ltr'>rectaeque</span> <span class='ocrx_word' id='word_1_388' title='bbox 1494 4190 1650 4259; x_wconf 86' lang='lat' dir='ltr'>fidei</span> <span class='ocrx_word' id='word_1_389' title='bbox 1684 4192 2157 4280; x_wconf 85' lang='lat' dir='ltr'>praefinitione</span> <span class='ocrx_word' id='word_1_390' title='bbox 2209 4190 2376 4280; x_wconf 92' lang='lat' dir='ltr'>ipsis</span> <span class='ocrx_word' id='word_1_391' title='bbox 2411 4189 2684 4261; x_wconf 89' lang='lat' dir='ltr'>tradita:</span> 
     </span>
     <span class='ocr_line' id='line_1_45' title="bbox 142 4279 2692 4369; baseline 0 -22"><span class='ocrx_word' id='word_1_392' title='bbox 142 4295 216 4348; x_wconf 72' lang='lat' dir='ltr'>et</span> <span class='ocrx_word' id='word_1_393' title='bbox 272 4302 456 4349; x_wconf 90' lang='lat' dir='ltr'>nunc</span> <span class='ocrx_word' id='word_1_394' title='bbox 505 4281 778 4368; x_wconf 90' lang='lat' dir='ltr'>quidem</span> <span class='ocrx_word' id='word_1_395' title='bbox 845 4304 881 4350; x_wconf 91' lang='lat' dir='ltr'>a</span> <span class='ocrx_word' id='word_1_396' title='bbox 933 4280 1171 4351; x_wconf 89' lang='lat' dir='ltr'>veteris</span> <span class='ocrx_word' id='word_1_397' title='bbox 1224 4280 1654 4348; x_wconf 86' lang='lat' dir='ltr'>instrumenti</span> <span class='ocrx_word' id='word_1_398' title='bbox 1710 4280 2049 4369; x_wconf 86' lang='lat' dir='ltr'>scriptura</span> <span class='ocrx_word' id='word_1_399' title='bbox 2095 4279 2446 4350; x_wconf 87' lang='lat' dir='ltr'>adducens</span> <span class='ocrx_word' id='word_1_400' title='bbox 2508 4279 2692 4348; x_wconf 90' lang='lat' dir='ltr'>testi-</span> 
     </span>
     <span class='ocr_line' id='line_1_46' title="bbox 147 4368 2689 4460; baseline -0.001 -22"><span class='ocrx_word' id='word_1_401' title='bbox 147 4368 443 4450; x_wconf 87' lang='lat' dir='ltr'>monia,</span> <span class='ocrx_word' id='word_1_402' title='bbox 499 4392 685 4440; x_wconf 90' lang='lat' dir='ltr'>nunc</span> <span class='ocrx_word' id='word_1_403' title='bbox 733 4392 889 4440; x_wconf 90' lang='lat' dir='ltr'>vero</span> <span class='ocrx_word' id='word_1_404' title='bbox 964 4372 1051 4441; x_wconf 88' lang='lat' dir='ltr'>ab</span> <span class='ocrx_word' id='word_1_405' title='bbox 1120 4391 1243 4450; x_wconf 85' lang='lat' dir='ltr'>ee,</span> <span class='ocrx_word' id='word_1_406' title='bbox 1311 4368 1492 4455; x_wconf 90' lang='lat' dir='ltr'>quod</span> <span class='ocrx_word' id='word_1_407' title='bbox 1572 4369 1719 4460; x_wconf 92' lang='lat' dir='ltr'>ipse</span> <span class='ocrx_word' id='word_1_408' title='bbox 1788 4382 2266 4449; x_wconf 86' lang='lat' dir='ltr'>contexuerat,</span> <span class='ocrx_word' id='word_1_409' title='bbox 2324 4368 2689 4457; x_wconf 86' lang='lat' dir='ltr'>Evangelio</span> 
     </span>
    </p>
   </div>
   <div class='ocr_carea' id='block_1_3' title="bbox 202 4493 2193 4548">
    <p class='ocr_par' dir='ltr' id='par_1_4' title="bbox 202 4493 2193 4548">
     <span class='ocr_line' id='line_1_47' title="bbox 202 4493 2193 4548; baseline 0.003 -16"><span class='ocrx_word' id='word_1_410' title='bbox 202 4495 227 4514; x_wconf 76' lang='lat'><strong>‘</strong></span> <span class='ocrx_word' id='word_1_411' title='bbox 261 4497 451 4535; x_wconf 79' lang='lat' dir='ltr'>Cortum</span> <span class='ocrx_word' id='word_1_412' title='bbox 475 4507 565 4536; x_wconf 85' lang='lat' dir='ltr'>non</span> <span class='ocrx_word' id='word_1_413' title='bbox 584 4501 655 4538; x_wconf 79' lang='lat' dir='ltr'>est</span> <span class='ocrx_word' id='word_1_414' title='bbox 673 4499 716 4538; x_wconf 85' lang='lat' dir='ltr'>S.</span> <span class='ocrx_word' id='word_1_415' title='bbox 737 4498 916 4538; x_wconf 74' lang='lat' dir='ltr'>Lucam</span> <span class='ocrx_word' id='word_1_416' title='bbox 936 4497 1251 4548; x_wconf 71' lang='lat' dir='ltr'>evangelicam</span> <span class='ocrx_word' id='word_1_417' title='bbox 1273 4493 1519 4538; x_wconf 66' lang='lat' dir='ltr'>verit-tem</span> <span class='ocrx_word' id='word_1_418' title='bbox 1536 4497 1588 4536; x_wconf 74' lang='lat' dir='ltr'>in</span> <span class='ocrx_word' id='word_1_419' title='bbox 1610 4497 1819 4546; x_wconf 72' lang='lat' dir='ltr'>Aegypto</span> <span class='ocrx_word' id='word_1_420' title='bbox 1839 4497 2193 4539; x_wconf 64' lang='lat' dir='ltr'>disseminasse.</span> 
     </span>
    </p>
   </div>
  </div>
 </body>
</html>
