3347 4999
1518 248 1547 278 U

192 299 370 366 OCT.
424 299 464 362 6
701 317 780 362 DE
829 317 884 362 s.
938 316 1230 362 BRUNONE
1279 315 1780 363 caninusumoa.
1839 318 2235 364 PATRIARCHA
2523 302 2651 366 229

191 400 490 479 sacelliS,
548 399 796 469 festum
850 400 1273 470 sanctissimi
1332 401 1672 469 Brunonis
1724 401 2142 471 Confessoris
2191 402 2394 471 annis
2443 403 2739 492 singulis

189 491 305 558 die
354 503 537 559 sexto
586 490 920 566 Octobris,
962 511 1099 575 quo
1130 489 1423 558 decessit
1453 513 1489 558 e
1526 490 1681 570 vita,
1723 489 2121 558 solemniter
2152 489 2444 572 colatur,
2487 506 2551 561 et
2579 515 2741 562 con-

188 601 364 670 grua
410 578 775 664 debitaque
822 578 1179 647 devotione
1228 578 1641 658 celebretur3
1698 578 1920 666 ipsius
1968 578 2174 646 etiam
2224 600 2478 667 corpus
2530 593 2734 667 atque

190 667 564 747 memoria,
626 666 907 757 dignam
963 667 1030 734 in
1086 667 1370 735 Domino
1421 667 1693 735 laudem
1745 666 1992 735 habeat
2038 688 2116 735 ac
2166 669 2721 749 venerationem3

188 757 602 826 conveniens
651 758 855 824 etiam
906 755 1210 825 officium
1258 757 1328 824 in
1372 757 1628 824 honore
1662 756 1883 844 ipsius
1918 769 2164 845 agatur
2195 769 2259 823 et
2299 755 2726 837 decantetur,

186 866 452 915 necnon
487 844 793 932 quotidie
827 844 896 912 in
932 844 1164 912 divino
1197 843 1420 914 officio
1448 843 1532 913 de
1557 866 1635 914 eo
1664 844 2226 914 commemoratio
2254 844 2395 913 fiat.
2437 849 2734 914 Domum

188 946 540 1024 praeterea
572 933 791 1005 sancti
824 933 1190 1022 Stephani,
1233 956 1439 1020 quam
1478 934 1719 1003 beatus
1771 938 2000 1002 Bruno
2035 934 2105 1001 in
2143 933 2454 1002 Calabria
2486 933 2729 1002 condi-

187 1024 406 1102 derat,
459 1035 524 1091 et
559 1023 626 1090 in
673 1045 807 1108 qua
844 1044 1118 1091 sacrum
1155 1023 1305 1109 ejus
1339 1044 1593 1110 corpus
1626 1022 1957 1109 quiescit,
1997 1021 2178 1091 idem
2219 1022 2519 1092 Pontifex
2553 1045 2595 1091 a
2627 1022 2732 1091 Ci-

195 1111 691 1181 sterciensibus
746 1111 830 1179 ad
889 1111 1376 1180 carthusianos
1424 1113 1805 1191 revocavit,
1845 1133 2028 1179 anno
2071 1111 2314 1180 salutis
2363 1110 2731 1181 millesimo

192 1200 747 1300 quingentesimo
781 1200 1050 1269 decimo
1083 1213 1349 1286 quarm,
1390 1214 1465 1270 ut
1508 1200 1833 1289 deinceps
1876 1199 2019 1269 illic
2062 1200 2513 1270 Carthusiano
2549 1222 2738 1269 more

195 1304 261 1359 et
294 1301 611 1358 instituto
651 1301 940 1358 vivatur.

283 1380 318 1464 ἓ
380 1382 543 1448 ²9.
599 1382 762 1446 Cum
817 1390 1045 1446 autem
1097 1377 1261 1446 haec
1312 1399 1421 1448 res
1469 1392 1824 1468 ageretur,
1882 1377 2074 1446 Prior
2123 1376 2520 1446 Carthusiae
2568 1382 2738 1446 Nea-

194 1467 540 1557 politanae
570 1522 585 1546 ,
636 1467 750 1535 cui
800 1467 952 1554 ejus
999 1466 1349 1555 urgendae
1397 1479 1461 1535 et
1514 1465 2012 1555 promovendae
2073 1467 2425 1556 negotium
2490 1465 2729 1535 datum

193 1569 384 1634 erat,
438 1555 746 1624 exhibuit
815 1555 1183 1624 reverendo
1235 1555 1408 1645 patri
1466 1555 1753 1625 domino
1802 1554 2188 1633 Francisco,
2245 1576 2537 1644 magnae
2583 1558 2741 1624 Car-

196 1645 466 1713 thusiae
514 1645 751 1723 Priori,
792 1657 1052 1733 partem
1107 1644 1553 1714 mandibulae
1600 1666 1759 1714 cum
1813 1643 2088 1713 duobus
2137 1643 2464 1713 dentibus
2513 1643 2734 1713 sancti

194 1733 561 1811 BrunoniS,
615 1733 867 1819 aitque,
929 1732 1216 1802 Abbates
1271 1734 1498 1802 Sancti
1550 1733 1903 1822 Stephani,
1961 1732 2104 1812 ubi,
2160 1745 2235 1802 ut
2293 1731 2557 1801 dictum
2609 1744 2734 1811 est,

195 1844 470 1891 sacrum
516 1842 767 1910 corpus
801 1821 976 1889 beati
1014 1823 1352 1892 Brunonis
1379 1823 1693 1908 quiescit,
1732 1834 1917 1890 tanta
1947 1844 2111 1890 cura
2149 1821 2340 1891 illius
2375 1842 2607 1890 sacras
2640 1843 2742 1888 re-

198 1911 450 1995 liquias
485 1932 757 1999 semper
790 1931 1197 1990 asservasse,
1242 1910 1437 1980 veriti
1475 1933 1557 1979 ne
1599 1910 2034 1979 Carthusiani
2070 1932 2186 1979 eas
2222 1931 2291 1979 re
2345 1921 2626 1988 eterent‚
2665 1921 2742 1978 ut

166 1998 471 2067 ‘ossibus
519 1999 588 2064 in
643 1998 909 2086 diversa
958 1999 1225 2068 occulta
1267 1998 1415 2068 loca
1464 2021 1533 2068 re
1587 1999 1821 2077 ositis,
1872 1998 2257 2085 iisdemque
2317 1998 2461 2067 ocis
2493 1999 2736 2067 crebro

198 2087 504 2162 mutatis,
536 2107 734 2155 nemo
778 2088 1391 2175 praetevabatem
1416 2100 1480 2156 et
1506 2112 1544 2158 a
1578 2090 1723 2156 ium
1761 2087 1985 2155 virum
2022 2087 2158 2156 fide
2189 2087 2507 2188 dignum,
2540 2087 2738 2173 quic-

196 2196 404 2260 quam
457 2174 540 2242 de
580 2173 717 2243 illis
750 2178 1079 2264 comperti
1141 2177 1480 2245 habuerit.
1541 2183 1746 2246 Porro
1807 2198 1989 2244 anno
2050 2177 2299 2246 Christi
2367 2175 2739 2245 millesimo

196 2264 752 2352 quingentesimo
791 2264 1058 2333 decimo
1092 2277 1334 2351 quarto
1376 2288 1569 2334 sacra
1613 2265 1730 2333 illa
1766 2287 1919 2334 ossa
1955 2264 2291 2334 translata
2325 2277 2536 2342 sunt,
2576 2276 2641 2332 et
2673 2264 2740 2332 ei

195 2352 628 2421 translationi
654 2352 959 2422 interfuit
981 2353 1306 2422 dominus
1329 2354 1711 2425 Matthaeus
1744 2354 1935 2423 Prior
1968 2353 2420 2423 Bononiensis
2455 2353 2740 2422 Carthu-

195 2441 361 2509 siae.
409 2445 474 2510 Is
510 2463 781 2510 sacrum
826 2441 1015 2511 illius
1055 2457 1302 2532 caput,
1348 2465 1434 2513 ne
1473 2466 1635 2513 cum
1677 2443 1953 2514 ossibus
1986 2442 2187 2513 altari
2233 2444 2730 2532 imponeretur,

196 2530 535 2600 manibus
556 2530 859 2611 tenebat,
902 2532 1255 2618 turbisque
1303 2533 1764 2603 amantissimi
1813 2532 2081 2621 patroni
2131 2533 2390 2602 sanctis
2425 2530 2739 2617 reliquiis

195 2640 266 2686 se
319 2621 656 2707 privatum
702 2620 783 2687 iri
839 2619 1483 2703 reforniidantibu5‚
1525 2623 1617 2691 ita
1651 2621 2014 2691 satisfecit:
2058 2645 2093 2687 «
2130 2625 2442 2712 Oportet,
2482 2619 2732 2705 inquit,

193 2730 468 2778 sacrum
512 2722 721 2797 caput
752 2709 840 2779 ab
872 2708 1147 2777 ossibus
1182 2725 1611 2799 segregatum
1647 2765 1661 2790 ,
1720 2732 1913 2789 aur0,
1958 2725 2241 2800 argento
2285 2722 2350 2778 et
2384 2707 2739 2796 lapidibus

192 2797 511 2884 pretiosis
544 2797 796 2865 ornari.
839 2821 874 2863 »
915 2797 1036 2866 His
1078 2798 1299 2867 verbis
1332 2799 1536 2889 vulgo
1568 2800 2036 2889 suspicionem
2076 2820 2352 2868 omnem
2390 2797 2732 2875 adimenS,

191 2886 448 2953 summi
484 2885 835 2954 Pontificis
858 2885 1137 2973 speciali
1175 2887 1515 2973 permissu
1545 2896 1806 2977 partem
1836 2887 2209 2975 quamdam
2249 2886 2333 2955 de
2365 2886 2591 3042 capite
2624 2884 2739 2952 de-

193 2974 414 3051 traxit,
455 2973 747 3061 aliisque
808 2974 969 3042 inde
1032 2976 1601 3056 communicavit,
1677 2975 2072 3067 praesertim
2125 2974 2501 3044 venerabii
2557 2972 2735 3063 patri

193 3063 514 3150 Gregorio
550 3063 767 3132 Priori
800 3062 1267 3155 Friburgensi,
1309 3066 1431 3152 qui
1468 3087 1587 3154 per
1620 3065 1863 3134 domos
1902 3064 2294 3154 provinciae
2321 3063 2692 3133 Rhenanae
2716 3115 2730 3142 ,

190 3149 392 3236 cujus
440 3165 583 3219 erat
630 3152 969 3233 visitator,
1016 3153 1776 3240 particulas'distribuit
1813 3174 1997 3221 anno
2035 3157 2230 3222 45⁴5.
2271 3158 2348 3221 Et
2380 3151 2546 3238 quia
2577 3173 2738 3222 san-

192 3253 343 3307 ctus
376 3243 606 3308 Bruno
664 3240 953 3340 patriam
999 3241 1240 3311 habuit
1273 3242 1622 3312 Coloniam
1679 3241 2153 3331 Agrippinam,
2192 3241 2371 3310 idem
2409 3240 2738 3309 dominus

192 3327 573 3396 Matthaeus
626 3349 778 3416 ejus
832 3324 1079 3417 capitis
1117 3353 1395 3417 parvam
1453 3332 1832 3420 portionem
1889 3330 2169 3399 donavit
2222 3329 2504 3399 domino
2547 3330 2737 3399 Petro

192 3416 541 3495 Leidensi,
572 3417 968 3487 Carthusiae
1002 3418 1426 3503 coloniensis
1461 3420 1701 3498 Priori,
1735 3418 1847 3488 cui
1875 3440 2131 3489 munus
2165 3418 2335 3488 illud
2374 3417 2504 3487 fuit
2535 3416 2740 3506 longe

194 3504 694 3594 gratissimum,
730 3508 989 3593 quique
1022 3507 1304 3577 domum
1346 3530 1683 3587 reversus,
1727 3508 1911 3577 anno
1954 3513 2125 3577 »15⁴6
2165 3508 2426 3577 donum
2484 3506 2738 3597 pretio-

193 3594 551 3662 sissimum
612 3594 680 3660 in
742 3595 1029 3664 ecclesia
1065 3596 1465 3667 Carthusiae
1523 3595 1970 3676 ColoniensiS,
2017 3596 2129 3666 die
2186 3597 2384 3667 tertia
2418 3594 2730 3685 Augusti,

194 3694 579 3751 reverenter
617 3681 959 3772 deposuit.
1509 3724 1521 3734 ·
1721 3742 1724 3743 γ

280 3772 316 3856 ξ
363 3774 538 3841 8⁰.
596 3775 835 3860 Ipsum
870 3794 1027 3843 vero
1068 3772 1449 3842 beatissimi
1496 3773 1839 3842 Brunonis
1889 3794 2163 3842 sacrum
2207 3793 2461 3862 corpus
2509 3783 2737 3840 trans-

196 3858 353 3927 tulit
392 3864 695 3928 Joannes
729 3861 952 3930 Abbas
980 3861 1208 3930 Sancti
1241 3860 1422 3940 Rufi,
1469 3882 1673 3943 anne,
1709 3875 1787 3931 ut
1813 3861 2099 3943 dictum,
2140 3866 2334 3940 45⁴4,
2369 3859 2737 3949 imposuit-

191 3968 324 4032 que
372 3947 701 4017 ecclesiae
737 3950 963 4018 Sancti
1000 3950 1325 4039 Stephani
1369 3971 1685 4019 summae
1720 3973 1901 4032 arae,
1939 3972 2017 4019 ex
2058 3948 2357 4019 candido
2393 3969 2736 4017 marmore

192 4048 553 4105 extructae.
608 4037 703 4106 Ab
765 4038 894 4106 hoc
953 4038 1367 4108 monasterio
1423 4039 1505 4107 ad
1568 4061 1817 4128 passus
1876 4037 2064 4107 mille
2098 4037 2512 4126 quingentos
2544 4036 2736 4105 abest

195 4145 443 4221 specus
476 4125 673 4195 valde
709 4125 1064 4216 religiosa,
1104 4127 1282 4195 inter
1322 4141 1586 4197 montes
1620 4141 1913 4217 angusto
1953 4127 2101 4196 loco
2135 4125 2288 4206 sita,
2333 4125 2736 4199 nemoribus

194 4225 442 4293 cincta,
486 4236 662 4300 quae
724 4215 913 4284 illius
961 4214 1158 4284 vallis
1203 4228 1501 4286 extrema
1538 4217 1921 4296 claudunt,
1963 4235 2382 4305 prorsusque
2428 4214 2625 4282 devia
2671 4226 2737 4281 et

193 4300 597 4371 hominibus
625 4304 975 4373 inaccessa
1007 4318 1188 4372 sunt.
1226 4310 1447 4393 Supra
1480 4306 1656 4374 hanc
1692 4325 1974 4394 specum
2017 4303 2372 4372 conditum
2413 4314 2515 4371 est
2548 4300 2730 4369 haud

191 4389 457 4480 grande
505 4393 832 4463 sacellum
868 4416 1026 4463 cum
1070 4393 1295 4475 altari,
1332 4394 1456 4463 ubi
1514 4393 1757 4463 titulus
1788 4393 2082 4462 habetur
2121 4393 2341 4461 sancti
2388 4390 2736 4459 Brunonis
