3347 4999
652 290 780 354 650
1309 307 1387 354 nr.
1435 308 1491 354 S.
1544 306 1810 355 ananelo
1857 307 1956 353 ar.
1999 306 2333 354 memrot..
2779 288 2955 355 OCT.
3015 289 3116 353 22

561 391 871 481 spirituS,
909 412 1322 492 compagum
1374 413 1645 478 quoque
1691 405 1757 461 et
1807 390 2272 461 medullarum
2301 444 2323 473 ,
2378 403 2445 461 et
2480 390 2696 482 judex
2743 391 3116 481 cogitatio-

563 502 730 550 num
781 491 846 548 et
891 492 1415 569 conceptionum
1458 479 1759 550 cordis.»
1794 480 2234 549 Euxenianus
2266 502 2460 550 vero:
2517 502 2552 546 «
2591 484 2730 549 Hoc
2778 480 3110 567 quidem,

561 569 828 657 inquit,
897 581 1073 637 recte
1121 582 1224 640 est
1269 567 1595 638 solutum.
1660 568 1786 639 Sed
1838 567 2009 637 illud
2060 590 2331 655 quoque
2392 590 2502 638 me
2551 568 2743 638 doce.
2798 569 2865 638 Si
2915 572 3118 638 Deus

560 657 762 728 bonis
800 655 1198 737 delectatur,
1251 678 1378 727 cur
1412 678 1544 726 non
1580 658 1666 726 ab
1714 657 1912 726 initio
1962 656 2162 726 talem
2214 657 2372 727 fecit
2418 657 2791 736 hominem,
2846 669 2923 726 ut
2973 658 3117 727 bo-

563 768 733 816 num
765 745 1043 832 quidem
1099 745 1310 835 possit
1341 745 1636 835 operari,
1673 746 1936 816 malum
1969 758 2196 816 autem
2240 745 2525 815 minime
2567 746 2778 845 possit
2824 744 3117 816 facere?

568 835 678 904 Sic
723 835 906 904 enim
957 846 1021 903 et
1052 855 1229 921 quae
1260 848 1422 904 sunt
1451 835 1513 903 ei
1549 846 1765 925 grata,
1807 833 2234 915 fecissemuS,
2267 848 2334 904 et
2369 855 2866 904 mansissemus
2898 833 3114 904 nullo

565 923 785 994 affecti
835 922 1200 1023 supplicio.
1252 947 1288 990 »
1339 922 1461 992 Ille
1506 935 1774 992 autem:
1828 945 1864 989 «
1899 926 2038 993 Hoc
2093 944 2366 1011 quoque
2424 935 2561 1002 est,
2619 923 2867 1010 inquit,
2911 923 3106 1013 ejuS,

563 1013 683 1100 qui
732 1024 945 1081 nostrl
980 1033 1301 1101 magnam
1337 1033 1574 1081 curam
1625 1012 1820 1102 gerit,
1866 1023 1930 1080 et
1961 1011 2080 1098 qui
2111 1012 2394 1081 omnino
2443 1011 2588 1081 vult
2620 1025 2930 1082 nostrum
2972 1011 3114 1081 bo-

564 1101 759 1170 bum.
797 1100 865 1169 Si
912 1100 1095 1168 enim
1141 1119 1274 1169 non
1329 1121 1686 1189 possemus
1730 1099 1910 1169 mala
1959 1100 2218 1180 facere,
2284 1122 2408 1169 nec
2450 1099 2628 1170 bona
2667 1099 2947 1187 quidem
2999 1099 3114 1169 fa-

566 1189 809 1259 ciendo
858 1188 1031 1257 nihil
1067 1188 1517 1258 lucraremur.
1562 1194 1790 1276 Neque
1839 1189 2022 1258 enim
2079 1201 2432 1279 propterea
2481 1188 2686 1258 laude
2733 1188 2930 1279 digni
2980 1210 3108 1259 es—

567 1300 824 1357 semus,
879 1299 1001 1347 nec
1047 1276 1663 1348 commendatione.
1722 1282 1912 1346 Tunc
1965 1299 2260 1364 namque
2307 1275 2490 1364 quod
2555 1277 2810 1347 factum
2858 1289 3042 1346 esset
3082 1332 3100 1359 ‚

570 1388 703 1436 non
753 1365 991 1437 fuisset
1029 1366 1283 1437 factum
1335 1380 1565 1436 nostro
1599 1366 1814 1435 libero
1861 1367 2170 1447 arbitrio,
2218 1366 2333 1435 sed
2383 1387 2464 1435 ex
2512 1366 2609 1434 rei
2645 1379 2914 1435 natura.
2947 1370 3105 1435 Non

565 1456 747 1525 enim
797 1455 917 1541 qui
965 1476 1099 1524 non
1144 1465 1361 1544 potest
1396 1454 1653 1524 malum
1690 1453 1934 1535 facere,
1990 1455 2049 1523 is
2076 1476 2207 1524 non
2246 1454 2504 1526 faciens
2529 1467 2631 1524 est
2672 1454 3101 1524 laudandus:

569 1543 685 1613 sed
734 1544 878 1630 qui,
920 1566 1078 1613 cum
1129 1543 1342 1632 possit
1388 1542 1667 1631 quidem
1718 1541 1974 1627 facere,
2027 1543 2323 1613 abstinet
2374 1555 2648 1633 propter
2695 1542 2858 1612 boni
2914 1542 3106 1611 desi-

564 1632 860 1702 derium.
899 1636 1064 1702 Cum
1113 1644 1341 1701 autem
1379 1645 1750 1717 utrumque
1784 1631 1873 1700 sit
1906 1631 1976 1700 in
2022 1645 2251 1701 nostra
2294 1644 2643 1721 potestate,
2700 1646 2776 1700 ut
2803 1631 2901 1700 vel
2931 1631 3106 1700 boni

567 1721 809 1801 simuS,
852 1720 948 1790 vel
1002 1720 1190 1802 mali,
1237 1721 1292 1791 si
1334 1719 1647 1800 velimuS,
1700 1742 1825 1790 cur
1875 1719 2055 1791 tollis
2102 1721 2529 1790 occasionem
2589 1719 2934 1809 parandae
2977 1720 3108 1788 bo-

569 1832 695 1879 nae
726 1809 1270 1891 existimationis,
1314 1823 1379 1878 et
1425 1808 1616 1898 ejicis
1648 1808 2001 1878 materiam
2043 1812 2504 1879 coronarum?
2533 1832 2568 1876 »
2608 1808 2698 1877 Ad
2753 1808 2917 1877 haec
2966 1812 3109 1877 Eu-

567 1897 941 1968 xenianus:
995 1903 1275 1978 «Nunc,
1328 1897 1572 1984 inquit.
1632 1897 1800 1965 mihi
1861 1898 2027 1966 satis
2074 1912 2176 1968 est
2223 1919 2677 1988 persuasum,
2738 1897 3100 1967 hominem

566 2008 714 2057 esse
753 1987 860 2056 sui
904 1986 1109 2075 juris,
1148 1999 1212 2055 et
1261 1985 1552 2055 liberum
1588 1985 1841 2054 habere
1869 1985 2258 2066 arbitrium,
2309 1999 2375 2056 et
2408 2008 2535 2057 sua
2581 1998 2822 2074 sponte
2869 1985 3106 2054 venire

574 2074 659 2145 ad
712 2074 1163 2165 peccandum.
1201 2098 1237 2140 »
1273 2075 1398 2144 Sed
1449 2073 1615 2143 dum
1667 2074 1752 2143 de
1801 2074 1910 2143 his
1958 2074 2164 2143 rebus
2228 2076 2404 2144 inter
2455 2096 2527 2144 se
2582 2074 3098 2163 disceptarent,

570 2163 738 2233 hora
796 2185 973 2233 nona
1026 2184 1266 2232 rursus
1316 2163 1616 2242 venienS‚
1675 2162 1854 2232 finiit
1899 2162 2356 2249 quaestiones,
2415 2162 2654 2232 Statim
2701 2163 2889 2232 enim
2941 2183 3104 2231 sur-

618 2274 739 2320 ens
789 2263 1069 2322 sanctus
1106 2251 1456 2332 AberciuS,
1511 2250 1762 2321 salutat
1806 2272 1942 2331 eos,
2006 2252 2126 2338 qui
2189 2252 2755 2332 circumstabant;
2814 2266 2879 2319 et
2935 2272 3100 2321 cum

571 2275 1050 2419 benedixisset,
1103 2338 1387 2409 domum
1450 2339 1650 2407 mittit
1685 2363 1843 2408 cum
1880 2339 2295 2410 Euxeniano.

657 2430 693 2517 ς
738 2433 879 2502 ιιι.
925 2427 1131 2497 Pauci
1164 2427 1310 2497 dies
1347 2440 1575 2518 postea
1612 2429 2142 2517 praeterierunt,
2189 2451 2347 2498 cum
2410 2429 2590 2499 vicos
2647 2427 3105 2497 circumcirca

570 2518 852 2677 positos,
897 2531 961 2587 et
999 2531 1155 2587 ante
1199 2517 1397 2599 alios,
1452 2539 1566 2586 eos
1599 2517 1719 2605 qui
1767 2530 1961 2587 erant
2014 2518 2408 2618 propinqui,
2461 2518 2630 2588 obiit
2677 2539 2834 2588 cum
2885 2515 3103 2585 fratri·

617 2629 724 2677 us.
776 2606 924 2675 lam
973 2605 1155 2675 enim
1223 2619 1600 2696 acceperat,
1668 2605 1922 2676 multos
1990 2609 2195 2677 variis
2242 2607 2386 2677 illic
2429 2606 2687 2677 morbis
2759 2606 3097 2675 laborare.

572 2699 736 2765 Cum
772 2708 999 2765 autem
1050 2694 1353 2775 abiisset,
1399 2709 1465 2763 et
1510 2716 1625 2764 eos
1656 2707 1962 2765 curasset
1999 2696 2340 2785 precibus,
2380 2708 2445 2764 et
2494 2717 2825 2765 manuum
2879 2695 3102 2783 impo-

572 2785 840 2865 sitione,
882 2795 1241 2873 postquam
1292 2782 1460 2852 vidit
1497 2782 1724 2853 locum
1775 2805 1971 2874 egere
2017 2784 2261 2853 balneo
2292 2783 2497 2871 (quod
2534 2783 2811 2871 quidem
2863 2805 3103 2872 aegro-

575 2872 877 2942 tantibus
908 2883 1010 2942 est
1042 2886 1276 2961 aptum
1308 2872 1682 2961 solatium),
1710 2874 1988 2942 veniens
2021 2873 2088 2941 in
2131 2872 2496 2959 quemdam
2533 2872 2788 2952 locum,
2825 2871 2948 2958 qui
2981 2893 3106 2960 ap-

619 2961 866 3030 ellatur
909 2965 1102 3061 Ager,
1154 2960 1408 3030 fluvius
1455 2974 1684 3029 autem
1738 2982 1946 3050 prope
1982 2983 2140 3032 eum
2178 2961 2352 3042 fluit,
2406 2961 2598 3031 flexis
2635 2966 2767 3029 Deo
2800 2960 3101 3050 genibus

571 2982 772 3118 Rumi
810 3048 1120 3139 procidit.
1160 3042 1237 3117 Et
1262 3071 1419 3118 ecce
1456 3049 1760 3139 erumpit
1784 3049 2060 3136 quidem
2107 3051 2361 3120 tonitru
2391 3048 2579 3119 coelo
2612 3070 2876 3129 sereno,
2906 3048 3106 3118 emit-

574 3137 651 3208 tit
698 3152 923 3208 autem
976 3151 1151 3207 terra
1201 3137 1421 3207 fontes
1453 3159 1791 3223 aquarum
1834 3138 2243 3217 calidarum;
2295 3152 2361 3207 et
2416 3160 2538 3227 per
2585 3137 2819 3207 omnia
2860 3136 3107 3206 lauda-

572 3227 776 3297 batur
816 3231 1014 3307 DeuS,
1066 3226 1186 3312 qui
1217 3226 1444 3316 justos
1483 3227 1582 3296 sic
1617 3225 1913 3296 exaudit.
1970 3230 2135 3295 Cum
2174 3228 2365 3296 beata
2407 3242 2634 3296 autem
2691 3225 2811 3295 illa
2860 3225 3108 3315 lingua

570 3314 680 3393 iis,
721 3314 842 3401 qui
876 3313 1183 3393 aderant,
1218 3315 1543 3401 jussisset
1583 3314 1814 3384 fodere
1843 3315 2202 3396 cisternas,
2237 3328 2314 3384 ut
2340 3336 2560 3402 aquae
2589 3313 2855 3383 calidae
2891 3314 2959 3383 in
2989 3335 3106 3384 eas

572 3402 1020 3483 confluerent,
1072 3417 1138 3471 et
1173 3424 1292 3472 eae
1336 3416 1563 3473 essent
1601 3402 1687 3471 ad
1741 3403 2112 3473 recreanda
2173 3425 2459 3493 corpora
2508 3402 2918 3484 laborantia,
2975 3401 3104 3471 do-

575 3512 766 3560 mum
817 3491 1197 3560 revertitur.
1250 3492 1532 3561 Interim
1584 3504 1811 3561 autem
1853 3493 2302 3563 tentationum
2334 3505 2401 3562 et
2446 3490 2876 3582 deceptionis
2911 3504 3103 3580 pater

572 3578 923 3669 malignus
955 3579 1273 3659 daemon,
1331 3580 1617 3650 indutus
1672 3580 1893 3650 forma
1943 3580 2304 3662 muliebri,
2349 3581 2532 3650 venit
2580 3580 2659 3649 ad
2716 3584 3046 3650 Sanctum
3077 3631 3096 3660 ,

571 3668 805 3738 volens
852 3671 939 3739 ab
982 3669 1131 3758 ipso
1169 3669 1496 3755 consequi
1548 3668 2120 3739 benedictionem.
2173 3668 2297 3738 llle
2343 3680 2608 3751 autem,
2653 3668 2987 3757 conjectis
3034 3667 3105 3736 in

573 3757 770 3828 illum
808 3756 1053 3839 oculis,
1106 3757 1225 3843 qui
1275 3758 1461 3826 intus
1498 3758 1770 3839 latebat,
1809 3757 2054 3859 lupum
2116 3779 2250 3827 non
2288 3757 2637 3848 ignorans,
2692 3757 2896 3828 etiam
2959 3756 3110 3826 ovis

574 3845 818 3935 pellem
871 3844 1257 3926 induisset,
1317 3846 1632 3936 protinus
1693 3860 2044 3928 avertitur,
2096 3860 2162 3916 et
2225 3846 2454 3936 lapide
2514 3845 2800 3916 offendit
2862 3843 3109 3936 pedem

569 3934 945 4005 dexterum.
1002 3934 1242 4004 Dolore
1265 3955 1427 4025 ergo
1477 3934 1784 4015 affectus,
1822 3957 2035 4005 manu
2083 3935 2301 4025 tangit
2341 3935 2597 4005 talum:
2653 3935 2883 4025 ipsum
2917 3934 3110 4003 enim

577 4036 1031 4113 percusserat.
1072 4023 1412 4114 Malignus
1443 4037 1668 4094 autem
1716 4039 1956 4094 rursus
2006 4024 2073 4092 in
2111 4023 2415 4113 seipsum
2468 4035 2795 4101 mutatus,
2842 4022 3114 4092 suavis-

576 4111 749 4180 sime
785 4112 954 4194 risit,
1012 4125 1077 4182 et
1133 4112 1751 4194 vehementissime,
1797 4125 1861 4181 et
1909 4112 2107 4182 solita
2156 4111 2472 4201 protinus
2520 4112 2886 4202 superbia:
2940 4134 2978 4176 «
3017 4115 3112 4182 Ne

578 4219 685 4266 me
730 4201 1098 4281 existimeS,
1153 4201 1398 4289 inquit,
1451 4222 1600 4270 esse
1631 4223 1712 4270 ex
1752 4200 1889 4271 illis
1938 4200 2325 4272 humilibus
2372 4200 2778 4281 daemoniiS,
2822 4220 3002 4288 quae
3035 4211 3114 4269 tu

578 4287 716 4356 scis
761 4309 965 4378 saepe
997 4288 1236 4379 fugare
1286 4289 1384 4358 vel
1438 4289 1639 4359 verbo
1688 4289 1872 4359 solo:
1927 4289 2045 4359 sed
2095 4312 2253 4360 sum
2303 4289 2450 4379 ipse
2501 4288 2836 4368 centurio,
2900 4288 3111 4377 cujus

575 4396 735 4444 cum
786 4397 970 4446 nunc
1018 4376 1240 4447 fecisti
1289 4378 1672 4468 perieulum
1706 4433 1721 4461 ,
1776 4378 1965 4450 vides
2011 4399 2223 4466 quam
2291 4378 2617 4468 gravibus
2672 4377 2769 4448 sis
2817 4375 3112 4448 affectus
