3347 4999
815 329 944 393 546
2951 330 3099 396 OCT.
3143 333 3195 395 {9

1879 608 2124 685 VITA

1146 834 1223 930 S.
1294 831 1595 931 PETRl
1675 832 1801 931 DE
1870 831 2479 933 ALCANTARA
2557 833 2842 933 CONF.

808 1054 883 1098 Ex
935 1052 1130 1097 annm
1183 1049 1707 1098 canontzimoms
1755 1053 1797 1097 A
1845 1051 2162 1098 creusam
2211 1053 2307 1098 rr.
2365 1053 2426 1110 x,
2481 1052 2652 1099 Anno
2705 1036 2729 1097 l
2748 1036 2876 1100 670
2921 1028 3127 1098 amu*

1421 1217 1609 1272 obiit
1650 1231 1828 1273 anno
1872 1221 2028 1273 1562
2071 1247 2149 1260 --
2189 1218 2561 1286 Hispanus.

1198 1477 1493 1541 Clemens
1549 1476 1914 1564 episeopus,
1970 1496 2202 1542 servus
2246 1495 2591 1541 servorum
2643 1474 2789 1551 Dei,

1431 1600 1521 1666 ad
1564 1609 1962 1689 perpetuam
2000 1600 2106 1667 rei
2139 1600 2554 1667 memoriam.

810 1764 1210 1828 Pnoonutuu.
1268 1763 1735 1826 Romanorum
1788 1771 1975 1848 gesta
2019 1758 2423 1828 Pontificum
2459 1759 2895 1847 (praesertim
2934 1756 3173 1842 majorem

722 1848 836 1917 Dei
886 1848 1176 1935 gloriam
1229 1871 1307 1915 ac
1360 1853 1761 1916 Sanctorum
1812 1848 1966 1935 ejus
1999 1847 2239 1916 laudes
2270 1861 2334 1916 et
2369 1848 2691 1916 bonorem
2726 1846 3171 1925 concernentia)

722 1959 929 2026 super
986 1937 1287 2022 quibus,
1346 1935 1621 2005 illorum
1673 1938 2197 2025 superveniente
2244 1939 2437 2006 obitu
2469 1991 2483 2016 ,
2541 1936 2804 2005 litterae
2851 1934 3164 2025 apostolicae

720 2026 1063 2095 confectae
1134 2047 1264 2093 non
1320 2024 1598 2093 suerunt
1636 2080 1650 2104 ,
1723 2027 2060 2095 recenseri
2131 2027 2401 2111 justum
2455 2042 2863 2114 reputamus
2910 2037 2972 2093 et
3016 2025 3166 2092 rationi

720 2118 1128 2190 consonum,
1184 2128 1260 2181 ut
1310 2113 1427 2182 illa
1481 2114 1821 2183 universis
1867 2114 2438 2185 christifidelibus
2491 2114 2946 2182 innotescant.

807 2207 843 2290 ξ
892 2211 968 2275 1.
1028 2202 1294 2270 Dudum
1350 2203 1693 2288 siquidem
1750 2203 1967 2271 felicis
2017 2204 2505 2272 recordationis
2555 2202 2869 2272 Clemens
2931 2208 3078 2289 Papa
3115 2200 3172 2265 tt.

723 2292 1201 2380 praedecessor
1274 2304 1549 2370 noster,
1607 2291 1887 2361 devotae
1950 2293 2520 2361 considerationis
2571 2292 2902 2382 indagine
2951 2293 3174 2385 perse-ru·

723 2396 895 2459 tanS,
934 2380 1112 2466 quod
1164 2381 1336 2448 inter
1382 2381 1706 2449 coelestes
1755 2381 2016 2462 beroea,
2069 2404 2365 2467 quorum
2416 2381 2662 2449 eximia
2714 2383 2895 2450 vitae
2941 2389 3176 2474 sanctitas

720 2469 845 2537 rite
893 2471 1333 2558 comprobata
1397 2483 1825 2559 promeretur
1887 2471 2309 2561 singularem
2375 2470 2795 2541 christianae
2849 2465 3175 2560 reipublicae

719 2558 1033 2637 cultum,
1105 2558 1241 2627 illis
1296 2561 1658 2647 praecipue
1719 2564 1944 2629 Sancti
1997 2561 2300 2630 nominis
2351 2559 2933 2629 immortalitatem
2984 2563 3175 2647 Aposto-

721 2648 849 2718 lica
920 2648 1125 2716 Sedes
1192 2648 1555 2717 decernere
1603 2651 2004 2730 consuevit,
2058 2672 2352 2735 quorum
2409 2649 2622 2716 bonor
2669 2671 2833 2717 cum
2885 2647 3096 2717 eximia
3129 2653 3176 2734 stt

720 2738 1131 2827 populorum
1188 2738 1475 2806 utilitate
1525 2738 1966 2823 conjunctus.·
2033 2740 2207 2808 Hinc
2271 2737 2415 2819 illi,
2469 2738 2589 2824 qui
2651 2737 2984 2826 peculiari
3039 2733 3173 2803 alicui
3227 2813 3228 2824 ἵ

717 2828 889 2895 vitae
940 2826 1252 2894 instituto
1303 2826 1523 2894 ideam
1580 2827 1963 2896 sanctitatis
2011 2827 2496 2905 exbibuerunt,
2549 2839 2614 2894 et
2655 2849 3005 2896 sacrorum
3054 2840 3173 2911 prae
3227 2829 3228 2888 l

716 2917 945 2985 sertim
1000 2915 1332 2984 Ordinum
1387 2915 1785 2984 fundatores
1836 2917 2094 3016 insigni
2148 2919 2392 2985 virtute
2441 2939 2519 2983 ac
2555 2915 2895 3004 prodigiis
2930 2914 3171 3000 illustres

715 3004 1169 3073 libentissime
1206 3026 1436 3073 sacras
1471 3005 1553 3071 ad
1593 3027 1747 3072 aras
1780 3007 2259 3090 accipiuntur;
2304 3006 2562 3091 quibus
2587 3005 2986 3094 junguntur
3015 3003 3075 3077 ii,
3102 3016 3173 3081 (1111

715 3093 1069 3183 religiosas
1112 3092 1408 3161 familias
1448 3094 1591 3183 jam
1630 3095 1875 3162 virtute
1912 3095 2227 3163 florentes
2261 3097 2343 3163 ad
2380 3094 2786 3162 severiorem
2820 3090 3171 3182 disciplinam

712 3196 1140 3258 revocarunt,
1185 3195 1249 3249 et
1296 3182 1379 3250 ad
1435 3183 1798 3252 sanctioris
1849 3183 2138 3251 instituti
2191 3184 2496 3252 studium
2561 3182 2646 3250 ab
2695 3183 2962 3252 excelsa
3007 3180 3172 3246 virtute
3225 3219 3226 3228 κ

710 3270 1166 3338 commendati
1198 3271 1605 3351 invitarunt;
1636 3293 1931 3357 quorum
1966 3273 2203 3340 merita
2231 3273 2512 3362 exigunt
2553 3285 2625 3341 ut
2659 3277 3046 3341 Sanctorum
3071 3264 3174 3332 albo

710 3358 1213 3426 adscribantur.
1296 3366 1534 3450 Magna
1594 3360 1938 3447 siquidem
2012 3361 2195 3430 haud
2268 3362 2560 3430 dubium
2630 3374 2776 3443 est,
2847 3362 2913 3428 in
2983 3372 3168 3427 sacrant

708 3469 945 3515 eorum
1002 3447 1314 3516 militiam
1368 3464 1573 3535 atque
1624 3451 1690 3517 in
1745 3451 2135 3518 universam
2192 3450 2561 3519 Ecclesiam
2615 3451 2974 3519 commoda
3021 3438 3171 3533 profe·

708 3549 926 3615 ctura,
982 3558 1188 3620 quam
1232 3539 1505 3627 egregio
1553 3539 1865 3627 exemplo
1915 3539 1997 3607 ad
2053 3541 2478 3608 sanctitatem
2522 3538 2884 3608 ardentius
2933 3549 3171 3627 provoca·
3223 3605 3224 3622 χ

707 3625 901 3694 bunt.
959 3627 1444 3706 Quamobrem,
1497 3650 1654 3695 cum
1711 3628 2192 3697 sanctissimus
2227 3633 2490 3714 Deoque
2525 3628 2966 3717 gratissimus
2996 3625 3075 3691 vir
3099 3623 3171 3685 P?-
3223 3627 3224 3702 l

708 3728 851 3783 trus
899 3713 983 3782 de
1016 3713 1373 3783 Alcantara
1413 3716 1670 3803 optime
1724 3717 2007 3785 meritus
2057 3718 2143 3786 sit
2176 3717 2260 3785 de
2307 3717 2686 3787 christiana
2740 3714 3090 3807 republicffi·
3120 3722 3169 3772 θῡ

704 3804 885 3889 quod
943 3802 1364 3892 inculpatam
1421 3805 1749 3893 religione
1797 3819 1860 3875 et
1908 3806 2216 3875 doctrina
2271 3806 2489 3874 sancti
2523 3806 2873 3876 Francisci
2908 3799 3163 3873 familiam

702 3895 884 3964 foetu
938 3915 1149 3963 novae
1202 3892 1412 3982 prolis
1448 3894 1827 3974 adauxerit,
1873 3918 2186 3982 eamque,
2232 3894 2377 3985 jam
2434 3907 2552 3984 per
2601 3895 2971 3985 Hispaniae
3010 3903 3062 3959 et
3101 3888 3167 3978 Itl·

702 3984 973 4052 diarum
1044 4005 1111 4051 re
1170 4005 1250 4051 na
1313 3981 1664 4052 dilatatam
1704 4039 1718 4062 ,
1791 4006 1909 4070 per
1971 3987 2250 4053 semitas
2299 3984 2774 4052 strictissimae
2828 3987 3166 4072 paupertatis

702 4073 1059 4142 ambulare
1148 4073 1432 4152 ocuerit,
1475 4084 1539 4141 et
1586 4072 1914 4142 omnibus
1958 4073 2203 4144 Christi
2242 4072 2563 4141 fidelibus
2605 4072 3169 4161 praebueritexem·

702 4160 854 4251 plar
895 4162 1320 4232 incredibilis
1374 4161 1828 4252 poenitentiae
1861 4185 2020 4232 cum
2073 4164 2350 4232 summa
2383 4162 2774 4232 innocentia
2805 4161 3160 4250 conjunctae,

748 4361 770 4383 ⁶
802 4361 892 4407 Qui
928 4359 1207 4400 sanctorum
1243 4371 1440 4401 numero
1472 4363 1665 4401 Petrum
1700 4364 1756 4402 de
1789 4362 2041 4401 Alcantarn
2067 4359 2311 4411 inscripsit
2331 4362 2422 4401 tuit
2447 4363 2662 4402 Clemens
2680 4362 2757 4410 Pp.
2778 4361 2854 4405 IX.
2874 4369 2987 4399 uino
3005 4339 3166 4395 1603&

694 4414 835 4454 Bulla
867 4416 1255 4459 canonizationis.
1280 4425 1422 4463 qnam
1456 4413 1555 4463 ipse
1586 4416 1866 4462 confecerat,
1895 4425 1994 4461 nec,
2021 4418 2171 4456 morte
2201 4418 2499 4465 praeventus,
2533 4416 2749 4464 expedire
2770 4415 2980 4464 potuita
2998 4400 3165 4450 Cleflffl‘

690 4471 773 4519 Pp.
796 4469 846 4514 X,
865 4469 968 4517 ejus
988 4477 1273 4512 successore.
1292 4469 1418 4509 edita
1434 4468 1539 4510 fult.
