3347 4999
203 323 382 389 OCT.
442 322 510 388 tt
1083 342 1161 386 m:
1212 317 1289 386 ss
1323 340 1627 387 spumeo
1680 341 1862 388 conr.
2534 324 2660 390 345

204 425 430 496 solum
508 427 671 516 Regi
733 439 970 516 gratus
1018 443 1083 493 et
1131 440 1476 514 acceptus,
1532 426 1644 493 sed
1699 427 1902 495 etiam
1966 427 2235 496 cunctis
2298 428 2749 516 optimatibus

200 515 356 602 ejus
405 516 810 585 carissimus
857 513 1010 582 suit.
1066 518 1297 583 Sermo
1346 515 1494 602 ejus
1536 514 1868 603 sapientia
1914 514 2234 585 conditus
2281 530 2460 586 erat:
2514 516 2747 585 omnia

200 624 409 694 opera
447 604 598 693 ejus
633 609 764 672 Deo
803 616 866 672 et
916 603 1317 690 hominibus
1371 601 1755 692 placebant.
2691 660 2708 679 ‚

297 699 335 773 ἓ
384 697 473 762 a.
529 698 660 762 Nec
711 692 1006 761 multum
1060 691 1386 781 temporis
1419 690 1725 774 defluxit,
1763 704 1828 761 et
1869 714 2114 782 magna
2157 690 2586 781 praefectura
2628 692 2747 761 ho-

201 794 490 850 noratus
537 794 660 850 est.
716 785 814 849 Ita
867 786 1064 862 Deus,
1137 803 1310 867 quos
1375 779 1550 859 vult,
1609 780 1941 859 vivificat;
1995 781 2110 868 qui
2163 781 2448 850 arbitrio
2498 803 2624 850 suo
2684 795 2748 849 et

202 868 474 939 occulto
511 869 781 959 judicio
843 870 1014 939 alios
1073 869 1415 949 humiliat,
1478 881 1542 938 et
1608 869 1779 939 alios
1829 869 2180 939 sublimat.
2237 870 2430 939 Sicut
2484 869 2741 957 Joseph

201 958 552 1044 quondam
605 958 688 1027 de
738 958 1033 1028 vinculis
1079 971 1144 1027 et
1190 980 1459 1027 carcere
1493 956 1574 1026 ad
1671 960 1908 1027 ratiam
1964 959 2338 1027 Pharaonis
2379 970 2442 1027 et
2486 958 2742 1048 princi-

202 1060 441 1136 patum
496 1047 775 1138 Aegypti
829 1047 1164 1138 provexit;
1217 1047 1307 1115 ita
1363 1069 1544 1116 nunc
1594 1070 1627 1115 a
1732 1047 1961 1117 Riensi
2018 1047 2369 1136 provincia
2426 1058 2740 1118 sanctum

204 1139 658 1205 Gummarum
709 1136 964 1215 eduxit,
1016 1150 1083 1204 et
1132 1136 1196 1203 in
1252 1134 1501 1225 palatio
1553 1136 1916 1225 magnifice
1964 1136 2362 1215 exaltatum,
2419 1137 2600 1225 regia
2643 1135 2743 1202 fa-

205 1225 598 1294 miliaritate
660 1225 1038 1294 honoravit.
1094 1224 1392 1293 Providit
1442 1224 1575 1304 ille,
1631 1246 1717 1293 ne
1765 1231 2107 1325 Aegyptus
2165 1224 2345 1293 fame
2395 1224 2736 1304 interiret;

203 1313 604 1400 providebat
654 1314 800 1395 iste,
854 1325 1189 1402 quantum
1245 1325 1526 1402 poterat,
1583 1335 1664 1382 ne
1703 1313 2012 1402 justitiae
2072 1315 2360 1400 penuria
2411 1313 2734 1403 pupilIOS,

205 1401 452 1471 viduas
500 1417 566 1473 et
613 1404 960 1491 orphanos
1027 1415 1359 1492 gravaret.
1423 1407 1546 1471 Per
1613 1402 1848 1470 omnia
1913 1402 2316 1472 benedictus
2378 1406 2576 1483 DeuS,
2621 1402 2741 1489 qui

208 1492 527 1579 superbis
576 1493 851 1572 resistit,
909 1490 1296 1560 humilibus
1336 1505 1562 1559 autem
1616 1490 1734 1559 dat
1780 1492 2096 1580 gratiam.
2411 1552 2418 1563 .

290 1581 455 1665 §4
514 1581 701 1649 Libet
763 1603 945 1648 nunc
1010 1580 1304 1649 breviter
1372 1579 1653 1649 recitare
1718 1579 1801 1648 de
1866 1592 2102 1648 sancto
2169 1584 2545 1650 Gummaro
2594 1601 2734 1649 rem

197 1667 478 1753 quidem
516 1670 856 1757 exiguam,
896 1668 1011 1738 sed
1054 1690 1339 1758 magnae
1383 1669 1650 1757 pietatis
1696 1667 1990 1756 plenam.
2037 1674 2177 1737 Non
2215 1667 2356 1736 ulla
2406 1668 2734 1737 incitante

199 1755 513 1838 libidine,
559 1758 673 1826 sed
711 1770 992 1847 cogente
1032 1763 1234 1847 Rege,
1289 1779 1567 1826 uxorem
1610 1756 1897 1825 duxerat
1936 1757 2488 1836 Guuinmariam‚
2537 1757 2739 1847 longe

199 1866 240 1912 a
305 1846 451 1915 suis
521 1846 828 1916 moribus
892 1845 1420 1935 discrepantem.
1488 1851 1652 1914 Nam
1720 1859 2057 1933 quantum
2133 1845 2248 1914 ille
2313 1845 2737 1915 humanitate

199 1945 264 2002 et
307 1934 817 2017 misericordia,
890 1946 1152 2004 tantum
1208 1934 1323 2003 illa
1383 1933 1787 2003 crudelitate
1846 1933 2300 2004 redundabat.
2357 1938 2518 2003 Cum
2577 1956 2739 2023 ergo

192 2022 395 2109 jussu
435 2023 637 2113 Regis
685 2025 766 2092 ad
817 2023 1315 2113 expeditionem
1348 2023 1383 2057 ⁴²
1416 2045 1486 2091 se
1539 2035 1828 2111 pararet,
1885 2022 2135 2093 domus
2184 2044 2347 2093 suae
2395 2023 2739 2109 totiusque

202 2110 506 2180 familiae
553 2134 789 2181 curam
848 2124 1379 2202 potestatemque
1413 2112 1473 2180 ei
1510 2111 1810 2198 reliquit,
1866 2112 2270 2189 admonens,
2311 2123 2386 2181 ut
2424 2134 2580 2200 erga
2620 2134 2738 2181 su-

199 2199 457 2286 bjectos
508 2201 722 2270 multa
772 2214 1077 2271 uteretur
1140 2200 1710 2279 mansuetudine;
1763 2213 1828 2270 et
1877 2201 1972 2269 sic
2033 2199 2373 2288 profectus
2406 2214 2543 2268 est.
2607 2200 2731 2269 Sed

201 2288 320 2357 illa
367 2289 662 2375 quadam
716 2289 1020 2360 belluina
1060 2289 1322 2357 feritate
1372 2302 1523 2377 post
1570 2290 1718 2377 ejus
1767 2289 2161 2359 abscessum
2208 2290 2430 2376 coepit
2479 2290 2736 2358 saevire

198 2377 269 2444 in
323 2399 507 2457 suoS,
562 2378 732 2447 salso
774 2377 911 2448 illis
959 2377 1292 2464 quasdam
1347 2376 1684 2467 affingens
1716 2377 1983 2465 culpas.
2021 2389 2086 2445 et
2117 2399 2231 2446 eos
2281 2377 2735 2467 negligentiae

199 2465 643 2546 insimulanS,
696 2469 873 2553 quod
944 2467 1167 2537 debita
1232 2487 1362 2534 non
1418 2465 1916 2556 persolverent;
1968 2466 2448 2536 contemnebat
2496 2488 2730 2536 eorum

198 2554 493 2634 servitia,
550 2567 896 2641 tamquam
930 2557 1049 2643 qui
1088 2555 1260 2624 nulli
1310 2568 1536 2624 essent
1584 2555 1764 2632 usui,
1822 2578 1943 2625 nec
1985 2554 2202 2624 ullius
2238 2556 2431 2643 pretii
2467 2577 2582 2624 eos
2633 2578 2733 2625 re-

208 2642 562 2731 probabat.
616 2647 827 2730 Atque
875 2647 1006 2714 sub
1055 2644 1181 2714 hoc
1232 2656 1578 2733 praetextu
1628 2644 1977 2713 auferebat
2015 2645 2113 2713 eis
2151 2644 2352 2713 boves
2398 2665 2632 2712 eorum
2672 2657 2737 2713 et

196 2752 469 2799 omnem
571 2733 1179 2813 ossessiunculam‚
1238 2732 1407 2802 nihil
1458 2733 1558 2801 eis
1608 2733 2005 2820 relinquens
2055 2746 2320 2820 praeter
2368 2744 2732 2821 pauperta-

198 2832 331 2888 tem
398 2833 463 2888 et
557 2820 871 2901 aborem,
926 2822 1272 2909 vitamque
1341 2844 1498 2890 cum
1576 2843 1846 2890 summa
1922 2821 2196 2890 miseria
2257 2820 2728 2907 conjunctam.

198 2912 529 2995 Cumque·
554 2910 770 2979 nihilo
822 2911 1053 2979 minus
1091 2913 1350 2996 absque
1384 2910 1523 2978 ulla
1576 2910 1935 2979 clementia
1973 2910 2268 2999 exigeret
2303 2909 2729 2978 tantumdem

198 2997 285 3066 ab
336 2996 497 3078 illis,
550 3010 883 3085 quantum
936 3012 1135 3067 antea
1183 3011 1664 3088 consueverat,
1723 2998 1822 3067 illi
1875 2998 2096 3067 bobus
2146 3022 2176 3068 s
2230 2997 2474 3078 oliati,·
2516 2998 2732 3066 instar

188 3084 692 3171 jumentorum,
745 3088 919 3157 colla
962 3087 1134 3177 jugo
1184 3101 1672 3177 supponentes,
1716 3087 2076 3155 trahebant
2127 3021 2430 3176 plaustra
2481 3099 2729 3155 onusta

194 3194 415 3259 usque
463 3176 544 3243 ad
599 3176 881 3245 domum
933 3176 1146 3256 illius,
1201 3189 1547 3266 gementes
1595 3187 1797 3262 atque
1844 3173 2173 3244 dolentes,
2228 3180 2304 3244 At
2351 3174 2504 3243 vide
2547 3196 2732 3244 nunc

196 3261 506 3331 animum
573 3285 705 3333 non
778 3264 1114 3346 feminae,
1180 3265 1294 3333 sed
1363 3265 1688 3334 immanis
1757 3262 2040 3332 belluae.
2121 3265 2349 3334 Rebus
2404 3263 2730 3334 omnibus

196 3350 555 3440 spoliatoS‚
630 3353 835 3421 etiam
903 3352 1098 3423 duris
1159 3353 1398 3443 affligit
1465 3353 1894 3432 verberibuS,
1961 3364 2027 3420 et
2089 3352 2377 3442 capillos
2452 3351 2726 3421 illorum

195 3439 459 3507 tonderi
494 3439 715 3525 jubet.

281 3529 318 3614 ξ
364 3534 451 3599 5.
506 3529 715 3598 Annis
749 3551 900 3600 vero
953 3551 1190 3599 novem
1223 3531 1499 3609 exacti3‚
1552 3550 1709 3598 cum
1747 3528 2078 3598 dimissus
2113 3552 2152 3598 a
2187 3529 2431 3599 militia
2483 3527 2731 3598 rediret

196 3617 556 3697 exercituS,
584 3631 865 3687 sanctus
890 3640 1162 3705 quoque
1189 3623 1359 3689 Gum
1374 3640 1606 3686 marus
1636 3617 1956 3687 remeavit
1982 3616 2063 3686 ad
2095 3640 2241 3687 sua.
2270 3623 2344 3687 Et
2366 3639 2519 3687 ecce
2544 3617 2725 3707 apud

191 3704 522 3784 rivulum,
554 3706 673 3792 qui
704 3706 958 3776 dicitur
989 3707 1489 3795 Diepennorch,
1513 3707 1880 3792 quemdam
1914 3728 1950 3776 e
1977 3707 2189 3777 servis
2216 3707 2362 3776 suis
2391 3705 2571 3774 videt
2598 3718 2727 3775 tra·

193 3792 463 3861 hentem
509 3793 918 3881 plaustrum,
958 3795 1416 3882 eumdemque
1447 3795 1594 3864 dire
1627 3817 1928 3876 caesum,
1971 3807 2105 3864 toto
2129 3816 2357 3865 rasum
2396 3795 2640 3884 capite,
2666 3806 2730 3863 et

193 3881 441 3950 misere
492 3882 1012 3972 lacrymantem.
1067 3883 1154 3952 Ad
1208 3905 1409 3970 quem
1462 3905 1617 3952 cum
1676 3884 1958 3974 propius
2018 3885 2447 3963 accessisset,
2504 3897 2730 3952 motus

190 3969 469 4057 pietate,
512 3994 546 4037 «
599 3972 766 4053 Quis
818 3985 912 4051 te,
969 3973 1230 4058 inquit,
1285 3971 1531 4051 frater,
1587 3973 1653 4040 in
1723 3985 1986 4041 tantum
2054 3971 2336 4041 afflixit?
2383 3971 2548 4053 Quis
2605 3971 2728 4041 tibi

191 4070 399 4146 caput
439 4060 650 4129 rasit?
698 4064 1043 4141 Quaenam
1088 4071 1187 4129 est
1217 4060 1681 4150 lacrymarum
1719 4075 1783 4129 et
1818 4060 1986 4130 tanti
2024 4081 2232 4130 causa
2286 4060 2663 4129 moeroris?
2691 4083 2726 4127 »

195 4145 316 4213 Sed
369 4168 525 4245 cum
581 4147 695 4217 ille
746 4148 914 4217 nihil
970 4149 1430 4236 responderet,
1484 4149 1806 4218 dominae
1869 4171 2033 4218 suae
2092 4148 2562 4217 crudelitatem
2619 4170 2727 4217 re-

189 4231 591 4317 formidanS,
650 4236 885 4309 multis
934 4237 1144 4306 minis
1192 4238 1278 4306 ab
1325 4260 1403 4307 eo
1454 4236 1725 4308 tandem
1769 4238 2070 4317 extorsit,
2115 4248 2190 4307 ut
2231 4238 2325 4307 rei
2377 4238 2721 4307 veritatem

243 4446 269 4473 '⁸
297 4447 488 4496 Pipinns
509 4450 622 4491 tunc
641 4450 869 4503 temporis
888 4452 1067 4492 bellum
1090 4454 1186 4502 egit
1205 4462 1309 4493 cum
1332 4450 1592 4498 Saracenis,
1609 4452 1931 4502 Longobordts
1955 4456 2002 4492 et
2024 4449 2284 4502 Aquitanis.
