3347 4999
746 345 873 408 466
1518 361 1597 407 nc
1643 357 1702 407 s,
1757 359 2101 409 ramcrsco
2149 358 2334 407 conr.
2944 338 3145 406 OCT.
3195 340 3229 405 4

657 459 877 527 erant,
931 443 1288 515 inclinatis
1334 444 1683 535 capitibus
1738 466 1897 514 cum
1948 444 2539 534 appropinquaret
2591 442 2679 512 ad
2735 465 2877 525 eaS,
2942 442 3233 511 insolito

657 535 863 604 modo
912 534 981 602 in
1018 534 1247 624 ipsum
1302 533 1759 614 intenderent,
1814 555 2038 635 usque
2072 532 2154 602 ad
2196 554 2313 603 eas
2360 533 2672 613 accessit,
2725 544 2790 602 et
2827 553 3115 611 omnc5‚
3160 543 3234 600 ut

655 626 942 694 verbum
995 622 1268 692 Domini
1314 622 1671 702 audirent,
1726 622 2016 692 sollicite
2083 621 2483 700 admonuit,
2537 620 2815 691 dicens:
2873 643 2911 687 «
2956 625 3234 689 Fratres

656 714 792 782 mei
834 710 1148 781 volucres
1179 765 1194 792 ,
1258 710 1556 780 multum
1614 712 1878 780 debetis
1920 710 2204 780 laudare
2244 715 2625 780 Creatorem
2678 721 2988 780 vestrum
3030 762 3049 789 ,
3113 709 3234 795 qui

654 801 916 892 plumis
967 822 1082 869 vos
1135 798 1408 881 induit,
1461 812 1526 868 et
1575 822 1841 890 pennas
1904 800 2143 869 tribuit
2205 798 2291 868 ad
2358 798 2730 868 volandum
2769 852 2785 879 ,
2842 797 3234 888 puritatem

652 890 992 960 concessit
1039 889 1243 969 aeriS,
1296 889 1558 976 etsine
1613 903 1831 958 vestra
1881 887 2352 958 sollicitudine
2392 910 2510 957 vos
2549 886 2916 978 gubernat.
2965 910 3006 952 »
3059 890 3230 955 Cum

652 993 883 1048 autem
934 977 1035 1047 eis
1073 978 1238 1046 haec
1286 989 1351 1046 et
1395 978 1504 1047 his
1553 977 1811 1047 similia
1862 977 2277 1064 loqueretur,
2316 976 2627 1045 aviculae
2661 975 2869 1046 modo
2911 974 3234 1045 mirabili

654 1069 1023 1158 gestientes
1054 1100 1085 1146 ,·
1141 1079 1516 1155 coeperunt
1568 1066 1931 1136 extendere
1977 1067 2155 1135 colla
2186 1120 2202 1145 ‚
2259 1065 2666 1156 protendere
2721 1065 2894 1146 alaS,
2949 1063 3234 1153 aperire

655 1169 899 1238 rostra,
951 1156 1119 1224 etin
1157 1154 1357 1223 illum
1407 1167 1660 1224 attente
1710 1154 2070 1244 respicere.
2126 1160 2281 1244 Ipse
2332 1176 2487 1223 vero
2527 1175 2687 1223 cum
2744 1153 3051 1243 spiritus
3103 1151 3234 1222 ser·
3299 1239 3300 1244 ἵ

655 1267 816 1316 vore
852 1243 1171 1312 mirando
1208 1265 1327 1333 per
1368 1243 1672 1313 medium
1723 1245 2033 1334 ipsarum
2080 1243 2446 1324 transiens,
2487 1242 2723 1312 tunica
2768 1242 3230 1330 contingebat
3299 1251 3300 1254 ’

655 1333 960 1412 easdem,
1015 1353 1141 1401 nec
1177 1345 1402 1401 tamen
1454 1333 1539 1402 de
1588 1332 1737 1402 loco
1770 1332 2000 1420 aliqua
2045 1345 2228 1402 mota
2274 1344 2400 1411 est,
2456 1331 2677 1401 donec
2727 1332 2933 1421 signo
2991 1331 3232 1399 Crucis

659 1422 877 1503 fact0,
942 1434 1007 1490 et
1059 1420 1333 1490 licentia
1374 1421 1557 1503 data,
1609 1444 1772 1491 cum
1823 1421 2299 1491 benedictione
2334 1421 2472 1489 Viri
2516 1421 2655 1500 Dei,
2709 1441 2959 1489 omnes
3014 1419 3229 1488 simul

651 1512 1036 1581 avolarunt.
1072 1514 1253 1579 Haec
1282 1510 1519 1579 omnia
1557 1510 2064 1580 contuebantur
2103 1510 2294 1593 socii,
2334 1521 2804 1600 exspectantes
2838 1510 2911 1577 in
2954 1508 3101 1577 via.
3143 1507 3228 1577 Ad

656 1622 833 1688 quos
891 1621 1204 1669 reversus
1254 1599 1365 1667 Vir
1398 1599 1690 1689 simplex
1744 1610 1810 1669 et
1863 1621 2104 1689 purus,
2153 1621 2274 1689 pro
2320 1620 2401 1668 eo
2448 1598 2632 1685 quod
2690 1619 2826 1667 non
2883 1598 3229 1667 hactenus

654 1688 900 1759 avibus
936 1687 1468 1778 praedicaverat,
1524 1687 1748 1788 coepit
1804 1709 1876 1758 se
1930 1687 2014 1757 de
2064 1687 2484 1778 negligentia
2518 1686 2902 1776 inculpare.
2964 1686 3229 1755 Exinde
3299 1731 3300 1772 3

656 1776 1123 1869 praedicando
1171 1797 1293 1865 per
1340 1775 1487 1844 loca
1536 1777 1761 1845 vicina
1816 1776 2214 1867 procedenS,
2273 1777 2455 1845 venit
2502 1775 2588 1845 ad
2633 1787 2942 1845 castrum
3001 1774 3229 1862 quod·

654 1867 843 1948 dam,
899 1866 1181 1934 nomine
1229 1864 1613 1946 Amanum,
1670 1865 1817 1947 ubi,
1874 1876 2289 1955 congregato
2342 1865 2642 1955 populo,
2694 1877 2759 1934 et
2805 1863 3091 1933 indicto
3145 1865 3231 1933 si-

655 1957 888 2035 lentio,
945 1966 1221 2044 propter
1271 1953 1680 2023 hirundines
1715 1953 2151 2024 nidificantes
2186 1955 2253 2022 in
2297 1954 2533 2022 eodem
2588 1953 2759 2034 loco,
2803 1953 3230 2043 magnisque

651 2043 1032 2136 garritibus
1085 2054 1630 2131 perstrepentes,
1684 2043 1913 2113 audiri
1980 2043 2085 2112 vix
2152 2055 2433 2132 poterat.
2486 2047 2670 2124 Quas
2716 2043 2829 2110 Vir
2893 2044 3026 2109 Dei
3077 2064 3229 2110 orn·

652 2134 864 2204 nibus
912 2130 1357 2200 audientibus
1415 2131 1759 2201 allocutus
1794 2144 1920 2212 est,
1976 2132 2252 2202 dicens:
2309 2154 2344 2197 «
2390 2137 2669 2201 Sorores
2720 2151 2911 2199 meae
2965 2130 3226 2200 hirun-

649 2223 873 2303 dines,
921 2221 1066 2307 jam
1114 2231 1387 2310 tempus
1437 2233 1539 2290 est
1586 2234 1661 2290 ut
1703 2221 1944 2308 loquar
1996 2233 2061 2290 et
2108 2243 2235 2310 ego
2272 2275 2287 2301 ,
2391 2221 2502 2289 uia
2555 2242 2672 2289 vos
2722 2240 2948 2306 usque
3021 2219 3227 2288 modo

652 2312 818 2381 satis
866 2309 1158 2379 dixistis.
1197 2308 1438 2379 Audite
1488 2310 1769 2378 verbum
1817 2310 1929 2378 Dei
1965 2322 2270 2379 tenentes
2304 2311 2360 2378 si
2394 2311 2685 2389 entium,
2721 2307 2943 2376 donec
2986 2330 3226 2377 sermo

652 2399 768 2467 Dei
826 2398 1276 2488 compleatur.
1319 2421 1355 2464 »
1410 2401 1486 2468 At
1537 2398 1694 2468 illae
1742 2412 2097 2485 tamquam
2149 2398 2537 2468 intellectus
2584 2418 2874 2486 capaces
2905 2450 2922 2478 ,
2985 2397 3229 2466 subito

653 2502 1038 2569 tacuerunt,
1095 2509 1217 2556 nec
1257 2487 1535 2557 fuerunt
1586 2502 1805 2559 motae
1859 2487 1944 2557 de
1995 2487 2166 2567 loco,
2220 2487 2438 2557 donec
2496 2486 2627 2557 fuit
2659 2486 2889 2558 omnis
2943 2486 3227 2576 praedi·

648 2577 828 2646 catio
875 2589 1379 2646 consummata.
1435 2580 1689 2647 Omnes
1739 2577 1998 2667 igitur,
2053 2577 2173 2664 qui
2229 2576 2582 2659 viderunt,
2639 2588 2922 2665 stupore
2980 2576 3226 2665 repleti

650 2666 1213 2757 glorificaverunt
1255 2670 1491 2734 Deum.
1531 2666 1741 2734 Istius
1784 2666 2104 2735 miraculi
2137 2667 2320 2735 sama
2348 2667 2896 2752 circumquaque
2930 2663 3225 2745 diffusa,

650 2755 905 2824 multos
944 2754 1028 2824 ad
1075 2754 1304 2822 Sancti
1358 2755 1833 2834 reverentiam,
1885 2769 1951 2824 et
1997 2754 2155 2823 fidei
2192 2754 2619 2824 devotionem
2658 2752 3012 2823 accendit.

734 2846 948 2931 9²28.
1004 2848 1079 2911 In
1122 2843 1395 2912 civitate
1456 2865 1757 2930 namque
1804 2843 2174 2912 Parisiensi
2225 2842 2562 2913 scholaris
2658 2842 2899 2912 uidam
2951 2842 3229 2912 indolis
3297 2916 3298 2937 χ

647 2935 891 3012 bonae,
948 2954 1107 3001 cum
1144 2931 1350 3001 sociis
1383 2931 1541 3001 aliis
1572 2932 1801 3001 studio
1835 2932 2205 3023 diligenter
2236 2934 2564 3012 intentuS,
2602 2864 2771 3000 gum
2808 2931 3232 3020 importuna
3297 2940 3298 2943 ’

646 3021 1049 3111 garrulitate
1108 3021 1475 3110 cujusdam
1549 3021 1992 3090 infestaretur
2063 3021 2514 3102 hirundiniS,
2573 3020 2801 3089 dicere
2846 3021 3096 3119 coepit
3147 3021 3228 3089 ad

647 3112 913 3179 socios:
947 3114 1128 3178 Haec
1160 3110 1463 3179 hirundo
1498 3133 1637 3179 una
1680 3109 1765 3178 de
1800 3110 1938 3179 illis
1968 3124 2093 3191 est,
2128 3131 2307 3196 quae
2335 3110 2560 3179 virum
2598 3110 2707 3177 Dei
2751 3113 3225 3178 Francuscum

646 3199 1158 3355 praedicantem
1191 3198 1593 3286 aliquandO,
1648 3197 1867 3268 donec
1900 3198 2256 3267 silentium
2290 3198 2389 3268 eis
2438 3199 2846 3287 imponeret,
2892 3197 3230 3268 molesta·

696 3300 838 3356 ant.
892 3291 968 3355 Et
996 3308 1370 3355 conversus
1418 3287 1502 3355 ad
1546 3287 2023 3367 hirundinem,
2082 3286 2496 3357 fiducialiter
2534 3287 2668 3356 ait:
2724 3307 2762 3353 t(
2800 3290 2876 3355 In
2937 3287 3233 3355 nomine

649 3374 836 3444 Servi
890 3374 1029 3454 Dei,
1084 3375 1453 3456 Francisci,
1513 3376 1861 3466 praecipio
1912 3375 2058 3456 tibi,
2107 3390 2183 3445 ut
2229 3375 2315 3445 ad
2368 3397 2475 3446 me
2517 3376 2823 3452 veniens,
2877 3376 3234 3444 continuo

645 3464 1090 3533 conticescas.
1127 3486 1162 3528 »
1197 3468 1273 3532 At
1323 3463 1463 3544 illa,
1504 3466 1851 3535 Francisci
1885 3464 2123 3534 audito
2158 3465 2457 3547 nomine,
2513 3464 2713 3551 quasi
2761 3462 2906 3532 Viri
2953 3464 3077 3533 Dei
3130 3464 3236 3532 di-

649 3552 970 3641 sciplinis
1008 3551 1269 3631 edocta,
1329 3565 1395 3621 et
1440 3555 1669 3622 statim
1721 3554 2077 3632 conticuit,
2124 3565 2191 3622 et
2227 3554 2447 3643 ipsius
2488 3553 2811 3622 manibus
2854 3565 3234 3640 tamquam

650 3654 836 3710 tutae
875 3640 1230 3711 custodiae
1278 3662 1351 3710 se
1404 3642 1773 3712 commisit.
1831 3642 2271 3732 stupefactus
2319 3642 2656 3712 scholaris
2688 3695 2706 3724 ,
2768 3641 3005 3711 statim
3071 3663 3234 3711 eam

652 3729 951 3799 libertati
1000 3729 1345 3809 restituit,
1406 3743 1471 3799 et
1529 3732 1682 3820 ejus
1744 3732 2083 3820 garritum
2149 3731 2456 3821 amplius
2526 3752 2661 3800 non
2711 3728 3008 3800 audivit.
3081 3731 3238 3800 Alio

640 3840 919 3906 quoque
962 3832 1265 3906 tempore
1311 3841 1469 3887 cum
1506 3819 1836 3891 Famulus
1884 3821 1992 3889 Dei
2037 3819 2305 3907 Cajetae
2336 3819 2370 3855 '⁶
2414 3819 2839 3907 praedicaret
2888 3820 2961 3888 in
3021 3819 3238 3889 litore

648 3909 862 3977 maris
899 3962 913 3987 ,
968 3908 1191 3976 turbis
1245 3912 1405 3996 pne
1452 3907 1812 3978 devotione
1860 3910 2274 3990 ruentibuS,
2345 3921 2419 3977 ut
2466 3931 2625 3978 eum
2678 3908 3183 3997 contingerent
3217 3964 3233 3986 ,

648 3995 938 4066 horrens
985 3996 1231 4066 Christi
1289 4001 1537 4067 Servus
1581 4011 1847 4067 tantum
1905 3998 2319 4087 populorum
2372 3997 2819 4086 applausum,
2874 3997 2950 4065 in
3000 4019 3242 4066 unam

648 4083 1042 4154 haerentem
1096 4085 1275 4154 litori
1337 4087 1726 4155 naviculam
1793 4087 2134 4176 prosilivit
2183 4086 2398 4155 soluS.
2459 4085 2589 4155 Illa
2637 4107 2795 4156 vero
2858 4097 3244 4172 tamquam

644 4174 705 4241 si
759 4174 1043 4242 rationis
1097 4175 1438 4265 particeps
1470 4229 1485 4257 ,
1542 4190 1802 4244 motore
1871 4187 2261 4245 moveretur
2315 4174 2726 4259 intrinsec03
2779 4174 2932 4244 sine
2981 4174 3246 4262 aliquo

646 4263 930 4355 remige,
974 4264 1419 4334 cernentibus
1485 4278 1550 4334 et
1613 4264 2031 4334 mirantibus
2096 4265 2393 4344 cunctis,
2452 4284 2525 4332 se
2586 4263 2865 4354 longius
2930 4284 2968 4331 a
3048 4276 3250 4334 terra

639 4426 986 4521 ωὲῐξὲἓῖξθωὸ
1017 4426 1177 4473 5⁸02*-
1204 4424 1490 4477 evlsscoptlis
1519 4426 1649 4472 urbs.
1687 4424 1735 4467 in
1773 4428 1921 4468 'reru
1952 4427 2162 4474 Laboris.
2203 4424 2254 4468 in
2288 4435 2373 4467 or·
2418 4425 2654 4476 Tyrrheni
2690 4426 2848 4474 marin.
2877 4427 3048 4477 amplo
3091 4434 3250 4478 portu
