3347 4999
705 317 833 380 420
1278 332 1353 378 na:
1401 332 1457 378 s.
1513 330 1811 378 nommco
1859 329 2159 379 romono
2209 332 2479 379 aarum
2834 314 3007 380 OCT.
3064 316 3147 379 14

616 418 795 487 sicut
842 429 942 486 est
982 415 1214 494 idiota,
1269 426 1647 502 utcumque
1696 414 2084 504 syllabatim
2137 415 2409 505 legeret,
2465 429 2740 505 repente
2803 438 3151 506 compun-

616 505 864 575 ctionis
911 527 1069 574 eum
1103 504 1388 593 spiritus
1436 504 1505 571 in
1557 504 1902 594 lacrymas
1952 503 2171 585 solvit,
2211 504 2585 591 eodemque
2638 518 2978 574 momento
3011 507 3153 575 cir-

615 593 817 664 culus
866 594 980 662 ille
1029 592 1284 663 fractus
1333 593 1677 682 apparuit.
1715 592 1903 674 Quod
1961 593 2371 662 miraculum
2415 595 2742 680 quoniam
2793 593 2958 664 alibi
2998 595 3150 684 jam

615 705 742 752 nos
789 681 1240 771 descripsisse
1285 682 1792 762 ·meminimuS‚
1845 681 2154 751 celeriter
2202 693 2747 751 transcurrentes
2778 736 2793 762 ‚
2852 705 3155 770 sequens

615 771 829 851 aliud,
884 770 1069 857 quod
1119 768 1413 839 necdum
1468 769 1708 839 litteris
1740 771 2071 840 insertum
2105 783 2227 851 est,
2258 770 2686 840 enucleatius
2718 770 3146 861 digeramus,

702 862 738 947 ξ
785 864 936 932 16.
989 859 1200 929 Paulo
1253 870 1402 948 post
1452 880 1752 946 namque
1783 864 2174 928 Ravennam
2213 859 2478 940 urbem,
2522 881 2627 928 me
2651 859 2960 948 jubente,
2994 882 3157 950 per-

613 948 810 1029 rexit,
864 961 942 1017 ut
989 947 1374 1017 sarcinulas
1423 969 1607 1028 suaS‚
1659 970 1837 1034 quas
1871 947 1964 1016 ibi
2014 947 2099 1016 de
2149 948 2305 1017 navi
2356 948 2679 1037 prodiens
2726 947 3147 1036 reliquerat,

613 1049 1020 1127 exportaret.
1095 1037 1244 1106 Illic
1317 1036 1544 1122 itaque
1593 1035 1778 1125 apud
1829 1036 2107 1105 fabriles
2154 1036 2465 1106 officinas
2535 1058 2706 1106 nova
2770 1036 3152 1107 ferreorum

615 1116 916 1197 nexuum
954 1137 1360 1215 argumenta
1407 1124 1773 1206 confinxit,
1829 1125 2201 1212 multisque
2252 1147 2322 1196 se
2374 1125 2668 1195 vinculis
2711 1148 2830 1216 per
2878 1126 3157 1197 diversa

615 1215 926 1284 membra
975 1215 1121 1304 ipse
1167 1213 1442 1283 sibimet
1481 1212 1696 1301 judex
1743 1226 1807 1283 et
1857 1235 2038 1294 reuS,
2074 1214 2401 1284 violenter
2432 1215 2736 1284 arctavit.
2792 1220 2956 1284 Nam
3009 1215 3154 1285 duo

615 1303 1006 1393 pendebant
1045 1302 1318 1372 vincula
1371 1302 1629 1371 cervice
1679 1316 1878 1371 tenus
1930 1324 2049 1392 per
2106 1302 2432 1373 humeros
2480 1303 2915 1384 altrinsecuS,
2982 1304 3151 1373 hinc

617 1392 700 1461 ad
741 1414 1004 1471 sexum,
1053 1391 1244 1460 illinc
1275 1392 1357 1460 ad
1402 1390 1664 1460 femen:
1704 1391 1880 1461 duos
1913 1412 2068 1460 vero
2109 1393 2176 1459 in
2214 1392 2569 1461 coxalibus
2612 1391 2934 1472 circulos,
2974 1392 3154 1464 duos

615 1481 919 1571 suscepit
987 1482 1064 1548 in
1115 1480 1325 1550 ulnis.
1407 1479 1720 1567 Undique
1785 1481 1996 1570 igitur
2060 1491 2195 1549 tarn
2251 1481 2616 1571 multiplici
2666 1481 3155 1551 constrictione

613 1569 931 1651 vallatuS,
964 1569 1046 1638 ad
1088 1591 1210 1637 nos
1244 1568 1481 1640 rediit:
1519 1581 1795 1649 secrete,
1822 1568 2003 1656 quod
2039 1570 2223 1638 circa
2257 1591 2326 1639 se
2358 1569 2613 1639 sactum
2646 1569 2889 1649 fuerat,
2924 1581 3155 1639 osten-

617 1657 752 1726 dit:
810 1681 1000 1739 neve‚
1062 1680 1239 1744 quae
1287 1657 1584 1738 fecerat,
1638 1659 2113 1737 immutarem,
2180 1659 2287 1726 vix
2352 1658 2624 1727 tandem
2679 1658 2814 1727 voti
2863 1680 3155 1748 compos

615 1747 937 1817 obtinuit.
992 1746 1118 1816 Sed
1160 1769 1318 1816 cum
1362 1747 1526 1815 haec
1577 1745 1775 1817 illum
1819 1745 1998 1816 ultra
2032 1746 2210 1816 vires
2258 1760 2594 1816 tormenta
2643 1760 3029 1837 gravarent,
3088 1761 3153 1818 et

612 1857 692 1905 ex
741 1836 988 1905 attritis
1038 1835 1366 1905 carnibus
1405 1835 1696 1924 jamjam
1758 1833 1971 1904 foetor
2025 1849 2435 1926 erumperet,
2492 1836 2777 1926 insuper
2822 1837 3141 1908 accessit.

613 1925 796 2011 quod
832 1947 950 1994 cor
975 1923 1203 1993 fratris
1236 1922 1524 2011 gloriam
1561 1925 1947 2013 respuentis
1972 1925 2201 1993 acrius
2233 1925 2675 2015 perturbavit.
2710 1925 2939 2014 Coepit
2965 1927 3153 1994 enim

615 2013 830 2104 hujus
874 2013 1178 2102 mysterii
1247 2012 1431 2081 fama
1472 2034 1943 2113 prorumpere,
1988 2027 2051 2081 et
2102 2014 2294 2103 prius
2336 2036 2455 2103 per
2502 2013 2790 2082 fratrum
2824 2067 2838 2093 ,
2897 2013 3150 2082 deinde

616 2124 739 2192 per
799 2124 920 2170 ora
981 2102 1612 2190 supervenientium
1670 2101 2140 2188 quorumlibet
2203 2102 2506 2171 volitare.
2579 2101 2863 2192 Rogavit
2920 2102 3154 2188 itaque

614 2190 1105 2280 omnipotentis
1155 2190 1266 2259 Dei
1306 2190 1895 2272 misericordiam,
1950 2203 2024 2260 ut
2069 2190 2235 2277 quid
2288 2192 2418 2261 sibi
2471 2212 2679 2282 super
2720 2192 2847 2260 hoc
2912 2203 3153 2280 coepto

619 2279 954 2367 placeret,
1032 2300 1151 2368 per
1200 2300 1362 2349 suae
1414 2279 1925 2348 misericordiae
1964 2278 2297 2348 indicium
2350 2280 2698 2349 evidenter
2736 2278 3148 2350 ostenderet.

617 2367 900 2436 Interim
945 2388 1099 2436 vero
1148 2366 1314 2435 dum
1367 2366 1769 2456 hujusmodi
1823 2368 2141 2456 precibus
2190 2368 2576 2454 frequenter
2626 2368 2990 2449 insisteret,
3043 2368 3154 2437 bis

615 2476 740 2545 per
774 2454 1122 2526 somnium
1174 2456 1616 2538 confortatus,
1671 2455 1953 2538 audivit,
2008 2457 2172 2545 quia
2220 2457 2630 2526 ferramenta
2680 2455 2797 2526 illa
2842 2456 2988 2544 jam
3043 2478 3149 2527 es-

619 2555 768 2614 sent
807 2544 1140 2615 divinitus
1197 2545 1619 2614 resolvenda.
1687 2551 1892 2616 Porro
1955 2559 2182 2615 autem
2240 2548 2307 2614 in
2365 2547 2723 2616 festivitate
2794 2546 3151 2616 beatorum

613 2634 1087 2724 Apostolorum
1143 2634 1441 2703 Simonis
1480 2648 1544 2703 et
1589 2633 1861 2715 Judae,
1915 2629 2120 2722 quam
2177 2635 2570 2718 nuperrime
2618 2634 3146 2713 celebravimus,

615 2722 781 2792 dum
837 2736 1173 2792 nocturno
1221 2746 1378 2792 cum
1423 2723 1751 2793 fratribus
1800 2724 2154 2794 interesset
2200 2723 2448 2804 officio,
2503 2737 2779 2824 repente
2826 2724 2968 2793 duo
3034 2722 3157 2791 illa

614 2811 1051 2893 ferramenta,
1107 2833 1281 2899 quae
1322 2833 1530 2901 super
1578 2812 1903 2880 humeros
1944 2811 2186 2903 posita,
2217 2813 2541 2900 utrinque
2573 2812 2861 2882 inferius
2894 2812 3155 2901 depen-

614 2900 891 2983 debant,
948 2912 1390 2987 ventremque
1438 2922 1595 2969 cum
1649 2901 1933 2970 renibus
1994 2903 2469 2982 coarctabant,
2533 2923 2818 2992 prorsus
2871 2901 3156 2970 effracta

614 3002 799 3072 sunt,
854 3002 918 3060 et
964 3012 1185 3059 unum
1239 2991 1307 3058 in
1359 2989 1556 3070 duas,
1611 2988 1904 3060 alterum
1948 2990 2015 3058 in
2069 3002 2202 3058 tres
2251 2990 2548 3059 divisum
2581 3001 2682 3059 est
2713 3002 2964 3080 partes.
2998 2993 3158 3059 Cae-

617 3079 741 3147 teri
791 3100 949 3147 vero
998 3078 1266 3159 circuli,
1323 3100 1455 3147 non
1500 3077 1779 3165 quidem
1835 3100 1954 3168 per
2001 3090 2228 3236 partes
2265 3079 2579 3170 abrupti,
2634 3079 2750 3148 sed
2803 3079 2895 3148 ita
2948 3077 3159 3147 laxati

614 3181 799 3248 sunt,
853 3181 917 3237 et
964 3168 1246 3254 quidam
1290 3166 1450 3236 sacti
1501 3180 1660 3238 sunt
1708 3181 1841 3237 tam
1886 3190 1997 3236 mo
2032 3168 2148 3236 lita
2187 3167 2461 3237 lenitate
2495 3166 2852 3248 flexibileS,
2882 3179 2959 3236 ut
2986 3188 3163 3253 quo-

611 3256 985 3325 dammodo
1052 3278 1186 3325 non
1259 3269 1395 3325 tam
1448 3254 1693 3336 ferrei,
1748 3279 1958 3342 quam
2009 3256 2318 3346 plumbei
2367 3256 2807 3338 viderentur,
2863 3255 3032 3325 adeo
3083 3267 3163 3324 ut

615 3344 888 3413 etiamsi
939 3343 1160 3422 vellet,
1213 3344 1675 3413 defluentibus
1709 3345 1808 3413 eis
1856 3368 1935 3415 ac
1986 3345 2540 3435 prolabentibus,
2595 3345 3022 3434 adstringere
3088 3365 3161 3412 se

611 3432 793 3501 ultra
856 3453 990 3500 non
1051 3445 1300 3522 posset.
1362 3434 1468 3503 Sic
1528 3432 1778 3514 frater,
1856 3433 1975 3520 qui
2043 3446 2318 3504 sanctae
2375 3433 2755 3504 devotionis
2813 3432 3161 3502 aestuanti

611 3520 837 3590 fuerat
867 3519 1109 3590 ardore
1135 3522 1570 3603 constricmS,
1605 3522 1718 3612 pio
1755 3522 1867 3591 Dei
1886 3521 2155 3612 judicio
2188 3535 2291 3593 est
2326 3523 2734 3592 mirabiliter
2760 3521 3153 3592 absolutus.

611 3609 787 3692 Quid
854 3631 1016 3710 ergo
1093 3633 1450 3699 magnum,
1528 3611 1583 3681 si
1649 3632 1770 3700 per
1840 3611 2300 3693 Dominicum,
2382 3611 2767 3681 mirabilem
2837 3608 3161 3679 videlicet

610 3698 864 3779 virum,
898 3720 1174 3788 signum
1209 3698 1485 3786 aliquod
1521 3698 1847 3770 voluisset
1878 3700 2256 3780 ostendere,
2302 3720 2461 3769 cum
2497 3701 2565 3768 in
2611 3701 2761 3790 ipso
2798 3711 3164 3789 tyronatus

608 3788 888 3858 exordio
941 3810 1059 3877 per
1110 3787 1295 3857 hunc
1351 3787 1806 3878 juvenculum
1858 3788 1996 3858 duo
2056 3788 2388 3858 miracula
2448 3788 2775 3880 dignatus
2821 3800 2921 3858 est
2969 3787 3168 3856 exhi-

608 3876 792 3957 bere,
848 3899 930 3946 ac
978 3876 1400 3946 laudabilius
1433 3876 1520 3946 sit
1559 3876 1758 3946 fortia
1797 3877 2163 3967 peregisse,
2203 3899 2410 3965 quam
2456 3879 2674 3948 nova?
2721 3876 2911 3947 Unde
2945 3876 3168 3945 David

608 3988 770 4035 cum
804 3966 1309 4056 praemisisset3
1346 3967 1677 4035 Mirabilis
1716 3971 1882 4036 Deus
1916 3969 1981 4036 in
2007 3969 2271 4036 Sanctis
2299 3969 2467 4036 sutis:
2503 3968 2815 4056 protinus
2855 3963 3165 4051 addidit,

611 4059 761 4143 Ipse
794 4057 981 4124 dabit
1027 4057 1341 4124 virtutem
1392 4065 1452 4124 et
1490 4056 1955 4143 fortitudinem
1987 4058 2169 4145 plebi
2201 4079 2366 4126 suae
2406 4060 2615 4141 (Psal.
2663 4054 2799 4143 67).
2836 4060 2979 4123 Non
3034 4055 3163 4136 ait,

605 4145 846 4232 Siqua,
885 4145 1023 4213 sive
1064 4146 1430 4234 prode'qz'a:
1475 4143 1616 4224 sed,
1673 4149 1825 4235 Ipse
1872 4146 2054 4214 dabit
2092 4147 2411 4214 virtulem
2459 4156 2519 4213 cc
2575 4145 3067 4234 fortitudinem.

697 4235 731 4318 ἓ
781 4236 911 4305 12.
991 4237 1153 4301 Cum
1239 4240 1589 4303 Romanus
1665 4233 1949 4320 quidam
1984 4289 1998 4314 ,
2085 4234 2473 4324 Stephanus
2546 4234 2866 4310 nomine,
2938 4232 3171 4319 ¹judex

610 4322 795 4391 sacri
834 4321 1095 4411 palatii,
1152 4343 1498 4392 summam
1552 4322 2100 4412 praesidentatus
2130 4323 2163 4356 ⁴*
2193 4321 2707 4393 administraret
2752 4320 3027 4392 Auximi
3061 4322 3165 4403 *ξ

661 4449 688 4474 *
724 4445 925 4495 Scilicet,
945 4450 1212 4491 Praesidem
1232 4447 1554 4500 apostolicum
1575 4450 1754 4500 agebat.
2130 4449 2186 4477 *¹¹¹
2214 4449 2380 4490 Italice
2406 4451 2561 4490 Ose'mo.
