3347 4999
715 300 838 363 424
1524 316 1602 361 nr.
1652 315 1706 360 s.
1760 315 2019 362 mansu
2068 315 2236 363 vnto.
2438 354 2453 370 .
2844 296 3004 363 OCT.
3057 300 3126 363 ⁴5

623 401 985 490 virginem,
1017 420 1214 486 quae,
1255 410 1613 488 postquam
1651 399 1950 469 mirabili
1982 400 2253 469 victoria
2292 421 2566 470 carnem
2597 422 2791 468 suam
2830 403 3123 490 perpetua

624 489 1032 575 virginitate,
1090 487 1429 557 mundum
1481 487 1873 557 admirabili
1924 489 2330 567 humilitate,
2386 502 2449 558 et
2497 500 2781 558 cunctas
2828 489 3128 556 adinven-

626 578 844 647 tiones
890 575 1143 645 diaboli
1179 576 1415 645 multis
1449 576 1902 663 maximisque
1936 577 2304 647 virtutibus
2338 589 2751 667 superasset,
2790 576 3125 646 excelsiora

624 666 936 742 moliens,
991 678 1055 734 et
1094 664 1410 734 virtutem
1461 686 1662 734 sexus
1712 665 1925 733 animi
1979 666 2453 755 magnitudine
2501 688 2982 755 supergressa,
3029 688 3125 734 ac-

624 755 834 824 cinxit
883 752 1278 822 sortitudine
1328 752 1600 821 lumbos
1650 775 1835 833 suOS,
1888 765 1950 822 et
2000 755 2339 824 roboravit
2390 755 2747 824 brachium
2802 776 3025 833 suum,
3073 765 3126 822 et

622 843 944 913 instruxit
1004 842 1338 911 exercitus
1398 840 1719 924 sortium3
1772 842 1889 928 qui
1943 864 2062 931 pro
2124 844 2325 912 domo
2376 845 2487 912 Dei
2554 843 2845 913 Sabaoth
2907 856 2966 911 et
3025 864 3125 932 pro

623 931 771 1022 lege
818 932 968 1019 ejus
1016 942 1078 1000 et
1136 952 1256 1020 pro
1309 929 1650 998 mandatis
1698 930 1846 1018 ejus
1894 931 2106 999 armis
2158 931 2639 1020 spiritualibus
2688 932 3120 1009 decertarent,

622 1042 831 1108 quam
877 1020 1207 1088 Dominus
1255 1017 1336 1087 ad
1394 1031 1656 1086 tanturn
1695 1041 1869 1106 opus
1905 1020 2370 1108 peragendum
2411 1021 2810 1090 abundante
2851 1019 3124 1109 implevit

627 1109 874 1197 spiritu
923 1107 1297 1198 sapientiae
1356 1120 1419 1176 et
1471 1106 1903 1188 intellectu5‚
1956 1122 2019 1176 et
2070 1110 2411 1180 thesauris
2473 1111 2732 1200 gratiae
2782 1130 2941 1178 suae
2984 1107 3124 1176 adeo

626 1197 1016 1273 illustravit,
1071 1209 1145 1265 ut
1195 1194 1519 1284 splendor
1566 1196 1741 1282 ejus,
1798 1209 2145 1282 tamquam
2197 1197 2389 1267 stella
2427 1198 2493 1267 in
2531 1198 2981 1277 firmamentO,
3017 1196 3125 1264 sul-

628 1299 780 1377 geat
814 1286 880 1353 in
918 1284 1122 1354 domo
1160 1285 1270 1352 Dei
1323 1283 1391 1352 in
1437 1299 1798 1373 perpetuas
1847 1286 2296 1356 aeternitates.

716 1377 752 1462 ἓ
802 1378 888 1444 2.
943 1373 1236 1461 Dignum
1274 1372 1484 1472 igitur
1515 1387 1579 1441 et
1611 1395 1994 1461 congruum
2029 1374 2594 1455 existimavimuS,
2640 1385 2715 1443 ut
2748 1396 2952 1461 quam
2982 1377 3126 1441 Deus

627 1478 690 1532 et
742 1462 1145 1552 Unigenitus
1197 1460 1406 1530 Filius
1453 1462 1625 1549 ejuS,
1684 1462 2013 1531 Dominus
2065 1477 2288 1532 noster
2332 1468 2534 1532 Jesus
2582 1463 2916 1542 ChristuS,
3004 1460 3125 1528 uasi

629 1573 950 1641 sponsam
1003 1564 1309 1620 ornatam
1364 1553 1614 1619 corona
1663 1562 1727 1618 et
1776 1550 2160 1620 decoratam
2205 1551 2580 1621 monilibus
2620 1551 2792 1632 suis,
2838 1552 2906 1619 in
2944 1548 3127 1640 goria

628 1640 1121 1710 miraculorum
1176 1637 1355 1729 plebi
1407 1661 1570 1708 suae
1621 1639 2059 1708 manifestare
2110 1639 2432 1730 dignatus
2479 1652 2601 1719 est,
2657 1645 2791 1710 Nos
2839 1659 3122 1727 quoque,

629 1750 751 1820 pro
801 1728 1123 1819 pastorali
1173 1727 1636 1798 sollicitudine
1678 1732 1904 1797 nostra
1955 1730 2020 1796 in
2057 1728 2427 1798 universali
2468 1728 2792 1809 Ecclesia,
2832 1729 2965 1807 cui,
3004 1727 3129 1795 licet

630 1818 894 1887 meritis
946 1816 1229 1885 minime
1279 1818 1483 1884 sutl'ra
1540 1816 1841 1896 antibus,
1901 1817 2395 1906 praesidemus,
2451 1829 2804 1902 tamquam
2843 1822 3125 1885 Sanctam

628 1918 693 1975 et
739 1905 1034 1975 Electam
1081 1905 1217 1984 Dei,
1272 1904 1459 1973 colen
1519 1927 1624 1973 am
1678 1920 1741 1973 et
1792 1905 2267 1985 venerandam,
2324 1904 2696 1995 apostolica
2731 1905 3124 1981 auctoritate,

629 1995 1156 2071 decreverimus,
1210 2005 1285 2062 ut
1332 2013 1568 2061 omnes
1617 1993 1850 2082 populi
1899 1994 2353 2064 confiteantur
2395 1993 2680 2063 Domino
2733 1993 2801 2063 in
2838 1992 3131 2062 omnibus

628 2082 1066 2152 mirabilibus
1113 2082 1286 2170 ejus,
1342 2094 1405 2150 et
1453 2094 1817 2170 cognoscat
1865 2082 2089 2151 omnis
2135 2104 2315 2162 caro,
2363 2083 2690 2169 quoniam
2733 2105 2867 2151 non
2904 2080 3128 2177 defece·

629 2185 789 2240 runt
839 2172 905 2239 in
948 2170 1193 2239 diebus
1233 2169 1480 2239 nostris
1518 2170 1986 2240 miserationes
2033 2171 2224 2257 ejus:
2278 2171 2420 2257 qui,
2475 2171 2818 2256 quamvis,
2869 2180 3131 2260 peccatis

630 2263 882 2328 nostris
930 2258 1381 2348 exigentibu5‚
1436 2258 1656 2327 visitet
1699 2281 1821 2327 nos
1870 2258 1935 2327 in
1975 2259 2075 2328 vir
2127 2262 2165 2327 a
2214 2259 2712 2347 indignationis
2763 2282 2965 2339 suae,
3016 2275 3128 2325 non

632 2361 860 2417 tamen
913 2348 1210 2416 continet
1262 2346 1325 2414 in
1380 2347 1480 2415 ira
1530 2349 1654 2416 sua
1705 2348 2057 2416 misericor
2113 2349 2212 2415 ias
2258 2370 2462 2430 suas;
2515 2346 2680 2416 dum
2740 2348 2811 2416 in
2853 2346 3133 2416 afflictio·

631 2435 839 2505 nibus
889 2436 1138 2506 nostris
1185 2435 1376 2505 novis
1428 2456 1548 2504 nos
1600 2436 1959 2525 praesidiis
2017 2436 2259 2517 munit,
2313 2449 2376 2505 et
2423 2435 2680 2506 amicos
2729 2459 2897 2507 suos
2932 2432 3132 2505 multi·

629 2525 862 2616 plicat,
894 2526 1013 2612 qui
1045 2524 1412 2594 Ecclesiam
1447 2546 1639 2594 suam
1682 2525 2075 2595 meritorum
2105 2538 2170 2595 et
2201 2525 2766 2595 intercessionum
2814 2522 3132 2613 suffragiis

629 2626 988 2704 protegant
1021 2636 1099 2682 ac
1134 2613 1523 2682 defendant.
2264 2669 2279 2678 ,

716 2705 752 2790 ξ
797 2708 888 2774 3.
940 2706 1174 2789 Atque,
1213 2714 1286 2771 ut
1333 2701 1633 2770 universi
1667 2701 2147 2771 christifideles
2181 2702 2587 2792 intelligant,
2628 2723 2841 2788 quam
2884 2697 3133 2772 abunde

629 2791 697 2860 in
747 2790 1077 2861 Ancillam
1141 2812 1335 2860 suam
1386 2790 1698 2859 effuderit
1764 2795 1935 2859 Deus
1984 2791 2066 2859 de
2116 2791 2362 2876 spiritu
2425 2813 2548 2862 suo
2587 2845 2601 2871 ,
2656 2813 2734 2859 ac
2804 2805 3135 2881 propterea

627 2901 785 2969 erga
837 2881 1056 2970 ipsam
1107 2879 1372 2948 devotio
1421 2879 1488 2947 in
1540 2878 1687 2947 dies
1735 2892 2103 2968 augeatur,
2161 2879 2573 2968 insigniores
2619 2880 2955 2965 quasdam
3005 2877 3135 2963 ejas

630 2970 934 3048 virtutes,
988 2982 1052 3037 et
1100 2967 1328 3054 aliqua
1379 2989 1456 3036 ex
1507 2967 1969 3057 magnalibus,
2023 2989 2197 3055 quae
2247 2968 2311 3035 in
2379 2990 2592 3036 manu
2641 2967 2792 3058 ejus
2841 2978 3136 3059 operatus

628 3071 727 3127 est
779 3058 1149 3137 Dominus,
1224 3056 1331 3126 his
1395 3055 1634 3125 litteris
1701 3055 2026 3126 duximus
2074 3056 2458 3126 inserenda.
2514 3063 2674 3126 Nata
2738 3070 2839 3126 est
2898 3052 3140 3125 Teresia

628 3145 880 3215 Abulae
920 3147 996 3226 ⁴,
1056 3147 1122 3213 in
1177 3166 1384 3234 regno
1434 3143 1802 3218 castellae,
1857 3166 2036 3213 anno
2098 3144 2341 3214 salutis
2390 3144 2730 3216 humanae
2794 3143 3139 3215 millesimo

629 3234 1181 3334 quingentesimo
1214 3232 1726 3319 quintodecimo
1758 3232 1847 3313 ⁴⁴⁵,
1904 3234 2323 3322 parentibus,
2363 3247 2439 3302 ut
2479 3227 2726 3323 genePe
2760 3230 3136 3327 praeclaris,

630 3322 724 3390 ita
757 3335 961 3391 ettam
1012 3321 1185 3390 vitae
1233 3321 1616 3411 integritate
1650 3321 2088 3412 conspicuis;
2142 3345 2176 3391 a
2219 3322 2472 3410 quibus
2504 3323 2572 3390 in
2618 3323 2860 3391 timore
2895 3319 3139 3391 Domini

629 3409 939 3488 educata,
977 3408 1459 3478 admirandum
1487 3410 1756 3479 suturae
1785 3410 2162 3480 sanctitatis
2192 3412 2257 3479 in
2291 3411 2655 3479 tenerrima
2690 3410 2918 3479 adhuc
2948 3418 3141 3479 aetate

632 3498 978 3588 specimen
1017 3496 1238 3567 dedit:
1275 3520 1458 3578 nam,
1495 3522 1650 3568 cum
1697 3503 2065 3589 Martyrum
2104 3514 2251 3569 acta
2293 3499 2686 3589 perlegeret,
2732 3498 2902 3568 adeo
2934 3493 3141 3568 Sancti

631 3585 926 3676 Spiritus
975 3586 1131 3676 igne
1179 3608 1296 3655 cor
1341 3587 1490 3676 ejus
1541 3587 1719 3656 intra
1766 3609 1913 3656 eam
1966 3588 2354 3668 concaluit,
2409 3601 2484 3656 ut
2547 3610 2702 3656 cum
2758 3587 2959 3656 fratre
3006 3605 3142 3682 ger-3

629 3695 832 3743 mano
871 3674 1070 3744 etiam
1125 3696 1336 3765 puero
1384 3674 1587 3745 domo
1620 3675 1963 3764 aufugerit
2000 3677 2124 3757 ”⁴2
2166 3689 2239 3746 ut
2276 3677 2341 3745 in
2377 3675 2597 3745 Africa
2642 3676 3000 3763 trajiceret,
3034 3672 3142 3742 ubt

631 3765 1035 3854 sanguinem
1071 3786 1148 3832 ac
1188 3765 1387 3832 vitam
1442 3786 1563 3853 pro
1614 3765 2000 3833 testimonio
2031 3771 2197 3836 Jesu
2228 3765 2473 3834 Christi
2526 3764 2990 3854 profunderet.
3027 3758 3138 3831 Sed

626 3874 914 3923 occursu
958 3853 1183 3942 patrui
1231 3865 1562 3933 revocata,
1619 3875 1777 3922 cum
1829 3854 2157 3943 optimam
2211 3866 2456 3922 sortem
2509 3853 2640 3921 sibi
2679 3868 2977 3943 ereptam
3010 3868 3143 3920 esse

614 3941 904 4032 jugibus
937 3941 1261 4030 lacrymis
1303 3941 1709 4099 deploraret,
1764 3942 2013 4011 ardens
2064 3943 2372 4032 martyrii
2407 3941 2826 4011 desiderium
2863 3940 3143 4010 eleemo-

624 4030 838 4120 synis,
878 4029 1170 4118 aliisque
1201 4030 1387 4119 operi
1445 4053 1526 4099 us
1559 4032 2050 4120 compensavit.

711 4121 746 4205 ξ
793 4124 877 4191 4.
934 4120 1058 4188 Sed
1100 4141 1257 4189 cum
1292 4118 1372 4188 ad
1413 4119 1817 4209 vigesimum
1855 4121 2092 4191 aetatis
2122 4141 2384 4190 annum
2421 4119 2860 4209 pervenisset,
2893 4116 3146 4187 Christo

626 4228 695 4278 se
747 4219 948 4276 totam
1001 4207 1407 4297 despondit,
1462 4222 1525 4278 et
1580 4209 2047 4294 vocationem,
2093 4229 2227 4295 qua
2276 4208 2363 4277 ab
2411 4230 2487 4277 eo
2537 4220 2770 4277 vocata
2817 4219 2979 4286 erat,
3031 4223 3144 4302 ag-

626 4318 854 4385 gressa
894 4351 908 4377 ,
964 4295 1044 4365 ad
1100 4295 1432 4366 moniales
1481 4310 1753 4368 sanctae
1803 4297 2049 4366 Mariae
2098 4297 2182 4367 de
2248 4303 2468 4367 Monte
2530 4296 2833 4366 Carmelo
2881 4292 3145 4365 Ordinis

679 4424 698 4446 ⁹
728 4424 906 4470 Ittltcc,
924 4425 1050 4463 Avila
1071 4424 1113 4462 tn
1133 4422 1356 4474 castique.
1678 4424 1731 4450 ³*
1763 4424 1847 4465 Dte
1867 4425 1917 4464 28
1935 4421 2110 4465 martii.
2433 4425 2511 4452 *¹⁹*
2547 4425 2680 4466 circa
2702 4432 2875 4468 annum
2894 4421 3008 4462 1522.
