3347 4999
188 354 360 421 OCT.
416 353 498 418 ⁴9
870 372 946 417 na
994 372 1050 418 s.
1094 371 1394 427 Aouitmo
1444 372 1640 420 Episc.
1696 372 2061 420 nnaoicamsi
2556 358 2626 421 7⁴

186 455 467 543 quando
515 455 603 524 ab
652 456 802 541 ejus
850 455 1199 524 connubio
1246 455 1561 535 avulsus,
1606 470 1811 543 atque
1844 460 1922 538 ea
1960 479 2030 526 re
2060 458 2255 543 quasi
2295 470 2582 528 truncus
2616 457 2729 528 ille

186 546 619 614 cernebatur.
660 550 886 630 Neque
918 566 1073 612 vero
1110 544 1219 612 illa
1266 545 1362 613 sic
1423 545 1745 634 diligens,
1791 546 2020 613 minus
2075 561 2381 615 amatur:
2449 548 2727 632 quaudo

157 635 465 702 >flamma
503 633 881 713 charitatis,
923 632 1077 702 licet
1112 647 1245 701 tam
1288 632 1539 702 multas
1589 636 1655 702 in
1714 649 1934 722 partes
1973 634 2293 704 distracta
2335 650 2534 713 esset,
2592 658 2724 705 non

191 736 414 791 tamen
451 721 587 790 illic
642 723 1006 791 imminuta
1056 736 1178 800 est,
1218 720 1335 789 ubi
1379 737 1527 790 nata
1561 737 1625 790 et
1657 722 1843 791 unde
1888 740 2263 813 propagata
2295 723 2468 793 fuit:
2513 725 2727 794 immo

190 812 420 901 potius
469 823 657 879 tanto
707 810 914 879 fervet
967 811 1210 901 magiS,
1255 826 1513 895 quanto
1563 810 1637 879 fit
1690 812 1976 880 auctior.

277 902 313 987 ξ
362 903 456 968 9.
499 900 657 968 Jam
716 920 872 967 vero
928 900 1045 986 qui
1105 902 1305 967 etiam
1360 913 1564 980 ante,
1621 921 1828 986 quam
1883 910 2111 987 pastor
2156 913 2383 982 esset,
2442 900 2729 989 vigilare

189 1001 660 1069 consueverat,
723 989 951 1078 gregis
1000 992 1168 1056 cura
1226 994 1544 1077 suscepta
1586 988 1980 1077 speculator
2013 989 2319 1068 effectus,
2390 991 2731 1078 prolixius

189 1076 538 1168 vigilabat,
577 1092 778 1162 atque
816 1078 880 1146 iu
939 1099 1170 1164 preces
1226 1079 1657 1157 incumbenS,
1698 1077 2259 1167 contemplationi
2312 1077 2521 1147 dabat
2568 1101 2726 1166 ope-

191 1189 372 1235 ram:
413 1181 488 1235 ut
521 1180 784 1235 tantum
832 1166 1187 1234 sanctitate
1221 1179 1573 1243 cresceret,
1616 1180 1953 1253 quantum
2004 1181 2306 1235 creverat
2355 1168 2726 1257 dignitate:

191 1255 534 1341 talemque
585 1278 655 1324 se
702 1277 905 1344 opere
959 1256 1330 1341 praeberet,
1388 1256 1617 1340 qualis
1650 1270 1714 1324 et
1753 1276 1958 1341 quam
2009 1276 2221 1324 novus
2271 1269 2335 1325 et
2370 1258 2732 1346 perspicax

189 1366 263 1412 ex
305 1365 428 1413 suo
474 1343 750 1413 nomine
791 1343 1304 1433 designabatur.
1350 1348 1559 1429 Atque
1591 1358 1665 1413 ut
1710 1344 1992 1413 liberius
2045 1357 2269 1433 posset
2317 1345 2732 1435 contempla·

191 1433 357 1501 tioni
413 1454 673 1511 vacare,
731 1445 796 1501 et
857 1454 976 1520 pro
1022 1433 1516 1520 peccatoribus,
1587 1434 1829 1501 mundi
1894 1431 2109 1518 hujus
2158 1433 2571 1513 tumultibus
2628 1434 2733 1502 de·

190 1521 373 1601 ditis,
421 1521 792 1600 Dominum⁸
821 1521 1198 1610 deprecari,
1249 1544 1377 1589 nou
1422 1521 1619 1611 longe
1654 1544 1690 1589 a
1731 1544 1926 1590 muro
1956 1522 2272 1601 civitatis,
2322 1520 2408 1591 ab
2443 1522 2733 1591 ecclesia

189 1631 347 1678 vero
409 1623 680 1678 centum
730 1632 1058 1697 passuum
1099 1612 1318 1699 spatio
1376 1610 1742 1678 distantem
1796 1609 1998 1697 elegit
2046 1611 2317 1689 cellam,
2377 1612 2441 1679 in
2500 1625 2734 1700 portae

191 1699 763 1787 Rhotomagensis
822 1700 1097 1785 regione
1147 1700 1391 1768 sitam:
1463 1699 1695 1785 ibique
1759 1712 2093 1768 secretum
2134 1754 2149 1779 ,
2215 1700 2396 1785 quod
2457 1713 2732 1789 propter

193 1787 561 1877 pastoralis
629 1809 835 1856 curae
895 1787 1407 1873 inquietudines
1477 1789 1851 1867 alluserat,
1916 1802 2269 1876 repetens,
2323 1790 2720 1857 animarum

191 1899 439 1945 causas
493 1890 558 1944 et
608 1876 872 1965 negotia
927 1889 1111 1944 tanto
1151 1878 1440 1946 curabat
1492 1877 1764 1957 melius,
1826 1893 2085 1962 quanto
2140 1876 2292 1966 plus
2355 1900 2725 1965 corporum

191 1964 626 2037 defflnabat:
695 1965 914 2054 magis
976 1965 1338 2054 proficiens
1397 1966 1459 2032 in
1515 1965 1599 2032 iis
1652 1986 1829 2050 quae
1899 1965 1980 2033 ad
2040 1966 2274 2055 populi
2327 1988 2575 2034 causas
2626 1978 2728 2034 at·

194 2055 510 2127 timerent,
566 2053 849 2134 orando,
889 2075 1095 2139 quam
1138 2068 1362 2142 posset
1410 2053 1909 2123 concionando.
1965 2059 2076 2122 Est
2123 2055 2303 2123 enim
2345 2055 2471 2123 boc
2530 2077 2735 2143 pecu-

191 2142 359 2211 liare
407 2141 662 2221 electiS,
715 2164 986 2232 semper
1044 2157 1277 2230 optare
1329 2157 1711 2221 secretum,
1751 2143 2335 2228 quemadmodum
2403 2142 2732 2233 reprobo-

194 2253 348 2299 rum
393 2245 495 2298 est
545 2247 862 2319 appetere
914 2232 1148 2299 turbas
1196 2245 1260 2299 et
1311 2231 1678 2299 tumultus.
1737 2231 1842 2299 Illi
1883 2232 2065 2300 enim
2108 2231 2473 2311 mundum,
2514 2254 2726 2318 quem

193 2341 328 2387 non
391 2318 716 2407 diligunt,
789 2341 908 2387 nec
976 2320 1202 2388 videre
1253 2320 1573 2398 volenteS‚
1635 2341 1855 2406 usque
1914 2321 2084 2389 adeo
2142 2320 2387 2390 Christi
2454 2322 2722 2390 vultum

192 2407 460 2485 sitiunt,
514 2421 589 2476 ut
633 2408 1063 2477 mortalitatis
1105 2409 1402 2488 vincula,
1438 2410 1696 2495 quibus
1728 2431 1799 2478 se
1840 2412 2145 2479 sentiunt
2179 2410 2540 2499 obligatOS,
2590 2431 2733 2498 per·

191 2519 513 2586 rumpere
559 2498 883 2580 cupiant:
921 2511 987 2567 et
1018 2498 1182 2585 quia
1218 2519 1347 2565 non
1407 2512 1693 2587 possunt
1744 2521 2017 2586 semper
2073 2501 2286 2567 animi
2339 2499 2621 2570 obtutus
2663 2501 2731 2567 in

190 2608 488 2676 superna
530 2586 825 2676 deligere
878 2602 1150 2675 propter
1196 2587 1503 2673 corporis
1537 2587 2102 2666 imbecillitatem,
2156 2588 2239 2656 ad
2294 2589 2558 2678 seipsos
2598 2609 2732 2655 non

103 2746 110 2752 ,
191 2676 340 2745 sine
400 2676 616 2743 animi
680 2675 911 2745 dolore
964 2676 1262 2753 redeant,
1317 2690 1518 2762 atque
1571 2676 1909 2744 mundum
1964 2677 2174 2757 hunc,
2244 2698 2446 2762 quem
2506 2697 2737 2765 prope-

195 2763 476 2834 modum
538 2765 940 2844 evasissent,
982 2765 1034 2834 si
1093 2766 1156 2832 in
1214 2764 1329 2833 illa
1373 2764 1682 2834 claritate
1746 2767 2106 2854 persistere
2166 2766 2570 2854 potuissent,
2625 2763 2734 2832 ad-

189 2853 489 2939 spiciant
537 2853 758 2921 inviti.
813 2854 933 2922 Isti
998 2876 1153 2923 vero
1202 2875 1473 2941 semper
1541 2854 1769 2922 videre
1823 2855 2172 2942 cupiunt,
2229 2853 2409 2938 quod
2492 2851 2737 2921 nolunt

190 2941 552 3011 deserere:
608 2957 811 3028 atque
871 2948 950 3012 ea
999 2944 1209 3012 causa
1269 2943 1322 3010 si
1377 2943 1514 3011 sint
1559 2959 1748 3011 extra
1811 2941 2167 3012 bominum
2222 2940 2730 3028 frequentiam,

189 3053 336 3100 eam
392 3031 776 3117 inquirunt,
834 3045 908 3100 ut
953 3053 1225 3120 semper
1271 3031 1501 3099 adsint
1553 3054 1656 3099 res
1708 3052 1942 3109 vanae,
1997 3031 2254 3117 quibus
2297 3052 2461 3099 suos
2494 3029 2734 3099 oculos

189 3119 564 3189 oblectent:
619 3121 737 3206 qui
785 3143 944 3189 cum
998 3122 1185 3189 intus
1237 3120 1571 3189 tenebrosi
1604 3136 1669 3189 et
1702 3121 1978 3188 obscuri
2022 3119 2180 3198 sint,
2224 3118 2486 3187 nullam
2525 3118 2734 3186 aliam

191 3221 447 3277 norunt
497 3208 717 3277 lucem
776 3223 1040 3298 praeter
1084 3231 1234 3278 eam
1285 3231 1490 3294 quam
1544 3207 1711 3277 foris
1762 3221 2093 3295 spectant.
2166 3207 2291 3276 Sed
2347 3208 2734 3294 AquilinuS,

189 3319 392 3365 verus
441 3295 770 3375 Israelita,
829 3298 1052 3384 potius
1091 3297 1502 3366 anachoreta
1536 3296 1711 3366 effici
1742 3296 2053 3382 cupienS,
2088 3318 2293 3383 quam
2334 3297 2551 3365 instar
2584 3295 2738 3365 vilis

193 3385 601 3475 margaritae
640 3386 872 3473 jacere
923 3385 986 3454 in
1041 3384 1499 3472 sterquilinio,
1545 3398 1881 3454 secretum
1939 3387 2128 3472 petiit
2166 3387 2567 3464 oratorium,
2606 3385 2737 3454 ibi·

188 3496 323 3560 que
376 3474 672 3548 latitans,
728 3473 1153 3562 Episcopalis
1203 3474 1619 3560 frequentiae
1666 3473 1997 3561 strepitus
2048 3475 2318 3542 vitavit:
2364 3496 2445 3543 eo
2509 3475 2740 3545 verius

189 3567 595 3652 Episcopus,
635 3584 771 3648 quo
825 3563 1055 3631 minus
1106 3562 1574 3648 frequentatus
1622 3565 1711 3632 ab
1751 3563 2171 3643 bominibus»,
2216 3576 2280 3633 et
2327 3562 2740 3633 coelestibus

192 3652 415 3741 magis
463 3650 858 3739 adjunctus,
913 3651 1015 3720 lbi
1074 3650 1273 3719 lectio
1321 3664 1386 3720 et
1441 3652 1657 3720 oratio
1710 3651 2009 3720 vicissim
2064 3652 2195 3721 sibi
2244 3651 2733 3731 succedenteS,

190 3742 342 3811 sine
386 3740 894 3808 intermissione
933 3740 1560 3821 continuabantur;
1615 3740 1709 3809 ibi
1749 3740 2169 3828 psalmorum
2201 3754 2266 3808 et
2303 3742 2739 3810 canticorum

191 3828 609 3918 spiritalium
653 3830 1011 3897 resonabat
1049 3828 1366 3910 melodia,
1417 3830 1642 3899 Sancti
1696 3829 1993 3919 Spiritus
2033 3829 2321 3914 gratiam
2359 3828 2738 3898 adducens.

192 3919 292 3987 Ibi
347 3939 482 3987 non
533 3919 829 4007 abrupto
864 3918 950 3986 ab
999 3917 1339 3986 Ecclesiae
1388 3940 1554 3986 suae
1601 3939 1910 4007 corpore,
1964 3918 2078 3986 sed
2138 3931 2383 3986 retorto
2437 3917 2518 3985 ad
2576 3938 2742 4007 pen—

193 4007 396 4075 nulas
428 4007 676 4096 capite,
730 4005 1127 4075 columbina
1192 4005 1303 4075 illa
1346 4008 1577 4076 anima
1622 4007 2028 4087 immolam,
2087 4028 2207 4095 pro
2257 4005 2595 4096 sanguine
2643 4003 2744 4073 la·

193 4116 589 4184 crymarum
645 4095 902 4164 imbres
952 4092 1304 4163 fundebat.
1363 4117 1495 4164 non
1548 4097 1697 4164 sine
1738 4096 1997 4183 gemitu
2031 4095 2424 4179 exprimens
2471 4093 2745 4164 deside-

195 4183 402 4259 rium,
445 4206 583 4271 quo
623 4184 968 4273 cupiebat,
1011 4205 1093 4251 ne
1136 4184 1475 4253 incolatus
1512 4184 1666 4270 ejus
1706 4182 2262 4273 prolongaretur:
2295 4183 2412 4255 sed
2445 4184 2745 4254 breviato

194 4272 458 4354 exsilic,
504 4274 887 4362 aperiretur
917 4273 976 4342 ei
1013 4272 1244 4342 aditus
1277 4273 1343 4341 in
1400 4274 1686 4361 patriam
1739 4272 2123 4341 coelestem.

285 4362 320 4446 ἓ
371 4367 526 4433 Ιθ.
587 4367 791 4432 Putas
835 4383 918 4430 ne
966 4378 1194 4430 autem
1236 4360 1385 4430 lecti
1433 4361 1625 4430 illum
1673 4360 2027 4430 mollitiem
2070 4360 2210 4430 illic
2246 4373 2738 4445 consectatum,

197 4463 316 4519 aut
364 4448 553 4519 aliud
612 4451 744 4520 sibi
816 4450 1163 4532 voluisse,
1233 4449 1303 4519 in
1353 4471 1490 4537 quo
1537 4450 1866 4532 cubaret,
1934 4453 2414 4532 substernere,
2484 4464 2746 4541 praeter
