3347 4999
611 316 740 392 696
1137 331 1220 381 ΒΕ
1267 335 1322 381 S.
1376 335 1627 381 AnssrflA
1676 336 1862 382 mur.
1919 336 1994 382 ιτ
2041 334 2240 382 socns
2287 335 2438 383 mus
2753 316 2928 382 OCT.
2986 318 3074 383 24

522 418 893 488 audacium
930 439 1214 488 suorum
1270 417 1696 501 facinorum,
1748 440 1927 506 quae
1972 419 2399 490 admiserant
2445 420 2515 488 in
2581 419 2958 501 Christum,
3005 433 3075 489 et

521 507 768 577 Christi
818 511 1126 577 Crucem.
1184 509 1574 577 Laetabitur
1628 510 1806 578 enim
1846 510 2078 599 justus
2122 508 2398 598 (inquit
2452 530 2747 599 magnus
2801 509 3082 597 David)

521 619 672 666 cum
720 596 965 665 viderit
1023 596 1392 666 vindictam
1437 596 1594 686 (Ps.
1647 602 1733 667 57
1754 596 1804 684 ).
1852 602 1929 666 Et
1969 597 2122 666 ideo
2159 599 2278 685 qui
2317 619 2399 667 ex
2446 596 2547 666 eis
2595 597 2877 667 fuerunt
2917 595 3077 666 vul-

529 685 770 763 nerati,
808 706 943 754 non
994 684 1273 754 fuerunt
1307 687 1652 755 vulnerati
1677 686 1912 776 qladio
1943 685 2051 776 (ut
2088 685 2255 756 dicit
2295 685 2576 756 divinus
2621 687 2835 756 Isaias
2860 684 2911 774 ),
2956 707 3076 755 ne·

523 795 659 931 gne
710 773 960 844 mortui
1008 795 1273 856 eorum,
1325 777 1582 844 mortui
1622 775 1797 845 bello
1822 775 1988 865 (Iso.
2025 774 2166 865 22).
2215 779 2330 845 Est
2373 774 2560 844 enim
2621 796 2729 845 res
2768 773 2964 845 sortis
3010 787 3081 844 et

577 885 724 944 ura,
779 863 884 932 ira
935 862 1047 933 Dei
1094 862 1295 1020 &ipse
1335 884 1445 933 me
1479 884 1724 933 rursus
1755 863 2029 953 docet),
2066 877 2144 934 ut
2173 863 2477 954 grande,
2520 885 2699 951 quae
2745 862 3075 932 deorsum

523 951 764 1033 fertur,
823 973 957 1021 non
1015 950 1101 1020 ha
1155 973 1279 1021 ens
1329 964 1848 1042 tegumentum:
1902 964 1980 1022 ut
2026 974 2246 1041 aquae
2295 973 2591 1043 magnae
2653 951 3072 1032 multitudo,

524 1062 702 1129 quae
735 1039 941 1110 trahit
972 1040 1347 1130 regionem.
1379 1047 1718 1111 Reversus
1754 1062 1918 1132 ergo
1952 1040 2285 1112 Elesbaan
2320 1041 2404 1110 ad
2447 1041 2788 1111 civitatem
2828 1041 3065 1124 Phaet,

525 1151 768 1200 omnes
809 1129 1173 1209 interemit,
1208 1129 1329 1216 qui
1376 1143 1572 1199 erant
1607 1131 1680 1199 in
1738 1131 1950 1231 regia,
2011 1144 2075 1200 et
2121 1152 2281 1200 cum
2331 1129 2533 1199 vellet
2584 1129 2948 1199 ecclesiam
2998 1129 3071 1198 in

526 1241 608 1289 ea
654 1218 1043 1300 aedificare,
1090 1216 1221 1288 fuit
1251 1219 1398 1309 ipse
1436 1218 1709 1310 primus
1739 1219 1964 1309 opifex
1996 1219 2318 1289 aedificii.
2369 1218 2795 1309 Significavit
2841 1229 3068 1287 autem

528 1308 786 1387 omnia,
838 1329 1013 1394 quae
1072 1319 1262 1398 gesta
1309 1306 1620 1388 fuerant,
1690 1308 2001 1377 Pontifici
2054 1307 2524 1388 Alexandriae,
2579 1320 2646 1377 et
2696 1328 2817 1396 per
2867 1306 3063 1376 illum

526 1396 802 1466 sustino
879 1397 1307 1486 Imperatori.
1387 1396 1775 1466 Patriarcha
1833 1409 2061 1467 autem
2126 1396 2618 1476 Alexandriae,
2674 1395 3069 1465 ordinatum

529 1490 576 1554 E
635 1485 944 1574 iscopum
985 1485 1174 1553 misit
1205 1484 1289 1554 ad
1344 1484 1752 1555 Homeritas.
1805 1487 1934 1569 Qui
1989 1508 2149 1556 cum
2201 1485 2341 1555 illis
2396 1497 2867 1556 consecrasset
2908 1496 3082 1554 tem·

532 1596 574 1675 p
608 1596 752 1650 um.
788 1572 971 1660 quod
1002 1572 1222 1643 fuerat
1251 1573 1719 1655 aedificatum,
1764 1574 2064 1664 baptizat
2100 1574 2382 1662 quidem
2417 1575 2687 1656 omnes,
2725 1573 2847 1660 qui
2877 1584 3078 1641 erant

528 1685 593 1732 tn
630 1662 1021 1732 civitatibus
1053 1672 1119 1732 et
1154 1663 1350 1753 pagis
1383 1663 1918 1743 Homeritarum‚
1955 1663 2022 1732 in
2072 1664 2352 1733 nomine
2384 1676 2663 1734 sanctae
2693 1662 3070 1732 Trinitatis,

525 1755 617 1821 Ex
663 1751 763 1820 eis
795 1764 1022 1821 autem
1074 1751 1349 1821 ordinat
1396 1752 1730 1821 Diaconos
1775 1763 1840 1822 et
1888 1752 2362 1842 Presbyteros:
2407 1764 2472 1822 et
2516 1751 2853 1832 ecclesiis,
2892 1771 3079 1838 quae

535 1854 732 1910 erant
778 1842 847 1909 in
898 1840 1198 1928 regione,
1255 1840 1479 1909 reddit
1527 1852 1780 1910 statum
1832 1862 2038 1910 suum
2082 1840 2389 1911 solitum.

615 1931 652 2015 ἓ
697 1933 856 2002 tn.
912 1928 1400 1999 Divinissimus
1447 1941 1677 1998 autem
1744 1934 1880 1999 Rex
1935 1930 2083 2019 ipse
2133 1929 2468 2000 Elesbaan
2517 1926 2726 2000 simul
2774 1949 2938 1998 cum
2988 1948 3079 1997 eo

527 2018 712 2088 venit
758 2023 1051 2108 Nagram
1105 2022 1476 2107 Martyrum
1527 2017 1914 2088 civitatem:
1966 2031 2030 2087 et
2092 2039 2251 2087 cum
2317 2017 2459 2087 illic
2503 2017 2910 2087 extruxisset
2961 2038 3078 2086 ec-

525 2105 833 2188 clesiam,
886 2119 952 2175 et
997 2107 1304 2193 quinque
1347 2107 1812 2195 possessiones
1862 2107 2085 2197 regias
2122 2107 2181 2176 ei
2233 2106 2678 2184 attribuisset,
2723 2117 2790 2175 et
2821 2104 3083 2174 deinde

526 2195 730 2264 etiam
773 2217 853 2265 ex
903 2195 1217 2284 Martyris
1266 2195 1550 2265 Arethae
1599 2194 2151 2285 possessionibus
2190 2206 2327 2265 tres
2375 2194 2774 2276 addidisset,
2830 2206 2908 2263 ut
2959 2193 3082 2264 ille

533 2283 981 2357 mandaverat
1028 2284 1098 2352 in
1160 2283 1298 2352 fine
1347 2284 1685 2373 martyrii,
1736 2296 1802 2353 et
1847 2283 2233 2374 collegisset
2282 2305 2560 2365 omnes,
2612 2283 2734 2370 qui
2798 2282 3080 2352 fuerant

527 2372 780 2441 redacti
816 2372 885 2440 in
928 2372 1347 2452 servitutem,
1388 2383 1452 2441 et
1497 2371 1669 2441 alias
1717 2371 2010 2463 dispersi
2038 2372 2133 2450 ,in
2179 2385 2505 2461 tempore,
2544 2371 3071 2462 persecutionis,

525 2472 590 2531 et
638 2460 921 2531 Arethae
973 2460 1295 2551 martyris
1334 2459 1557 2531 filium
1606 2465 1853 2531 Ducem
1919 2461 2143 2553 gentis
2196 2462 2685 2542 constituisset,
2726 2471 2794 2531 et
2827 2482 3076 2531 curam

524 2551 847 2641 gessisset
898 2550 1049 2633 loci,
1114 2550 1180 2618 in
1225 2571 1364 2637 quo
1406 2550 1731 2638 jacebant
1770 2550 1863 2619 ibi
1915 2563 2435 2622 consummatae
2485 2556 2856 2640 Martyrum
2912 2550 3077 2619 reli-

524 2640 749 2727 quiae.
816 2652 881 2709 et
901 2639 1021 2728 jus
1055 2637 1228 2729 asyli
1267 2637 1408 2708 illic
1446 2639 1938 2722 constituisset,
1970 2639 2155 2709 vadit
2190 2641 2434 2710 iterum
2487 2640 2555 2708 in
2599 2639 2887 2727 regiam.
2943 2638 3071 2708 Ubi

524 2750 685 2798 cum
720 2728 1093 2798 Homeritis
1140 2728 1538 2798 Abramium
1576 2727 1950 2815 quemdam
2000 2729 2223 2798 virum
2264 2729 2487 2831 pium,
2535 2740 2602 2797 et
2633 2726 2882 2797 Christi
2942 2747 3072 2796 no-

525 2818 711 2887 mine
742 2817 1151 2909 gloriantem
1188 2817 1504 2908 elegisset
1551 2822 1828 2907 Regem,
1865 2828 1929 2887 et
1961 2817 2398 2887 sanctissimo
2438 2822 2486 2885 E
2541 2816 2774 2906 iscopo
2822 2814 2909 2884 ad
2949 2814 3073 2885 de-

520 2926 666 2975 cem
720 2906 940 2976 millia
989 2906 1536 2977 Christianorum
1579 2906 1984 3006 Aethiopum
2040 2904 2453 2984 tradidisset,
2525 2916 2720 2975 aetus
2769 2903 2946 2974 redit
2995 2904 3066 2974 in

521 3016 718 3065 suam
757 2996 1014 3096 regiam
1049 3016 1208 3064 cum
1248 2994 1501 3084 praeda
1530 3006 1596 3063 et
1642 2994 1885 3084 spoliis
1924 2993 2579 3074 innumerabilibuS‚
2632 2992 2810 3063 dans
2855 2993 3063 3063 etiam

523 3084 851 3153 exercitui
908 3105 1040 3153 non
1093 3105 1368 3173 parvam
1413 3083 1748 3173 pecuniae
1784 3082 2188 3172 portionem.
2239 3088 2366 3152 Deo
2396 3095 2625 3152 autem
2662 3103 2875 3172 agens
2908 3103 3066 3171 gra-

523 3172 654 3241 tias
688 3194 811 3262 pro
862 3183 1048 3241 tanta
1087 3172 1367 3242 victoria
1414 3184 1480 3241 et
1578 3172 1769 3253 ratia,
1819 3170 2186 3260 volensque
2218 3171 2525 3262 seipsum
2562 3170 2856 3261 dignum
2910 3170 3062 3240 red-

521 3259 682 3330 dere
732 3260 1133 3351 maJoribuS,
1177 3283 1336 3330 cum
1395 3259 1509 3329 dia
1563 3282 1716 3330 ema
1776 3260 2057 3348 quidem
2119 3261 2387 3350 regium
2439 3260 2737 3331 misisset
2790 3264 3064 3329 Jeroso-

520 3348 805 3438 lymam,
863 3350 1007 3439 ipse
1055 3347 1343 3418 indutus
1379 3348 1630 3430 cilicio,
1675 3361 1740 3419 et
1774 3361 1980 3419 noctu
2011 3369 2330 3438 egressus
2360 3370 2397 3417 e
2432 3349 2619 3439 regia
2652 3360 2717 3417 et
2764 3347 2919 3438 ipsa
2967 3349 3061 3416 ci-

522 3437 745 3517 vitate,
792 3437 1099 3507 ascendit
1133 3437 1202 3505 in
1243 3459 1462 3506 unum
1517 3450 1816 3507 montem
1856 3438 1941 3507 ad
2003 3438 2496 3507 monasterium
2553 3439 2884 3518 virorum,
2938 3437 3060 3525 qui

522 3526 1041 3596 exercebantur.
1085 3530 1351 3595 Etcum
1404 3547 1476 3595 se
1526 3525 1593 3594 in
1654 3526 1902 3616 exigua
1937 3526 2300 3596 clausisset
2353 3525 2801 3606 domuncula,
2840 3540 2908 3596 et
2946 3547 3063 3595 vo-

528 3615 735 3685 visset
784 3615 975 3685 illinc
1028 3636 1158 3683 non
1192 3614 1424 3704 egredi
1474 3627 1609 3685 toto
1642 3626 1947 3704 tempore
1979 3615 2175 3695 vitae,
2218 3615 2529 3717 regulam
2580 3616 2891 3705 suscepit
2931 3636 3064 3684 mo·

520 3705 878 3786 nasticam‚
915 3726 992 3774 ex
1029 3704 1136 3784 iis,
1176 3723 1353 3790 quae
1399 3715 1562 3772 sunt
1609 3703 1879 3784 mundi,
1925 3703 2097 3772 nihil
2140 3703 2501 3794 possidens
2541 3716 2808 3793 praeter
2841 3704 3060 3775 solam

515 3795 833 3874 stoream,
867 3807 931 3863 et
966 3792 1291 3882 poculum
1341 3791 1426 3860 ad
1461 3813 1711 3879 aquam
1747 3791 2143 3872 bibendam,
2179 3806 2245 3862 et
2295 3814 2520 3883 pauco
2604 3814 2735 3862 ane
2767 3805 2834 3862 et
2878 3793 3058 3879 aqua

516 3882 770 3963 vivenS,
799 3882 1192 3952 etoleribus
1218 3879 1579 3962 viridibuS‚
1625 3881 1684 3951 si
1709 3881 1870 3967 quis
1907 3881 2202 3963 afferret,
2240 3903 2405 3950 cum
2437 3880 2556 3951 nul
2592 3903 2705 3950 um
2739 3903 2821 3951 ex
2859 3902 3050 3950 mun·

513 3971 717 4043 danis
778 3970 1058 4041 vidisset
1105 3972 1241 4040 tota
1307 3970 1466 4049 vite,
1522 3989 1657 4038 non
1707 3968 1791 4038 ad
1854 3969 2117 4058 aliquid
2188 3968 2378 4040 aliud
2439 3983 2734 4040 mentem
2799 3970 3067 4040 habens

513 4072 836 4141 erectam,
904 4060 1039 4130 nisi
1093 4058 1180 4129 ad
1230 4057 1357 4129 soli
1412 4062 1546 4126 Deo
1610 4058 2026 4128 vacandum.
2094 4060 2394 4145 Denique
2454 4080 2614 4129 cum
2665 4058 2788 4128 diu
2840 4060 2937 4129 sic
2989 4079 3070 4127 se

510 4148 740 4218 divine
771 4149 1205 4230 exercuisset,
1245 4148 1345 4218 sic
1398 4146 1605 4216 etiam
1638 4167 1677 4216 e
1726 4146 1860 4216 vita
1897 4146 2207 4217 excedit:
2267 4153 2344 4217 In
2394 4148 2660 4218 Christo
2707 4153 2879 4218 Jesu
2933 4152 3060 4216 Do-

514 4238 701 4307 mino
750 4252 1020 4308 nostro:
1074 4243 1287 4321 Quem
1330 4236 1522 4307 decet
1552 4236 1782 4307 omnis
1821 4236 2062 4325 gloria,
2102 4236 2324 4306 honor
2355 4250 2420 4307 et
2454 4237 2825 4317 veneratio,
2871 4256 3066 4306 nunc

511 4338 577 4395 et
609 4347 904 4415 semper,
949 4340 1014 4396 et
1060 4328 1131 4396 in
1182 4326 1416 4398 secula
1454 4326 1871 4407 seculorum,
1912 4331 2147 4397 Amen.
