3347 4999
681 326 810 391 240
1326 342 1404 388 nn
1453 343 1547 389 ss.
1602 341 1826 390 saneto
1873 343 1948 388 ar
1989 340 2229 389 necno
2278 342 2392 387 nu.
2864 324 3038 390 OCT.
3093 327 3132 391 7

593 439 820 496 autem
871 427 1100 496 acrius
1127 438 1328 495 utens
1365 425 1644 495 dicendi
1693 425 2029 507 libertate,
2078 437 2290 495 totum
2328 425 2619 495 faciebat
2663 428 3127 506 contrarium;

593 530 660 586 et
708 514 899 585 illius
948 514 1110 584 deos
1159 513 1501 583 afficiebat
1552 515 1824 603 probris
1873 536 1952 584 ac
2001 515 2469 594 contuineliiS,
2505 526 2571 583 et
2609 536 2723 583 eos
2762 514 2986 584 solum
3022 537 3136 585 no·

598 605 789 672 mina
838 604 1122 674 vocabat
1173 625 1242 672 re
1290 603 1634 683 carentia;
1683 624 1798 673 eos
1846 625 2039 685 vero,
2093 604 2208 690 qui
2263 602 2418 672 illos
2480 602 2858 673 adorabant
2911 618 2976 673 et
3024 627 3138 674 co·

596 692 880 774 lebant,
934 691 1335 762 ostendebat
1408 692 1624 761 multo
1699 692 1966 762 minore
2015 714 2222 763 sensu
2270 713 2419 762 esse
2469 692 2858 779 praeditOS,
2924 714 3135 779 quam

598 781 850 852 surdos
898 780 1055 851 illos
1096 781 1280 850 deos.
1353 785 1502 850 Dux
1553 793 1780 849 autem
1834 794 2199 870 postquam
2253 780 2420 849 vidit
2470 780 2781 871 Sergium
2832 793 2897 850 et
2942 781 3140 851 blan·
3181 817 3194 831 ·

594 871 809 953 ditiis,
862 882 927 938 et
979 868 1193 939 minis
1224 891 1373 938 esse
1405 869 1860 959 superiorem,
1892 884 1955 940 et
1998 869 2169 938 nihil
2210 870 2660 938 remittentem
2698 869 2784 938 de
2811 869 3137 956 loquendi

597 959 934 1040 libertate,
979 959 1173 1028 illam
1210 958 1437 1028 statim
1490 958 1887 1028 ementitam
1922 980 2177 1027 exuens
2207 958 2581 1028 amicitiam
2632 971 2697 1027 et
2739 980 3127 1048 personam,

596 1061 829 1139 aperte
875 1048 1175 1118 ostendit
1225 1047 1293 1115 id
1342 1046 1526 1134 quod
1570 1060 1755 1116 erat:
1810 1058 1911 1127 et,
1976 1070 2010 1112 «
2067 1068 2316 1135 magna
2370 1069 2559 1127 mea,
2616 1046 2879 1133 inquit,
2952 1069 3144 1116 man-

597 1136 917 1218 suetud0,
970 1150 1035 1208 et
1083 1137 1252 1205 haec
1294 1136 1360 1204 in
1416 1149 1477 1205 te
1526 1137 1923 1224 importuna
1972 1134 2387 1225 benignitas,
2440 1135 2526 1204 ad
2577 1136 3038 1225 arrogantiam
3079 1149 3143 1205 te

596 1225 1012 1306 extulerunt,
1065 1239 1130 1296 et
1178 1226 1275 1295 sic
1324 1225 1393 1293 in
1434 1223 1774 1313 nosipSOS,
1825 1236 1889 1292 et
1935 1221 2099 1293 deos
2150 1246 2436 1311 magnos
2487 1237 2969 1313 provocarunt.
3010 1224 3137 1295 Sed

598 1314 910 1385 dedisces
954 1315 1092 1404 (sat
1140 1313 1313 1400 scio)
1360 1313 1806 1403 superbiam,
1860 1324 1924 1380 et
1986 1311 2413 1382 oblivisceris
2467 1324 2623 1382 tuae
2679 1335 2834 1381 arro
2886 1313 3134 1393 antiae,
3231 1335 3244 1350 ·

599 1416 664 1474 et
710 1426 1084 1495 cognosces
1134 1403 1427 1492 teipsum
1481 1423 1617 1471 non
1667 1422 1817 1469 esse
1865 1422 2092 1469 rerum
2149 1402 2629 1470 communium
2681 1423 2841 1492 amp
2875 1402 2984 1471 ius
3033 1403 3143 1471 in-

599 1507 1069 1574 tercessorem,
1119 1512 1342 1579 neque
1389 1511 1588 1581 posse
1638 1488 2020 1580 plurimum
2057 1490 2243 1579 apud
2281 1494 2795 1579 Imperatorem,
2836 1489 2955 1560 sed
2994 1512 3147 1560 esse

600 1582 1005 1651 damnatum
1048 1593 1113 1650 et
1154 1581 1485 1659 vinctum,
1539 1579 1694 1648 etsi
1729 1577 1910 1664 quod
1961 1579 2149 1648 aliud
2205 1578 2464 1647 malum
2507 1579 2819 1665 sequitur
2866 1601 2982 1649 eos
3021 1580 3146 1667 qui

602 1672 694 1740 ita
744 1670 1073 1754 sentiunt.
1130 1692 1166 1734 »
1224 1673 1301 1736 Et
1350 1667 1574 1736 statim
1627 1689 1665 1735 a
1732 1667 2073 1757 praesidio
2123 1672 2454 1736 Surorum
2505 1672 2650 1736 Dux
2700 1669 3146 1758 proficiscens

601 1759 670 1827 in
724 1758 1064 1827 civitatem
1116 1761 1292 1824 Rosa
1350 1755 1596 1824 horum
1647 1755 1703 1835 *,
1757 1754 1963 1824 efficit
2010 1768 2082 1826 ut
2135 1755 2477 1825 calceetur
2524 1757 2778 1826 athleta
2811 1756 3138 1847 crepidiS,

601 1846 840 1917 ferreis
889 1845 1100 1914 clavis
1139 1866 1265 1913 con
1299 1843 1460 1911 ixis:
1497 1856 1561 1912 et
1591 1843 2062 1912 conscendens
2100 1844 2519 1927 vehiculum,
2555 1847 2777 1935 coegit
2810 1850 3139 1916 Sanctum

604 1938 698 2006 ita
747 1935 1042 2025 pedibus
1091 1932 1437 2012 affectum,
1491 1945 1648 2002 ante
1698 1933 1924 2022 ipsum
1976 1954 2252 2002 currere
2290 1933 2372 2001 ad
2429 1936 2862 2023 septuaginta
2918 1934 3142 2004 stadia

602 2046 822 2110 usque
852 2023 937 2093 ad
974 2021 1514 2110 Tetrapyrgiam.
1554 2026 1766 2107 Atque
1812 2019 2236 2108 quicumque
2283 2020 2561 2107 quidem
2616 2023 2937 2092 videbant
2986 2045 3146 2092 san-

605 2115 888 2204 guinem
958 2132 994 2179 e
1046 2110 1338 2199 pedibus
1399 2109 1813 2187 defluentem
1845 2165 1859 2187 ,
1912 2109 2010 2178 eis
2083 2109 2284 2198 plane
2332 2109 2664 2179 admirari
2716 2111 3027 2181 veniebat
3075 2111 3146 2179 in

606 2214 929 2280 mentem,
981 2213 1048 2268 et
1093 2198 1386 2268 athletae
1434 2201 1711 2288 stupere
1760 2198 2214 2268 tolerantiam.
2259 2199 2535 2287 Martyri
2579 2211 2809 2269 autem
2850 2221 3007 2290 spes
3036 2221 3145 2270 eo-

606 2312 758 2358 rum
810 2309 985 2374 quae
1050 2288 1667 2376 exspectabantur,
1739 2300 1935 2355 erant
1995 2300 2226 2376 guttae
2278 2287 2769 2358 consolationis
2815 2311 2992 2375 quae
3031 2311 3151 2358 ca-

607 2377 864 2446 debant
910 2399 946 2445 e
1001 2376 1188 2445 coelo
1234 2388 1300 2446 et
1350 2375 1662 2445 levabant
1727 2374 2044 2446 dolorum
2093 2375 2519 2465 gravitatem.
2576 2383 2651 2445 Et
2698 2377 2870 2446 citra
2939 2377 3149 2447 mole-

608 2465 807 2536 stiam
864 2465 1185 2555 pergebat
1232 2466 1358 2535 iter
1406 2464 1702 2556 ingredi,
1756 2478 1821 2534 et
1868 2464 2035 2535 haec
2076 2464 2412 2555 psallebat
2458 2488 2616 2535 cum
2668 2465 2960 2538 laetitia:
3017 2471 3149 2537 Em·

605 2565 912 2645 spectans
955 2558 1347 2646 eoespectavz‘
1390 2558 1765 2633 Dominum,
1819 2564 1880 2623 et
1932 2557 2211 2623 intendit
2261 2556 2450 2623 milei.
2505 2561 2584 2624 Et
2631 2557 2990 2625 exaudivit
3037 2558 3151 2625 de·

602 2646 1053 2734 precationem
1102 2666 1344 2724 meam,
1408 2655 1469 2713 et
1539 2645 1780 2713 eduaeit
1828 2666 1932 2712 me
2000 2645 2079 2712 de
2141 2647 2296 2712 lacu
2352 2668 2395 2712 a
2476 2646 2758 2725 ictionz'S,
2813 2656 2873 2713 et
2923 2669 2957 2714 e
3009 2649 3149 2715 luto

604 2734 837 2911 {aeci-3.
890 2739 969 2911 1)ιί
1018 2736 1256 2801 statuit
1308 2736 1375 2802 in
1425 2733 1787 2802 latitudine
1816 2733 2010 2821 pedes
2056 2756 2254 2813 meos,
2295 2744 2355 2800 et
2435 2735 2642 2802 ireoeit
2673 2756 2940 2824 ¹qressus
2973 2757 3151 2804 meos

636 2827 743 2891 Ps.
811 2826 948 2891 39.

694 2913 729 2998 ξ
778 2916 916 2983 u.
972 2915 1333 2996 Postquam
1385 2920 1612 2977 autem
1656 2908 1803 2997 jam
1857 2908 2274 2996 pervenisset
2308 2910 2847 2999 Tetrapyrgiam,
2913 2911 3148 3000 ipsum

606 2998 887 3084 quidem
928 2999 1193 3155 excepit
1238 2996 1573 3076 custodia,
1615 3001 1797 3067 Duce
1847 2996 1936 3065 ita
1959 2996 2286 3085 jubente:
2327 2997 2524 3066 illum
2560 3011 2786 3067 autem
2825 3011 3151 3088 urgentes

605 3109 814 3157 curae
862 3088 1082 3176 Reipu
1138 3086 1307 3155 licae
1356 3099 1728 3155 tenuerunt
1789 3098 2229 3173 occupatum.
2300 3091 2461 3156 Cum
2514 3100 2738 3155 autem
2797 3086 2929 3156 ’am
2971 3098 3153 3157 esset

610 3197 872 3263 vesper,
928 3181 1181 3263 Martyr
1238 3173 1519 3243 relictus
1568 3173 1758 3244 solus
1810 3174 1877 3241 in
1930 3174 2278 3254 custodia,
2339 3174 2703 3264 psallebat:
2765 3109 2898 3253 (lui
2939 3199 3155 3245 come-

611 3265 850 3331 debant
897 3286 1107 3352 panes
1152 3285 1349 3342 meos,
1400 3265 1928 3352 maynzficarunt
1974 3285 2178 3353 super
2214 3286 2318 3332 me
2359 3267 2996 3356 supplantationem.
3061 3269 3151 3331 Et

608 3354 805 3439 funes
850 3353 1297 3420 eoetenclerunt
1333 3354 1642 3442 laqueum
1672 3353 1954 3440 pedibus
1985 3354 2170 3430 meis,
2214 3363 2274 3421 et-
2309 3358 2769 3444 coyitaverunt
2817 3355 3145 3443 supplan-

613 3451 759 3508 tare
795 3462 1063 3529 9ressus
1109 3462 1307 3508 meos.
1350 3441 1482 3510 Sed
1529 3451 1625 3521 tu,
1678 3443 1981 3518 Domine,
2021 3443 2366 3531 praeveni,
2406 3452 2467 3510 et
2506 3446 2872 3533 supplanta
2904 3463 3040 3510 eos:
3078 3450 3150 3509 et

614 3529 827 3597 libera
860 3530 942 3597 ab
992 3530 1217 3619 impiis
1264 3530 1563 3597 animam
1608 3552 1873 3599 meam:
1927 3539 1989 3598 et
2038 3530 2117 3597 de
2163 3552 2371 3599 manu
2419 3534 2604 3600 canis
2635 3533 2905 3600 unicam
2931 3550 3156 3599 meam

613 3621 749 3699 (Ps.
789 3622 927 3699 40).
981 3622 1203 3700 Quare
1257 3638 1381 3687 nec
1413 3616 1906 3688 consolationis
1954 3631 2291 3707 expertem
2344 3618 2496 3704 ejus
2549 3620 2852 3688 animam
2906 3640 3154 3689 rursus

612 3705 922 3794 despexit
970 3707 1051 3785 is,
1107 3706 1222 3792 qui
1272 3728 1307 3773 e
1350 3707 1620 3795 superis
1668 3708 1731 3776 ei
1783 3707 2091 3776 nectebat
2129 3707 2442 3787 coronas,
2483 3708 2600 3777 sed
2641 3721 2705 3777 et
2754 3707 3041 3777 multam
3073 3728 3153 3776 se

611 3793 761 3882 ejus
809 3816 1046 3863 curam
1099 3815 1332 3884 gerere
1380 3795 1725 3881 ostendit„
1755 3809 1819 3864 et
1866 3795 2198 3885 Angelum
2257 3796 2318 3865 ei
2381 3797 2569 3865 misit
2618 3797 2842 3865 media
2894 3809 3091 3865 nocte
3131 3818 3148 3863 ε

614 3882 757 3967 qui,
811 3904 968 3951 cum
1008 3884 1201 3972 prius
1233 3882 1420 3953 illius
1459 3884 1764 3952 animam
1792 3884 2103 3970 jucunde
2145 3895 2534 3965 recreasset,
2570 3897 2635 3953 et
2666 3885 2914 3955 deinde
2942 3885 3156 3954 etiam

612 3992 866 4059 corpus
915 3984 1244 4052 curasset,
1306 3984 1370 4040 et
1439 3971 1643 4058 pedes
1673 4027 1689 4053 ,
1743 3972 1862 4059 qui
1907 3970 2083 4042 male
2132 3994 2202 4042 se
2243 3972 2588 4043 habebant
2618 4027 2633 4054 ,
2679 3986 3032 4053 sanasset,
3088 3983 3163 4042 et

618 4071 967 4146 tamquam
1017 4083 1174 4130 cum
1226 4060 1523 4146 quodam
1582 4060 1804 4130 amico
1861 4074 1925 4129 et
1997 4061 2276 4130 concive
2339 4082 2464 4132 suo
2511 4062 2930 4132 amicissime
2976 4072 3166 4130 esset

617 4147 912 4226 locutus,
967 4163 1032 4236 et
1080 4170 1236 4218 eum
1289 4148 1649 4236 amplexus
1681 4204 1696 4230 ,
1752 4149 1952 4239 longe
1999 4149 2401 4219 alacriorem
2454 4150 2753 4220 reddidit
2800 4151 2883 4219 ad
2933 4162 3165 4219 certa-

619 4258 801 4306 men.
849 4243 1038 4306 Mane
1077 4259 1240 4326 ergo
1280 4237 1525 4307 sedens
1576 4243 1719 4307 Dux
1769 4238 1836 4305 in
1894 4237 2247 4322 tribunali,
2274 4240 2474 4330 jubet
2501 4239 2920 4329 quibusdam
2952 4260 3032 4308 ex
3069 4238 3168 4307 iis

665 4400 691 4427 *
721 4399 827 4440 Sive
853 4400 1083 4449 Asapham
1112 4399 1161 4440 in
1191 4399 1448 4451 comagena
1477 4402 1637 4450 Syriae
1666 4397 1932 4449 Provincia;
1962 4409 2084 4451 quae
2112 4403 2231 4449 ‘tu-ba
2266 4412 2295 4449 a
2320 4405 2364 4450 s.
2396 4405 2548 4458 sex-311
2567 4401 2793 4454 martyrio
2813 4404 2860 4446 et
2879 4402 3180 4445 celebritate

615 4452 902 4504 sergiopolis
924 4464 1094 4496 nomeu
1116 4456 1191 4496 est
1211 4453 1377 4496 deinde
1396 4456 1579 4496 sortita.
