<?xml version="1.0" encoding="UTF-8"?>
<!DOCTYPE html PUBLIC "-//W3C//DTD XHTML 1.0 Transitional//EN"
    "http://www.w3.org/TR/xhtml1/DTD/xhtml1-transitional.dtd">
<html xmlns="http://www.w3.org/1999/xhtml" xml:lang="en" lang="en">
 <head>
  <title>
</title>
<meta http-equiv="Content-Type" content="text/html;charset=utf-8" />
  <meta name='ocr-system' content='tesseract 3.04.00' />
  <meta name='ocr-capabilities' content='ocr_page ocr_carea ocr_par ocr_line ocrx_word'/>
</head>
<body>
  <div class='ocr_page' id='page_1' title='image "./historiaeseuvit03lippgoog_0801.png"; bbox 0 0 3347 4999; ppageno 0'>
   <div class='ocr_carea' id='block_1_1' title="bbox 198 325 2676 393">
    <p class='ocr_par' dir='ltr' id='par_1_1' title="bbox 198 325 2676 393">
     <span class='ocr_line' id='line_1_1' title="bbox 198 325 2676 393; baseline 0 -1"><span class='ocrx_word' id='word_1_1' title='bbox 198 326 405 392; x_wconf 84' lang='lat' dir='ltr'>OCT.</span> <span class='ocrx_word' id='word_1_2' title='bbox 460 325 543 391; x_wconf 78' lang='lat'>23</span> <span class='ocrx_word' id='word_1_3' title='bbox 915 344 994 391; x_wconf 73' lang='lat' dir='ltr'>na</span> <span class='ocrx_word' id='word_1_4' title='bbox 1040 345 1096 391; x_wconf 87' lang='lat' dir='ltr'>s.</span> <span class='ocrx_word' id='word_1_5' title='bbox 1150 343 1454 391; x_wconf 61' lang='lat' dir='ltr'>sentuno</span> <span class='ocrx_word' id='word_1_6' title='bbox 1502 342 1832 391; x_wconf 68' lang='lat' dir='ltr'>commen.</span> <span class='ocrx_word' id='word_1_7' title='bbox 1883 345 2088 392; x_wconf 71' lang='lat' dir='ltr'>narse.</span> <span class='ocrx_word' id='word_1_8' title='bbox 2549 329 2676 393; x_wconf 81' lang='lat'>663</span> 
     </span>
    </p>
   </div>
   <div class='ocr_carea' id='block_1_2' title="bbox 183 425 2838 4506">
    <p class='ocr_par' dir='ltr' id='par_1_2' title="bbox 200 425 2792 1030">
     <span class='ocr_line' id='line_1_2' title="bbox 208 425 2768 519; baseline 0 -21"><span class='ocrx_word' id='word_1_9' title='bbox 208 450 369 498; x_wconf 87' lang='lat' dir='ltr'>non</span> <span class='ocrx_word' id='word_1_10' title='bbox 427 428 553 496; x_wconf 85' lang='lat' dir='ltr'>nisi</span> <span class='ocrx_word' id='word_1_11' title='bbox 605 425 828 496; x_wconf 86' lang='lat' dir='ltr'>solum</span> <span class='ocrx_word' id='word_1_12' title='bbox 880 428 1281 499; x_wconf 80' lang='lat' dir='ltr'>oratorium.</span> <span class='ocrx_word' id='word_1_13' title='bbox 1336 433 1400 496; x_wconf 91' lang='lat' dir='ltr'>S.</span> <span class='ocrx_word' id='word_1_14' title='bbox 1448 430 1772 512; x_wconf 75' lang='lat' dir='ltr'>Stephani</span> <span class='ocrx_word' id='word_1_15' title='bbox 1828 430 2105 497; x_wconf 87' lang='lat' dir='ltr'>nomine</span> <span class='ocrx_word' id='word_1_16' title='bbox 2151 428 2572 510; x_wconf 84' lang='lat' dir='ltr'>dedicatum,</span> <span class='ocrx_word' id='word_1_17' title='bbox 2609 452 2768 519; x_wconf 88' lang='lat' dir='ltr'>pro-</span> 
     </span>
     <span class='ocr_line' id='line_1_3' title="bbox 208 516 2767 608; baseline 0.001 -24"><span class='ocrx_word' id='word_1_18' title='bbox 208 531 384 608; x_wconf 71' lang='lat' dir='ltr'>pter</span> <span class='ocrx_word' id='word_1_19' title='bbox 430 516 733 604; x_wconf 84' lang='lat' dir='ltr'>ejusdem</span> <span class='ocrx_word' id='word_1_20' title='bbox 789 519 1315 606; x_wconf 58' lang='lat' dir='ltr'>Protomartytis</span> <span class='ocrx_word' id='word_1_21' title='bbox 1361 518 1768 604; x_wconf 75' lang='lat' dir='ltr'>sanguinem</span> <span class='ocrx_word' id='word_1_22' title='bbox 1827 518 2076 585; x_wconf 79' lang='lat' dir='ltr'>ibidem</span> <span class='ocrx_word' id='word_1_23' title='bbox 2115 519 2594 606; x_wconf 73' lang='lat' dir='ltr'>pullulantem,</span> <span class='ocrx_word' id='word_1_24' title='bbox 2630 519 2767 588; x_wconf 88' lang='lat' dir='ltr'>sal-</span> 
     </span>
     <span class='ocr_line' id='line_1_4' title="bbox 203 606 2758 694; baseline 0.001 -22"><span class='ocrx_word' id='word_1_25' title='bbox 203 623 463 674; x_wconf 81' lang='lat' dir='ltr'>vatum</span> <span class='ocrx_word' id='word_1_26' title='bbox 514 627 663 673; x_wconf 82' lang='lat' dir='ltr'>esse</span> <span class='ocrx_word' id='word_1_27' title='bbox 712 609 775 673; x_wconf 90' lang='lat' dir='ltr'>S.</span> <span class='ocrx_word' id='word_1_28' title='bbox 831 606 1109 673; x_wconf 82' lang='lat' dir='ltr'>Servatii</span> <span class='ocrx_word' id='word_1_29' title='bbox 1162 622 1352 693; x_wconf 77' lang='lat' dir='ltr'>gesta</span> <span class='ocrx_word' id='word_1_30' title='bbox 1399 613 2092 675; x_wconf 77' lang='lat' dir='ltr'>commemorentznt</span> <span class='ocrx_word' id='word_1_31' title='bbox 2142 606 2454 675; x_wconf 79' lang='lat' dir='ltr'>videlicet</span> <span class='ocrx_word' id='word_1_32' title='bbox 2495 607 2758 694; x_wconf 81' lang='lat' dir='ltr'>populi,</span> 
     </span>
     <span class='ocr_line' id='line_1_5' title="bbox 201 693 2792 782; baseline 0.001 -20"><span class='ocrx_word' id='word_1_33' title='bbox 201 695 350 781; x_wconf 82' lang='lat' dir='ltr'>qui</span> <span class='ocrx_word' id='word_1_34' title='bbox 402 694 605 762; x_wconf 78' lang='lat' dir='ltr'>corde</span> <span class='ocrx_word' id='word_1_35' title='bbox 651 693 989 762; x_wconf 88' lang='lat' dir='ltr'>obdurato</span> <span class='ocrx_word' id='word_1_36' title='bbox 1042 695 1584 782; x_wconf 85' lang='lat' dir='ltr'>praedicatorum</span> <span class='ocrx_word' id='word_1_37' title='bbox 1638 717 1921 763; x_wconf 83' lang='lat' dir='ltr'>suorum</span> <span class='ocrx_word' id='word_1_38' title='bbox 1980 693 2250 763; x_wconf 85' lang='lat' dir='ltr'>blandis</span> <span class='ocrx_word' id='word_1_39' title='bbox 2284 697 2792 765; x_wconf 88' lang='lat' dir='ltr'>admonitioni--</span> 
     </span>
     <span class='ocr_line' id='line_1_6' title="bbox 206 783 2770 870; baseline 0.001 -18"><span class='ocrx_word' id='word_1_40' title='bbox 206 784 364 864; x_wconf 86' lang='lat' dir='ltr'>bus</span> <span class='ocrx_word' id='word_1_41' title='bbox 419 805 548 850; x_wconf 90' lang='lat' dir='ltr'>non</span> <span class='ocrx_word' id='word_1_42' title='bbox 601 783 1185 869; x_wconf 75' lang='lat' dir='ltr'>obtemperabant,</span> <span class='ocrx_word' id='word_1_43' title='bbox 1247 784 1311 850; x_wconf 85' lang='lat' dir='ltr'>in</span> <span class='ocrx_word' id='word_1_44' title='bbox 1382 803 1455 852; x_wconf 90' lang='lat' dir='ltr'>se</span> <span class='ocrx_word' id='word_1_45' title='bbox 1502 785 1831 867; x_wconf 65' lang='lat' dir='ltr'>compleri</span> <span class='ocrx_word' id='word_1_46' title='bbox 1880 784 2235 862; x_wconf 87' lang='lat' dir='ltr'>sentirent,</span> <span class='ocrx_word' id='word_1_47' title='bbox 2299 785 2480 870; x_wconf 86' lang='lat' dir='ltr'>quod</span> <span class='ocrx_word' id='word_1_48' title='bbox 2537 802 2770 854; x_wconf 86' lang='lat' dir='ltr'>sancta</span> 
     </span>
     <span class='ocr_line' id='line_1_7' title="bbox 203 870 2768 959; baseline 0 -17"><span class='ocrx_word' id='word_1_49' title='bbox 203 873 582 959; x_wconf 74' lang='lat' dir='ltr'>Scriptura</span> <span class='ocrx_word' id='word_1_50' title='bbox 627 870 710 939; x_wconf 82' lang='lat' dir='ltr'>de</span> <span class='ocrx_word' id='word_1_51' title='bbox 747 873 1164 956; x_wconf 84' lang='lat' dir='ltr'>quibusdam</span> <span class='ocrx_word' id='word_1_52' title='bbox 1223 873 1555 959; x_wconf 77' lang='lat' dir='ltr'>perversis</span> <span class='ocrx_word' id='word_1_53' title='bbox 1602 872 1811 953; x_wconf 82' lang='lat' dir='ltr'>dicit,</span> <span class='ocrx_word' id='word_1_54' title='bbox 1865 875 2032 959; x_wconf 79' lang='lat' dir='ltr'>quia</span> <span class='ocrx_word' id='word_1_55' title='bbox 2082 872 2555 942; x_wconf 80' lang='lat' dir='ltr'>tantummodo</span> <span class='ocrx_word' id='word_1_56' title='bbox 2621 874 2768 943; x_wconf 82' lang='lat' dir='ltr'>sola</span> 
     </span>
     <span class='ocr_line' id='line_1_8' title="bbox 200 960 1546 1030; baseline -0.001 -2"><span class='ocrx_word' id='word_1_57' title='bbox 200 961 493 1030; x_wconf 72' lang='lat' dir='ltr'>vexatio</span> <span class='ocrx_word' id='word_1_58' title='bbox 539 960 958 1027; x_wconf 72' lang='lat' dir='ltr'>intellectum</span> <span class='ocrx_word' id='word_1_59' title='bbox 1011 960 1201 1028; x_wconf 81' lang='lat' dir='ltr'>dabit</span> <span class='ocrx_word' id='word_1_60' title='bbox 1249 961 1546 1028; x_wconf 86' lang='lat' dir='ltr'>auditui.</span> 
     </span>
    </p>

    <p class='ocr_par' dir='ltr' id='par_1_3' title="bbox 190 1048 2838 2022">
     <span class='ocr_line' id='line_1_9' title="bbox 305 1048 2764 1137; baseline 0.002 -25"><span class='ocrx_word' id='word_1_61' title='bbox 305 1052 351 1136; x_wconf 66' lang='grc' dir='ltr'><strong>ξ</strong></span> <span class='ocrx_word' id='word_1_62' title='bbox 404 1056 495 1119; x_wconf 74' lang='grc' dir='ltr'>θ.</span> <span class='ocrx_word' id='word_1_63' title='bbox 552 1055 766 1130; x_wconf 79' lang='lat' dir='ltr'>Quam</span> <span class='ocrx_word' id='word_1_64' title='bbox 825 1048 1231 1117; x_wconf 65' lang='lat' dir='ltr'>insanientis</span> <span class='ocrx_word' id='word_1_65' title='bbox 1279 1049 1680 1137; x_wconf 72' lang='lat' dir='ltr'>gentilitatis</span> <span class='ocrx_word' id='word_1_66' title='bbox 1729 1049 2087 1128; x_wconf 86' lang='lat' dir='ltr'>f·ritatem,</span> <span class='ocrx_word' id='word_1_67' title='bbox 2126 1050 2618 1135; x_wconf 84' lang='lat' dir='ltr'>omnipotentis</span> <span class='ocrx_word' id='word_1_68' title='bbox 2656 1049 2764 1118; x_wconf 86' lang='lat' dir='ltr'>Dei</span> 
     </span>
     <span class='ocr_line' id='line_1_10' title="bbox 201 1136 2760 1228; baseline -0.001 -20"><span class='ocrx_word' id='word_1_69' title='bbox 201 1140 558 1228; x_wconf 85' lang='lat' dir='ltr'>patientia</span> <span class='ocrx_word' id='word_1_70' title='bbox 615 1157 743 1204; x_wconf 91' lang='lat' dir='ltr'>non</span> <span class='ocrx_word' id='word_1_71' title='bbox 803 1136 993 1225; x_wconf 89' lang='lat' dir='ltr'>prius</span> <span class='ocrx_word' id='word_1_72' title='bbox 1041 1137 1507 1207; x_wconf 70' lang='lat' dir='ltr'>coloniensem</span> <span class='ocrx_word' id='word_1_73' title='bbox 1559 1139 1888 1225; x_wconf 84' lang='lat' dir='ltr'>populum</span> <span class='ocrx_word' id='word_1_74' title='bbox 1942 1139 2368 1227; x_wconf 82' lang='lat' dir='ltr'>permittebat</span> <span class='ocrx_word' id='word_1_75' title='bbox 2422 1139 2760 1218; x_wconf 85' lang='lat' dir='ltr'>invadere,</span> 
     </span>
     <span class='ocr_line' id='line_1_11' title="bbox 197 1224 2761 1314; baseline 0.002 -25"><span class='ocrx_word' id='word_1_76' title='bbox 197 1250 436 1314; x_wconf 79' lang='lat' dir='ltr'>qnam</span> <span class='ocrx_word' id='word_1_77' title='bbox 491 1226 639 1309; x_wconf 86' lang='lat' dir='ltr'>ejus</span> <span class='ocrx_word' id='word_1_78' title='bbox 675 1224 1055 1293; x_wconf 79' lang='lat' dir='ltr'>defensoris</span> <span class='ocrx_word' id='word_1_79' title='bbox 1104 1227 1406 1293; x_wconf 87' lang='lat' dir='ltr'>animam</span> <span class='ocrx_word' id='word_1_80' title='bbox 1464 1227 1527 1293; x_wconf 89' lang='lat' dir='ltr'>in</span> <span class='ocrx_word' id='word_1_81' title='bbox 1579 1228 1949 1295; x_wconf 74' lang='lat' dir='ltr'>electorum</span> <span class='ocrx_word' id='word_1_82' title='bbox 2005 1249 2290 1296; x_wconf 86' lang='lat' dir='ltr'>suorum</span> <span class='ocrx_word' id='word_1_83' title='bbox 2340 1227 2761 1296; x_wconf 76' lang='lat' dir='ltr'>consortium</span> 
     </span>
     <span class='ocr_line' id='line_1_12' title="bbox 190 1314 2764 1406; baseline -0 -22"><span class='ocrx_word' id='word_1_84' title='bbox 190 1318 635 1406; x_wconf 77' lang='lat' dir='ltr'>dignaretur</span> <span class='ocrx_word' id='word_1_85' title='bbox 683 1315 1032 1401; x_wconf 82' lang='lat' dir='ltr'>accipere:</span> <span class='ocrx_word' id='word_1_86' title='bbox 1102 1329 1176 1382; x_wconf 92' lang='lat' dir='ltr'>ut</span> <span class='ocrx_word' id='word_1_87' title='bbox 1240 1329 1470 1401; x_wconf 79' lang='lat' dir='ltr'>aperte</span> <span class='ocrx_word' id='word_1_88' title='bbox 1517 1314 1798 1384; x_wconf 83' lang='lat' dir='ltr'>daretur</span> <span class='ocrx_word' id='word_1_89' title='bbox 1850 1315 2133 1405; x_wconf 80' lang='lat' dir='ltr'>intelligi</span> <span class='ocrx_word' id='word_1_90' title='bbox 2176 1370 2190 1397; x_wconf 92' lang='lat'>,</span> <span class='ocrx_word' id='word_1_91' title='bbox 2244 1317 2481 1401; x_wconf 85' lang='lat' dir='ltr'>quanti</span> <span class='ocrx_word' id='word_1_92' title='bbox 2541 1316 2764 1402; x_wconf 86' lang='lat' dir='ltr'>priva-</span> 
     </span>
     <span class='ocr_line' id='line_1_13' title="bbox 203 1403 2765 1491; baseline -0 -18"><span class='ocrx_word' id='word_1_93' title='bbox 203 1423 423 1474; x_wconf 79' lang='lat' dir='ltr'>retur</span> <span class='ocrx_word' id='word_1_94' title='bbox 474 1403 853 1471; x_wconf 85' lang='lat' dir='ltr'>munitione</span> <span class='ocrx_word' id='word_1_95' title='bbox 908 1404 1196 1488; x_wconf 85' lang='lat' dir='ltr'>patroni,</span> <span class='ocrx_word' id='word_1_96' title='bbox 1236 1405 1354 1489; x_wconf 84' lang='lat' dir='ltr'>qui</span> <span class='ocrx_word' id='word_1_97' title='bbox 1396 1417 1460 1472; x_wconf 86' lang='lat' dir='ltr'>et</span> <span class='ocrx_word' id='word_1_98' title='bbox 1503 1404 1748 1486; x_wconf 85' lang='lat' dir='ltr'>ipsam,</span> <span class='ocrx_word' id='word_1_99' title='bbox 1785 1426 1991 1491; x_wconf 87' lang='lat' dir='ltr'>qnam</span> <span class='ocrx_word' id='word_1_100' title='bbox 2033 1404 2514 1472; x_wconf 85' lang='lat' dir='ltr'>inevitabiliter</span> <span class='ocrx_word' id='word_1_101' title='bbox 2552 1426 2765 1473; x_wconf 83' lang='lat' dir='ltr'>mere-</span> 
     </span>
     <span class='ocr_line' id='line_1_14' title="bbox 204 1491 2765 1582; baseline -0.001 -19"><span class='ocrx_word' id='word_1_102' title='bbox 204 1496 459 1571; x_wconf 83' lang='lat' dir='ltr'>batur,</span> <span class='ocrx_word' id='word_1_103' title='bbox 517 1491 787 1580; x_wconf 76' lang='lat' dir='ltr'>plagam</span> <span class='ocrx_word' id='word_1_104' title='bbox 845 1512 1196 1579; x_wconf 72' lang='lat' dir='ltr'>prat-sente</span> <span class='ocrx_word' id='word_1_105' title='bbox 1242 1493 1689 1580; x_wconf 65' lang='lat' dir='ltr'>corporaliter</span> <span class='ocrx_word' id='word_1_106' title='bbox 1736 1497 1798 1560; x_wconf 91' lang='lat' dir='ltr'>S.</span> <span class='ocrx_word' id='word_1_107' title='bbox 1857 1493 2155 1562; x_wconf 90' lang='lat' dir='ltr'>Severini</span> <span class='ocrx_word' id='word_1_108' title='bbox 2212 1494 2609 1582; x_wconf 88' lang='lat' dir='ltr'>patrocinio,</span> <span class='ocrx_word' id='word_1_109' title='bbox 2669 1493 2765 1560; x_wconf 87' lang='lat' dir='ltr'>vi-</span> 
     </span>
     <span class='ocr_line' id='line_1_15' title="bbox 199 1579 2757 1669; baseline -0.002 -17"><span class='ocrx_word' id='word_1_110' title='bbox 199 1584 419 1652; x_wconf 80' lang='lat' dir='ltr'>det-et</span> <span class='ocrx_word' id='word_1_111' title='bbox 488 1601 638 1648; x_wconf 87' lang='lat' dir='ltr'>esse</span> <span class='ocrx_word' id='word_1_112' title='bbox 693 1579 974 1647; x_wconf 86' lang='lat' dir='ltr'>dilatam</span> <span class='ocrx_word' id='word_1_113' title='bbox 1060 1581 1182 1649; x_wconf 77' lang='lat' dir='ltr'>Sed</span> <span class='ocrx_word' id='word_1_114' title='bbox 1252 1579 1429 1648; x_wconf 74' lang='lat' dir='ltr'>fama</span> <span class='ocrx_word' id='word_1_115' title='bbox 1502 1581 1925 1649; x_wconf 88' lang='lat' dir='ltr'>mirabilium</span> <span class='ocrx_word' id='word_1_116' title='bbox 1978 1582 2191 1649; x_wconf 88' lang='lat' dir='ltr'>sancti</span> <span class='ocrx_word' id='word_1_117' title='bbox 2272 1583 2391 1649; x_wconf 87' lang='lat' dir='ltr'>viri</span> <span class='ocrx_word' id='word_1_118' title='bbox 2444 1604 2757 1669; x_wconf 84' lang='lat' dir='ltr'>operum,</span> 
     </span>
     <span class='ocr_line' id='line_1_16' title="bbox 198 1668 2762 1755; baseline -0.002 -14"><span class='ocrx_word' id='word_1_119' title='bbox 198 1670 435 1742; x_wconf 78' lang='lat' dir='ltr'>certis</span> <span class='ocrx_word' id='word_1_120' title='bbox 484 1669 722 1755; x_wconf 85' lang='lat' dir='ltr'>utique</span> <span class='ocrx_word' id='word_1_121' title='bbox 767 1668 853 1736; x_wconf 87' lang='lat' dir='ltr'>de</span> <span class='ocrx_word' id='word_1_122' title='bbox 898 1670 1130 1737; x_wconf 84' lang='lat' dir='ltr'>cansis</span> <span class='ocrx_word' id='word_1_123' title='bbox 1177 1670 1260 1736; x_wconf 91' lang='lat' dir='ltr'>ad</span> <span class='ocrx_word' id='word_1_124' title='bbox 1317 1691 1439 1738; x_wconf 86' lang='lat' dir='ltr'>nos</span> <span class='ocrx_word' id='word_1_125' title='bbox 1491 1692 1707 1755; x_wconf 86' lang='lat' dir='ltr'>usque</span> <span class='ocrx_word' id='word_1_126' title='bbox 1744 1693 1873 1736; x_wconf 80' lang='lat' dir='ltr'>nnn</span> <span class='ocrx_word' id='word_1_127' title='bbox 1910 1671 2256 1755; x_wconf 78' lang='lat' dir='ltr'>perducta,</span> <span class='ocrx_word' id='word_1_128' title='bbox 2302 1670 2569 1737; x_wconf 85' lang='lat' dir='ltr'>laudem</span> <span class='ocrx_word' id='word_1_129' title='bbox 2603 1692 2762 1739; x_wconf 87' lang='lat' dir='ltr'>san-</span> 
     </span>
     <span class='ocr_line' id='line_1_17' title="bbox 202 1758 2758 1846; baseline -0.001 -17"><span class='ocrx_word' id='word_1_130' title='bbox 202 1758 483 1829; x_wconf 86' lang='lat' dir='ltr'>ctitatis</span> <span class='ocrx_word' id='word_1_131' title='bbox 530 1758 680 1846; x_wconf 85' lang='lat' dir='ltr'>ejus</span> <span class='ocrx_word' id='word_1_132' title='bbox 734 1778 862 1824; x_wconf 87' lang='lat' dir='ltr'>non</span> <span class='ocrx_word' id='word_1_133' title='bbox 919 1758 1170 1826; x_wconf 88' lang='lat' dir='ltr'>minuit</span> <span class='ocrx_word' id='word_1_134' title='bbox 1262 1759 1422 1844; x_wconf 88' lang='lat' dir='ltr'>qnia</span> <span class='ocrx_word' id='word_1_135' title='bbox 1478 1779 1627 1826; x_wconf 85' lang='lat' dir='ltr'>vere</span> <span class='ocrx_word' id='word_1_136' title='bbox 1689 1758 2129 1826; x_wconf 84' lang='lat' dir='ltr'>beatitudinis</span> <span class='ocrx_word' id='word_1_137' title='bbox 2182 1758 2570 1843; x_wconf 79' lang='lat' dir='ltr'>perfectioni</span> <span class='ocrx_word' id='word_1_138' title='bbox 2627 1780 2758 1828; x_wconf 88' lang='lat' dir='ltr'>non</span> 
     </span>
     <span class='ocr_line' id='line_1_18' title="bbox 204 1845 2761 1936; baseline 0 -19"><span class='ocrx_word' id='word_1_139' title='bbox 204 1847 571 1918; x_wconf 83' lang='lat' dir='ltr'>detrabit:</span> <span class='ocrx_word' id='word_1_140' title='bbox 632 1847 696 1912; x_wconf 92' lang='lat' dir='ltr'>in</span> <span class='ocrx_word' id='word_1_141' title='bbox 740 1867 871 1929; x_wconf 86' lang='lat' dir='ltr'>qua</span> <span class='ocrx_word' id='word_1_142' title='bbox 930 1845 1121 1913; x_wconf 85' lang='lat' dir='ltr'>illum</span> <span class='ocrx_word' id='word_1_143' title='bbox 1169 1847 1312 1932; x_wconf 87' lang='lat' dir='ltr'>jam</span> <span class='ocrx_word' id='word_1_144' title='bbox 1352 1861 1621 1915; x_wconf 74' lang='lat' dir='ltr'>aeterna</span> <span class='ocrx_word' id='word_1_145' title='bbox 1656 1848 2021 1915; x_wconf 68' lang='lat' dir='ltr'>secturitate</span> <span class='ocrx_word' id='word_1_146' title='bbox 2059 1846 2346 1926; x_wconf 75' lang='lat' dir='ltr'>felicem,</span> <span class='ocrx_word' id='word_1_147' title='bbox 2391 1870 2761 1936; x_wconf 88' lang='lat' dir='ltr'>poscamus</span> 
     </span>
     <span class='ocr_line' id='line_1_19' title="bbox 204 1933 2838 2022; baseline 0 -18"><span class='ocrx_word' id='word_1_148' title='bbox 204 1959 377 2008; x_wconf 86' lang='lat' dir='ltr'>esse</span> <span class='ocrx_word' id='word_1_149' title='bbox 432 1948 700 2003; x_wconf 81' lang='lat' dir='ltr'>nostrae</span> <span class='ocrx_word' id='word_1_150' title='bbox 750 1933 1136 2022; x_wconf 82' lang='lat' dir='ltr'>fragilitatis</span> <span class='ocrx_word' id='word_1_151' title='bbox 1191 1935 1909 2004; x_wconf 84' lang='lat' dir='ltr'>misericordissimum</span> <span class='ocrx_word' id='word_1_152' title='bbox 1949 1935 2357 2021; x_wconf 75' lang='lat' dir='ltr'>adjutorem.</span> <span class='ocrx_word' id='word_1_153' title='bbox 2829 2013 2838 2022; x_wconf 31' lang='grc' dir='ltr'>ι</span> 
     </span>
    </p>

    <p class='ocr_par' dir='ltr' id='par_1_4' title="bbox 183 2021 2764 4506">
     <span class='ocr_line' id='line_1_20' title="bbox 314 2021 2758 2112; baseline 0 -20"><span class='ocrx_word' id='word_1_154' title='bbox 314 2032 356 2100; x_wconf 66' lang='grc' dir='ltr'><strong>ἓ</strong></span> <span class='ocrx_word' id='word_1_155' title='bbox 407 2028 481 2092; x_wconf 68' lang='lat'>⁸2.</span> <span class='ocrx_word' id='word_1_156' title='bbox 538 2028 613 2090; x_wconf 93' lang='lat' dir='ltr'>In</span> <span class='ocrx_word' id='word_1_157' title='bbox 667 2021 870 2090; x_wconf 85' lang='lat' dir='ltr'>laude</span> <span class='ocrx_word' id='word_1_158' title='bbox 924 2025 1130 2106; x_wconf 66' lang='lat' dir='ltr'>igitur</span> <span class='ocrx_word' id='word_1_159' title='bbox 1180 2023 1390 2110; x_wconf 81' lang='lat' dir='ltr'>hujus</span> <span class='ocrx_word' id='word_1_160' title='bbox 1445 2030 1570 2091; x_wconf 82' lang='lat' dir='ltr'>Deo</span> <span class='ocrx_word' id='word_1_161' title='bbox 1625 2023 1815 2112; x_wconf 78' lang='lat' dir='ltr'>digni</span> <span class='ocrx_word' id='word_1_162' title='bbox 1873 2024 2213 2110; x_wconf 79' lang='lat' dir='ltr'>pontilicis</span> <span class='ocrx_word' id='word_1_163' title='bbox 2264 2024 2565 2092; x_wconf 81' lang='lat' dir='ltr'>Severini</span> <span class='ocrx_word' id='word_1_164' title='bbox 2623 2045 2758 2092; x_wconf 85' lang='lat' dir='ltr'>non</span> 
     </span>
     <span class='ocr_line' id='line_1_21' title="bbox 210 2112 2764 2200; baseline 0.001 -21"><span class='ocrx_word' id='word_1_165' title='bbox 210 2112 601 2182; x_wconf 86' lang='lat' dir='ltr'>minimum</span> <span class='ocrx_word' id='word_1_166' title='bbox 639 2113 1019 2178; x_wconf 72' lang='lat' dir='ltr'>sanctitatis</span> <span class='ocrx_word' id='word_1_167' title='bbox 1058 2113 1416 2186; x_wconf 76' lang='lat' dir='ltr'>indii-ium,</span> <span class='ocrx_word' id='word_1_168' title='bbox 1456 2112 1633 2196; x_wconf 63' lang='lat' dir='ltr'>Quod</span> <span class='ocrx_word' id='word_1_169' title='bbox 1678 2113 2211 2188; x_wconf 65' lang='lat' dir='ltr'>contemporalis</span> <span class='ocrx_word' id='word_1_170' title='bbox 2249 2114 2398 2200; x_wconf 78' lang='lat' dir='ltr'>ejus</span> <span class='ocrx_word' id='word_1_171' title='bbox 2431 2113 2764 2200; x_wconf 87' lang='lat' dir='ltr'>probatis·</span> 
     </span>
     <span class='ocr_line' id='line_1_22' title="bbox 204 2199 2754 2288; baseline -0 -18"><span class='ocrx_word' id='word_1_172' title='bbox 204 2199 389 2270; x_wconf 78' lang='lat' dir='ltr'>sinti</span> <span class='ocrx_word' id='word_1_173' title='bbox 446 2199 691 2268; x_wconf 73' lang='lat' dir='ltr'>Christi</span> <span class='ocrx_word' id='word_1_174' title='bbox 762 2200 1170 2268; x_wconf 85' lang='lat' dir='ltr'>confessoris</span> <span class='ocrx_word' id='word_1_175' title='bbox 1222 2201 1486 2268; x_wconf 85' lang='lat' dir='ltr'>Martini</span> <span class='ocrx_word' id='word_1_176' title='bbox 1558 2200 1909 2269; x_wconf 86' lang='lat' dir='ltr'>miraculis</span> <span class='ocrx_word' id='word_1_177' title='bbox 1967 2201 2259 2270; x_wconf 74' lang='lat' dir='ltr'>inditum</span> <span class='ocrx_word' id='word_1_178' title='bbox 2332 2202 2754 2288; x_wconf 89' lang='lat' dir='ltr'>reperimus,</span> 
     </span>
     <span class='ocr_line' id='line_1_23' title="bbox 212 2289 2760 2377; baseline 0 -20"><span class='ocrx_word' id='word_1_179' title='bbox 212 2309 666 2374; x_wconf 75' lang='lat' dir='ltr'>nequaquam</span> <span class='ocrx_word' id='word_1_180' title='bbox 729 2290 1222 2357; x_wconf 84' lang='lat' dir='ltr'>transeundum</span> <span class='ocrx_word' id='word_1_181' title='bbox 1281 2304 1639 2377; x_wconf 87' lang='lat' dir='ltr'>putamus:</span> <span class='ocrx_word' id='word_1_182' title='bbox 1696 2291 1760 2356; x_wconf 90' lang='lat' dir='ltr'>in</span> <span class='ocrx_word' id='word_1_183' title='bbox 1815 2311 1952 2375; x_wconf 87' lang='lat' dir='ltr'>quo</span> <span class='ocrx_word' id='word_1_184' title='bbox 2010 2289 2433 2358; x_wconf 85' lang='lat' dir='ltr'>lucidissime</span> <span class='ocrx_word' id='word_1_185' title='bbox 2479 2291 2760 2358; x_wconf 85' lang='lat' dir='ltr'>demon-</span> 
     </span>
     <span class='ocr_line' id='line_1_24' title="bbox 204 2374 2760 2465; baseline 0 -19"><span class='ocrx_word' id='word_1_186' title='bbox 204 2391 509 2455; x_wconf 78' lang='lat' dir='ltr'>stratur,</span> <span class='ocrx_word' id='word_1_187' title='bbox 547 2398 762 2444; x_wconf 92' lang='lat' dir='ltr'>unum</span> <span class='ocrx_word' id='word_1_188' title='bbox 800 2398 1015 2461; x_wconf 74' lang='lat' dir='ltr'>agone</span> <span class='ocrx_word' id='word_1_189' title='bbox 1042 2378 1181 2458; x_wconf 86' lang='lat' dir='ltr'>jam</span> <span class='ocrx_word' id='word_1_190' title='bbox 1223 2377 1390 2446; x_wconf 89' lang='lat' dir='ltr'>bene</span> <span class='ocrx_word' id='word_1_191' title='bbox 1423 2393 1902 2446; x_wconf 85' lang='lat' dir='ltr'>consummato</span> <span class='ocrx_word' id='word_1_192' title='bbox 1942 2374 2258 2446; x_wconf 83' lang='lat' dir='ltr'>coronain</span> <span class='ocrx_word' id='word_1_193' title='bbox 2289 2379 2599 2465; x_wconf 83' lang='lat' dir='ltr'>justitiae</span> <span class='ocrx_word' id='word_1_194' title='bbox 2647 2379 2760 2446; x_wconf 90' lang='lat' dir='ltr'>de-</span> 
     </span>
     <span class='ocr_line' id='line_1_25' title="bbox 214 2465 2755 2559; baseline 0 -25"><span class='ocrx_word' id='word_1_195' title='bbox 214 2467 439 2535; x_wconf 89' lang='lat' dir='ltr'>bitam</span> <span class='ocrx_word' id='word_1_196' title='bbox 480 2465 883 2559; x_wconf 68' lang='lat' dir='ltr'>percepisse,</span> <span class='ocrx_word' id='word_1_197' title='bbox 930 2465 1217 2534; x_wconf 77' lang='lat' dir='ltr'>alterum</span> <span class='ocrx_word' id='word_1_198' title='bbox 1270 2467 1499 2534; x_wconf 81' lang='lat' dir='ltr'>adbuc</span> <span class='ocrx_word' id='word_1_199' title='bbox 1534 2467 1596 2534; x_wconf 90' lang='lat' dir='ltr'>in</span> <span class='ocrx_word' id='word_1_200' title='bbox 1650 2468 2022 2536; x_wconf 74' lang='lat' dir='ltr'>certamine</span> <span class='ocrx_word' id='word_1_201' title='bbox 2067 2469 2388 2554; x_wconf 88' lang='lat' dir='ltr'>positum,</span> <span class='ocrx_word' id='word_1_202' title='bbox 2443 2467 2755 2536; x_wconf 86' lang='lat' dir='ltr'>eamdem</span> 
     </span>
     <span class='ocr_line' id='line_1_26' title="bbox 210 2555 2760 2642; baseline -0 -17"><span class='ocrx_word' id='word_1_203' title='bbox 210 2555 386 2625; x_wconf 77' lang='lat' dir='ltr'>fidei</span> <span class='ocrx_word' id='word_1_204' title='bbox 447 2558 916 2640; x_wconf 85' lang='lat' dir='ltr'>bonorumque</span> <span class='ocrx_word' id='word_1_205' title='bbox 982 2576 1265 2637; x_wconf 78' lang='lat' dir='ltr'>operum</span> <span class='ocrx_word' id='word_1_206' title='bbox 1333 2558 1786 2625; x_wconf 82' lang='lat' dir='ltr'>constantiam</span> <span class='ocrx_word' id='word_1_207' title='bbox 1862 2558 2213 2625; x_wconf 83' lang='lat' dir='ltr'>meruisse.</span> <span class='ocrx_word' id='word_1_208' title='bbox 2284 2562 2359 2624; x_wconf 87' lang='lat' dir='ltr'>Et</span> <span class='ocrx_word' id='word_1_209' title='bbox 2408 2573 2480 2625; x_wconf 90' lang='lat' dir='ltr'>ut</span> <span class='ocrx_word' id='word_1_210' title='bbox 2530 2572 2760 2642; x_wconf 82' lang='lat' dir='ltr'>aperte</span> 
     </span>
     <span class='ocr_line' id='line_1_27' title="bbox 210 2643 2753 2728; baseline -0.001 -15"><span class='ocrx_word' id='word_1_211' title='bbox 210 2645 485 2719; x_wconf 86' lang='lat' dir='ltr'>dicam,</span> <span class='ocrx_word' id='word_1_212' title='bbox 541 2643 751 2710; x_wconf 87' lang='lat' dir='ltr'>unius</span> <span class='ocrx_word' id='word_1_213' title='bbox 786 2643 1083 2711; x_wconf 85' lang='lat' dir='ltr'>ostendit</span> <span class='ocrx_word' id='word_1_214' title='bbox 1135 2647 1539 2728; x_wconf 84' lang='lat' dir='ltr'>praemium.</span> <span class='ocrx_word' id='word_1_215' title='bbox 1595 2645 1880 2713; x_wconf 71' lang='lat' dir='ltr'>alterius</span> <span class='ocrx_word' id='word_1_216' title='bbox 1926 2646 2253 2713; x_wconf 76' lang='lat' dir='ltr'>describit</span> <span class='ocrx_word' id='word_1_217' title='bbox 2307 2645 2753 2713; x_wconf 72' lang='lat' dir='ltr'>miraculum.</span> 
     </span>
     <span class='ocr_line' id='line_1_28' title="bbox 212 2732 2760 2819; baseline 0 -20"><span class='ocrx_word' id='word_1_218' title='bbox 212 2732 540 2817; x_wconf 84' lang='lat' dir='ltr'>Quodam</span> <span class='ocrx_word' id='word_1_219' title='bbox 596 2732 823 2818; x_wconf 85' lang='lat' dir='ltr'>itaque</span> <span class='ocrx_word' id='word_1_220' title='bbox 873 2746 1196 2817; x_wconf 85' lang='lat' dir='ltr'>tempore,</span> <span class='ocrx_word' id='word_1_221' title='bbox 1249 2732 1417 2801; x_wconf 80' lang='lat' dir='ltr'>(lum</span> <span class='ocrx_word' id='word_1_222' title='bbox 1468 2734 1961 2802; x_wconf 75' lang='lat' dir='ltr'>solertissimus</span> <span class='ocrx_word' id='word_1_223' title='bbox 2001 2748 2227 2819; x_wconf 86' lang='lat' dir='ltr'>pastor</span> <span class='ocrx_word' id='word_1_224' title='bbox 2279 2733 2616 2801; x_wconf 64' lang='lat' dir='ltr'>Ecclesiae</span> <span class='ocrx_word' id='word_1_225' title='bbox 2647 2737 2760 2801; x_wconf 81' lang='lat' dir='ltr'>Se-</span> 
     </span>
     <span class='ocr_line' id='line_1_29' title="bbox 209 2821 2751 2910; baseline -0.002 -19"><span class='ocrx_word' id='word_1_226' title='bbox 209 2822 529 2897; x_wconf 67' lang='lat' dir='ltr'>verinus.</span> <span class='ocrx_word' id='word_1_227' title='bbox 572 2821 801 2910; x_wconf 73' lang='lat' dir='ltr'>gregis·</span> <span class='ocrx_word' id='word_1_228' title='bbox 842 2822 969 2889; x_wconf 88' lang='lat' dir='ltr'>sibi</span> <span class='ocrx_word' id='word_1_229' title='bbox 1023 2822 1370 2890; x_wconf 80' lang='lat' dir='ltr'>commissi</span> <span class='ocrx_word' id='word_1_230' title='bbox 1422 2823 1755 2892; x_wconf 85' lang='lat' dir='ltr'>custodiis</span> <span class='ocrx_word' id='word_1_231' title='bbox 1798 2822 2191 2909; x_wconf 82' lang='lat' dir='ltr'>invigilans,</span> <span class='ocrx_word' id='word_1_232' title='bbox 2230 2821 2341 2888; x_wconf 90' lang='lat' dir='ltr'>die</span> <span class='ocrx_word' id='word_1_233' title='bbox 2377 2822 2751 2898; x_wconf 80' lang='lat' dir='ltr'>Dominico,</span> 
     </span>
     <span class='ocr_line' id='line_1_30' title="bbox 204 2908 2758 2998; baseline -0.002 -18"><span class='ocrx_word' id='word_1_234' title='bbox 204 2908 512 2998; x_wconf 72' lang='lat' dir='ltr'>expletis</span> <span class='ocrx_word' id='word_1_235' title='bbox 565 2910 1088 2978; x_wconf 86' lang='lat' dir='ltr'>matutinalibus</span> <span class='ocrx_word' id='word_1_236' title='bbox 1117 2909 1382 2989; x_wconf 57' lang='lat' dir='ltr'>offic-iis,</span> <span class='ocrx_word' id='word_1_237' title='bbox 1415 2932 1490 2978; x_wconf 86' lang='lat' dir='ltr'>ex</span> <span class='ocrx_word' id='word_1_238' title='bbox 1524 2910 2022 2978; x_wconf 81' lang='lat' dir='ltr'>coitsuetudine</span> <span class='ocrx_word' id='word_1_239' title='bbox 2066 2910 2204 2978; x_wconf 82' lang='lat' dir='ltr'>loca</span> <span class='ocrx_word' id='word_1_240' title='bbox 2251 2925 2480 2978; x_wconf 87' lang='lat' dir='ltr'>sancta</span> <span class='ocrx_word' id='word_1_241' title='bbox 2511 2908 2758 2977; x_wconf 84' lang='lat' dir='ltr'>orandi</span> 
     </span>
     <span class='ocr_line' id='line_1_31' title="bbox 212 2996 2758 3088; baseline -0 -22"><span class='ocrx_word' id='word_1_242' title='bbox 212 3000 445 3088; x_wconf 75' lang='lat' dir='ltr'>gratia</span> <span class='ocrx_word' id='word_1_243' title='bbox 496 2999 841 3077; x_wconf 81' lang='lat' dir='ltr'>circuiret,</span> <span class='ocrx_word' id='word_1_244' title='bbox 897 3000 1139 3066; x_wconf 85' lang='lat' dir='ltr'>audire</span> <span class='ocrx_word' id='word_1_245' title='bbox 1191 2999 1441 3067; x_wconf 82' lang='lat' dir='ltr'>meruit</span> <span class='ocrx_word' id='word_1_246' title='bbox 1486 2998 1916 3066; x_wconf 80' lang='lat' dir='ltr'>dulcisonam</span> <span class='ocrx_word' id='word_1_247' title='bbox 1949 2996 2263 3065; x_wconf 74' lang='lat' dir='ltr'>coelestis</span> <span class='ocrx_word' id='word_1_248' title='bbox 2298 2997 2581 3065; x_wconf 85' lang='lat' dir='ltr'>militiae</span> <span class='ocrx_word' id='word_1_249' title='bbox 2617 3019 2758 3065; x_wconf 88' lang='lat' dir='ltr'>me-</span> 
     </span>
     <span class='ocr_line' id='line_1_32' title="bbox 214 3086 2758 3173; baseline -0.001 -15"><span class='ocrx_word' id='word_1_250' title='bbox 214 3088 523 3158; x_wconf 81' lang='lat' dir='ltr'>lodiam:</span> <span class='ocrx_word' id='word_1_251' title='bbox 566 3108 742 3172; x_wconf 84' lang='lat' dir='ltr'>quae</span> <span class='ocrx_word' id='word_1_252' title='bbox 795 3087 988 3155; x_wconf 90' lang='lat' dir='ltr'>illum</span> <span class='ocrx_word' id='word_1_253' title='bbox 1039 3087 1273 3155; x_wconf 85' lang='lat' dir='ltr'>afflatu</span> <span class='ocrx_word' id='word_1_254' title='bbox 1321 3089 1546 3155; x_wconf 81' lang='lat' dir='ltr'>Saneti</span> <span class='ocrx_word' id='word_1_255' title='bbox 1600 3088 1895 3173; x_wconf 83' lang='lat' dir='ltr'>Spiritus</span> <span class='ocrx_word' id='word_1_256' title='bbox 1924 3086 2180 3163; x_wconf 87' lang='lat' dir='ltr'>docuit,</span> <span class='ocrx_word' id='word_1_257' title='bbox 2220 3087 2378 3172; x_wconf 88' lang='lat' dir='ltr'>qnia</span> <span class='ocrx_word' id='word_1_258' title='bbox 2423 3086 2758 3155; x_wconf 83' lang='lat' dir='ltr'>Martinus</span> 
     </span>
     <span class='ocr_line' id='line_1_33' title="bbox 183 3173 2758 3265; baseline -0.002 -18"><span class='ocrx_word' id='word_1_259' title='bbox 183 3178 608 3265; x_wconf 62' lang='lat' dir='ltr'>Episcopus</span> <span class='ocrx_word' id='word_1_260' title='bbox 654 3175 739 3242; x_wconf 88' lang='lat' dir='ltr'>de</span> <span class='ocrx_word' id='word_1_261' title='bbox 786 3175 1017 3244; x_wconf 86' lang='lat' dir='ltr'>seculo</span> <span class='ocrx_word' id='word_1_262' title='bbox 1071 3178 1406 3265; x_wconf 83' lang='lat' dir='ltr'>migravit.</span> <span class='ocrx_word' id='word_1_263' title='bbox 1463 3180 1679 3256; x_wconf 83' lang='lat' dir='ltr'>Quam</span> <span class='ocrx_word' id='word_1_264' title='bbox 1733 3174 1895 3242; x_wconf 92' lang='lat' dir='ltr'>dum</span> <span class='ocrx_word' id='word_1_265' title='bbox 1935 3175 2233 3242; x_wconf 88' lang='lat' dir='ltr'>intentus</span> <span class='ocrx_word' id='word_1_266' title='bbox 2272 3175 2415 3260; x_wconf 88' lang='lat' dir='ltr'>ipse</span> <span class='ocrx_word' id='word_1_267' title='bbox 2440 3173 2758 3262; x_wconf 81' lang='lat' dir='ltr'>diligenti</span> 
     </span>
     <span class='ocr_line' id='line_1_34' title="bbox 207 3262 2750 3350; baseline -0.002 -15"><span class='ocrx_word' id='word_1_268' title='bbox 207 3287 390 3335; x_wconf 86' lang='lat' dir='ltr'>aure</span> <span class='ocrx_word' id='word_1_269' title='bbox 445 3262 841 3350; x_wconf 80' lang='lat' dir='ltr'>perciperet,</span> <span class='ocrx_word' id='word_1_270' title='bbox 882 3266 1113 3332; x_wconf 84' lang='lat' dir='ltr'>secreti</span> <span class='ocrx_word' id='word_1_271' title='bbox 1152 3264 1464 3331; x_wconf 78' lang='lat' dir='ltr'>coelestis</span> <span class='ocrx_word' id='word_1_272' title='bbox 1511 3276 1742 3330; x_wconf 78' lang='lat' dir='ltr'>testem</span> <span class='ocrx_word' id='word_1_273' title='bbox 1778 3286 2010 3331; x_wconf 83' lang='lat' dir='ltr'>secum</span> <span class='ocrx_word' id='word_1_274' title='bbox 2051 3264 2297 3331; x_wconf 82' lang='lat' dir='ltr'>babere</span> <span class='ocrx_word' id='word_1_275' title='bbox 2326 3263 2750 3343; x_wconf 83' lang='lat' dir='ltr'>desiderans,</span> 
     </span>
     <span class='ocr_line' id='line_1_35' title="bbox 214 3350 2757 3440; baseline 0 -21"><span class='ocrx_word' id='word_1_276' title='bbox 214 3364 461 3422; x_wconf 89' lang='lat' dir='ltr'>vocato</span> <span class='ocrx_word' id='word_1_277' title='bbox 508 3351 1025 3430; x_wconf 77' lang='lat' dir='ltr'>Ari-ltidiaeonO,</span> <span class='ocrx_word' id='word_1_278' title='bbox 1085 3353 1455 3438; x_wconf 75' lang='lat' dir='ltr'>requisivit,</span> <span class='ocrx_word' id='word_1_279' title='bbox 1510 3352 1563 3418; x_wconf 88' lang='lat' dir='ltr'>si</span> <span class='ocrx_word' id='word_1_280' title='bbox 1624 3373 1827 3421; x_wconf 88' lang='lat' dir='ltr'>anres</span> <span class='ocrx_word' id='word_1_281' title='bbox 1875 3351 2025 3440; x_wconf 84' lang='lat' dir='ltr'>ejus</span> <span class='ocrx_word' id='word_1_282' title='bbox 2072 3352 2412 3421; x_wconf 86' lang='lat' dir='ltr'>cantilena</span> <span class='ocrx_word' id='word_1_283' title='bbox 2470 3350 2757 3422; x_wconf 85' lang='lat' dir='ltr'>coelitus</span> 
     </span>
     <span class='ocr_line' id='line_1_36' title="bbox 214 3438 2761 3529; baseline 0 -20"><span class='ocrx_word' id='word_1_284' title='bbox 214 3439 538 3511; x_wconf 80' lang='lat' dir='ltr'>immissa</span> <span class='ocrx_word' id='word_1_285' title='bbox 594 3453 996 3525; x_wconf 87' lang='lat' dir='ltr'>percuteret.</span> <span class='ocrx_word' id='word_1_286' title='bbox 1050 3444 1195 3521; x_wconf 80' lang='lat' dir='ltr'>Quo</span> <span class='ocrx_word' id='word_1_287' title='bbox 1247 3439 1375 3507; x_wconf 86' lang='lat' dir='ltr'>tale</span> <span class='ocrx_word' id='word_1_288' title='bbox 1413 3438 1673 3524; x_wconf 79' lang='lat' dir='ltr'>aliquid</span> <span class='ocrx_word' id='word_1_289' title='bbox 1725 3462 1800 3505; x_wconf 87' lang='lat' dir='ltr'>se</span> <span class='ocrx_word' id='word_1_290' title='bbox 1845 3441 2085 3508; x_wconf 88' lang='lat' dir='ltr'>andire</span> <span class='ocrx_word' id='word_1_291' title='bbox 2136 3455 2447 3529; x_wconf 80' lang='lat' dir='ltr'>negante,</span> <span class='ocrx_word' id='word_1_292' title='bbox 2514 3462 2761 3510; x_wconf 83' lang='lat' dir='ltr'>rursus</span> 
     </span>
     <span class='ocr_line' id='line_1_37' title="bbox 215 3527 2758 3617; baseline -0.001 -17"><span class='ocrx_word' id='word_1_293' title='bbox 215 3531 632 3617; x_wconf 63' lang='lat' dir='ltr'>Episeopus,</span> <span class='ocrx_word' id='word_1_294' title='bbox 691 3542 764 3595; x_wconf 90' lang='lat' dir='ltr'>ut</span> <span class='ocrx_word' id='word_1_295' title='bbox 808 3527 1174 3617; x_wconf 77' lang='lat' dir='ltr'>diligenter</span> <span class='ocrx_word' id='word_1_296' title='bbox 1221 3528 1664 3606; x_wconf 67' lang='lat' dir='ltr'>auscultari-t,</span> <span class='ocrx_word' id='word_1_297' title='bbox 1719 3528 2101 3598; x_wconf 84' lang='lat' dir='ltr'>admonuit.</span> <span class='ocrx_word' id='word_1_298' title='bbox 2138 3534 2441 3615; x_wconf 79' lang='lat' dir='ltr'>Cuinque</span> <span class='ocrx_word' id='word_1_299' title='bbox 2478 3529 2590 3598; x_wconf 90' lang='lat' dir='ltr'>ille</span> <span class='ocrx_word' id='word_1_300' title='bbox 2624 3543 2758 3598; x_wconf 91' lang='lat' dir='ltr'>toto</span> 
     </span>
     <span class='ocr_line' id='line_1_38' title="bbox 212 3614 2755 3706; baseline 0 -21"><span class='ocrx_word' id='word_1_301' title='bbox 212 3614 532 3705; x_wconf 86' lang='lat' dir='ltr'>corporis</span> <span class='ocrx_word' id='word_1_302' title='bbox 578 3628 642 3683; x_wconf 85' lang='lat' dir='ltr'>et</span> <span class='ocrx_word' id='word_1_303' title='bbox 693 3616 939 3683; x_wconf 80' lang='lat' dir='ltr'>mentis</span> <span class='ocrx_word' id='word_1_304' title='bbox 993 3618 1144 3683; x_wconf 89' lang='lat' dir='ltr'>nisu</span> <span class='ocrx_word' id='word_1_305' title='bbox 1193 3617 1502 3685; x_wconf 58' lang='lat' dir='ltr'>coelestis·</span> <span class='ocrx_word' id='word_1_306' title='bbox 1550 3631 1925 3686; x_wconf 73' lang='lat' dir='ltr'>concentus</span> <span class='ocrx_word' id='word_1_307' title='bbox 1959 3618 2100 3685; x_wconf 80' lang='lat' dir='ltr'>lieri</span> <span class='ocrx_word' id='word_1_308' title='bbox 2157 3620 2494 3706; x_wconf 84' lang='lat' dir='ltr'>particeps</span> <span class='ocrx_word' id='word_1_309' title='bbox 2541 3639 2755 3704; x_wconf 82' lang='lat' dir='ltr'>appe-</span> 
     </span>
     <span class='ocr_line' id='line_1_39' title="bbox 219 3703 2760 3795; baseline -0.001 -18"><span class='ocrx_word' id='word_1_310' title='bbox 219 3720 415 3784; x_wconf 82' lang='lat' dir='ltr'>teret,</span> <span class='ocrx_word' id='word_1_311' title='bbox 469 3717 534 3771; x_wconf 91' lang='lat' dir='ltr'>et</span> <span class='ocrx_word' id='word_1_312' title='bbox 586 3725 718 3771; x_wconf 85' lang='lat' dir='ltr'>non</span> <span class='ocrx_word' id='word_1_313' title='bbox 776 3703 1212 3791; x_wconf 75' lang='lat' dir='ltr'>impetraret,</span> <span class='ocrx_word' id='word_1_314' title='bbox 1267 3705 1597 3774; x_wconf 74' lang='lat' dir='ltr'>intellexit</span> <span class='ocrx_word' id='word_1_315' title='bbox 1648 3704 1748 3773; x_wconf 88' lang='lat' dir='ltr'>vir</span> <span class='ocrx_word' id='word_1_316' title='bbox 1800 3706 1908 3773; x_wconf 85' lang='lat' dir='ltr'>Dei</span> <span class='ocrx_word' id='word_1_317' title='bbox 1973 3727 2009 3774; x_wconf 89' lang='lat' dir='ltr'>a</span> <span class='ocrx_word' id='word_1_318' title='bbox 2067 3710 2191 3775; x_wconf 85' lang='lat' dir='ltr'>Deo</span> <span class='ocrx_word' id='word_1_319' title='bbox 2242 3704 2760 3795; x_wconf 85' lang='lat' dir='ltr'>implorandum</span> 
     </span>
     <span class='ocr_line' id='line_1_40' title="bbox 221 3792 2755 3883; baseline -0.002 -19"><span class='ocrx_word' id='word_1_320' title='bbox 221 3796 412 3873; x_wconf 83' lang='lat' dir='ltr'>fore,</span> <span class='ocrx_word' id='word_1_321' title='bbox 474 3806 546 3862; x_wconf 89' lang='lat' dir='ltr'>ut</span> <span class='ocrx_word' id='word_1_322' title='bbox 596 3792 992 3880; x_wconf 82' lang='lat' dir='ltr'>hujusmodi</span> <span class='ocrx_word' id='word_1_323' title='bbox 1050 3793 1285 3862; x_wconf 88' lang='lat' dir='ltr'>landes</span> <span class='ocrx_word' id='word_1_324' title='bbox 1341 3795 1676 3862; x_wconf 74' lang='lat' dir='ltr'>diaconus</span> <span class='ocrx_word' id='word_1_325' title='bbox 1720 3795 2011 3862; x_wconf 88' lang='lat' dir='ltr'>audiret.</span> <span class='ocrx_word' id='word_1_326' title='bbox 2063 3799 2252 3862; x_wconf 88' lang='lat' dir='ltr'>Tunc</span> <span class='ocrx_word' id='word_1_327' title='bbox 2305 3795 2617 3883; x_wconf 84' lang='lat' dir='ltr'>prostrati</span> <span class='ocrx_word' id='word_1_328' title='bbox 2668 3793 2755 3861; x_wconf 90' lang='lat' dir='ltr'>si·</span> 
     </span>
     <span class='ocr_line' id='line_1_41' title="bbox 224 3882 2760 3970; baseline -0.001 -18"><span class='ocrx_word' id='word_1_329' title='bbox 224 3883 368 3954; x_wconf 88' lang='lat' dir='ltr'>mul</span> <span class='ocrx_word' id='word_1_330' title='bbox 426 3882 491 3950; x_wconf 89' lang='lat' dir='ltr'>in</span> <span class='ocrx_word' id='word_1_331' title='bbox 546 3894 792 3950; x_wconf 85' lang='lat' dir='ltr'>terram</span> <span class='ocrx_word' id='word_1_332' title='bbox 860 3883 1236 3970; x_wconf 79' lang='lat' dir='ltr'>Episcopus</span> <span class='ocrx_word' id='word_1_333' title='bbox 1281 3895 1346 3950; x_wconf 90' lang='lat' dir='ltr'>et</span> <span class='ocrx_word' id='word_1_334' title='bbox 1401 3885 1737 3952; x_wconf 86' lang='lat' dir='ltr'>Diaconns</span> <span class='ocrx_word' id='word_1_335' title='bbox 1800 3897 1872 3952; x_wconf 89' lang='lat' dir='ltr'>ut</span> <span class='ocrx_word' id='word_1_336' title='bbox 1922 3883 2302 3961; x_wconf 80' lang='lat' dir='ltr'>harmonia,</span> <span class='ocrx_word' id='word_1_337' title='bbox 2356 3905 2562 3969; x_wconf 85' lang='lat' dir='ltr'>quam</span> <span class='ocrx_word' id='word_1_338' title='bbox 2618 3903 2760 3950; x_wconf 87' lang='lat' dir='ltr'>ma·</span> 
     </span>
     <span class='ocr_line' id='line_1_42' title="bbox 226 3972 2753 4060; baseline 0 -23"><span class='ocrx_word' id='word_1_339' title='bbox 226 3973 440 4059; x_wconf 66' lang='lat' dir='ltr'>gister</span> <span class='ocrx_word' id='word_1_340' title='bbox 482 3972 785 4040; x_wconf 87' lang='lat' dir='ltr'>intentus</span> <span class='ocrx_word' id='word_1_341' title='bbox 830 3972 1165 4049; x_wconf 76' lang='lat' dir='ltr'>audierat,</span> <span class='ocrx_word' id='word_1_342' title='bbox 1219 3973 1420 4039; x_wconf 88' lang='lat' dir='ltr'>etiam</span> <span class='ocrx_word' id='word_1_343' title='bbox 1473 3972 1896 4060; x_wconf 74' lang='lat' dir='ltr'>discipulum</span> <span class='ocrx_word' id='word_1_344' title='bbox 1950 3993 2082 4039; x_wconf 87' lang='lat' dir='ltr'>non</span> <span class='ocrx_word' id='word_1_345' title='bbox 2137 3972 2392 4046; x_wconf 77' lang='lat' dir='ltr'>lateret,</span> <span class='ocrx_word' id='word_1_346' title='bbox 2441 3972 2753 4040; x_wconf 88' lang='lat' dir='ltr'>orabant.</span> 
     </span>
     <span class='ocr_line' id='line_1_43' title="bbox 227 4059 2759 4141; baseline 0.002 -18"><span class='ocrx_word' id='word_1_347' title='bbox 227 4062 496 4141; x_wconf 80' lang='lat' dir='ltr'>Quibus</span> <span class='ocrx_word' id='word_1_348' title='bbox 543 4059 832 4138; x_wconf 75' lang='lat' dir='ltr'>erectis,</span> <span class='ocrx_word' id='word_1_349' title='bbox 884 4081 1042 4128; x_wconf 88' lang='lat' dir='ltr'>cum</span> <span class='ocrx_word' id='word_1_350' title='bbox 1098 4061 1335 4129; x_wconf 82' lang='lat' dir='ltr'>beatus</span> <span class='ocrx_word' id='word_1_351' title='bbox 1405 4063 1689 4129; x_wconf 80' lang='lat' dir='ltr'>antistes</span> <span class='ocrx_word' id='word_1_352' title='bbox 1744 4060 2113 4129; x_wconf 84' lang='lat' dir='ltr'>Diaconum</span> <span class='ocrx_word' id='word_1_353' title='bbox 2172 4061 2412 4129; x_wconf 83' lang='lat' dir='ltr'>iterum</span> <span class='ocrx_word' id='word_1_354' title='bbox 2471 4060 2759 4127; x_wconf 85' lang='lat' dir='ltr'>interro·-</span> 
     </span>
     <span class='ocr_line' id='line_1_44' title="bbox 231 4147 2759 4235; baseline 0.001 -23"><span class='ocrx_word' id='word_1_355' title='bbox 231 4162 443 4235; x_wconf 83' lang='lat' dir='ltr'>garet,</span> <span class='ocrx_word' id='word_1_356' title='bbox 499 4148 553 4215; x_wconf 84' lang='lat' dir='ltr'>si</span> <span class='ocrx_word' id='word_1_357' title='bbox 592 4147 1046 4217; x_wconf 83' lang='lat' dir='ltr'>desideratam</span> <span class='ocrx_word' id='word_1_358' title='bbox 1103 4169 1330 4218; x_wconf 74' lang='lat' dir='ltr'>vor-em</span> <span class='ocrx_word' id='word_1_359' title='bbox 1368 4149 1658 4217; x_wconf 88' lang='lat' dir='ltr'>auribus</span> <span class='ocrx_word' id='word_1_360' title='bbox 1691 4147 1920 4217; x_wconf 84' lang='lat' dir='ltr'>adhuc</span> <span class='ocrx_word' id='word_1_361' title='bbox 1951 4147 2248 4234; x_wconf 83' lang='lat' dir='ltr'>quodam</span> <span class='ocrx_word' id='word_1_362' title='bbox 2296 4147 2497 4217; x_wconf 89' lang='lat' dir='ltr'>modo</span> <span class='ocrx_word' id='word_1_363' title='bbox 2554 4147 2759 4218; x_wconf 84' lang='lat' dir='ltr'>senti-</span> 
     </span>
     <span class='ocr_line' id='line_1_45' title="bbox 233 4234 2756 4325; baseline 0 -21"><span class='ocrx_word' id='word_1_364' title='bbox 233 4250 375 4304; x_wconf 80' lang='lat' dir='ltr'>ret:</span> <span class='ocrx_word' id='word_1_365' title='bbox 416 4258 451 4303; x_wconf 83' lang='grc'><strong>«</strong></span> <span class='ocrx_word' id='word_1_366' title='bbox 491 4242 717 4319; x_wconf 86' lang='lat' dir='ltr'>Voces,</span> <span class='ocrx_word' id='word_1_367' title='bbox 775 4239 1018 4323; x_wconf 81' lang='lat' dir='ltr'>inquit,</span> <span class='ocrx_word' id='word_1_368' title='bbox 1080 4237 1514 4325; x_wconf 81' lang='lat' dir='ltr'>psallentium</span> <span class='ocrx_word' id='word_1_369' title='bbox 1579 4254 1922 4323; x_wconf 83' lang='lat' dir='ltr'>tamqnam</span> <span class='ocrx_word' id='word_1_370' title='bbox 1979 4238 2045 4304; x_wconf 89' lang='lat' dir='ltr'>in</span> <span class='ocrx_word' id='word_1_371' title='bbox 2095 4236 2282 4306; x_wconf 84' lang='lat' dir='ltr'>coelo</span> <span class='ocrx_word' id='word_1_372' title='bbox 2332 4237 2583 4314; x_wconf 85' lang='lat' dir='ltr'>audio,</span> <span class='ocrx_word' id='word_1_373' title='bbox 2635 4234 2756 4306; x_wconf 85' lang='lat' dir='ltr'>sed</span> 
     </span>
     <span class='ocr_line' id='line_1_46' title="bbox 229 4324 2753 4415; baseline 0.001 -24"><span class='ocrx_word' id='word_1_374' title='bbox 229 4324 393 4410; x_wconf 83' lang='lat' dir='ltr'>quid</span> <span class='ocrx_word' id='word_1_375' title='bbox 444 4326 552 4406; x_wconf 87' lang='lat' dir='ltr'>sit,</span> <span class='ocrx_word' id='word_1_376' title='bbox 611 4348 890 4413; x_wconf 67' lang='lat' dir='ltr'>prorsus</span> <span class='ocrx_word' id='word_1_377' title='bbox 926 4327 1190 4415; x_wconf 71' lang='lat' dir='ltr'>ignom.</span> <span class='ocrx_word' id='word_1_378' title='bbox 1234 4350 1268 4392; x_wconf 84' lang='lat'><strong>»</strong></span> <span class='ocrx_word' id='word_1_379' title='bbox 1305 4326 1421 4395; x_wconf 81' lang='lat' dir='ltr'>Gui</span> <span class='ocrx_word' id='word_1_380' title='bbox 1473 4341 1886 4395; x_wconf 86' lang='lat' dir='ltr'>secretorum</span> <span class='ocrx_word' id='word_1_381' title='bbox 1938 4326 2258 4394; x_wconf 86' lang='lat' dir='ltr'>conscius</span> <span class='ocrx_word' id='word_1_382' title='bbox 2305 4325 2696 4395; x_wconf 76' lang='lat' dir='ltr'>coelestium</span> <span class='ocrx_word' id='word_1_383' title='bbox 2734 4377 2753 4406; x_wconf 96' lang='lat'>,</span> 
     </span>
     <span class='ocr_line' id='line_1_47' title="bbox 234 4411 2750 4506; baseline 0.002 -27"><span class='ocrx_word' id='word_1_384' title='bbox 234 4411 397 4499; x_wconf 88' lang='lat' dir='ltr'>quid</span> <span class='ocrx_word' id='word_1_385' title='bbox 433 4415 666 4484; x_wconf 89' lang='lat' dir='ltr'>audita</span> <span class='ocrx_word' id='word_1_386' title='bbox 683 4416 1008 4506; x_wconf 84' lang='lat' dir='ltr'>jubilatio</span> <span class='ocrx_word' id='word_1_387' title='bbox 1039 4415 1453 4506; x_wconf 79' lang='lat' dir='ltr'>designaret,</span> <span class='ocrx_word' id='word_1_388' title='bbox 1482 4415 1774 4505; x_wconf 83' lang='lat' dir='ltr'>aperuit,</span> <span class='ocrx_word' id='word_1_389' title='bbox 1804 4414 2075 4484; x_wconf 86' lang='lat' dir='ltr'>dicens:</span> <span class='ocrx_word' id='word_1_390' title='bbox 2110 4416 2506 4485; x_wconf 69' lang='lat' dir='ltr'>«Dominus</span> <span class='ocrx_word' id='word_1_391' title='bbox 2533 4436 2750 4493; x_wconf 87' lang='lat' dir='ltr'>meus,</span> 
     </span>
    </p>
   </div>
  </div>
 </body>
</html>
