3347 4999
189 321 357 387 OCT.
414 321 491 384 117
1069 337 1147 383 nt:
1195 336 1251 383 s.
1303 336 1595 384 nnnwroa
1644 338 1836 385 vmuA
2506 323 2632 387 487

188 428 371 492 Inter
435 443 607 509 quas
669 441 867 490 suam
916 441 1189 507 quoque
1250 419 1498 490 obtulit
1556 420 1771 490 filiam
1845 422 2282 503 Gertrudem,
2350 445 2525 512 quae
2561 422 2725 492 .illic

240 526 422 585 ostea
454 510 809 579 Abbatissa
839 520 1061 578 creata
1108 521 1230 579 est.
1269 508 1514 579 Multas
1545 531 1818 596 quoque
1859 509 2123 600 puellas
2168 511 2468 601 virgines
2526 511 2724 581 nobi-

188 534 310 681 le&
362 598 698 687 quasdam
733 598 936 668 etiam
978 597 1230 669 humili
1278 597 1424 667 loco
1457 611 1676 678 nataS,
1720 599 2120 688 parentibus
2165 600 2440 670 orbatas
2488 613 2551 669 et
2610 600 2726 670 de-

187 687 458 758 stitutas
489 686 761 778 opibuS,
814 685 1159 756 curandas
1193 709 1270 755 ac
1312 685 1603 757 tuendas
1636 688 1938 778 suscepit
1969 712 1983 753 ε
2022 709 2058 757 e
2091 688 2346 774 quibus
2378 687 2550 757 alias
2583 700 2719 758 tra-

187 776 363 847 didit
398 775 835 855 monasterio,
887 788 964 845 ut
997 774 1098 843 vir
1150 774 1455 844 initatem
1505 788 1829 865 perpetuo
1859 791 2240 846 servarent:
2286 776 2458 847 alias
2488 776 2724 864 junxit

186 865 651 946 matrimonio,
682 876 759 933 ut
803 864 1011 954 conju
1060 886 1098 933 a
1129 885 1234 933 em
1273 876 1695 935 sectarentur
1730 864 2170 954 pudicitiam:
2216 878 2290 934 ut
2324 866 2421 937 sic
2456 865 2721 935 Christo

190 953 487 1024 fideliter
533 953 925 1033 servientes,
979 952 1022 1021 il
1059 973 1136 1021 ae
1203 953 1678 1034 centesimum,
1739 953 1907 1024 istae
1969 953 2390 1023 tricesimum
2441 953 2527 1022 ab
2602 952 2721 1023 illo

113 1116 124 1127 ‚
184 1042 488 1114 fructum
539 1054 1026 1132 exspectarent.
1057 1039 1403 1124 Quasdam
1455 1053 1796 1131 praeterea
1845 1042 2029 1131 apud
2062 1064 2132 1112 se
2172 1042 2414 1112 viduas
2448 1041 2715 1123 habuit,

177 1132 468 1223 jejuniis
516 1143 580 1200 et
627 1130 1053 1201 orationibus
1084 1151 1242 1200 cum
1277 1129 1396 1198 illa
1429 1133 1619 1199 Anna
1653 1131 2058 1222 Evangelica
2095 1142 2288 1200 noete
2339 1153 2418 1200 ac
2450 1131 2563 1200 die
2602 1152 2715 1200 va-

185 1234 446 1303 cantes,
476 1233 552 1289 ut
589 1219 887 1290 fructum
920 1218 1053 1288 sibi
1086 1218 1586 1308 sexagesimum
1624 1232 2127 1310 compararent.
2172 1224 2269 1288 lta
2313 1218 2432 1289 illa
2466 1219 2713 1289 Christi

186 1309 440 1380 ancilla
497 1328 632 1378 non
683 1308 906 1378 solum
969 1307 1294 1396 seipsam,
1349 1305 1466 1376 sed
1529 1307 1734 1377 etiam
1791 1309 2153 1398 conjugem
2212 1329 2418 1378 suum
2486 1307 2719 1377 divino

190 1396 614 1488 mancipavit
668 1394 910 1466 cultui.
957 1400 1081 1477 Ita,
1148 1396 1262 1485 pia
1311 1408 1528 1465 mater
1575 1397 1834 1486 prolem
1900 1417 2097 1466 suam
2164 1396 2231 1465 in
2268 1396 2379 1465 Dei
2444 1395 2718 1467 laudem

187 1488 507 1588 religiose
551 1485 887 1555 educavit.
928 1484 1035 1554 Sic
1085 1483 1589 1554 humanissima
1637 1484 1917 1554 domina
1946 1484 2247 1554 familiae
2295 1507 2460 1555 suae
2516 1485 2720 1553 mini-

190 1591 518 1656 sterium,
591 1579 723 1644 Deo
783 1573 1098 1643 devotum
1147 1587 1213 1642 et
1270 1585 1540 1662 gratum
1609 1573 1874 1643 efficere
1924 1573 2210 1644 studuit.
2264 1578 2365 1643 Ita
2424 1573 2719 1662 denique

191 1663 455 1735 famula
520 1663 676 1743 Dei,
733 1684 1005 1732 morum
1067 1661 1408 1752 elegantia
1465 1673 1528 1730 et
1606 1662 1931 1732 honestae
1976 1685 2056 1732 ac
2104 1661 2495 1752 inculpatae
2545 1663 2717 1732 vitae

189 1751 525 1842 exemplis
575 1750 894 1821 mortales
926 1772 1188 1831 omnes,
1240 1761 1576 1837 quantum
1618 1750 1897 1837 quidem
1956 1752 2282 1838 consequi
2333 1750 2574 1840 potuit,
2629 1749 2719 1819 ad

191 1840 501 1913 melioris
550 1840 722 1909 vitae
768 1838 1528 1929 studiumprovocavit.
1585 1840 1829 1912 Christi
1884 1861 2180 1926 namque
2218 1839 2547 1910 charitate
2617 1840 2759 1908 in-‘

188 1952 422 2010 censa,
462 1929 544 1998 ad
587 1929 736 2018 ejus
769 1949 1070 1997 amorem
1122 1939 1186 1997 et
1233 1927 1639 1998 famulatum
1698 1949 1738 1997 o
1793 1928 1976 1999 tabat
2024 1949 2261 1997 omnes
2320 1928 2714 2018 perducere.

189 2026 269 2090 Et
301 2018 463 2105 quia
526 2016 712 2087 intus
757 2016 1211 2086 conscientiae
1242 2016 1563 2117 puritate,
1621 2029 1687 2086 et
1728 1952 1894 2086 {foris
1948 2015 2301 2087 charitatis
2358 2016 2721 2106 splendore

191 2107 470 2198 egregie
516 2105 784 2186 enituit,
828 2104 1011 2173 fama
1073 2104 1371 2175 nominis
1429 2105 1578 2196 ejus
1635 2106 1704 2173 in
1754 2105 1900 2174 dies
1948 2105 2315 2185 crescebat,
2384 2116 2448 2174 et
2505 2105 2712 2175 odore

188 2198 373 2267 bono
423 2194 801 2264 sanctitatis
832 2206 897 2263 et
927 2192 1448 2264 existimationis
1479 2192 1631 2281 ejus
1656 2215 1897 2263 omnes
1931 2193 2193 2263 vicinae
2214 2192 2714 2264 afficiebantur.

190 2290 294 2354 Ita
330 2302 463 2351 non
517 2282 739 2352 solum
775 2303 897 2372 pro
943 2282 1154 2351 seculi
1194 2280 1550 2372 dignitate,
1591 2303 1729 2368 qua
1763 2281 2078 2372 pollebat,
2109 2282 2225 2353 sed
2262 2282 2483 2373 magis
2515 2283 2717 2354 etiam

191 2393 319 2463 pro
368 2371 694 2441 virtutum
729 2371 1172 2452 ornamentiS‚
1207 2370 1463 2457 quibus
1509 2369 1836 2471 fulgebat,
1866 2371 2246 2441 habebatur
2280 2371 2714 2451 venerabiliS,

190 2482 330 2531 non
365 2459 548 2551 apud
594 2459 944 2551 religiosos
990 2458 1367 2541 dumtaxat,
1412 2459 1527 2530 sed
1564 2472 1767 2529 etiam
1805 2460 2147 2532 seculares
2195 2460 2556 2534 homines:
2647 2460 2722 2530 ui

192 2551 348 2641 eJus
377 2563 863 2640 cognoscentes
897 2570 1101 2639 opera
1146 2547 1349 2630 bona,
1395 2547 1873 2639 glorificabant
1915 2555 2178 2619 Patrem
2230 2550 2350 2637 qui
2391 2551 2460 2619 in
2509 2572 2626 2620 coe
2661 2550 2718 2619 is

190 2651 318 2720 est,
356 2639 479 2726 qui
525 2651 659 2708 tam
703 2637 1121 2728 praeclaram
1159 2636 1512 2708 sanctitate
1541 2638 1675 2707 sibi
1723 2638 2036 2730 elegisset
2081 2638 2437 2719 famulam,
2476 2638 2546 2707 in
2582 2660 2719 2726 qua

192 2727 459 2799 mundo
505 2739 571 2798 et
609 2727 926 2797 solatium
969 2737 1035 2795 et
1079 2724 1413 2796 auxilium
1452 2740 1766 2816 paratum
1799 2748 1947 2797 esse
1979 2726 2327 2799 voluisset.

285 2819 437 2904 §5
473 2820 549 2885 At
576 2814 695 2885 illa
742 2815 965 2885 sciens
996 2813 1240 2884 Filium
1284 2815 1422 2896 Dei,
1463 2815 1826 2886 Dominum
1860 2821 2099 2886 Jesum
2132 2816 2397 2884 venisse
2430 2814 2498 2883 in
2534 2814 2721 2883 hunc

190 2904 566 2986 mundum,
620 2918 694 2974 ut
741 2904 1056 2975 homines
1103 2925 1238 2973 non
1294 2903 1495 2973 modo
1541 2904 1790 2987 verbiS,
1837 2903 1955 2974 sed
1989 2905 2190 2974 etiam
2227 2902 2559 2992 exemplis
2589 2901 2720 2973 hu·-

189 2993 556 3064 militatem
605 2993 899 3073 doceret,
955 2992 1180 3080 quoad
1233 3004 1516 3082 poterat,
1560 2993 1627 3061 in
1681 2993 2006 3062 omnibus
2054 2990 2201 3062 sese
2249 2991 2593 3061 submisse
2656 3001 2721 3060 et

188 3082 554 3154 humiliter
623 3082 946 3173 gerebat,
999 3081 1083 3151 ad
1136 3080 1550 3168 illarumque
1598 3103 1668 3151 se
1716 3080 2127 3150 feminarum
2181 3100 2403 3149 mores
2449 3077 2721 3149 confor-

189 3171 450 3252 mabat,
493 3193 788 3258 quarum
830 3181 954 3251 est,
993 3170 1376 3240 secundum
1418 3169 1840 3259 Apostolum,
1890 3169 1959 3238 in
2010 3169 2253 3238 timore
2286 3180 2525 3238 sancta
2551 3189 2717 3237 con-

188 3259 490 3332 versatio
525 3312 541 3340 ,
585 3272 649 3327 et
695 3259 1118 3329 extrinsecus
1167 3279 1302 3328 non
1353 3257 1762 3347 capillatura
1792 3310 1813 3336 ,
1867 3270 1986 3327 aut
2033 3256 2488 3327 circumdatio
2537 3256 2713 3337 auri,

188 3362 318 3420 aut
365 3346 752 3417 indumenti
801 3347 1359 3417 vestimentorum
1426 3345 1698 3416 cultus:
1766 3345 1884 3416 sed
1945 3345 2066 3433 qui
2127 3344 2572 3416 absconditus
2621 3356 2724 3415 est

189 3436 426 3509 cordis
474 3435 703 3515 hom0,
747 3436 817 3504 in
870 3433 1512 3524 incorruptibilitate
1558 3433 1774 3521 quieti
1818 3446 1885 3504 et
1932 3433 2218 3506 modesti
2266 3434 2574 3525 spiritus.
2612 3437 2723 3504 At-

191 3548 331 3615 que
377 3526 459 3594 ea
504 3526 714 3593 causa
759 3546 800 3594 a
840 3523 1199 3611 juventute
1245 3525 1371 3593 sua
1419 3534 1635 3594 vestes
1683 3524 2039 3594 coccineas
2086 3537 2205 3594 aut
2255 3545 2521 3613 pannos
2581 3544 2721 3593 ma-

194 3614 321 3707 gni
371 3610 570 3703 pretii
619 3612 720 3681 vel
768 3611 1145 3712 elegantiae
1192 3611 1443 3681 habere
1490 3611 1755 3682 noluit:
1810 3612 2078 3683 tametsi
2123 3634 2285 3682 cum
2334 3612 2561 3682 adhuc
2610 3611 2724 3700 ju-

192 3701 491 3774 vencula
537 3712 737 3777 esset,
773 3715 937 3772 satis
969 3700 1171 3771 bonis
1217 3712 1522 3770 uteretur
1569 3699 2035 3772 indumentis:
2089 3699 2207 3771 sed
2258 3722 2341 3770 ne
2392 3723 2478 3770 ue
2516 3701 2587 3769 in
2640 3700 2724 3770 iis

198 3806 429 3864 tamen
482 3789 727 3860 mundi
772 3810 851 3858 ex
903 3789 1125 3859 etebat
1162 3809 1485 3879 pompam
1522 3802 1641 3859 aut
1688 3789 1964 3871 fastum,
2020 3810 2239 3876 neque
2277 3802 2542 3859 cutum
2576 3810 2725 3858 cor-

195 3880 411 3973 poriS,
467 3899 688 3966 neque
736 3877 1089 3947 molitiem
1141 3876 1352 3948 ullam
1387 3930 1407 3958 ,
1464 3877 1579 3947 sed
1634 3889 1899 3949 tantum
1964 3891 2180 3948 status
2215 3879 2324 3948 sui
2393 3876 2724 3947 decorum

197 3966 625 4039 observabat.
663 3965 856 4050 Quod
907 3966 965 4037 si
1012 3988 1167 4036 vero
1199 3965 1471 4036 cultiori
1513 3988 1786 4053 quoque
1828 3966 2092 4048 vestitu,
2129 3978 2249 4036 aut
2280 3966 2593 4035 exteriori
2623 3987 2729 4035 or-

199 4069 393 4138 nam,
434 4077 649 4144 eoque
682 4054 985 4126 modesto
1022 4068 1088 4125 et
1118 4055 1251 4145 ipsi
1284 4056 1715 4145 congruenti,
1753 4053 1937 4142 quod
1971 4066 2241 4144 tempus
2271 4055 2372 4125 sic
2398 4065 2723 4145 posceret,

202 4145 430 4234 ipsam
479 4145 653 4215 inter
700 4144 1015 4214 homines
1062 4165 1392 4234 apparere
1439 4143 1860 4233 contigisset,
1899 4164 2024 4213 nec
2056 4143 2157 4213 sic
2186 4142 2465 4231 quidem
2501 4142 2730 4215 cordis

204 4232 522 4322 pietatem
571 4246 636 4304 et
694 4232 1150 4303 humilitatem
1200 4231 1525 4303 deseruit.
1569 4237 1644 4301 In
1696 4233 1846 4322 ejus
1892 4231 2113 4321 capite
2163 4253 2296 4301 non
2338 4253 2575 4302 crocea
2625 4230 2727 4301 vel

204 4321 503 4410 crispata
563 4323 1020 4393 cernebantur
1083 4320 1462 4402 velamina,
1512 4342 1646 4390 non
1698 4321 1768 4389 in
1838 4334 2104 4409 pectore
2154 4320 2440 4390 monilia
2488 4343 2720 4401 aurea,

204 4409 501 4500 gemmis
544 4411 902 4494 radiantia,
958 4432 1178 4500 neque
1225 4410 1296 4480 in
1344 4409 1579 4502 digitis
1625 4408 1867 4481 annuli
1933 4409 2235 4500 pretiosi.
2274 4413 2485 4479 Omne
2541 4410 2725 4479 enim
