3347 4999
652 301 808 365 1658
1336 317 1415 362 nn
1456 312 1516 362 s.
1570 283 1836 363 annucio
1883 315 1982 362 nr.
2026 314 2357 362 atentiam..
2767 296 2978 363 ‘OCT.
3011 287 3124 364 ‘22

590 423 824 470 mensa
864 399 1398 469 abstinebimus.
1447 404 1651 487 Aegre
1708 399 1856 468 tulit
1909 399 2086 468 hanc
2138 398 2704 467 inhumanitatem
2754 398 3112 468 humanis-

588 493 808 559 simus
860 491 1152 557 virorinn
1206 489 1568 557 Abercius:
1618 502 1686 556 et.
1716 490 1814 556 eis
1846 503 1948 556 est
1997 489 2434 573 imprecatus,
2491 501 2562 554 nt
2612 509 2964 573 nunqnam
2998 511 3113 557 sa-

587 583 939 648 tiarentur.
994 576 1182 659 Quod
1248 581 1449 645 etiam
1501 577 1598 644 eis
1650 576 2008 662 liineusqne
2060 577 2462 663 permansit:
2533 577 2835 644 lininanss
2910 578 3114 665 plane

585 672 803 758 poena
846 666 1392 734 inhumanitatis·-
1442 665 1689 732 Deinde
1730 688 1770 733 a
1806 682 1989 752 petra
2035 666 2224 732 rered
2277 688 2376 740 ns,
2416 665 2595 732 venit
2642 664 2725 732 ad
2780 687 2974 734 snam
3010 666 3112 733 ci·

585 758 880 823 vitatem.
953 760 1114 821 tlnm
1166 776 1328 843 crgo
1375 755 1700 822 sensisset
1754 753 2048 840 populns
2103 754 2257 838 ejus
2302 753 2667 821 adventum
2705 808 2721 831 ‚
2773 756 2961 823 oinni
3026 777 3112 823 ex

588 843 1281 938 parte-confluebant,
1321 843 1675 929 cupientes
1726 842 1948 909 videre
1981 842 2251 908 (inlicem
2295 843 2581 918 vultum,
2620 856 2685 908 et
2717 843 2958 910 andire.
2993 865 3112 911 vo·

583 956 727 1001 cem
781 931 1258 999 desideratam.
1313 931 1433 999 lile
1466 952 1627 1020 ergo
1675 954 1831 998 cum
1875 930 2183 999 lubenter
2214 931 2313 997 eis
2357 930 2832 1009 benedixisset,
2880 947 2944 999 et
2989 954 3112 1000 eos

584 1022 982 1097 salutasset,
1039 1042 1278 1088 rursus
1323 1021 1557 1088 obibat
1603 1019 1968 1092 civitatem.
2030 1019 2237 1087 libere
2294 1019 2547 1086 ‹loc-ens
2599 1021 2876 1088 verbum
2934 1021 3112 1087 veri-

585 1112 783 1184 tatis,
837 1124 900 1176 et
945 1131 1061 1176 eos
1104 1110 1223 1193 qul
1266 1109 1676 1176 accedebant
1707 1162 1721 1187 ‚
1781 1131 1897 1196 per
1943 1108 2252 1175 divinum
2306 1108 2722 1189 baptismum
2779 1109 3106 1188 initians,

583 1213 649 1267 et
712 1198 1173 1265 daemoniacis
1240 1201 1570 1285 praebens
1632 1196 1789 1264 mali
1860 1197 2306 1264 solutionem:
2366 1197 2637 1264 morbos
2686 1219 2987 1274 curans,
3040 1211 3113 1266 et

583 1289 825 1373 quavis
857 1287 1207 1354 affectione
1257 1286 1594 1354 fortiorem
1650 1286 1957 1372 spiritus,
2001 1308 2176 1370 qnae
2227 1286 2290 1351 in
2347 1285 2492 1371 ipso
2540 1298 2684 1351 erat
2716 1338 2731 1356 .
2789 1287 3106 1353 virtutem

588 1377 956 1466 proferens.
990 1380 1155 1443 Cum
1192 1390 1416 1441 autem
1455 1373 1645 1443 valde
1679 1395 1952 1460 qnoque
1988 1376 2219 1442 utilem
2252 1373 2600 1440 doctrinae
2637 1373 2886 1442 librum
2923 1394 3113 1439 coin-

585 1465 947 1554 posuisset‚
1000 1485 1157 1530 euin
1192 1462 1308 1530 dat
1366 1463 1471 1542 iis,
1527 1462 1641 1548 qui
1697 1464 1826 1531 sub
1878 1463 2022 1550 ipso
2059 1476 2274 1535 erant.
2314 1462 2726 1550 Presbyteris
2786 1461 2992 1529 simul
3040 1476 3116 1530 et

588 1553 924 1630 Diaconis,
965 1566 1036 1620 nt
1075 1551 1173 1619 eis
1217 1552 1311 1619 vel
1354 1568 1497 1640 post
1552 1568 1833 1620 mortem
1882 1551 2296 1638 loqueretur,
2331 1566 2398 1619 et
2427 1551 2658 1637 aliquo
2694 1550 2892 1619 modo
2931 1572 3112 1618 nun-

581 1665 788 1729 quam
839 1641 937 1708 eis
985 1656 1281 1708 cessaret
1324 1639 1663 1726 prodesse.
2117 1637 2127 1648 ’

668 1734 704 1817 ξ
757 1734 897 1798 22.
952 1728 1329 1814 Aliquando
1393 1729 1456 1795 in
1532 1742 1827 1796 montem
1891 1728 2230 1797 excelsum
2269 1780 2289 1807 ‚
2349 1750 2481 1796 usu
2543 1727 2629 1795 ita
2686 1726 3099 1812 postulante,

580 1819 926 1887 asi-eadit:
983 1819 1261 1906 ipseque
1307 1817 1516 1902 etqui
1569 1839 1725 1884 cnm
1777 1839 1855 1884 eo
1883 1834 2104 1894 erant,
2154 1817 2260 1884 siti
2316 1816 2734 1886 laborabant.
2785 1815 3106 1906 Confugit

578 1924 805 1976 autem
859 1906 939 1973 ad
992 1929 1175 1984 cum,
1211 1906 1328 1991 qni
1370 1920 1582 1991 potest
1614 1906 1869 1973 onmia.
1912 1911 2146 1992 Itaque
2172 1926 2546 1973 conversus
2575 1905 2656 1972 ad
2692 1905 3099 1984 orationem,

582 1997 774 2064 humi
831 1994 1112 2062 inclinat
1146 2016 1392 2082 genua.
1443 1992 1871 2063 Pocnlentain
1923 2009 2147 2061 autem
2183 2015 2429 2077 aquam
2468 2007 2637 2061 terra
2675 1993 2900 2061 statim
2929 1993 3107 2060 emi·

581 2085 686 2152 sit.
764 2087 857 2151 Ab
926 2083 1040 2150 illo
1103 2099 1323 2150 antem
1397 2096 1697 2170 tempore
1762 2081 1951 2150 lorus
2008 2082 2117 2150 ille
2165 2081 2488 2169 ‹leiiiceps
2537 2082 2665 2150 suit
2715 2080 3108 2169 appellatus

578 2177 780 2240 Locus
804 2171 1316 2261 yenalleoeionis.
1348 2175 1692 2240 Caeterum
1723 2184 1882 2239 tunc
1904 2172 2176 2257 quidem
2210 2169 2403 2238 rediit
2435 2171 2500 2237 in
2544 2170 2824 2238 (lonium
2857 2193 3059 2237 sunm
3088 2193 3103 2237 :

582 2283 714 2328 non
772 2263 985 2327 inulto
1030 2275 1176 2347 post
1223 2279 1447 2328 autent
1504 2259 1679 2327 viilet
1730 2282 1972 2327 rursus
2024 2261 2413 2337 Dominum,
2464 2258 2581 2344 qui
2625 2260 2683 2325 ei
2721 2258 2788 2326 in
2834 2258 3103 2327 somnis

578 2349 922 2436 apparuit,
978 2366 1040 2414 et
1087 2349 1144 2413 ei
1179 2347 1384 2414 dixit:
1421 2371 1455 2412 «
1494 2347 1754 2426 Abel-ci,
1801 2348 1945 2433 jam
2003 2371 2210 2434 prope
2249 2362 2349 2414 est
2405 2362 2697 2434 tempu&
2756 2360 2829 2414 ut
2874 2369 3105 2417 cesses

524 2441 535 2484 -'
577 2460 611 2505 a
669 2435 888 2523 longis
927 2436 1059 2504 tuis
1094 2435 1465 2505 laboribus.
1506 2459 1540 2503 »
1574 2441 1735 2505 Cuin
1781 2451 2005 2504 antem
2050 2458 2085 2506 a
2137 2458 2379 2506 somno
2426 2450 2602 2504 essct
2648 2437 3001 2514 excitatus,
3040 2450 3108 2505 et

578 2526 1007 2615 cognovisset
1040 2524 1391 2593 decessum
1421 2525 1547 2593 sibi
1590 2526 2149 2613 praesignificari,
2182 2540 2408 2594 narrat
2440 2526 2765 2594 fratribus
2795 2525 2885 2604 id,
2915 2525 3103 2610 quod

577 2629 1009 2703 apparuerat:
1063 2629 1128 2682 et
1173 2614 1539 2699 quenulam
1582 2614 1994 2700 quadratum
2051 2614 2372 2701 lapidem,
2430 2613 2858 2703 longitudine
2897 2629 2962 2681 et
3001 2613 3104 2680 ln-

579 2703 867 2771 titudine
903 2702 1282 2787 aequalem,
1338 2702 1466 2770 sibi
1504 2704 1897 2791 sepulcrum
1948 2704 2326 2770 construit:
2374 2718 2439 2770 et
2472 2726 2687 2781 aram,
2739 2725 2942 2788 quae,
2984 2703 3104 2770 illo

564 2788 899 2879 jubente}
954 2797 1162 2859 Roma
1217 2791 1380 2859 illuc
1430 2790 1751 2859 translata
1808 2793 2065 2870 fuerat,
2124 2791 2331 2878 lapidi
2388 2791 2727 2877 imponit,
2773 2791 2830 2858 ei
2892 2791 3096 2859 talem

574 2879 975 2965 insculpens
1029 2880 1584 2967 inscriptionem:
1632 2903 1665 2944 «
1699 2883 1961 2948 Electae
1990 2882 2174 2949 urbis
2204 2882 2366 2948 civis
2405 2880 2524 2948 hoc
2561 2881 2786 2948 vivens
2816 2881 2968 2968 feci,
3025 2885 3113 2947 αι’

574 2970 693 3037 hic·
721 2981 1007 3052 tempore
1038 2969 1315 3037 habeam
1359 2969 1730 3057 posituram
1779 2971 2090 3069 corporis,
2132 2970 2393 3037 nomine
2430 2970 2765 3037 Abercius.
2800 2970 3096 3050 Qaisam

574 3059 945 3147 disciputus
1000 3058 1288 3146 pastoris
1337 3057 1543 3135 casti,
1593 3068 1925 3146 pascentis
1971 3060 2193 3125 ovium
2245 3079 2482 3147 qreqes
2535 3058 2602 3125 in
2648 3059 2976 3126 montibus
3031 3066 3096 3124 et

574 3148 785 3236 agris.
850 3169 929 3213 ac
979 3167 1256 3235 maqnos
1286 3146 1585 3213 habentis
1633 3148 1854 3214 oculos
1884 3198 1899 3222 ‚
1952 3147 2178 3215 omnia
2247 3150 2595 3214 intuentes.
2658 3150 2725 3213 Is
2771 3146 2940 3214 enim
2987 3165 3090 3211 me

574 3236 796 3302 docuit
831 3235 1091 3301 litteras
1124 3234 1377 3322 fideles,
1414 3238 1687 3302 Romam
1713 3235 1957 3323 quime
1996 3236 2176 3302 misit
2201 3235 2291 3302 ad
2319 3234 2678 3302 videndam
2712 3234 3083 3323 imperium,

572 3333 634 3390 et
667 3324 1169 3399 Imperatricem
1210 3322 1512 3390 indutam
1551 3324 1777 3391 aureis
1812 3323 2099 3391 vestibus
2127 3334 2188 3391 et
2220 3325 2484 3392 calceis.
2517 3324 2673 3391 Illic
2697 3335 2922 3392 autem
2949 3321 3094 3389 vidi

570 3414 897 3501 populum
931 3413 1385 3500 praeclaram,
1444 3412 1735 3500 insi'qncs
1781 3414 2063 3479 annulos
2111 3413 2180 3480 in-
2231 3412 2538 3480 manibus
2567 3422 2962 3501 9estantem.
3016 3414 3090 3479 Et

570 3501 815 3589 Syriae
863 3500 1152 3587 re91‘onis
1199 3521 1507 3589 campum
1552 3501 1718 3578 vidi,
1760 3510 1820 3567 et
1859 3502 2085 3569 omnia
2117 3501 2362 3589 oppida
2409 3500 2688 3568 Nisioim
2721 3510 2785 3568 et
2815 3505 3084 3587 Mesopo·

573 3589 847 3666 camiac,
902 3589 1286 3656 transmisso
1324 3588 1692 3677 Euphrate.
1731 3588 1959 3656 Habui
1987 3599 2211 3657 autem
2257 3610 2477 3657 omnes
2522 3589 2613 3657 ad
2644 3589 2942 3657 eamdem
2979 3609 3083 3655 ve·

569 3679 824 3744 nientcs
873 3677 1283 3755 concionem,
1348 3687 1411 3745 et
1448 3679 1739 3744 Paulum
1801 3678 2217 3745 intrinsecus.
2285 3677 2482 3745 Fides
2536 3688 2763 3745 autem
2825 3697 3089 3745 omnino

564 3766 891 3855 produxit
961 3775 1021 3833 et
1080 3766 1388 3855 apposuit
1455 3767 1936 3833 nutrimentum
1963 3819 1984 3845 ,
2042 3769 2287 3855 piscem
2335 3788 2425 3834 ex
2469 3769 2648 3854 sonte
2704 3767 3080 3855 inqentem,

567 3876 763 3944 quem
798 3877 1041 3940 purum
1100 3854 1540 3943 apprehendit
1584 3855 1773 3942 virqo
1820 3864 2051 3922 casta:
2101 3864 2163 3921 et
2211 3876 2362 3922 eam
2405 3866 2725 3944 perpetuo
2763 3854 3085 3923 edendam

568 3943 850 4011 tradidit
899 3944 1160 4022 amicis,
1207 3944 1435 4010 vinum
1470 3943 1710 4010 liabens
1740 3944 2001 4020 bonoim,
2036 3943 2213 4031 quod
2259 3943 2374 4010 dat
2422 3964 2570 4010 cam
2622 3965 2799 4033 pane
2847 3953 3086 4028 tempe·

566 4042 817 4098 ratam.
860 4036 1037 4099 Haec
1092 4031 1366 4100 adstans
1413 4032 1727 4099 Aberce'us
1775 4032 2005 4120 jussit.
2059 4041 2132 4098 ut
2179 4032 2642 4104 scriberentur.
2679 4030 3091 4120 septaaqexi·

563 4120 1112 4188 niumsecandum
1153 4142 1405 4189 annum
1435 4142 1587 4190 vere
1611 4143 1837 4210 aqens.
1886 4123 2066 4188 Haec
2091 4120 2389 4209 coyitans
2419 4121 2710 4188 oraverit
2742 4142 2860 4201 pro
2888 4120 3088 4187 Aber-

569 4209 693 4283 cio,
728 4209 1127 4298 quicumque
1153 4210 1485 4277 nobiscum
1519 4220 1742 4277 sentat.
1780 4213 1918 4277 Non
1953 4220 2175 4277 tamen
2207 4212 2497 4277 alterum
2529 4211 2864 4277 tumulum
2893 4208 3089 4284 mihi,

564 4317 778 4385 neque
810 4297 986 4364 hunc
1029 4298 1097 4365 in
1143 4300 1481 4384 superiori
1517 4301 1653 4366 loco
1702 4300 1986 4386 imponet
2034 4299 2309 4388 aliquis.
2375 4297 2558 4379 Quod
2587 4298 2651 4365 si
2680 4298 2937 4384 fecerit,
2982 4300 3090 4363 Ro·

562 4406 765 4454 mano
820 4388 1088 4455 aerario
1140 4388 1346 4455 solvet
1394 4388 1494 4456 bis
1542 4388 1730 4456 mille
1777 4409 2036 4468 aureos,
2075 4397 2138 4456 et
2188 4388 2392 4457 bonae
2437 4387 2706 4477 patriae
2748 4383 3097 4475 Hierapoli
