3347 4999
37 313 243 379 OCT.
314 314 356 376 4
966 331 1043 376 nr.
1094 332 1147 377 s.
1202 329 1547 378 maninseo
1598 331 1780 378 conr.
2439 316 2543 379 t3t

37 414 533 484 tumulationi
581 413 862 504 gloriosi
913 417 1253 486 concessit
1303 415 1631 484 interesse
1682 415 1978 496 Martini,
2033 427 2109 485 ut
2161 417 2352 505 pium
2409 416 2643 485 Ponti-

37 505 270 573 ficem
336 504 449 593 pio
511 517 949 572 veneraretur
995 502 1272 580 officio,
1328 504 1531 572 etiam
1583 525 1856 573 servum
1928 525 2129 573 suum
2191 507 2641 574 Franciscum

37 593 585 682 praedicationi
637 593 1097 681 praesentavit
1144 592 1403 661 veracis
1454 592 1560 661 sui
1614 592 1976 681 praeconis
2025 595 2343 674 Antonii,
2399 609 2476 664 ut
2522 617 2643 684 ap-

98 683 404 751 robaret
467 681 768 750 veritatis
815 680 1111 768 eloquia,
1172 681 1542 771 praecipue
1606 681 1844 750 Crucis
1894 681 2192 760 Christi,
2246 683 2449 772 cujus
2498 697 2642 753 erat

37 707 367 860 Eiijulus
406 785 471 840 et
523 771 862 840 minister.
1156 841 1179 865 ·

147 864 187 946 ,ξ
249 864 427 931 ⁶28.
482 865 644 927 Cum
699 873 928 928 autem
981 859 1262 929 dilatato
1304 860 1448 946 jam
1505 859 1782 938 Ordine,
1840 858 2106 927 vivendi
2164 859 2453 928 formam
2525 883 2644 948 per

37 950 444 1017 dominum
484 948 964 1018 Innocentium
1017 948 1494 1038 approbatam,
1548 947 1946 1037 disponeret
1996 969 2118 1037 per
2170 969 2641 1018 successorem

38 1039 301 1128 ipsius
354 1036 734 1107 Honorium
786 1038 859 1118 ⁴³,
916 1039 982 1105 in
1051 1050 1457 1127 perpetuum
1530 1035 1754 1105 facere
1817 1035 2175 1117 roborari,
2230 1037 2640 1124 hujusmodi

40 1127 196 1195 fuit
226 1149 267 1195 a
300 1132 437 1195 Deo
466 1127 874 1195 revelatione
910 1127 1396 1195 commonitus.
1438 1124 1811 1195 Videbatur
1856 1125 2138 1213 quidem
2178 1126 2312 1196 sibi
2343 1126 2426 1194 de
2462 1138 2643 1196 terra

53 1216 298 1285 micas
356 1238 614 1305 panum
682 1214 1176 1284 subtilissimas
1223 1214 1633 1304 collegisse,
1693 1216 2068 1300 multisque
2117 1214 2454 1284 famelicis
2503 1215 2643 1284 sra-

50 1305 302 1373 tribus
341 1306 570 1394 ipsum
608 1304 1221 1373 circumstantibus
1269 1303 1517 1373 debere
1552 1303 1876 1372 tribuere.
1918 1308 2221 1388 Cumque
2258 1305 2473 1373 micas
2501 1317 2642 1373 tam

54 1410 323 1462 tenues
374 1392 788 1462 distribuere
836 1393 1280 1474 formidaret,
1350 1415 1433 1461 ne
1481 1391 1649 1460 forte
1700 1392 1877 1462 inter
1932 1414 2182 1462 manus
2220 1393 2634 1472 exciderent,

58 1507 196 1551 vox
248 1484 315 1550 ei
367 1482 666 1570 desuper
698 1483 833 1550 ait:
881 1505 915 1547 «
957 1483 1337 1559 Francisce,
1382 1503 1591 1550 unam
1630 1480 1716 1550 de
1753 1481 1952 1550 micis
1987 1482 2315 1549 omnibus
2346 1482 2639 1552 hostiam

58 1573 311 1651 facito,
367 1584 434 1640 et
484 1571 905 1640 manducare
967 1570 1354 1640 volentibus
1416 1570 1660 1639 tribue.
1717 1594 1751 1635 »
1811 1576 1958 1652 Quo
2017 1569 2083 1637 id
2145 1585 2428 1658 agente,
2481 1570 2640 1656 qui-

61 1683 383 1747 cumque
418 1659 589 1728 illud
636 1681 770 1727 non
809 1659 1044 1729 devote
1075 1658 1517 1749 recipiebant,
1564 1672 1683 1727 aut
1718 1671 2065 1747 receptum
2105 1660 2639 1728 contemnebant

64 1751 389 1828 donum,
463 1770 615 1817 mox
669 1749 855 1837 lepra
907 1747 1161 1824 insecti,
1227 1748 1563 1817 notabiles
1611 1750 2062 1838 apparebant.
2119 1748 2381 1817 Recitat
2438 1769 2641 1817 mane

70 1840 191 1906 Vir
234 1849 521 1907 sanctus
571 1837 737 1905 haec
786 1839 1017 1904 omnia
1069 1838 1298 1914 sociis,
1338 1837 1580 1906 dolens
1639 1858 1710 1908 se
1777 1859 1908 1906 non
1980 1837 2331 1926 percipere
2390 1851 2638 1924 myste-

72 1930 261 1997 rium
321 1926 632 1994 visionis.
689 1929 1004 2012 Sequenti
1062 1947 1213 1994 vero
1269 1926 1424 2004 die,
1480 1948 1637 1995 cum
1698 1926 1859 2015 vigil
1926 1926 1992 1994 in
2065 1925 2370 1995 oratione
2421 1926 2638 2015 persi-

72 2029 309 2092 steret,
372 2015 775 2102 huJusmodi
811 2038 1038 2084 vocem
1082 2016 1166 2084 de
1199 2015 1389 2084 coelo
1423 2013 1779 2104 delapsam
1821 2015 2086 2084 audivit
2121 2039 2132 2081 :
2173 2038 2208 2080 «
2247 2015 2629 2094 Francisce,

84 2105 311 2172 micae
364 2104 768 2192 praeteritae
830 2105 1071 2183 noctis,
1114 2106 1316 2173 verba
1366 2103 1763 2192 evangelica
1813 2117 2014 2174 sunt:
2053 2103 2298 2185 hostia,
2353 2103 2633 2191 regula:

75 2193 300 2280 lepra,
355 2193 708 2278 iniquitas.
753 2216 787 2258 »
840 2193 1086 2262 Volens
1123 2194 1333 2283 igitur
1380 2192 1932 2261 confirmandam
1990 2192 2326 2282 regulam,
2375 2214 2453 2262 ex
2489 2214 2639 2260 ver-

74 2283 326 2350 borum
382 2281 731 2372 Evangelii
774 2283 1262 2372 aggregatione
1298 2281 1652 2371 profusius
1688 2281 2031 2361 traditam,
2073 2281 2157 2350 ad
2189 2282 2637 2369 compendio-

79 2373 331 2440 siorem
386 2370 701 2448 formam,
750 2372 946 2458 juxta
1008 2372 1193 2458 quod
1244 2370 1548 2440 dictabat
1616 2371 1784 2439 visio
1837 2383 2236 2450 monstrata,
2297 2371 2631 2460 redigere,

80 2463 148 2528 in
205 2472 505 2528 montem
557 2460 928 2546 quemdam
965 2482 1126 2539 cum
1162 2460 1439 2530 duobus
1473 2459 1703 2539 sociiS,
1744 2460 2006 2550 Spiritu
2040 2473 2278 2529 sancto
2309 2458 2627 2539 ducente,

84 2548 510 2629 conscendit,
556 2549 673 2618 ubi
728 2572 903 2639 pane
962 2563 1230 2618 tantum
1280 2562 1645 2618 contentus
1705 2562 1770 2617 et
1828 2554 2049 2635 aqua,
2094 2549 2430 2638 jejunans
2470 2570 2639 2619 con-

84 2637 295 2707 scribi
359 2660 508 2706 eam
582 2637 783 2718 fecit,
840 2639 1224 2708 secundum
1292 2638 1469 2725 quod
1533 2638 1758 2707 oranti
1822 2639 1953 2707 sibi
2004 2638 2282 2706 divinus
2334 2638 2632 2726 Spiritus

85 2725 514 2816 suggerebat.
570 2731 789 2809 Quam
821 2750 980 2796 cum
1017 2728 1102 2795 de
1142 2742 1371 2797 monte
1412 2726 1840 2796 descendens
1890 2727 2297 2796 servandam
2351 2748 2475 2794 suo
2528 2727 2635 2792 Vi-

84 2815 267 2884 cario
314 2816 795 2895 commisisset,
840 2830 905 2885 et
941 2816 1075 2897 ille,
1121 2816 1362 2905 paucis
1402 2815 1658 2905 elapsis
1691 2816 1961 2895 diebuS,
1998 2828 2331 2885 assereret
2373 2837 2492 2903 per
2533 2816 2636 2881 in—

84 2905 346 2973 curiam
386 2904 749 2993 perditam,
786 2906 1026 2975 iterato
1078 2919 1360 2976 sanctus
1394 2905 1507 2973 Vir
1546 2904 1631 2973 ad
1670 2905 1898 2975 locum
1951 2902 2349 2973 solitudinis
2401 2903 2627 2977 rediit.

83 3014 367 3079 eamque
413 2994 633 3062 instar
683 2994 956 3081 prioris»,
1010 3017 1088 3063 ac
1138 2995 1195 3063 si
1255 3017 1333 3064 ex
1382 3017 1497 3064 ore
1549 2995 1663 3063 Dei
1717 2994 1920 3061 verba
1978 2994 2397 3081 susciperet,
2448 2992 2634 3061 illico

90 3082 445 3170 reparavit,
484 3096 548 3151 et
644 3104 718 3151 er
749 3084 1229 3172 supradictum
1263 3084 1625 3152 dominum
1666 3104 1915 3171 papam
1951 3081 2357 3161 Honorium,
2395 3096 2633 3151 octavo

85 3170 522 3260 pontificatus
573 3104 761 3241 iilius
794 3193 1001 3251 anno,
1041 3174 1223 3241 sicut
1262 3169 1635 3261 optaverat.
1681 3170 1981 3239 obtinuit
2041 3170 2470 3238 confirmari.
2532 3170 2658 3239 Ad·

84 3260 288 3347 cujus
337 3260 837 3328 observantiam
891 3260 1134 3330 fratres
1184 3259 1520 3330 ferventer
1583 3259 1947 3339 inducens,
1986 3258 2278 3339 dicebat,
2336 3281 2405 3330 se
2459 3258 2630 3327 nihil

86 3350 188 3418 ibi
223 3348 527 3438 posuisse
563 3349 946 3418 secundum
986 3350 1400 3419 industriam
1446 3349 1823 3438 propriam,
1866 3348 1979 3416 sed
2024 3348 2258 3417 omnia
2293 3349 2391 3418 sic
2420 3349 2634 3417 scribi

86 3438 347 3517 fecisse,
387 3437 567 3505 sicut
616 3437 750 3507 sibi
798 3437 1067 3508 fuerant
1115 3437 1450 3508 divinitus
1486 3437 1804 3507 revelata.
1847 3436 2035 3519 Quod
2078 3450 2152 3506 ut
2184 3438 2440 3507 certius
2468 3459 2631 3507 con·

90 3539 294 3597 staret
331 3525 719 3595 testimonio
767 3528 907 3606 Dei,
953 3529 1194 3628 paucis
1227 3526 1606 3596 admodu'm
1634 3525 1925 3595 evolutis
1979 3525 2248 3606 diebuS,
2275 3527 2633 3615 'impressa

93 3616 325 3687 suntei
352 3614 671 3703 stigmata
704 3617 967 3684 Domini
999 3623 1162 3685 Jesu
1195 3616 1411 3705 digito
1442 3616 1549 3684 Dei
1582 3615 1742 3695 vivi,
1771 3629 2121 3702 tamquam
2149 3615 2340 3684 bulla
2371 3614 2631 3684 summi

94 3704 428 3774 Pontificis
464 3702 735 3783 Christi,
762 3704 846 3773 ad
889 3705 1485 3774 confirmationem
1524 3703 1997 3785 omnimodam
2036 3704 2315 3791 regulae
2349 3716 2413 3773 et
2445 3725 2632 3773 corn-

98 3793 591 3863 mendationem
640 3794 995 3874 Auctoris;
1074 3794 1252 3862 sicut
1302 3806 1454 3882 post
1502 3814 1788 3862 suarum
1849 3792 2358 3862 enarrationem
2415 3794 2631 3861 virtu-

101 3902 262 3963 tum,
314 3904 432 3952 suo
482 3881 631 3949 loco
684 3881 972 3951 inferius
1019 3880 1472 3951 describetur.
1829 3926 1832 3931 ·

910 4028 1032 4091 ,De
1081 4026 1477 4092 ctusterilalc
1535 4025 1716 4092 vitae
1747 4050 1767 4091 .·

459 4123 519 4180 et
569 4112 887 4203 quomodo
937 4122 1287 4180 creaturae
1331 4114 1736 4203 praebebant
1787 4117 1850 4182 ci
1897 4114 2237 4189 solatium.

196 4240 227 4322 ξ
268 4241 423 4308 30.
479 4242 644 4306 Cum
689 4238 900 4327 igitur
933 4249 1239 4305 cerneret
1272 4237 1376 4304 vir
1411 4239 1523 4306 Dei
1560 4237 1994 4314 FranciscuS,
2041 4257 2166 4304 suo
2199 4234 2509 4334 exemplo
2544 4234 2629 4302 ad

118 4347 357 4395 crucem
421 4326 665 4396 Christi
731 4324 1207 4414 bajulandam,
1263 4326 1543 4394 ferventi
1603 4326 1854 4415 spiritu
1919 4323 2254 4413 plurimos
2304 4324 2624 4401 animari,

166 4455 187 4479 ¹⁵
213 4452 426 4495 Honorius
442 4454 527 4499 111,
543 4456 626 4504 qui
646 4440 920 4496 Innocentio
941 4455 1010 4494 111
1031 4454 1260 4495 successit
1282 4463 1402 4495 anuo
1426 4455 1540 4494 1216.
