3347 4999
100 339 296 404 OCT.
350 339 388 403 3
805 354 882 400 ns
930 354 984 400 s.
1041 352 1328 400 causano
1378 353 1618 399 Anam:
1666 353 2003 403 BaoNu-:Nsi
2497 336 2567 399 91

213 444 250 528 ξ
298 444 443 512 13.
489 445 615 508 Per
647 437 716 506 id
755 450 1027 528 ternpus
1076 437 1194 507 illo
1245 439 1315 506 in
1370 437 1781 508 monasterio
1816 437 2138 537 religiosa
2174 437 2690 507 monachorum*

108 529 565 620 congregatio
614 527 940 607 florebat,
1010 539 1308 614 quorum
1363 539 1636 616 pectora
1705 548 1839 595 non
1895 528 2030 596 nisi
2077 526 2395 596 coelestia
2443 527 2673 615 suspi-

112 640 319 698 rare,
378 616 717 707 permulta
769 616 1100 685 virtutum
1157 615 1570 685 documenta
1618 614 2085 685 declarabant.
2142 621 2218 684 In
2255 616 2512 702 quibus
2545 617 2672 684 etsi

109 710 366 778 beatus
413 704 758 776 Gerardus
805 703 1050 774 ordine
1100 715 1490 794 postremus
1536 715 1705 784 erat,
1763 726 2014 794 magno
2064 717 2292 772 tamen
2353 726 2558 792 opere
2600 705 2670 771 in

106 796 189 864 id
243 794 742 874 incumbebat,
795 806 873 863 ut
921 792 1094 862 nulli
1158 806 1334 862 esset
1384 794 1715 862 virtutum
1778 792 2008 861 studio
2055 805 2121 861 et
2189 794 2673 862 exercitatione

101 884 495 955 secundus.
560 884 875 952 Seniores
942 881 1201 953 honore
1252 883 1754 973 praeveniebat,
1803 882 2121 968 ,iuniores
2161 902 2394 950 amore
2443 895 2507 950 et
2556 882 2673 950 be-

101 974 509 1042 nevolentia
586 971 1172 1062 complectebatur
1205 1025 1223 1050 ,
1307 992 1563 1061 corpus
1636 992 1844 1040 suum
1926 970 2318 1040 macerabat
2391 969 2665 1042 inedia.

99 1062 364 1133 crebro
430 1062 500 1129 in
567 1061 890 1161 precibus
955 1060 1423 1150 pernoctabat.
1501 1060 1778 1129 Cunctis
1826 1080 1903 1127 ex
1952 1059 2188 1128 animo
2238 1081 2311 1128 se
2350 1058 2673 1127 credebat

104 1151 543 1228 inferiorem,
576 1172 644 1218 ln
680 1149 1006 1219 omnibus
1056 1170 1127 1218 se
1178 1150 1292 1217 Dei
1328 1148 1725 1218 ministrum
1762 1148 2149 1220 exhibebat.
2191 1148 2486 1217 Canonis
2523 1168 2668 1216 mo—

104 1239 369 1311 nastici
418 1238 640 1308 cultor
685 1251 830 1308 erat
876 1251 1226 1317 strenuus,
1281 1238 1368 1307 ab
1416 1239 1583 1326 ejus‘
1608 1236 1879 1326 legibus
1914 1236 2274 1307 deflectere
2318 1234 2520 1326 plane
2562 1259 2668 1305 re-

98 1327 529 1399 formidans,
575 1327 767 1410 Quod
820 1326 1062 1396 habitu
1113 1348 1276 1416 prae
1315 1349 1385 1395 se
1436 1325 1615 1405 tulit,
1656 1325 1970 1396 moribus
2018 1338 2082 1395 et
2131 1326 2267 1394 vita
2321 1337 2666 1414 praestare

102 1415 600 1488 contendebat.
643 1421 721 1486 In
758 1416 1061 1485 vestibus
1094 1416 1248 1502 ejus
1282 1415 1531 1494 vilitas,
1568 1416 1635 1482 in
1685 1414 1870 1484 victu
1904 1415 2200 1504 parcitas
2229 1414 2662 1483 cernebatur.

102 1506 210 1576 Ad
249 1505 708 1576 obedientiam
762 1518 1184 1594 promptum,
1228 1504 1312 1573 ad
1352 1504 1682 1594 injuriam
1728 1504 2096 1592 patientem
2146 1525 2217 1572 se
2267 1503 2659 1592 praebebat.

106 1595 347 1664 Voluit
395 1616 650 1685 corpus
691 1614 898 1665 suum
948 1592 1316 1662 humiliare
1366 1593 1433 1661 in
1489 1592 1713 1671 terriS‚
1761 1605 1837 1661 ut
1870 1593 2106 1661 anima
2137 1592 2558 1681 quandoque
2596 1594 2662 1659 in

107 1682 332 1754 coelis
379 1681 663 1753 exaltari
706 1695 1102 1752 mereretur.
1136 1687 1403 1764 Quanta
1442 1703 1604 1770 ergo
1639 1680 2032 1771 superiores
2063 1680 2474 1758 humilitate,
2507 1702 2672 1770 erga

108 1794 363 1842 omnes
411 1771 841 1840 humanitate
888 1783 952 1839 et
998 1771 1419 1860 benignitate
1469 1769 1673 1839 fuerit
1708 1824 1723 1850 ,
1776 1770 1936 1855 quis
1986 1769 2086 1838 vel
2137 1770 2360 1838 verbis
2408 1769 2664 1857 eloqui,

113 1861 222 1930 vel
266 1861 523 1945 scripto
571 1859 1156 1949 comprehendere
1202 1863 1454 1947 queat?
1510 1859 1633 1929 His
1685 1879 1841 1928 vero
1888 1872 1951 1927 et
1999 1858 2484 1928 consimilibus
2535 1859 2668 1926 vir-

114 1962 347 2018 tutum
398 1948 691 2017 ssoribus
732 1947 1118 2029 redimituS,
1171 1948 1502 2018 omnibus
1551 1961 1689 2017 tam
1741 1948 2046 2035 magnis,
2101 1969 2309 2035 quam
2365 1947 2660 2036 pusillis,

112 2060 199 2106 ex
248 2036 484 2106 animo
532 2058 736 2106 carus
782 2050 968 2105 erat:
1025 2036 1333 2124 tantique
1397 2037 1601 2107 fiebat
1661 2057 1702 2103 a
1760 2034 2126 2117 fratribus,
2179 2051 2254 2105 ut
2313 2038 2669 2104 communi

118 2125 440 2195 omnium
490 2125 827 2195 sententia
874 2125 1226 2195 decretum
1278 2127 1406 2205 sit,
1466 2147 1549 2195 ne
1596 2124 1763 2212 quid
1820 2126 2054 2214 magni
2107 2125 2430 2195 momenti
2491 2125 2669 2193 intra.

118 2215 620 2284 monasterium
673 2214 935 2301 absque
983 2236 1062 2283 eo
1110 2214 1403 2285 consilio
1454 2214 1665 2284 fieret.

204 2305 242 2390 ξ
291 2306 432 2375 14.
490 2303 801 2372 Sentiens
848 2315 1078 2374 autem
1116 2302 1233 2372 ille
1264 2317 1738 2393 opportunum
1778 2303 2050 2394 petendi
2090 2316 2364 2393 tempus
2396 2303 2658 2382 adesse,

113 2405 179 2461 et
232 2392 410 2461 beati
461 2391 753 2482 Eugenii
802 2393 1127 2482 martyris
1158 2414 1388 2462 sacras
1422 2392 1751 2481 reliquias
1793 2390 2231 2482 impetrandi,
2271 2392 2516 2461 fratres
2554 2413 2661 2480 pa-

116 2481 286 2550 riter
333 2493 784 2572 congregatos
831 2482 932 2551 sic
970 2480 1314 2553 allocutus
1360 2494 1502 2551 est:
1550 2485 1662 2552 «0
1718 2495 1941 2571 patres
1986 2495 2052 2552 et
2099 2481 2365 2551 domini
2417 2481 2573 2561 mei,
2627 2504 2666 2549 o

114 2570 394 2640 divinae
442 2571 796 2661 religionis
843 2571 1140 2640 cultores
1186 2571 1445 2653 eximii,
1493 2593 1533 2640 o
1566 2572 1740 2642 coeli
1778 2583 2149 2650 senatores,
2186 2572 2366 2640 intra
2398 2573 2663 2640 curiam

114 2658 434 2731 coelestis
497 2658 799 2749 paradisi
866 2659 1222 2750 degentes:
1274 2681 1448 2747 quas
1495 2681 1621 2751 ego
1669 2661 1863 2731 vobis
1911 2661 2164 2752 gratias
2213 2660 2463 2728 referre
2514 2681 2668 2757 pos-

114 2748 277 2827 sim,
333 2747 454 2835 qui
506 2770 614 2817 me
667 2761 1090 2837 peccatorem
1142 2762 1207 2817 et
1254 2750 1324 2818 in
1378 2749 1739 2839 procellosi
1791 2750 2003 2840 hujus
2052 2747 2266 2818 seculi
2339 2748 2667 2817 fluctibus

115 2836 564 2926 naufragium
597 2836 987 2917 facientem,
1022 2839 1089 2906 in
1143 2836 1596 2925 tranquillum
1649 2839 1855 2908 vestri
1889 2837 2200 2907 coenobii
2252 2850 2522 2925 portum
2554 2858 2666 2904 co-

114 2925 320 2994 miter
370 2926 772 3016 recepistis?
819 2931 961 2996 Non
1008 2939 1115 2996 ‚est
1162 2940 1342 2996 certe
1392 2927 1603 3017 hujus
1637 2927 1779 2997 ulla
1816 2926 2004 3015 apud
2041 2947 2146 2993 me
2178 2924 2499 3003 facultaS,
2544 2945 2666 2992 nec

116 3036 402 3103 possum
453 3036 765 3102 unquam
818 3028 1005 3084 tanto
1054 3015 1388 3085 beneficio
1440 3038 1564 3106 par
1610 3038 1782 3086 esse.
1825 3015 1952 3085 Sed
2005 3027 2230 3083 tamen
2285 3025 2503 3102 potest
2549 3013 2667 3081 ab-

110 3102 302 3172 unde
350 3103 607 3173 sarcire
661 3109 834 3173 Deus
870 3103 1293 3194 benignitate
1326 3126 1475 3185 sua,
1520 3104 1705 3191 quod
1750 3104 2057 3174 hominis
2091 3101 2431 3193 fragilitas
2475 3123 2667 3189 prae-

111 3203 295 3261 stare
348 3213 480 3261 non
532 3205 772 3282 potest.
806 3198 1149 3275 Quorsum
1203 3206 1431 3263 autern
1482 3194 1649 3262 haec
1689 3214 1838 3261 mea
1874 3190 2106 3261 tendat
2145 3192 2384 3267 oratio,
2425 3192 2664 3279 paucis

117 3301 238 3349 vos
264 3281 577 3369 accipere
604 3280 832 3350 velim.
871 3285 1039 3351 Cum
1071 3281 1301 3352 adhuc
1329 3281 1662 3352 secularis
1697 3302 1804 3350 me
1831 3281 2110 3350 habitus
2145 3293 2423 3359 teneret,
2454 3294 2519 3349 et
2545 3304 2666 3348 au-

117 3369 289 3438 licae
317 3391 523 3438 curae
550 3369 932 3459 plurimum
963 3391 1132 3440 occu
1188 3383 1403 3453 arent,
1435 3371 1617 3439 sicut
1649 3369 1822 3438 mihi
1857 3371 2046 3441 testis
2072 3384 2171 3439 est
2198 3375 2396 3447 Deus,
2429 3368 2664 3438 divina

117 3458 299 3526 mihi
333 3456 703 3528 dormienti
752 3480 825 3528 se
872 3458 1043 3545 visio
1090 3481 1129 3527 o
1185 3460 1362 3540 tulit,
1419 3459 1826 3538 admonenS,
1867 3472 1942 3528 ut
1976 3460 2044 3527 in
2099 3459 2441 3548 principis
2490 3466 2663 3546 Apo-

114 3546 451 3616 stolorum
494 3560 561 3616 et
604 3547 753 3635 ejus
792 3547 920 3616 filii
969 3549 1296 3637 martyris
1331 3547 1620 3636 Eugenii
1652 3546 2011 3629 honorem,
2050 3549 2119 3616 in
2147 3547 2436 3617 ditionis
2471 3569 2661 3616 meae

114 3635 460 3724 angustiis
508 3635 884 3706 oratorium
924 3650 1334 3706 extruerem.
1378 3639 1584 3705 Parui
1622 3657 1772 3726 ego,
1811 3650 1878 3706 et
1930 3638 2218 3706 Domino
2267 3635 2658 3717 ad'uvante,

116 3724 307 3793 brevi
359 3722 529 3793 illud
582 3725 842 3794 absolvi
873 3780 888 3805 ,
943 3723 1353 3812 clericisque
1416 3723 1558 3793 illic
1624 3729 1756 3794 Deo
1797 3725 2154 3797 servituris
2194 3724 2352 3794 attri
2405 3725 2502 3805 ui,
2542 3725 2666 3794 ad-

116 3811 288 3882 dens
331 3834 452 3901 pro
505 3835 656 3883 mea
703 3816 1056 3891 tenuitate,
1109 3835 1287 3900 quae
1336 3812 1475 3885 illis
1523 3813 1608 3882 ad
1659 3814 1918 3884 victum
1960 3816 2420 3902 vestitumque
2469 3813 2664 3883 suffi-

114 3914 368 3971 cerent.
426 3907 592 3971 Cum
644 3901 731 3972 sit
780 3902 993 3993 igitur
1040 3902 1125 3971 de
1174 3902 1301 3972 hoc
1343 3915 1644 3992 martyre
1702 3903 2036 3973 divinitus
2093 3902 2280 3993 apud
2333 3922 2441 3970 me
2490 3902 2668 3971 sacta

118 3991 395 4071 mentio,
450 3989 743 4080 supplex
791 4013 909 4060 oro
958 4004 1022 4061 et
1064 3990 1346 4062 obsecro
1394 4013 1558 4072 vo8,
1604 3993 2007 4082 praesertim
2070 4012 2231 4061 cum
2287 3991 2394 4060 sin
2451 3990 2668 4059 ularis

114 4078 400 4149 ecclesia
451 4094 673 4150 vestra
713 4093 810 4149 tot
857 4080 945 4149 sit
993 4091 1389 4149 sanctorum
1436 4081 1774 4151 instructa
1823 4080 2237 4160 luminibUS,
2293 4101 2390 4147 un
2444 4101 2480 4148 e
2529 4093 2665 4149 tota

120 4168 335 4255 possit
375 4170 662 4239 Francia
710 4169 1073 4250 illustrari,
1131 4181 1206 4238 ut
1251 4191 1354 4250 ea,
1412 4191 1625 4257 quam
1675 4169 1840 4250 dixi,
1881 4170 2085 4259 inops
2131 4167 2420 4238 basilica
2469 4190 2510 4236 a
2559 4189 2666 4237 me

117 4255 437 4338 condita,
492 4258 620 4328 hoc
674 4258 996 4329 thesauro
1045 4257 1322 4338 ditetur,
1377 4272 1443 4328 et
1488 4258 1685 4328 vobis
1733 4257 1975 4327 reddat
2017 4263 2192 4328 Deus
2249 4257 2540 4347 gratiam
2596 4258 2663 4324 in

122 4346 483 4432 praesenti,
529 4346 820 4435 gloriam
874 4348 942 4415 in
1002 4346 1238 4417 futura
1280 4347 1435 4416 vita.
1490 4371 1525 4413 »

207 4435 242 4519 ἓ
290 4438 431 4507 15.
508 4435 949 4526 Respondent
994 4436 1421 4506 unanimiter
1468 4435 1711 4506 fratres
1757 4434 2046 4525 (divino
2093 4436 2277 4505 enim
2331 4433 2667 4503 instinctu
