3347 4999
759 337 885 403 734
1535 356 1614 401 ns
1661 356 1718 401 s.
1771 354 2080 403 rzaau'no
2128 356 2320 402 nar.
2896 338 3077 405 OCT.
3130 340 3206 405 28

663 438 989 510 conducit
1027 437 1501 527 contemplari.
1557 438 1733 522 Quid
1783 453 2011 509 autem
2059 440 2312 509 rectius
2359 462 2640 510 causam
2693 440 2986 511 dixerim
3036 464 3201 533 gau-
3314 497 3315 534 ¹

665 528 938 598 diorum
977 527 1076 596 vel
1113 526 1459 628 profectus
1507 530 1746 610 nostri,
1802 550 2011 616 quam
2065 530 2433 599 bonitatem
2479 529 2654 598 Dei?
2701 534 2856 619 Ipse
2906 553 3199 619 namque
3314 539 3315 546 ’

665 616 992 688 bonitatis
1026 637 1221 706 origo
1249 669 1265 695 ,
1321 615 1797 705 profectusque
1840 617 2046 688 totius
2105 617 2593 707 perfectissima
2642 621 3194 692 consummatio.

652 706 890 796 justus
931 726 1159 774 rerum
1210 703 1645 793 dispensator
1692 720 1895 793 atque
1944 706 2329 776 moderator
2358 760 2374 788 ,
2433 707 2917 794 humanaeque
2956 707 3201 778 salutis

661 808 966 873 amator,
1010 792 1244 862 electis
1303 793 1449 864 suis
1505 795 2032 884 agonizantibus
2083 796 2371 886 gratiam
2419 795 2711 885 largitur
2753 819 2872 896 pro
2918 799 3141 886 gratia
3170 852 3187 877 ,

661 882 829 952 dum
864 904 987 971 pro
1029 881 1382 952 laboribus
1419 883 1915 952 momentaneis
1944 884 2244 972 praemia
2280 883 2520 953 tribuit
2554 898 3000 973 sempiterna,
3046 908 3196 975 pec-

661 984 925 1073 catores
964 983 1167 1059 atque
1209 970 1617 1053 sceleratos,
1678 972 1914 1063 largus
1962 971 2030 1040 in
2087 971 2580 1053 misericordia,
2634 972 2939 1043 bonitate
2987 974 3195 1043 salvat

712 1073 982 1129 ratuita.

661 1083 708 1150 g
748 1151 784 1236 ξ
815 1153 907 1220 8.
948 1148 1381 1237 Prospiciens
1409 1147 1592 1217 enim
1629 1147 1977 1239 fragilitati
2016 1149 2593 1236 delinquentium,
2632 1150 3012 1240 spirituum
3044 1172 3193 1220 coe·

662 1237 932 1306 lestium
984 1250 1052 1306 et
1105 1237 1463 1306 hominum
1503 1292 1518 1318 ,
1587 1237 1759 1306 vitae
1811 1238 2101 1327 puritate
2139 1238 2566 1326 actionisque
2621 1239 3017 1308 sinceritate
3067 1240 3188 1308 sibi

663 1326 1111 1428 placentium,
1170 1325 1367 1394 nobis
1453 1325 1698 1395 rovidit
1748 1326 2248 1415 patrocinium:
2301 1339 2639 1415 quatenus
2668 1327 2913 1397 erratis
2946 1329 3189 1397 nostris

657 1414 1290 1484 innumerabilibus
1338 1436 1378 1483 o
1431 1436 1688 1495 ensuS,
1763 1416 1931 1504 ipsis
1992 1415 2381 1516 placaretur
2433 1416 3073 1486 intervenientibus,
3119 1421 3187 1486 Et

659 1503 784 1574 hoc
827 1504 1066 1572 merito
1099 1502 1374 1592 gaudiis
1416 1502 1776 1592 religiosiS‚
1828 1503 2268 1591 officiosaque
2315 1503 2683 1575 recolimus
2732 1506 3174 1585 veneratione,

655 1605 930 1661 sanctos
979 1591 1290 1661 videlicet
1388 1592 1557 1662 ratia
1607 1592 1972 1679 laboreque
2014 1593 2368 1674 meruisse,
2417 1605 2493 1663 ut
2529 1592 2713 1683 apud
2741 1593 3065 1682 ¹judicem
3090 1593 3173 1662 di·

655 1681 966 1752 strictum
1021 1681 1221 1750 nobis
1260 1703 1339 1750 va
1371 1680 1537 1750 eant'
1563 1681 1906 1769 prodesse.
1959 1680 2150 1764 Quod
2193 1695 2420 1751 autem
2463 1683 2725 1771 gratius
2758 1681 3175 1752 emolumen-

658 1785 828 1848 tum,
869 1791 1076 1856 quam
1116 1769 1420 1858 ipsorum
1466 1770 1849 1839 interventu
1897 1770 2185 1840 nexibus
2217 1772 2373 1840 exui
2421 1770 2853 1851 delictorum,
2899 1770 3179 1842 diversis

658 1857 895 1928 mundi
950 1858 1226 1927 casibus
1274 1857 1470 1947 eripi,
1529 1870 1681 1948 post
1721 1871 2143 1944 mortemque
2188 1881 2345 1929 cum
2401 1858 2593 1948 ipsis,
2648 1859 2704 1927 si
2740 1873 2974 1929 tamen
3030 1860 3179 1930 fide-

557 1987 560 1990 ·
656 1947 808 2016 liter
853 1969 969 2017 eos
1006 1947 1377 2026 imitemur,
1416 1946 1691 2036 gaudiis
1730 1947 2167 2035 sempiternis
2207 1946 2518 2037 perfrui?
2549 1948 2722 2031 Quid
2759 1961 2998 2018 autem
3043 1971 3179 2040 pro—

653 2036 801 2107 dest
831 2058 948 2105 eos
997 2056 1409 2126 magnopere
1451 2035 1800 2116 venerari,
1851 2057 2026 2123 quos
2074 2035 2139 2104 in
2181 2049 2517 2123 quantum
2560 2037 2861 2106 carnalis
2907 2060 3183 2108 conver·

654 2125 937 2194 sationis
985 2122 1320 2213 fragilitas
1353 2123 1675 2204 admittit,
1721 2145 1855 2193 non
1909 2136 2304 2210 satagamus
2349 2125 2659 2194 imitari?
2706 2126 2845 2213 Ipsi
2896 2127 3175 2217 quippe,

652 2227 921 2300 sumpta
957 2234 1182 2290 cruce,
1210 2212 1551 2281 Christum
1581 2224 1745 2282 sunt
1770 2212 2102 2283 imitando
2129 2213 2378 2282 secuti:
2413 2236 2557 2294 nos,
2592 2234 2745 2281 vero
2775 2213 2957 2283 tardi
2986 2228 3183 2302 atque

651 2300 996 2371 desidiosi.
1040 2301 1097 2369 si
1134 2301 1475 2371 Christum
1527 2323 1658 2370 non
1708 2322 2076 2390 possumus
2124 2301 2339 2388 sequi,
2394 2300 2612 2371 forma
2659 2301 2797 2371 siut
2831 2302 3042 2372 nobis
3087 2304 3175 2373 vel

654 2390 966 2457 homines
1015 2389 1196 2478 puri.
1262 2389 1476 2459 Habet
1521 2390 1771 2459 etenim
1827 2389 2150 2459 moderna
2210 2412 2337 2478 pax
2386 2389 2725 2460 Ecclesiae
2769 2393 3179 2480 martyrium

649 2499 880 2559 suum,
918 2490 1259 2548 certamen
1314 2477 1514 2548 habet
1603 2478 1908 2568 roprium
1940 2533 1958 2560 ‚
2010 2501 2146 2567 quo
2184 2492 2418 2549 contra
2456 2478 2915 2550 multiformes
2954 2504 3181 2551 versu·

651 2567 897 2637 tissimi
942 2567 1154 2636 hostis
1204 2566 1492 2637 insidias
1574 2568 1852 2668 egitime
1904 2568 2372 2658 confligentes,
2418 2573 2818 2638 Sanctorum
2872 2590 3185 2657 quoquo·

650 2656 852 2726 modo
896 2678 1014 2744 per
1051 2654 1337 2745 gratiam
1390 2655 1637 2725 Christi
1672 2677 2064 2725 mereamur
2092 2677 2240 2726 esse
2290 2673 2656 2727 consortes.
2704 2657 2774 2726 Si
2813 2660 3010 2726 enim
3048 2713 3064 2743 ‚
3114 2673 3181 2727 ut

648 2742 742 2814 ait
789 2744 1188 2834 Apostolus,
1245 2743 1642 2832 passionum
1687 2744 1855 2813 socii
1906 2743 2267 2825 fuerimuS,
2327 2745 2532 2815 simul
2586 2758 2651 2814 et
2674 2746 3187 2816 *consolationis

645 2834 907 2903 erimus
939 2834 1017 2913 *;
1061 2846 1126 2901 et
1175 2831 1234 2901 si
1289 2833 1526 2903 mortis
1558 2833 1805 2903 Christi
1846 2831 2289 2902 similitudini
2328 2832 2773 2923 complantati
2820 2832 2991 2904 sacti
3044 2836 3170 2905 sue

649 2921 887 3002 rimus,
936 2921 1144 2991 simul
1194 2933 1259 2990 et
1295 2921 1813 2991 resurrectionis
1850 2922 2110 2990 erimus
2148 2921 2238 2987 μ.

735 3018 774 3091 S
822 3016 907 3083 4.
963 3015 1075 3079 Est
1112 3030 1275 3099 ergo
1323 3009 1560 3092 facile,
1615 3009 1907 3080 solemni
1953 3009 2408 3085 celebratione
2454 3013 2782 3097 Martyres
2820 3012 3181 3081 venerari:

645 3097 759 3170 sed
809 3098 1104 3167 arduum
1155 3116 1359 3184 atque
1391 3097 1693 3179 difficile,
1730 3103 2055 3187 Martyres
2091 3097 2364 3166 imitari.
2402 3098 2690 3185 Abjiciat
2720 3110 2957 3168 autem
2994 3101 3181 3171 Chri·

645 3188 938 3267 stianus,
991 3185 1174 3274 quod
1229 3187 1436 3257 libet:
1491 3188 1717 3256 vincat
1764 3186 2033 3265 animo,
2093 3185 2271 3273 quod
2327 3198 2550 3266 terret,
2601 3199 2667 3253 et
2722 3186 3178 3259 imitationem

643 3275 1024 3365 plenariam
1065 3289 1390 3345 exerceat.
1451 3279 1725 3345 Arctum
1777 3274 1959 3343 enim
2018 3275 2145 3343 iter
2189 3273 2368 3343 duae
2417 3295 2525 3342 res
2565 3274 2762 3344 nobis
2803 3273 3079 3348 faciunt
3120 3291 3181 3348 et

642 3385 728 3434 an
834 3375 1015 3433 stum
1048 3418 1065 3444 ‚
1117 3376 1550 3464 contemptus
1599 3362 2023 3463 voluptatum
2084 3375 2288 3449 atque
2337 3361 2695 3431 tolerantia
2737 3366 3173 3452 passionum.

641 3457 718 3522 In
736 3386 865 3523 {xis
909 3473 1071 3542 ergo
1109 3453 1165 3520 si
1207 3452 1598 3533 vicerimus,
1638 3474 1772 3521 vert
1808 3451 2068 3521 erimus
2102 3451 2349 3520 Christi
2384 3456 2905 3539 martyrumque
2943 3453 3185 3524 lauda·

641 3555 840 3621 tores,
899 3542 1036 3609 veri
1083 3540 1345 3611 erimus
1390 3553 1456 3610 et
1503 3540 1902 3611 imitatores.
1952 3545 2104 3609 Jam
2141 3561 2295 3608 vero
2326 3541 2727 3608 certaminis
2755 3541 3176 3613 athletarum

640 3629 887 3701 Christi
946 3629 1297 3698 materiam
1348 3628 1675 3700 subtilius
1721 3630 2138 3705 intueamur,
2190 3641 2532 3715 quatenus
2582 3628 2973 3719 insignium
3026 3653 3189 3701 con·

639 3718 1078 3808 templatione
1126 3717 1551 3798 meritorum,
1607 3717 1934 3787 laudibus
1967 3738 2081 3786 eos
2132 3715 2592 3786 venerabilius
2640 3738 3174 3808 prosequamur.

641 3807 1110 3878 Universitatis
1155 3827 1318 3896 ergo
1365 3807 1676 3876 conditor
1710 3811 1909 3885 DeuS,
1952 3805 2128 3875 inter
2165 3806 2396 3874 omnia
2443 3827 2621 3893 quae
2671 3807 2851 3875 bona
2892 3810 3181 3889 creavit,

635 3911 701 3967 et
746 3896 1095 3965 hominem
1166 3894 1421 3965 bonum
1536 3894 1893 3973 lasmavit,
1953 3893 2070 3963 sed
2126 3916 2256 3963 non
2322 3916 2640 3964 summe:
2690 3894 2885 3965 illius
2944 3909 3181 3967 autem

633 3985 1018 4056 essentialis
1051 3984 1445 4071 summique
1524 3984 1638 4052 oni
1677 3982 2240 4084 participatione3
2280 3983 2487 4069 cujus
2518 3984 2989 4055 immutabilis
3018 3985 3185 4056 boni

633 4096 836 4144 omne
874 4073 1058 4162 quod
1104 4085 1207 4143 est
1257 4071 1620 4154 mutabile,
1679 4093 1747 4139 tn
1788 4084 2124 4158 quantum
2166 4083 2290 4150 est,
2351 4071 2612 4142 bonum
2664 4085 2766 4141 est
2798 4073 3193 4163 participa--

635 4164 836 4233 tione.
875 4169 1101 4250 Neque
1133 4161 1316 4230 enim
1353 4181 1705 4229 summum
1746 4160 1988 4249 poterit
2018 4181 2189 4237 esse,
2226 4160 2410 4246 quod
2444 4174 2547 4232 est
2572 4160 2935 4249 mutabile.
2976 4167 3191 4233 Hunc

632 4251 975 4339 denique,
1040 4271 1242 4338 quem
1311 4248 1397 4319 ad
1466 4248 1837 4339 imaginem
1904 4261 1970 4318 et
2041 4247 2563 4318 similitudinem
2645 4248 2958 4320 divinam
3032 4272 3191 4321 ma-

635 4362 768 4410 nus
814 4361 1010 4409 sacra
1048 4338 1350 4419 confixit,
1404 4336 1913 4408 immortalitate
1960 4336 2324 4419 decoravit,
2380 4336 2749 4428 prudentia
2780 4393 2795 4421 ,
2851 4338 3187 4420 ratione,

685 4466 712 4495 ⁸
739 4467 795 4507 In
816 4466 876 4508 11.
899 4467 1001 4508 Cor.
1023 4475 1051 4506 1.
1923 4465 1974 4492 *·
2001 4466 2057 4505 Iu
2075 4465 2205 4506 Rom.
2230 4474 2290 4506 vi.
3248 4472 3299 4805 Ι
