3347 4999
709 351 837 415 700
1238 370 1318 416 na
1361 370 1454 417 ss.
1507 368 1920 417 cunvszmruo
1968 370 2042 416 ss‘r
2089 370 2281 416 mnu
2327 370 2519 416 nar.
2856 350 3034 417 OCT.
3091 353 3178 417 25

614 453 892 544 energia
942 451 1282 523 turbatam
1317 507 1333 535 ,
1386 452 1469 523 ad
1524 454 1980 544 integritatem
2036 452 2529 544 intelligentiae
2578 453 2949 543 reparavit.
3004 456 3171 523 Om-

618 541 824 612 nibus
853 563 1031 622 vero,
1062 564 1539 630 quoscumque
1570 565 1691 633 per
1722 565 1878 612 eum
1930 564 1967 610 a
2002 542 2293 611 diversis
2332 541 2859 613 infirmitatibus
2889 542 3172 612 dextera

615 629 849 699 divina
884 629 1191 711 salvavit,
1223 630 1280 700 si
1317 632 1558 721 inopes
1597 629 1911 709 fuissent,
1951 631 2100 719 ipse
2130 631 2364 701 cibum
2399 631 2858 718 vestitumque
2884 630 3173 722 dispen-

615 719 879 789 satione
927 718 1133 788 hilari
1177 720 1590 809 porrigebat.
1645 725 1994 807 Tantaque
2040 720 2099 790 ei
2150 742 2320 790 cura
2353 719 2438 789 de
2483 720 2849 810 egentibus
2881 719 3043 802 fuit,
3101 732 3174 790 ut

616 808 821 878 etiam
860 821 1100 897 pontes
1149 830 1359 898 super
1391 808 1619 878 alveos
1658 809 1971 878 amnium
2024 807 2392 898 diligenter
2439 809 2832 890 instrueret,
2881 830 2970 879 ne
3015 809 3180 897 quis

618 895 1128 967 inundantibus
1176 898 1377 984 aquis
1429 898 1670 967 naufra
1726 898 1792 966 ia
1840 918 2039 967 saeva
2077 896 2363 988 lugeret.

700 988 856 1073 ἓθ.
890 986 1012 1056 His
1043 1007 1207 1075 ergo
1244 987 1613 1056 virtutibus
1642 1012 1678 1056 c
1713 1008 1875 1055 arus
1917 987 1982 1054 in
2024 986 2298 1077 populis
2337 986 2751 1067 declaratus,
2789 995 2952 1056 cum
2988 999 3168 1057 esset

618 1096 961 1145 annorum
1000 1075 1275 1144 circiter
1292 1075 1779 1176 quadraginta,
1812 1074 2080 1145 modica
2116 1075 2433 1165 pulsatus
2464 1075 2670 1155 febre,
2702 1098 2826 1167 per
2858 1075 3172 1146 triduum

614 1163 864 1234 lectulo
918 1162 1304 1234 decubavit.
1362 1169 1775 1235 Nunciatum
1833 1186 1919 1234 ue
1966 1178 2067 1233 est
2124 1164 2337 1244 mihi,
2401 1186 2560 1235 cum
2614 1167 2953 1235 transitus
2991 1179 3172 1234 esset

620 1252 1077 1343 propinquus.
1128 1256 1205 1321 At
1250 1274 1376 1345 ego
1423 1253 1727 1323 velocius
1775 1253 1941 1323 iluc
2003 1275 2426 1343 properanS,
2490 1253 2574 1323 ad
2635 1253 2968 1324 lectulum
3021 1254 3172 1323 e'us

614 1341 898 1422 accessi,
938 1340 1052 1411 sed
1086 1340 1257 1410 nibil
1292 1344 1379 1412 ab
1418 1363 1496 1412 eo
1521 1341 1999 1413 collocutionis
2025 1341 2269 1411 elicere
2307 1342 2536 1431 potui:
2573 1343 2934 1412 eratenim
2976 1275 3167 1410 valde

615 1429 862 1501 fessus.
907 1429 1158 1499 Dehinc
1188 1431 1589 1521 interposito
1620 1431 1820 1518 quasi
1856 1431 2068 1500 unius
2095 1430 2299 1500 horae
2333 1431 2576 1519 spatio,
2608 1432 2933 1533 spiritum
2969 1431 3169 1500 exha-

617 1519 805 1588 lavit.
867 1522 1285 1610 congregata
1334 1533 1435 1590 est
1480 1532 1708 1590 autem
1768 1518 1853 1588 ad
1911 1520 2060 1604 ejus
2099 1520 2420 1606 exequias
2471 1520 2844 1590 multitudo
2894 1519 3020 1590 illa
3068 1542 3170 1588 re-

615 1609 1082 1698 demptorum,
1135 1630 1309 1694 quos
1358 1631 1571 1698 supra
1600 1608 1904 1678 diximus
1935 1608 2021 1678 ab
2054 1630 2132 1678 eo
2167 1613 2267 1678 vel
2310 1631 2348 1677 a
2379 1608 2457 1696 ju
2509 1631 2549 1679 o
2583 1609 2961 1691 servitutis,
2999 1606 3100 1678 vel
3130 1631 3170 1677 a

613 1697 905 1767 diversis
936 1696 1187 1767 debitis
1225 1697 1598 1778 absolutos,
1639 1719 1952 1784 quosque
1984 1697 2082 1766 vel
2125 1697 2352 1776 alebat
2397 1697 2459 1766 ci
2513 1720 2575 1777 o,
2622 1698 2724 1767 vel
2768 1698 3022 1767 vestitu
3073 1711 3170 1767 te·

614 1785 837 1876 gebat.
891 1784 1318 1877 Plangebant
1355 1786 1565 1867 enim,
1619 1785 1967 1855 dieentes:
2023 1809 2059 1852 «
2090 1787 2210 1856 Cui
2247 1808 2393 1867 nOS,
2434 1791 2630 1856 Pater
2661 1801 2918 1864 sancte,
2965 1785 3170 1856 relin-

614 1875 822 1960 quis?
862 1898 898 1942 »
949 1879 1103 1944 Post
1144 1875 1309 1945 haec
1360 1876 1755 1965 sepulturae
1805 1874 2092 1954 locatuS‚
2150 1876 2429 1966 saepius
2472 1896 2544 1945 se
2597 1875 2987 1944 manifestis
3038 1877 3168 1945 vir·

617 1963 876 2033 tutibus
910 1963 1304 2033 declaravit.
1359 1969 1522 2034 Nam
1578 1964 1930 2054 trigesimo
1978 1965 2067 2033 ab
2104 1965 2256 2053 ejus
2289 1965 2482 2033 obitu
2516 1963 2651 2046 die,
2695 1987 2854 2034 cum
2893 1964 2983 2033 ad
3022 1966 3174 2054 ejus

617 2052 962 2121 tumulum
1018 2054 1221 2123 Missa
1282 2053 1786 2132 celebraretur,
1841 2051 2320 2141 Chaidulphus
2365 2052 2652 2141 quidam
2716 2065 3164 2128 contractus.

612 2141 778 2210 dum
831 2142 1077 2230 stipem
1135 2141 1454 2230 postulat,
1520 2141 1603 2211 ad
1660 2143 1812 2231 eJus
1846 2140 2273 2231 sepulturam
2312 2142 2611 2211 accedit:
2653 2143 2771 2229 qui
2812 2141 2989 2211 dum
3029 2143 3174 2234 pal·

618 2228 751 2297 lam
790 2229 825 2263 ⁴*
872 2231 1375 2320 superpositam
1418 2230 1679 2300 osculis
1728 2243 2110 2310 veneratur,
2164 2229 2524 2300 dissolutis
2559 2231 3037 2301 membrorum
3093 2231 3170 2300 li-

614 2319 901 2406 gaturis,
955 2317 1256 2390 directus
1294 2330 1416 2388 est.
1472 2319 1678 2388 Multa
1722 2330 1948 2388 autem
1994 2319 2088 2388 ibi
2147 2331 2334 2410 gesta
2376 2320 2707 2410 comperi,
2771 2319 2859 2389 de
2906 2321 3171 2407 quibus

618 2408 783 2476 haec
819 2419 1084 2477 tantum
1126 2408 1497 2477 memoriae
1534 2406 1854 2477 habenda
1888 2408 2136 2477 notavi.

887 2722 1499 2825 SANCTORUM
1572 2722 2226 2824 CHRYSANTHl
2312 2723 2431 2823 ET
2501 2723 2892 2824 DARlAE

1695 2945 2081 3011 HISTORIA

1335 3123 1593 3171 SCRIPTA
1638 3125 1682 3170 A
1728 3123 1963 3172 vAntNO
2011 3124 2088 3170 BT
2134 3122 2439 3171 nummo.

614 3266 899 3313 HABETUR
927 3266 992 3314 IN
1017 3267 1504 3314 ultTAPuRAsrss:
1544 3264 2107 3325 CONSEN'rtUN'erJR
2146 3268 2406 3325 AN‘HQUI
2445 3267 2587 3314 USS.
2622 3265 2885 3315 CODICES
2933 3267 3166 3315 unm.

860 3451 1163 3522 Max-tyrii
1203 3454 1442 3514 laurea.
1482 3457 1722 3514 donati
1762 3472 1964 3525 anno,
1992 3461 2074 3513 ut
2112 3458 2403 3523 videtur,
2449 3459 2591 3524 283,
2633 3458 2914 3513 Romae.

696 3651 733 3736 ἓ
781 3654 857 3721 1.
897 3649 1005 3720 Λᾶ
1053 3650 1630 3731 aedificationem,
1666 3651 2176 3739 utilitatemque
2226 3664 2532 3722 nostram
2571 3656 2708 3721 Deo
2759 3651 3051 3742 placuit.
3091 3663 3168 3722 ut

608 3752 1016 3830 martyrum,
1051 3740 1171 3827 qui
1199 3741 1679 3831 superioribus
1710 3740 2135 3832 temporibus
2160 3742 2548 3811 extiterunt.
2582 3742 2969 3810 certamina
3006 3739 3171 3810 litte·

606 3850 840 3898 rarum
873 3830 1339 3899 monumentis
1370 3830 1969 3921 consignarentur,
2006 3852 2140 3900 non
2171 3843 2243 3900 ut
2280 3829 3169 3915 mortaliumjaudibuseos

604 3918 911 3998 satiaret,
977 3940 1151 4005 quos
1212 3918 1523 3988 convivio
1571 3918 1822 4009 dignos
1884 3918 2041 4009 fecit
2094 3922 2557 4008 sempiterno;
2611 3920 2728 3989 sed
2782 3932 2862 3989 ut
2922 3938 3164 3988 eorum

603 4006 914 4097 exemplo
961 4029 1085 4076 nos
1122 4020 1613 4087 commoneret,
1666 4020 1745 4077 ut
1784 4007 2074 4095 hujusce
2117 4009 2290 4077 vitae
2342 4008 2725 4097 voluptates
2755 4028 3172 4096 aspernare-

608 4116 784 4169 mur.
825 4108 890 4164 et
919 4095 1178 4186 gloriae
1212 4109 1580 4187 perpetuae
1609 4095 1833 4187 gratia
1856 4096 2094 4165 breves
2124 4098 2440 4166 miserias
2471 4117 2690 4183 aequo
2725 4095 3169 4254 animonper-

604 4179 960 4253 ferremus.
1018 4187 1259 4255 Omnis
1306 4186 1490 4255 enim
1542 4186 1853 4275 corporis
1884 4185 2104 4266 dolor,
2147 4186 2206 4255 si
2243 4185 2408 4254 levis
2455 4199 2580 4266 est,
2624 4184 2827 4255 facile
2875 4208 2957 4276 pe
3026 4182 3169 4254 etri

606 4282 855 4359 potest:
911 4273 1017 4343 sin
1059 4277 1310 4364 gravis,
1346 4275 1635 4345 celerem
1668 4275 1875 4345 finem
1917 4275 2143 4345 habet.
2181 4273 2641 4358 Quamobrem
2696 4273 3165 4365 negligendus

656 4431 682 4458 ¹³
709 4432 778 4472 De
804 4430 933 4482 palt-
960 4435 1038 4474 νει
1069 4437 1229 4483 pallio.
1259 4437 1385 4485 qnod
1419 4438 1533 4477 oum
1569 4438 1803 4486 sepulcris
1840 4438 2182 4487 imponebatur.
2215 4437 2330 4476 bueo
2366 4437 2523 4477 habet
2564 4434 2917 4478 eruditissimus
2935 4433 3166 4477 Bainun-t:

600 4484 622 4504 ⁸
645 4485 770 4527 Haec
792 4487 978 4527 videtur
997 4488 1146 4527 fuisse
1170 4490 1436 4529 sanctitutis
1460 4494 1585 4534 noto.
1608 4492 1647 4530 si
1668 4492 1744 4530 cui
1766 4492 1948 4533 tumulo
1971 4487 2169 4540 pallium
2190 4490 2532 4539 imponeretur,
2555 4520 2578 4540 ,
