3347 4999
702 334 826 399 654
1355 348 1439 399 m:
1487 353 1542 400 s.
1594 350 1858 399 annucio
1904 352 2003 398 ar.
2049 351 2380 400 maurol..
2831 334 3004 400 OCT.
3060 336 3153 400 22

610 461 686 508 ex
735 438 841 520 iis,
894 459 1070 525 quae
1118 450 1493 513 senserant.
1530 449 1595 507 et
1629 437 1962 518 viderant,
2015 436 2198 525 quod
2235 437 2384 507 fieri
2437 458 2567 505 non
2617 450 2866 527 posset,
2902 452 2977 508 ut
3012 439 3146 519 vir,

613 529 734 615 qui
775 526 1027 597 talibus
1058 536 1122 595 et
1154 526 1356 596 tantis
1403 539 1545 596 erat
1600 525 1948 617 dignatuS,
2001 526 2494 596 conscientiam
2545 536 2610 595 et
2659 525 2966 616 linguam
3022 528 3154 597 ba-

617 619 800 686 beret
850 636 985 684 non
1036 615 1329 704 sanam),
1366 615 1682 704 publicos
1722 636 1967 684 rursus
2003 636 2214 702 equos
2244 614 2713 695 ascendentes,
2761 615 3146 687 redierunt.

697 707 734 794 ἓ
785 709 953 775 20.
991 707 1282 773 Sanctus
1304 716 1529 773 autem
1566 703 1891 773 Abercius
1914 725 2072 773 cum
2102 705 2365 784 vinum,
2394 716 2461 772 et
2486 715 2781 783 acetum,
2822 717 2887 774 et
2911 704 3149 776 oleum

613 795 681 863 in
733 814 954 862 unum
1004 805 1069 861 et
1115 792 1433 862 eumdem
1475 806 1697 862 utrem
1740 792 2106 879 injecisset,
2149 805 2213 861 et
2245 813 2504 882 paucos
2553 814 2764 882 panes
2798 807 3152 883 praeterea

615 882 1156 967 sumpsissets-et
1193 881 1441 950 deinde
1474 894 1651 953 esset
1700 880 1970 950 locutus
2018 903 2178 950 cum
2213 880 2564 962 fratribus,
2605 903 2781 968 quae
2817 904 2940 972 par
2968 898 3143 965 erat,

613 985 677 1041 et
726 970 916 1040 illius
964 991 1307 1040 recessum
1355 970 1837 1039 miserabiliter
1883 970 2232 1052 deflenteS,
2272 970 2738 1060 pulcherrime
2771 984 2949 1041 esset
2980 994 3148 1042 con-

615 1059 919 1138 solatus,
976 1058 1284 1128 ascendit
1340 1059 1733 1128 vehiculum
1784 1058 2183 1148 publicum,
2235 1072 2300 1127 et
2357 1059 2707 1150 egreditur
2750 1081 2787 1128 e
2835 1061 3138 1131 civitate.

614 1153 781 1219 Cum
833 1159 1058 1217 autem
1106 1169 1347 1237 parum
1386 1147 1828 1238 processisset
1861 1148 1929 1216 in
1964 1148 2094 1229 via,
2139 1147 2319 1217 videt
2365 1147 2736 1234 quemdam
2780 1149 3145 1218 vinitorem

612 1236 1008 1316 fodientem,
1056 1249 1121 1306 et
1178 1236 1345 1305 vites
1401 1236 1767 1327 diligenter
1814 1236 2147 1306 colentem
2203 1237 2296 1326 (ei
2352 1258 2598 1306 nomen
2649 1248 2794 1306 erat
2853 1239 3146 1329 Trophi-

613 1324 853 1415 mion).
917 1330 1061 1407 Quo
1125 1325 1531 1394 nominatim
1602 1337 1871 1395 vocato:
1917 1348 1952 1391 «
2004 1330 2137 1416 Age
2165 1324 2331 1394 dum
2392 1325 2658 1412 inquit,
2699 1326 2828 1395 iter
2869 1349 3142 1397 mecum

614 1419 900 1484 Romam
937 1413 1220 1483 confice.
1264 1437 1299 1480 »
1346 1414 1615 1483 Audivit
1656 1413 1793 1494 ille,
1824 1425 1889 1483 et
1918 1413 2167 1503 ligone,
2211 1426 2276 1482 et
2325 1415 2561 1486 rastris
2612 1415 2869 1486 relictis
2907 1428 2972 1485 et
3015 1420 3150 1487 sua

615 1516 796 1574 veste
827 1505 1121 1592 arrepta,
1174 1524 1383 1589 quam
1435 1514 1711 1592 propter
1759 1503 2062 1573 laborem
2111 1503 2527 1592 operationis
2575 1503 2771 1573 humi
2805 1503 3150 1594 deposue-

614 1604 740 1673 rat,
799 1595 1121 1660 Sanctum
1182 1603 1284 1661 est
1329 1604 1631 1661 secutus.
1693 1598 1987 1678 Jamque
2043 1591 2252 1661 simul
2319 1593 2497 1661 viam
2561 1592 2911 1662 inibant...
2972 1599 3144 1663 Cum

614 1702 777 1771 ergo
827 1693 1042 1750 totum
1083 1680 1209 1750 iter
1266 1680 1464 1749 facile
1510 1679 1987 1760 confecissent,
2027 1681 2308 1749 veniunt
2343 1681 2408 1748 in
2460 1680 2742 1750 Ataliam
2795 1682 3147 1772 Pamphy-

613 1769 745 1839 liae
791 1769 1156 1838 civitatem.
1197 1773 1274 1837 In
1323 1790 1459 1855 qua
1509 1790 1668 1838 cum
1717 1790 1956 1838 navem
2007 1768 2593 1850 conscendissent,
2630 1792 2807 1857 quae
2854 1775 3149 1842 Romam

615 1857 1202 1949 proficiscebatur,
1273 1857 1342 1925 in
1404 1857 1627 1927 locum
1682 1858 2039 1948 appellunt
2083 1859 2556 1938 constitutum,
2610 1880 2766 1927 cum
2822 1859 3023 1929 modo
3064 1860 3155 1928 fi-

616 1969 770 2017 nem
807 1946 1182 2036 accepisset
1227 1946 1494 2015 dierum
1546 1947 1927 2017 conventio.
1974 1947 2395 2034 Magistriani
2447 1968 2602 2016 vero
2650 1947 2874 2017 tribus
2913 1960 3153 2037 postea

613 2036 862 2105 diebus
888 2035 1022 2125 ipsi
1053 2057 1325 2123 quoque
1351 2034 1814 2126 appulerunta
1853 2035 1982 2106 fuit
2010 2037 2192 2105 enim
2232 2034 2431 2126 longa
2467 2057 2654 2105 mora
2685 2037 3152 2126 navigationis

664 2137 891 2213 ropter
949 2135 1441 2213 tempestatem.
1511 2128 1656 2207 Quo
1704 2126 1885 2194 circa
1934 2123 2317 2193 tarditatem
2372 2145 2565 2193 suam
2622 2124 2817 2194 valde
2863 2147 3153 2196 accusa-

612 2147 814 2284 Rant:
866 2213 1033 2299 quin
1066 2212 1270 2282 etiam
1314 2213 1723 2295 statuebant,
1771 2214 1905 2282 nisi
1947 2217 2298 2294 Sanctum,
2351 2225 2427 2282 ut
2474 2226 2905 2295 convenerat,
2959 2215 3150 2284 inve-

613 2302 862 2380 nirent,
903 2300 1003 2370 vel
1045 2301 1177 2369 sibi
1211 2301 1383 2390 ipsis
1432 2315 1716 2371 mortem
1753 2301 2124 2372 crudeliter
2169 2302 2614 2371 consciscere.
2669 2306 2835 2371 Nam
2889 2303 2947 2372 si
3008 2308 3148 2372 Im-

613 2389 910 2480 peratori
958 2389 1216 2469 vacuis,
1270 2403 1349 2459 ut
1393 2389 1669 2471 dicitur,
1727 2390 2049 2461 manibus
2097 2411 2169 2459 se
2217 2390 2554 2470 sisterent,
2604 2392 3022 2471 metuebant,
3061 2413 3148 2462 ne

612 2477 698 2548 ab
746 2478 864 2548 illo
898 2478 1468 2548 interficerentur.
1504 2482 1686 2548 Haec
1734 2478 1917 2568 apud
1969 2501 2040 2549 se
2087 2479 2320 2549 animo
2367 2479 2725 2581 agitanteS,
2791 2503 2947 2549 cum
2994 2481 3147 2570 jam

610 2590 646 2637 e
699 2567 850 2636 navi
899 2567 1436 2649 descendissent,
1489 2580 1553 2637 et
1600 2579 2073 2639 scrutarentur
2119 2567 2517 2649 diversoria,
2551 2581 2618 2637 et
2652 2568 2814 2638 litus
2845 2570 3141 2653 obirent,

614 2662 937 2726 Sanctum
993 2655 1373 2725 inveniunt.
1425 2656 1548 2726 Ille
1596 2668 1823 2726 autem
1882 2679 2041 2727 cum
2095 2678 2377 2726 manum
2434 2658 2863 2746 porrexisset,
2916 2672 2984 2728 et
3027 2680 3146 2730 eos

613 2745 998 2827 salutasset,
1052 2746 1270 2814 amice
1341 2766 1457 2814 eos
1520 2745 1873 2835 adspexit,
1927 2757 1989 2814 et
2055 2744 2322 2836 placide
2421 2758 2646 2815 actum
2726 2760 3143 2817 conventum

612 2833 946 2904 revocavit
993 2834 1060 2901 in
1131 2834 1557 2904 memoriam.
1631 2838 1797 2904 Cum
1868 2855 2026 2903 vero
2094 2835 2228 2925 ipsi
2290 2834 2362 2903 lu
2414 2847 2602 2904 enter
2662 2856 2820 2904 eum
2874 2851 3144 2926 praeter

612 2947 646 2994 s
697 2945 804 2992 em
853 2922 1206 3003 vidissent,
1261 2923 1576 3013 protinus
1636 2923 2040 3003 adorabant,
2092 2923 2707 3013 amplectebantur,
2778 2939 2845 2995 et
2906 2925 3143 2995 omnia

612 3034 653 3082 a
686 3013 750 3081 ia
796 3011 1160 3092 faciebant,
1213 3034 1390 3099 quae
1439 3024 1601 3082 sunt
1632 3015 1834 3103 signa
1870 3012 2086 3081 animi
2136 3013 2303 3082 moti
2353 3012 2630 3082 laetitia.
2675 3014 2932 3084 Deinde
2979 3036 3138 3084 cum

612 3123 772 3171 eum
837 3122 1068 3170 secum
1120 3102 1700 3191 assumpsissent,
1780 3100 2268 3202 ingrediuntur
2331 3106 2644 3184 Romam,
2697 3114 2763 3171 et
2808 3103 2892 3172 ad
2945 3107 3141 3172 Prae-

613 3189 787 3260 torio
834 3189 1255 3259 Praefectum
1304 3189 1569 3260 ducunt
1632 3190 2136 3260 Cornelianum.
2201 3189 2323 3258 Ille
2370 3202 2639 3272 autem,
2703 3212 2861 3260 cum
2912 3195 3140 3281 Impe-

615 3293 799 3347 rator
845 3277 1225 3347 Antoninus
1286 3279 1787 3369 expeditionem
1851 3278 2265 3368 suscepisset
2310 3292 2547 3348 contra
2595 3280 2967 3361 barbaros,
3019 3279 3134 3367 qui

616 3365 932 3435 Rhenum
1008 3366 1443 3447 transierant,
1499 3379 1562 3437 et
1610 3372 2076 3437 Romanorum
2125 3388 2327 3457 agros
2389 3368 2926 3459 populabantur,
2979 3389 3128 3438 eum

617 3454 810 3524 ducit
868 3453 951 3523 ad
1026 3459 1400 3546 Augustam
1471 3457 1890 3526 Faustinam.
1944 3462 2156 3539 Quem
2221 3468 2585 3545 postquam
2651 3457 2766 3526 illa
2832 3455 3129 3547 adspexit

616 3542 788 3614 adeo
826 3542 1217 3625 honestum,
1270 3556 1335 3615 et
1383 3544 1875 3626 venerandum,
1927 3558 2006 3614 et·
2037 3545 2158 3631 qui
2204 3567 2552 3615 summam
2603 3544 3123 3616 moderationem

671 3654 787 3703 rae
835 3654 907 3702 se
953 3631 1209 3703 ferebat
1254 3645 1319 3703 et
1366 3633 1955 3722 tranquillitatem,
2007 3632 2335 3724 impletur
2381 3633 2664 3724 pudore,
2716 3646 2782 3704 et
2828 3657 2981 3706 eum
3026 3654 3129 3702 sa-

645 3733 793 3793 utat
840 3721 1239 3803 honorifice,
1295 3735 1390 3793 et:
1446 3746 1481 3789 «
1518 3723 1710 3807 Quod
1761 3723 1856 3793 sis
1903 3720 2065 3793 boni
2112 3723 2390 3810 quidem
2444 3723 2582 3804 Dei,
2626 3734 2691 3792 et
2749 3726 2872 3811 qui
2907 3721 3137 3795 omnia

616 3823 859 3904 potest,
913 3833 1173 3892 servuS,
1226 3811 1485 3899 inquit,
1550 3824 1651 3882 est
1711 3811 2025 3891 evidens,
2081 3827 2216 3882 tam
2257 3833 2336 3881 ex
2385 3811 2495 3893 iis,
2552 3832 2727 3898 quae
2774 3811 2894 3882 alii
2944 3810 3142 3883 multi

616 3901 839 3991 prim,
891 3911 956 3970 et
989 3921 1175 3971 nunc
1208 3900 1459 3970 reversi
1491 3900 1993 3971 renunciarunt
2032 3905 2133 3969 Ma
2189 3901 2455 3970 isti-iani
2493 3900 2774 4001 (etenim
2798 3902 2944 3992 jam
2975 3921 3142 3988 quo·

665 4011 752 4059 ue
799 4011 879 4059 ex
926 3989 1025 4059 eis
1074 3990 1396 4059 Faustina
1465 3990 1550 4059 de
1592 3989 1727 4059 .itto
1791 4003 2196 4081 acceperat.
2251 3994 2437 4081 Rogo
2505 3989 2752 4080 igitur,
2834 4003 2908 4062 ut
2967 3988 3148 4059 nihil

671 4078 919 4161 ifferaS,
974 4078 1093 4151 sed
1144 4077 1474 4149 beneficio
1513 4078 1774 4148 afficias
1822 4084 2295 4170 ImperatoreS‚
2348 4093 2411 4149 et
2444 4079 2783 4149 humilem
2837 4090 3146 4148 nostram

622 4189 848 4239 serves
902 4177 968 4238 et
1026 4189 1227 4239 cures
1273 4167 1584 4238 filiolam.
1648 4168 1757 4237 Sic
1803 4169 1986 4238 enim
2035 4191 2075 4237 a
2125 4168 2321 4238 nobis
2387 4168 2624 4259 magni
2687 4169 3012 4247 honores,
3085 4177 3154 4237 et

620 4255 801 4325 dona
852 4256 976 4325 tibi
1023 4256 1270 4327 collata
1318 4257 1611 4327 referent
1649 4256 1967 4348 gratiam.
2003 4280 2040 4323 »

711 4347 749 4433 ἓ
800 4350 943 4416 21.
997 4350 1178 4415 Haec
1240 4345 1363 4416 illa
1429 4367 1588 4416 cum
1651 4366 1903 4437 magna
1972 4344 2242 4416 dicebat
2305 4345 2680 4415 affectione.
2738 4349 2901 4414 Eam
2967 4342 3160 4412 enim

623 4433 940 4504 flectebat
1011 4446 1298 4504 naturae
1369 4435 1742 4507 necessitas
1770 4489 1785 4517 ,
1855 4445 1920 4504 et
1976 4433 2310 4517 faciebat,
2385 4446 2464 4505 ut
2531 4434 2719 4505 illius
2787 4431 3170 4525 postularet
