3347 4999
776 335 903 399 736
1553 351 1629 396 oa
1678 352 1732 395 s.
1790 349 2099 397 renaurto
2148 351 2336 397 usur.
2901 331 3053 397 Oct.
3094 334 3159 397 28

686 435 847 505 facit
878 457 1119 505 omnes
1166 449 1400 526 gemes
1433 434 1500 502 in
1540 434 2020 524 prostitutione
2062 456 2187 503 sua
2230 434 2285 503 ⁸.
2342 434 2736 504 Studiorum
2786 455 2939 523 ergo
2984 435 3159 504 varie·

690 537 840 605 tate,
879 525 1045 594 dum
1082 545 1209 593 suo
1240 545 1553 611 quaeque
1585 539 1917 594 cresceret
1953 523 2331 600 molimine,
2370 524 2689 613 princeps
2725 524 2930 612 hujus
2961 523 3157 591 mundi

692 615 1226 701 persequebatur
1273 614 1338 680 in
1377 613 1709 681 membris
1748 613 1894 681 suis
1928 613 2264 680 civitatem
2307 613 2442 680 Dei.
2497 612 2971 681 Aemulationis
3011 611 3156 679 enim

684 700 1044 771 diversitas
1091 701 1458 770 virtutibus
1507 713 1850 790 perpetem
1898 701 2293 770 cumvuiis
2375 702 2508 769 arit
2552 701 2980 770 conflictum:
3025 721 3160 785 quo·

690 790 871 859 niam
911 792 978 860 in
1015 789 1386 860 universali
1428 789 1656 859 furore
1692 790 2035 867 vitiorum,
2074 724 2413 879 generans
2447 811 2580 859 non
2623 790 2807 878 capit
2835 789 3160 857 constantia

688 880 1043 949 virtutum.
1095 884 1274 949 Haec
1324 879 1535 969 igitur
1579 877 1972 957 aemulatio,
2029 878 2195 946 haec
2238 879 2668 948 innocentiae
2714 878 3002 948 conditio
3042 899 3160 945 san—

684 979 871 1038 ctum
924 968 1331 1057 sanguinem
1382 990 1420 1036 a
1472 988 1699 1036 rerum
1740 979 1968 1036 manet
1999 967 2216 1035 initio.
2275 968 2575 1054 Denique
2624 966 3161 1067 protomartyr-ju·

687 1069 833 1126 stus
862 1056 1019 1126 Abel
1057 1079 1176 1147 per
1200 1057 1359 1125 Cain
1390 1054 1551 1125 mali
1611 1076 1774 1124 num
1813 1069 2128 1124 necatur:
2174 1056 2459 1124 Hebraei
2495 1055 2797 1124 Deicolae
2829 1055 2893 1123 in
2929 1054 3161 1123 tribula·

688 1145 892 1214 tionis
920 1145 1196 1214 camino
1223 1167 1347 1234 per
1376 1144 1536 1214 Chal
1593 1166 1750 1213 aeos
1774 1144 2277 1224 examinantur,
2318 1145 2443 1214 filii
2479 1144 2684 1214 lsrael
2708 1166 2838 1234 per
2861 1143 3161 1233 Aegyptios

684 1233 1128 1324 affliguntur:
1187 1255 1305 1324 per
1351 1246 1845 1323 apostatantem
1886 1232 2217 1322 populum
2273 1234 2538 1303 Domini
2592 1235 2956 1324 prophetae
2991 1229 3159 1300 saneti

691 1323 1238 1392 mortificantur:
1294 1322 1779 1391 cruentissimo
1844 1343 2089 1412 genere
2150 1324 2389 1392 mortis
2437 1344 2558 1411 per
2621 1322 3013 1391 Antiochum
3066 1324 3160 1387 Ma·

686 1411 971 1481 chabaei
1022 1411 1480 1481 trucidantur.
1535 1415 1612 1480 Et
1658 1411 1727 1479 hi
1778 1411 2054 1495 quidem
2108 1410 2439 1481 vocabulo
2480 1410 2594 1479 tali
2635 1413 2875 1479 merito
2907 1410 3160 1477 videntur

690 1501 1050 1588 insigniti,
1114 1501 1234 1588 qui
1281 1500 1654 1569 certamine
1706 1499 1860 1568 forti
1908 1522 2064 1569 cum
2115 1501 2399 1586 antiquo
2446 1513 2762 1589 serpente
2819 1495 3157 1588 congressi,

688 1589 1167 1678 gloriosissimi
1209 1602 1727 1677 reportaverunt
1758 1589 1886 1656 insi
1947 1588 2055 1656 nia
2109 1589 2464 1678 triumphi.
2520 1593 2595 1658 In
2632 1587 2767 1668 his,
2808 1600 2881 1656 ut
2915 1589 2997 1655 ita
3026 1584 3159 1653 dixe-

690 1679 845 1757 rim,
887 1677 1187 1767 primum
1223 1677 1502 1747 animus
1533 1677 1782 1745 enituit
1818 1679 1907 1745 mi
1944 1678 2099 1747 itiae
2132 1676 2575 1767 triumphalis
2606 1701 2620 1742 ε
2677 1676 2842 1763 quia
2875 1676 3018 1744 licet
3051 1684 3160 1742 ante

685 1789 802 1837 eos
848 1766 1173 1835 omnibus
1240 1787 1411 1855 pene
1466 1766 1727 1854 justis,
1805 1787 1928 1854 pro
1993 1765 2424 1835 rectitudinis
2481 1766 2624 1835 zelo
2681 1765 3159 1855 persecutionem

693 1857 935 1942 passis,
979 1860 1186 1924 Deum
1225 1867 1450 1923 tamen
1507 1875 1775 1944 negare,
1829 1868 1893 1924 et
1942 1853 2143 1923 idolis
2194 1853 2604 1924 manufactis
2654 1854 2977 1922 inservire
3018 1870 3162 1938 coge-

691 1945 891 2013 batur
921 1943 1181 2021 nullus,
1218 1945 1516 2034 exceptis
1549 1944 1783 2033 pueris
1811 1943 2051 2022 tribuS,
2089 1942 2386 2013 fornacis
2438 1965 2556 2033 per
2594 1943 3164 2035 Nabuchodonosor

691 2033 995 2122 probatis
1044 2032 1346 2120 ignibus.
1402 2033 1521 2103 His
1566 2054 1728 2122 ergo
1778 2045 1941 2101 tunc
1990 2053 2268 2112 novum,
2322 2043 2387 2100 et
2436 2045 2612 2100 retro
2652 2032 2908 2101 seculis
2952 2026 3163 2098 inaudi-

692 2136 861 2200 tum,
914 2121 1124 2211 digne
1152 2142 1553 2190 concessum
1594 2134 1697 2188 est
1733 2122 1859 2189 hoc
1895 2120 2210 2190 victoriae
2260 2142 2500 2209 genuS,
2537 2121 2737 2207 quasi
2764 2122 2908 2210 jam
2943 2121 3165 2214 instaret

692 2225 987 2298 tempuS,
1040 2231 1175 2297 quo
1225 2211 1496 2279 testium
1535 2210 1780 2279 Christi
1832 2209 2432 2279 victoriosissimus
2469 2210 2714 2278 horum
2757 2210 2909 2277 trita
2942 2205 3164 2293 vestigia

690 2313 1088 2384 sequeretur
1123 2299 1483 2368 exercitus.
1537 2300 1711 2366 Hinc
1760 2299 1936 2367 inter
1980 2312 2265 2366 cunctos
2319 2299 2560 2367 veteris
2599 2298 2998 2368 Testamenti
3031 2312 3164 2360 mar·

693 2402 898 2476 tyreS,
943 2386 1189 2455 horum
1225 2399 1487 2455 tantum
1524 2409 1681 2456 cum
1720 2387 2161 2477 Evangelicae
2202 2385 2356 2454 fidei
2395 2386 3008 2476 triumphatoribus
3034 2377 3161 2449 infra

692 2489 1164 2545 sacrosanctae
1210 2475 1498 2545 actionis
1566 2476 1886 2577 mysteria
1955 2487 2314 2545 veneratur
2367 2476 2745 2545 memoria:
2803 2489 2877 2546 ut
2924 2487 3161 2561 quorum

694 2587 818 2655 par
860 2564 1078 2633 extitit
1122 2564 1365 2653 agonis
1414 2575 1719 2644 materia,
1776 2586 2035 2655 parque
2083 2564 2385 2645 victoria,
2443 2565 2590 2656 pari
2640 2564 2974 2655 triumphi
3016 2561 3163 2629 deco·

694 2666 929 2723 rentur
959 2665 1024 2721 et
1056 2651 1298 2741 gloria.

778 2745 926 2829 §t
982 2746 1163 2810 Inter
1200 2742 1390 2821 haec,
1444 2741 1899 2823 dilectissimi,
1961 2741 2350 2811 dominator
2411 2742 2526 2810 ille
2583 2738 3162 2833 truculentissimus

693 2832 759 2898 in
811 2851 1015 2899 omne
1050 2830 1439 2899 mortalium
1478 2852 1697 2921 genus
1744 2830 1971 2899 adhuc
2039 2831 2386 2920 potestatis
2436 2852 2599 2899 suae
2648 2831 2830 2900 vires
2892 2834 3159 2898 exercuit.

694 2940 816 2988 nec
849 2918 993 2988 ullo
1026 2919 1498 3008 modojugum
1550 2919 1964 3008 captivitatis
2001 2921 2313 2988 excutere
2362 2918 2597 2997 valuit,
2650 2920 2772 3006 qui
2827 2920 3026 2988 libero
3057 2908 3165 3012 pol·

693 3009 840 3077 lens
886 3008 1191 3087 arbitri0,
1233 3008 1407 3077 hosti
1460 3028 1531 3076 se
1579 3021 1820 3097 sponte
1860 3028 1979 3098 per
2024 3028 2436 3077 consensum
2487 3007 2825 3076 subdidit.
2880 3012 3044 3085 Hoc,
3090 3020 3166 3067 ¹11·
3264 3030 3265 3043 ¹

689 3118 926 3183 quam,
974 3097 1054 3186 ju
1109 3118 1223 3165 um
1278 3096 1536 3166 ratione
1571 3096 1762 3165 nulla
1819 3107 2078 3185 poterat
2117 3096 2309 3177 solvi,
2364 3095 2580 3166 donec
2630 3117 2671 3165 a
2720 3096 2894 3166 facie
2937 3108 3164 3178 compu-

694 3198 1010 3254 tresceret
1041 3118 1171 3254 <fiet
1213 3186 1376 3274 (Ῑεα,
1430 3184 1520 3273 x).
1569 3184 1944 3255 Ineffabilis
1996 3185 2208 3341 izitur
2252 3185 2766 3275 dispensatione
2818 3182 3082 3275 pietatis,
3121 3184 3165 3243 et

695 3274 1176 3343 inenarrabilis
1215 3274 1433 3363 gratia
1462 3273 1872 3353 dilectionis,
1911 3273 1992 3342 ad
2311 3273 2323 3286 ‘

698 3367 870 3430 Deus
926 3366 1120 3430 Pater
1174 3383 1254 3431 ex
1294 3361 1602 3432 coelestis
1657 3362 1939 3431 militiae
1998 3362 2367 3431 virtutibus
2429 3362 2731 3444 nullum,
2802 3361 2914 3433 sed
2969 3357 3163 3428 Filium
3262 3426 3263 3449 χ

692 3471 896 3519 suum
953 3450 1137 3519 misit
1174 3451 1637 3540 Unigenitum,
1693 3463 1766 3520 ut
1812 3473 1891 3520 ex
1938 3472 2143 3520 carne
2199 3452 2501 3542 virginea
2550 3472 2830 3520 carnem
2883 3447 3161 3520 indueret,
3262 3476 3263 3525 2

690 3551 757 3606 et
793 3538 1027 3607 eadem
1079 3538 1298 3607 forma
1334 3539 1711 3626 eademque
1763 3541 2065 3620 materia,
2116 3561 2324 3627 quam
2369 3540 2641 3620 vicerat,
2688 3539 2947 3610 hostem
2985 3527 3167 3628 debel-

693 3628 883 3706 laret,
945 3627 1432 3715 hominemque
1483 3627 1776 3696 libertati
1891 3629 2170 3697 ristinae
2229 3628 2632 3698 restitueret.
2687 3630 2814 3698 Hic
2861 3623 3165 3715 aequitatis

693 3738 946 3807 magno
979 3716 1137 3802 jure
1168 3728 1234 3785 et
1279 3650 2000 3806 incomprehensibilis
2032 3739 2207 3806 opus
2238 3729 2383 3786 erat
2414 3731 2558 3785 arte
2592 3718 3002 3806 sapientiae:
3042 3724 3163 3797 quta

692 3804 872 3894 quod
928 3804 1087 3872 mali
1147 3827 1278 3873 nus
1311 3805 1425 3873 ille
1464 3805 1593 3873 sub
1617 3806 1801 3894 Juris
1851 3807 1958 3875 sui
1993 3805 2267 3894 jamdiu
2322 3805 2718 3896 possederat
2762 3805 3030 3881 ditione,
3062 3814 3161 3864 non

693 3894 916 3986 potuit
952 3915 1068 3995 per
1119 3915 1252 3974 ere,
1298 3895 1428 3964 nisi
1479 3894 1745 3967 eadem,
1780 3915 1986 3981 quam
2038 3895 2310 3973 vicerat,
2358 3901 2603 3964 natura
2645 3896 3037 3964 revincente.
3063 3885 3162 3954 ΗΟ·

696 3984 906 4053 minis
954 3994 1044 4052 lta
1098 4003 1182 4052 ue
1214 3982 1427 4052 factor
1473 3982 1679 4053 homo
1726 3982 1969 4062 factuS,
2022 3982 2093 4051 in
2153 3982 2349 4052 terris
2404 3983 2704 4073 virginea
2753 3982 2933 4052 suxit
2974 3976 3161 4068 uber&

699 4093 944 4162 regens
982 4071 1040 4141 si
1095 4092 1234 4151 era,
1290 4071 1488 4162 panis
1521 4072 1716 4140 vivus
1760 4072 2026 4152 esuriit,
2080 4070 2232 4141 fons
2280 4072 2454 4141 vitae
2499 4071 2733 4152 sitivit,
2803 4070 2914 4140 lux
2958 4066 3166 4135 dormi-

696 4161 833 4229 vit:
872 4159 960 4228 ab
1008 4161 1248 4231 itinere
1288 4161 1394 4230 via
1429 4160 1732 4250 fatigata,
1773 4159 1948 4228 falso
1981 4161 2225 4230 veritas
2254 4172 2355 4229 est
2388 4174 2703 4229 accusata
2735 4182 2749 4227 :
2774 4159 2978 4249 judex
3020 4151 3165 4218 vivo·

695 4269 849 4318 rum
886 4260 951 4318 et
993 4262 1414 4324 mortuorum
1449 4272 1487 4318 a
1541 4248 1808 4318 mortali
1849 4248 2226 4338 judicatur,
2270 4250 2357 4318 ab
2403 4248 2682 4337 injustis
2712 4246 2974 4338 justitia
3014 4238 3166 4340 ῥοῦν

697 4350 923 4417 natur,
967 4338 1186 4426 spinis
1234 4340 1469 4410 botrus
1508 4349 1898 4419 coronatur,
1933 4337 2455 4409 fundamentum
2500 4336 2960 4427 suspenditur,
2995 4335 3166 4397 Virtus

743 4460 772 4489 *
797 4461 855 4502 In
873 4462 1012 4512 Apoo.
1039 4471 1135 4503 xvn
1155 4464 1204 4506 et
1223 4472 1323 4504 xix.

2089 3295 2327 3343 umam
2375 3274 2914 3363 redemptionem
2950 3264 3165 3363 generis
