3347 4999
633 294 758 358 198
1296 311 1374 358 nn
1408 311 1499 358 ss
1538 309 1801 358 amcino
1841 311 1915 357 ετ
1963 309 2162 357 secus
2207 309 2323 356 uu.
2821 290 2993 357 OCT.
3052 292 3098 355 5

542 395 816 465 Domini
867 395 1082 464 nostri
1127 395 1290 464 Jesu
1340 395 1610 476 Christi,
1647 395 1852 484 cujus
1887 416 2135 463 nomen
2185 406 2250 464 et
2300 393 2514 463 virtus
2561 395 2970 483 permanent
3018 393 3098 462 in

539 484 796 565 secula,
850 484 972 570 qui
1018 496 1082 554 et
1130 484 1375 554 liberat
1421 506 1546 554 nos
1594 484 1682 554 ab
1731 485 1921 554 omni
1960 483 2141 553 malo
2192 503 2561 573 semper.»
2612 487 2921 569 Cumque
2953 481 3096 551 fra·

539 587 677 642 tres
722 573 877 660 ejas
915 585 980 641 et
1028 594 1219 642 soror
1266 573 1788 664 respondissent
1833 580 2069 651 Amen,
2130 593 2292 661 prae
2343 571 2558 640 nimia
2613 572 2714 641 ira
2761 571 3099 640 frendens

541 662 866 731 dentibus
906 663 1350 732 saevissimus
1383 663 1547 742 dux,
1584 664 1798 752 jussit
1844 684 1959 732 eos
2013 663 2261 730 iterum
2305 661 2738 750 gravissimis
2786 661 3100 731 fustibus

538 751 755 820 caedi.
812 757 965 819 Post
1015 751 1180 820 haec
1230 751 1694 841 impiissimus
1742 751 1883 820 dux
1933 751 2297 820 Mamucha
2345 764 2620 820 sanctos
2675 751 2786 818 Dei
2832 763 3099 838 marty-

538 862 671 921 reS,
725 839 1107 919 Placidum,
1162 840 1600 926 Eutychium,
1655 841 2079 909 Victorinum
2129 850 2196 909 et
2241 840 2580 929 virginem
2625 839 2926 908 Flaviam
2962 860 3098 909 suo

536 929 838 999 examini
879 928 1037 998 fecit
1085 930 1341 1009 assisti,
1389 951 1565 1016 quos
1615 927 1904 998 tumenti
1956 941 2250 1018 pectore,
2306 927 2478 998 facie
2526 927 2932 1008 furibunda,
2988 927 3096 995 vi-

538 1018 768 1088 branti
816 1020 1063 1109 capite,
1111 1018 1243 1088 ista
1290 1031 1391 1088 est
1429 1018 1816 1088 allocutus:
1856 1023 2228 1105 Quousque
2263 1016 2671 1106 insipientes
2704 1039 2822 1086 vos
2856 1029 3097 1086 nostra

538 1106 779 1177 tolerat
815 1107 1223 1176 clementia?
1264 1112 1517 1178 Hortor
1563 1121 1627 1175 et
1673 1127 2080 1176 commoneo
2128 1128 2245 1177 vos
2302 1106 2722 1176 Crucifixum
2786 1126 3087 1195 negare:

536 1197 646 1265 sin
695 1196 889 1275 alias,
944 1197 1280 1265 acerrima
1332 1208 1548 1266 morte
1599 1196 1933 1285 peribitis,
1992 1200 2285 1265 Sanctus
2325 1195 2652 1265 Placidus
2693 1195 3087 1285 respondit:

538 1307 574 1352 «
608 1289 659 1355 Ο
709 1284 1040 1367 infelices,
1092 1307 1305 1373 quare
1357 1285 1605 1355 mentis
1662 1299 1929 1354 vestrae
1972 1284 2210 1355 oculos
2271 1297 2420 1353 atra
2468 1286 2745 1354 orbatos
2785 1283 3090 1373 caligine

538 1396 675 1444 non
744 1374 1064 1445 exeritis‘l
1113 1374 1374 1445 Credite
1443 1375 1512 1442 in
1576 1374 1944 1444 Dominum
2015 1374 2261 1443 Jesum
2314 1371 2657 1444 Christum
2710 1388 3087 1443 creatorem

536 1463 707 1534 coeli
742 1477 808 1533 et
841 1475 1081 1544 terrae,
1120 1478 1184 1532 et
1217 1463 1539 1532 dimittite
1567 1462 1926 1532 diabolum
1975 1484 2179 1549 quem
2218 1462 2543 1542 adoratiS,
2581 1476 2646 1533 et
2685 1461 2935 1533 falsum
2973 1482 3093 1529 ve-

541 1566 763 1621 strum
813 1553 1216 1653 prophetam
1256 1551 1620 1639 relinquite
1646 1606 1661 1634 ,
1722 1550 1906 1638 quod
1942 1551 2000 1619 si
2036 1572 2168 1619 non
2212 1550 2555 1630 feceritis,
2601 1551 2785 1642 ignis
2817 1573 2935 1621 vos
2974 1571 3096 1619 ae-

538 1654 775 1728 ternus
808 1643 1191 1730 excipiet.»
1243 1640 1606 1710 Mamucha
1654 1662 1811 1709 vero
1865 1651 2016 1730 post
2066 1640 2232 1709 haec
2262 1663 2638 1711 conversus
2678 1641 2762 1711 ad
2809 1652 3087 1710 sanctos

537 1742 874 1819 martyres
930 1731 1374 1819 Eutychium,
1431 1729 1855 1799 Victorinum
1891 1742 1955 1797 et
1997 1729 2331 1819 virginem
2379 1730 2703 1807 Flaviam,
2774 1728 2946 1798 dixit
2999 1728 3090 1797 ad

537 1840 654 1887 eos
687 1842 701 1886 :
761 1821 996 1900 Dicite,
1031 1818 1341 1889 infelices
1373 1831 1438 1888 et
1478 1819 1752 1889 miseri:
1795 1817 2277 1904 derelinquitis
2307 1819 2749 1898 Crucifixum,
2786 1840 2873 1887 an
2924 1839 3088 1887 cum

535 1907 812 1977 Placido
860 1908 1218 1977 seductore
1270 1907 1491 1997 perire
1538 1907 1988 1977 decrevistis?
2037 1907 2267 1977 Sancti
2324 1922 2659 1996 martyres
2717 1908 3083 1977 dixerunt:

537 2020 573 2062 «
609 1997 756 2066 Jam
809 1997 1084 2087 saepius
1135 1996 1259 2066 tibi
1307 1996 1637 2078 diximuS,
1692 1997 1856 2084 quia
1924 1994 2117 2065 nullo
2179 2009 2376 2086 pacto
2432 1997 2764 2084 nullaque
2823 1996 3093 2065 ratione

538 2085 912 2155 Dominum
980 2098 1289 2155 nostrum
1353 2091 1593 2156 Jesum
1646 2086 1991 2155 Christum
2044 2083 2509 2172 relinquimus
2547 2140 2562 2165 ,
2616 2085 2876 2155 monita
2928 2106 3089 2153 vero

536 2186 785 2257 vestra,
841 2173 1049 2243 veluti
1100 2173 1321 2244 lutum
1372 2174 1555 2261 quod
1610 2174 1905 2265 pedibus
1953 2174 2450 2255 conculcatur,
2501 2175 3013 2244 abominamur.
3051 2198 3089 2239 »

535 2264 660 2332 His
699 2262 957 2332 auditis
1006 2263 1451 2333 saevissimus
1503 2264 1864 2332 Mamucha
1919 2262 2157 2331 nimiis
2204 2262 2407 2332 furiis
2458 2264 2785 2334 incitatus
2820 2318 2833 2338 .
2875 2263 3094 2351 jussit

535 2363 809 2421 sanctos
834 2352 946 2419 Dei
977 2364 1312 2442 martyres
1348 2351 1730 2432 Placidum,
1761 2350 2203 2440 Eutychium,
2237 2352 2661 2422 Victorinum
2688 2366 2754 2422 et
2784 2352 3128 2420 Flaviama

438 2473 441 2474 ⁷
537 2440 846 2511 strictius
897 2440 1121 2531 ligari,
1159 2453 1223 2511 et
1256 2464 1340 2512 su
1393 2463 1468 2511 er
1509 2442 1712 2511 tibias
1746 2463 1984 2511 eorum
2035 2441 2377 2511 anchoras
2418 2443 2704 2512 navium
2761 2441 2921 2531 poni
2953 2494 2968 2521 ‚
3021 2452 3092 2511 et

538 2551 749 2687 super
796 2530 1137 2600 anchoras
1186 2531 1326 2621 lapi
1379 2553 1451 2601 es
1501 2553 1791 2618 magnos
1833 2531 2255 2621 superponi,
2315 2544 2392 2600 ut
2441 2533 2568 2600 hoc
2617 2530 2849 2600 dolore
2896 2552 3090 2599 com-

534 2618 720 2707 pusi
783 2619 1129 2689 Christum
1194 2633 1543 2709 negarent.
1618 2618 1874 2709 Pagani
1939 2641 2094 2689 vero
2147 2621 2348 2709 jussa
2412 2619 2832 2708 iniquissimi
2885 2618 3089 2689 ducis

535 2708 994 2797 perficientes,
1042 2707 1485 2779 clamabant:
1539 2708 1681 2777 Nisi
1719 2730 1802 2777 ne
1853 2709 2129 2777 averitis
2161 2708 2505 2779 Christum
2544 2720 2841 2778 vestrum
2873 2712 3087 2777 Deum

532 2817 703 2875 esse,
743 2796 989 2866 acerba
1041 2810 1281 2876 morte,
1334 2799 1406 2866 in
1459 2796 1574 2866 tali
1629 2820 1811 2886 supp
1847 2797 1977 2866 icio
2026 2798 2721 2867 consummabimini.
2776 2801 3084 2883 Cumque

536 2884 647 2954 die
682 2887 831 2975 ipsa
879 2900 944 2956 et
990 2900 1184 2956 nocte
1233 2899 1369 2956 tota
1419 2886 1487 2955 in
1543 2899 1729 2955 tanto
1778 2886 2094 2955 cruciatu
2146 2886 2657 2974 perdurassent,
2693 2897 2759 2955 et
2805 2898 3089 2955 sanctus

534 2975 806 3043 Domini
857 2975 1179 3045 Placidus
1230 2975 1595 3066 psalleret,
1661 2986 1727 3044 et
1776 2996 1969 3043 soror
2039 2996 2117 3043 ac
2166 2974 2409 3044 fratres
2456 2976 2606 3065 ejus
2660 2987 2970 3055 orarent,
3023 2988 3091 3044 et

532 3068 667 3132 Deo
717 3065 974 3153 gratias
1023 3078 1327 3163 agerent,
1382 3064 1494 3133 die
1541 3062 1756 3132 altera
1805 3062 2245 3133 illucescente
2287 3065 2544 3155 Pagani
2592 3064 2678 3133 ad
2758 3069 3087 3152 Martyres

532 3153 785 3221 reversi
810 3166 998 3230 sunt,
1038 3152 1481 3240 videntesque
1512 3152 1668 3222 illos
1701 3152 2094 3222 immobiles
2126 3154 2197 3222 in
2235 3152 2372 3224 fide
2405 3154 2650 3224 Christi
2691 3154 3079 3243 persistere,

533 3239 894 3309 dicebant:
933 3247 1109 3310 Num
1162 3242 1354 3310 vobis
1402 3263 1691 3311 corneas
1741 3241 1995 3321 fibraS,
2046 3263 2213 3310 num
2270 3242 2582 3333 lapidosa
2632 3254 2904 3331 pectora
2958 3262 3085 3310 nu-

535 3328 738 3409 tritis,
776 3330 896 3415 qui
933 3328 1360 3400 salutaribus
1392 3330 1706 3400 consiliis
1739 3351 1872 3399 non
1906 3330 2391 3417 acquiescitis?
2438 3332 2781 3421 Respicite
2820 3351 3088 3399 vosme-

536 3417 775 3506 tipsos,
815 3431 880 3487 et
920 3416 1268 3487 Christum
1305 3424 1514 3488 Deum
1553 3440 1703 3488 esse
1739 3432 2004 3508 negate,
2043 3433 2108 3489 et
2140 3419 2467 3491 dabimus
2504 3420 2695 3490 vobis
2729 3441 2973 3489 aurum
3016 3432 3083 3486 et

530 3518 926 3596 argentum,
975 3505 1186 3596 pallia
1219 3506 1582 3587 deaurata,
1626 3521 1691 3578 et
1723 3507 1990 3597 lapides
2035 3509 2391 3598 pretiosos.
2434 3515 2726 3580 Sanctus
2762 3505 3080 3576 Placidus

535 3594 929 3684 respondit:
974 3618 1011 3661 «
1049 3600 1279 3682 Neque
1313 3618 1436 3686 pro
1466 3618 1660 3677 aur0‚
1703 3619 1927 3684 neque
1963 3620 2084 3684 pro
2128 3611 2451 3688 argento,
2510 3599 2652 3669 sive
2688 3619 2809 3688 pro
2850 3594 3082 3686 palliis

529 3683 902 3764 deauratis,
933 3697 1053 3753 aut
1076 3683 1429 3774 lapidibus
1462 3686 1804 3775 pretiosis,
1840 3699 2104 3755 vestrae
2132 3686 2387 3776 impiae
2424 3699 2489 3757 et
2578 3708 2885 3757 erversae
2918 3707 3084 3775 sug-

534 3774 829 3863 gestioni
869 3795 1232 3842 assensum
1270 3774 1597 3844 dabimus
1637 3788 1712 3844 ut
1747 3774 2089 3844 Christum
2131 3797 2487 3865 negemus.
2568 3776 2843 3846 ustitiae
2889 3796 3084 3842 nam-

532 3883 670 3949 que
718 3863 904 3952 rigor
948 3873 1014 3932 et
1063 3863 1366 3934 veritatis
1416 3864 1523 3932 via
1572 3864 1752 3932 flecti
1796 3885 1930 3934 non
1983 3864 2217 3942 novit,
2273 3864 2331 3934 si
2379 3864 2535 3935 sorti
2594 3877 2864 3955 pectore
2928 3864 3084 3933 reti·

533 3964 825 4020 netur.»
876 3950 1189 4041 Idipsum
1243 3953 1461 4023 sancti
1493 3953 1611 4022 Dei
1651 3953 2057 4042 Eutychius,
2095 3953 2487 4024 Victorinus
2523 3968 2588 4023 et
2620 3956 2817 4024 beata
2859 3951 3085 4022 Flavia

532 4039 726 4130 virgo
775 4038 1238 4111 affirmabant.

620 4130 657 4215 ξ
707 4134 851 4201 ²1.
904 4129 997 4198 Ad
1049 4130 1217 4199 haec
1265 4128 1592 4199 satellites
1642 4134 1932 4199 Satanae
1982 4130 2420 4201 vehementer
2466 4132 2649 4211 irati,
2700 4152 2843 4200 rem
2882 4140 3083 4219 prout

532 4231 680 4287 erat
726 4218 887 4287 duci
942 4240 1062 4308 per
1109 4218 1422 4288 ordinem
1479 4217 1818 4308 pandunt.
1874 4219 2330 4291 saevissimus
2361 4243 2519 4290 vero
2554 4219 2916 4290 Mamucha
2955 4230 3087 4288 ter-

533 4305 720 4375 ribili
770 4305 999 4376 furore
1048 4320 1112 4377 et
1153 4308 1256 4377 ira
1304 4329 1710 4388 succensuS,
1768 4307 2054 4377 dictavit
2100 4309 2538 4390 sententiam,
2600 4310 2872 4379 dicens:
2935 4306 3086 4376 Pla-

532 4395 796 4478 cidum,
843 4396 1289 4487 Eutychium,
1348 4390 1801 4478 Victorinum,
1871 4401 2197 4469 Faustum
2226 4452 2242 4479 ,
2284 4399 2661 4469 Firmatum
2712 4398 3084 4468 diaconum
