3347 4999
732 346 860 410 500
1520 361 1598 407 na
1646 362 1704 408 s.
1753 360 2045 408 aanwiaa
2093 356 2282 407 vinuA
2857 341 3031 408 OCT.
3087 344 3168 408 17

644 447 777 517 sibi
814 446 1165 526 inferebat,
1230 446 1432 514 etiam
1481 446 1819 533 quasdam
1880 444 2252 515 familiares
2331 444 2621 515 feminas
2673 446 3035 534 permovit,
3089 458 3170 515 ut

644 537 865 625 ipsam
924 537 1162 604 crebro
1211 555 1430 620 usque
1490 534 1574 602 ad
1633 535 1994 626 sanguinis
2041 534 2442 605 effusionem
2505 533 2953 624 flagellarent,
3006 556 3169 621 que-

645 622 1095 693 madmodum
1148 636 1379 712 postea
1427 622 1584 692 illae
1643 646 1802 693 cum
1856 622 2178 713 lacrymis
2225 623 2625 693 retulerunt.
2680 628 2934 712 Rogata
2981 623 3169 692 enim

643 712 1018 800 aliquando
1086 711 1367 781 domina
1432 712 1854 793 Demundis,
1906 734 2032 782 cur
2078 712 2307 793 fleret,
2380 711 2772 801 respondit:
2837 734 2873 777 «
2926 715 3003 779 Et
3049 713 3173 798 qui

644 802 921 872 tandem
966 801 1222 890 possim
1260 821 1393 871 non
1425 800 1607 880 flere,
1632 801 1909 888 quando
1936 821 2142 890 cogor
2172 800 2515 870 bominem
2547 799 2918 891 flagellare,
2949 799 3167 869 donec

643 904 966 980 erumpat
1013 890 1323 981 sanguiS,
1380 890 1444 958 in
1495 909 1632 976 qua
1688 910 1820 959 non
1880 890 2011 958 nisi
2059 911 2214 959 ossa
2262 901 2446 970 sunt,
2498 888 2692 957 arida
2739 901 2893 959 cute
2940 900 3174 959 conte·

642 982 866 1049 cta?»
921 978 1189 1048 Dicebat
1238 979 1362 1047 hoc
1420 978 1656 1064 utique
1703 977 1788 1046 de
1836 980 2029 1048 beata
2089 977 2312 1047 Hedwi
2368 999 2405 1046 e
2478 976 2756 1046 domina
2822 999 2986 1058 sua,
3054 980 3168 1047 cui

647 1088 920 1156 semper
966 1066 1504 1136 familiarissima
1535 1066 1685 1147 suit,
1725 1088 2036 1154 eamque,
2074 1066 2189 1135 illa
2234 1067 2312 1154 ju
2366 1078 2541 1147 ente,
2579 1064 2868 1157 flagellis
2899 1065 3167 1147 cecidit,

644 1155 854 1243 idque
903 1156 1269 1246 praecipue
1316 1156 1383 1222 in
1426 1155 1987 1244 Quadragesima,
2042 1156 2111 1224 in
2142 1160 2546 1225 Sanctorum
2597 1154 2884 1245 Vigiliis.
2923 1154 3170 1225 diebus

646 1248 955 1327 Quatuor
1000 1249 1409 1334 Temporum
1444 1298 1459 1324 ,
1511 1255 1575 1312 et
1637 1244 1843 1313 sextis
1918 1243 2107 1313 feriis
2172 1244 2259 1313 ob
2329 1243 2726 1314 memoriam
2780 1243 3174 1313 Dominicae

644 1333 1013 1402 Passionis.
1071 1338 1271 1402 Soror
1342 1353 1614 1419 quoque
1666 1333 1997 1412 Victoria,
2053 1331 2372 1401 monialis
2428 1332 2954 1411 Trebniciensis,
3027 1343 3170 1403 tum

638 1422 885 1512 jussiS,
924 1434 1066 1490 tum
1171 1420 1440 1490 recibus
1486 1421 1635 1510 ejus
1682 1421 2082 1511 compulsa.
2149 1421 2340 1490 illam
2387 1420 2704 1491 eumdem
2765 1422 2834 1489 in
2888 1420 3169 1490 modum

649 1509 1053 1599 saepissime
1142 1508 1481 1600 agellavit,
1521 1508 1622 1579 uti
1670 1523 1823 1597 post
1866 1510 2361 1580 examinatores
2409 1510 2495 1579 ab
2543 1510 2695 1597 ejus
2750 1530 2867 1580 ore
2912 1508 3171 1577 didice—

645 1611 831 1667 runt.
871 1604 971 1668 Ita
1020 1600 1349 1668 nimirum
1399 1597 1710 1667 coelestis
1760 1599 1923 1668 haec
1970 1598 2250 1679 colona,
2318 1611 2542 1667 mente
2588 1598 2658 1666 in
2715 1596 2925 1667 coelis
2972 1597 3170 1666 habi-

644 1701 824 1766 tans,
868 1687 1143 1758 cultura
1190 1686 1480 1776 spiritali
1527 1687 1758 1755 carnis
1811 1687 2101 1756 humum
2153 1686 2455 1774 quotidie
2509 1686 2721 1776 virgis
2776 1685 3165 1776 proscinde·

644 1775 786 1855 bat,
833 1775 1260 1845 solemnibus
1306 1774 1663 1844 dumtaxat
1694 1774 1939 1845 diebus
1986 1776 2303 1866 exceptis.
2337 1775 2459 1845 Sed
2512 1795 2729 1862 neque
2760 1774 2979 1845 morbi
3014 1795 3163 1843 eam

645 1876 1073 1945 revocarunt,
1115 1885 1252 1952 quo
1300 1864 1535 1933 minus
1566 1864 1768 1933 etiam
1816 1863 1993 1932 male
2020 1864 2252 1933 valens
2284 1886 2356 1934 se
2402 1865 2613 1954 virgis
2641 1864 2834 1933 caedi
2873 1863 3154 1953 juberet.

646 1957 726 2021 Et
776 1954 1122 2022 nitebatur
1168 1952 1287 2021 illa
1312 1951 1591 2039 quidem
1634 1952 2033 2023 hu'usmodi
2070 1952 2282 2023 duras
2327 1952 2633 2042 corporis
2664 1954 3161 2042 castigationes,

647 2062 819 2127 quas
866 2043 954 2111 ab
993 2042 1149 2110 aliis
1196 2041 1374 2110 clam
1409 2040 1540 2110 sibi
1589 2040 1735 2110 vole
1787 2054 1854 2110 at
1901 2041 2237 2122 adhiberi,
2275 2041 2576 2128 reliquos
2621 2042 2893 2129 penitus
2925 2040 3166 2119 celare,

652 2130 769 2198 sed
815 2143 1038 2199 tamen
1092 2130 1159 2199 id
1210 2129 1514 2198 obtinere
1548 2129 1696 2199 'non
1732 2130 1991 2220 potuit,
2031 2131 2427 2218 praesertim
2477 2129 2659 2217 quod
2710 2151 2903 2199 acres
2948 2129 3173 2218 virga-

652 2239 804 2285 rum
848 2217 947 2286 vel
1000 2218 1427 2308 flagellorum
1472 2219 1672 2299 ictus,
1736 2218 1969 2308 pedise
2020 2240 2263 2288 uarum
2315 2219 2489 2308 ejuS,
2541 2218 2707 2288 foris
2755 2217 3169 2307 praestolan-

649 2306 852 2385 tium,
893 2328 1093 2376 aures
1139 2305 1440 2375 ferirent.
1499 2310 1733 2394 Itaque
1796 2328 1919 2376 nec
2006 2328 2156 2377 ores
2202 2307 2566 2408 diligenter
2623 2306 2996 2387 obseratae,
3054 2327 3174 2374 nec

646 2393 965 2463 custodes
1011 2416 1187 2482 quae
1235 2392 1660 2476 sufficerent,
1715 2394 1852 2464 illis
1900 2397 2274 2487 appositae,
2330 2395 2397 2464 id
2447 2393 2712 2464 efficere
2776 2406 3169 2485 potuerunt,

646 2494 725 2551 ut
771 2482 852 2552 ad
895 2484 1258 2554 hominum
1310 2484 1616 2554 notitiam
1670 2505 1804 2553 non
1871 2486 2319 2573 pervenirent.
2374 2484 2501 2555 Sed
2549 2484 2711 2572 quia
2817 2485 3010 2554 aucis
3067 2505 3179 2553 ex·

648 2571 892 2660 plicari
932 2593 1065 2642 non
1118 2585 1356 2663 potest,
1420 2573 2003 2660 quemadmodum
2055 2574 2222 2644 haec
2278 2574 2523 2645 Christi
2574 2573 2759 2643 famu
2794 2596 2832 2643 a
2891 2594 3174 2643 carnem

649 2682 849 2730 suam
882 2662 1308 2731 continenter
1353 2661 1768 2731 crucifixerit
1800 2684 1957 2731 cum
2003 2663 2184 2732 vitiis
2216 2675 2281 2732 et
2311 2662 2917 2752 concupiscentiis,
2963 2661 3175 2730 verba

646 2748 969 2819 dominae
1014 2757 1242 2820 Annae
1292 2772 1510 2820 nurus
1555 2751 1730 2839 ejus,
1791 2763 1998 2840 caput
2044 2751 2172 2820 hoc
2241 2752 2323 2821 de
2370 2751 2732 2840 asperitate
2790 2751 2967 2819 vitae
3021 2751 3178 2839 ejus

647 2838 1038 2909 absolvent:
1074 2860 1151 2908 ea
1183 2840 1365 2907 enim
1411 2838 1637 2907 dicere
1689 2838 1983 2908 solebat:
2041 2862 2076 2904 «
2112 2841 2290 2910 Vitas
2343 2839 2713 2910 multorum
2765 2844 3176 2908 Sanctorum

647 2927 958 3018 cognitas
999 2927 1254 2996 habeo:
1320 2927 1432 2997 sed
1487 2949 1842 3016 nunquam
1894 2928 2262 3085 guicquam
2308 2929 2376 2996 in
2414 2928 2553 2997 illis
2601 2941 2737 2997 tarn
2787 2927 3042 2997 durum
3110 2938 3179 2994 et

645 3037 968 3105 asperum
1006 3017 1242 3118 didici,
1279 3016 1462 3103 quod
1498 3037 1631 3086 non
1685 3017 1752 3085 in
1797 3022 1893 3086 He
1944 3016 2113 3106 wige
2171 3031 2288 3086 aut
2338 3017 2581 3106 majus,
2628 3027 2745 3086 aut
2799 3014 3167 3085 consimile

647 3126 1135 3195 perspexerim.
1170 3128 1205 3170 »

734 3196 771 3278 ἓ
822 3198 979 3265 ²8.
1034 3195 1299 3263 Sciebat
1330 3192 1447 3262 illa
1482 3195 1705 3263 amica
1747 3193 1885 3274 Dei,
1924 3193 2300 3275 hominem,
2339 3192 2552 3263 donec
2603 3194 2671 3262 in
2718 3214 3000 3283 corpore
3041 3208 3174 3272 est,

695 3283 1071 3371 eregrinari
1109 3304 1149 3350 a
1208 3282 1511 3354 Domino.
1565 3288 1655 3352 Ne
1703 3282 1916 3373 igitur
1946 3282 2016 3351 in
2053 3283 2179 3352 boc
2225 3282 2463 3352 exsilio
2509 3294 2684 3352 esset
2730 3282 2880 3351 sine
2932 3303 3186 3352 conso-

676 3370 899 3438 atione
947 3370 1224 3450 divina,
1280 3371 1526 3461 spiritu
1584 3383 1649 3440 et
1714 3371 1946 3440 animo
2016 3392 2285 3462 semper
2330 3371 2706 3440 conabatur
2766 3393 2839 3441 se
2891 3371 3184 3441 Domino

644 3457 965 3527 exhibere
1014 3471 1461 3547 praesentem,
1514 3475 1579 3528 et
1624 3460 1878 3541 dilecti,
1934 3460 2128 3530 miris
2175 3460 2399 3529 modis
2429 3459 2872 3541 consolantis,
2897 3472 2974 3529 -et
3010 3480 3184 3528 cou—

648 3545 857 3615 solari
907 3546 1227 3628 scientiS,
1288 3548 1741 3631 praesentiam
1794 3561 1930 3618 toto
1992 3561 2259 3639 pectore
2306 3548 2730 3637 suspirabat,
2783 3561 2860 3617 ut
2906 3547 3187 3617 arcanis

644 3636 798 3724 ejus
826 3635 1165 3705 frueretur
1194 3635 1579 3722 colloquiis,
1614 3638 1869 3707 amoris
1895 3638 2314 3728 experiretur
2351 3637 2813 3716 dulcedinem,
2852 3636 3188 3706 salutaris

645 3725 908 3815 gratiae
957 3726 1289 3814 potiretur
1333 3725 1599 3806 effectu,
1652 3739 1719 3794 et
1770 3725 1997 3797 cordis
2046 3727 2272 3817 palato
2326 3725 2773 3795 admirandae
2820 3725 3189 3795 suavitatis

642 3812 799 3901 ejus
846 3826 1126 3905 gustum
1179 3813 1502 3884 hauriret.
1556 3813 1630 3882 Id
1668 3835 1847 3896 vem,
1892 3828 1969 3884 ut
2006 3830 2071 3885 et
2109 3816 2436 3884 secretius
2484 3827 2548 3883 et
2586 3814 2888 3902 quietius
2935 3813 3134 3884 fieret
3168 3869 3185 3894 ,

638 3904 1035 3990 certiusque
1081 3903 1212 3993 ipsi
1263 3904 1728 3991 contingeret,
1785 3918 2168 3993 temporum
2217 3917 2280 3973 et
2329 3903 2633 3974 locorum
2699 3903 3013 3993 captabat
3056 3924 3193 3992 op-

642 3992 1157 4079 portunitatem,
1212 3991 1678 4080 dilectumque
1727 4015 1934 4063 suum
1985 3992 2377 4080 inquirendi
2427 3993 2731 4062 diversos
2771 3992 2901 4061 sibi
2938 3989 3192 4060 modos

643 4081 1066 4150 instituebat.
1120 4086 1194 4148 Et
1232 4080 1395 4167 quia
1421 4081 1565 4169 jam
1610 4086 1791 4152 certa
1823 4082 2238 4172 experientia
2278 4081 2631 4160 didicerat,
2670 4093 2873 4151 omne
2907 4094 3194 4169 tempus

641 4181 881 4255 aptum
933 4190 1082 4238 esse
1129 4182 1193 4237 et
1239 4170 1764 4240 accommodum
1813 4171 1895 4238 ad
1945 4191 2101 4239 eum
2166 4169 2748 4260 perquirendum,
2801 4170 3194 4255 crebroque

643 4256 842 4325 illum
886 4280 1212 4346 apparere
1262 4259 1707 4350 vigilantibus
1744 4313 1758 4338 ‚
1811 4271 1875 4328 et
1922 4258 2150 4348 ipsum
2203 4260 2692 4347 quaerentibus
2755 4259 3055 4348 priorem
3110 4278 3196 4327 se

640 4345 897 4434 cupide
946 4346 1323 4430 ostendere,
1380 4347 1660 4436 prolixe,
1703 4346 2134 4427 utdiximus,
2190 4348 2472 4438 vigilare
2502 4347 2779 4428 solebat,
2839 4344 3196 4414 meditan-

639 4432 867 4522 doque
914 4449 978 4506 et
1026 4435 1285 4505 orando
1348 4437 1676 4526 perpetim
1746 4436 2132 4518 circuibat,
2199 4459 2532 4524 quaerens
2587 4457 2786 4524 quem
2848 4434 3198 4525 diligebat
