3347 4999
698 227 825 290 392
1334 242 1412 288 nn
1459 242 1513 288 s.
1570 240 1940 288 sanctisimo
1990 241 2237 287 nenmr.
2291 242 2389 287 ΕΡ.
2822 221 2995 287 OCT.
3059 223 3152 286 14-

609 341 851 409 terrae,
905 350 1122 398 omnes
1167 337 1393 416 flentes
1443 327 1727 394 servient
1788 327 1853 394 εἰ
1877 326 2088 410 (Psal.
2145 325 2280 415 74).
2336 330 2641 407 Quonam
2698 324 2896 394 modo
2944 325 3148 393 enim

608 417 796 487 verbi
833 418 1296 494 seminatoreS‚
1350 413 1503 483 licet
1548 413 2059 503 infatigabiliter
2091 414 2212 484 diu
2243 414 2592 484 sterilibus
2640 413 2944 503 gentium
2983 434 3152 482 cor-

611 505 816 575 dibus
864 528 1049 575 nunc
1098 503 1525 581 seminando,
1575 524 1758 571 nunc
1810 502 2204 593 plantandO,
2248 525 2431 571 nunc
2469 504 2520 570 ri
2576 502 2755 572 ando
2812 502 3154 572 insisten-

612 609 733 676 teS,
791 616 908 683 per
956 592 1356 692 semetipsos
1404 592 1902 661 incrementum
1954 591 2228 678 aliquod
2259 602 2536 678 extorqu
2587 604 2755 671 rent,
2813 590 2944 659 nisi
2983 590 3154 678 plu·

612 685 760 752 viae
810 682 997 752 illius
1045 683 1114 750 in
1155 680 1484 781 virginale
1540 680 1887 767 quondam
1947 680 2164 749 vellus
2212 679 2686 749 descendentis
2736 679 3144 758 stillicidia,

611 785 824 842 terras
881 769 1287 859 hujusmodi
1334 769 1617 840 coelitus
1668 769 2065 926 irrigando,
2139 768 2678 838 fructificarent?
2724 774 2917 849 Nam,
2977 779 3154 836 teste

612 860 956 950 Gregori0‚
1021 859 1150 927 nisi
1215 860 1399 928 intus
1448 856 1576 938 sit,
1630 858 1750 944 qui
1844 870 2076 939 oceat,
2133 878 2356 927 sermo
2411 857 2707 927 doctoris
2758 858 2824 925 in
2875 878 3148 925 vanum

611 950 907 1018 exterius
942 948 1223 1026 laborat;
1267 962 1329 1016 et
1362 968 1397 1014 e
1445 946 1787 1015 contrario
1837 945 2028 1014 nulla
2077 946 2145 1014 in
2198 946 2523 1015 discendo
2590 968 2777 1016 mora
2825 957 2949 1026 est,
3021 944 3152 1013 ubi

614 1038 908 1127 Spiritus
957 1042 1244 1105 Sanctus
1288 1035 1524 1104 doctor
1570 1035 1782 1103 adest.
1827 1034 1918 1103 Ad
1956 1035 2121 1103 haec
2158 1035 2533 1124 promissae
2580 1049 2770 1103 ortus
2796 1033 3144 1125 justitiae,

612 1127 936 1227 pacisque
1000 1147 1355 1211 nunquam
1407 1137 1629 1212 posset
1676 1123 2100 1192 abundantia
2149 1123 2462 1204 stabiliri,
2519 1124 2651 1192 nisi
2703 1146 2821 1214 per
2870 1123 3143 1221 ipsum,

611 1237 762 1304 ipso
797 1214 1157 1293 mediante,
1197 1214 1316 1300 qui
1365 1212 1550 1283 solus
1607 1226 1707 1281 est
1744 1212 2012 1301 justitia
2060 1224 2124 1280 et
2175 1235 2301 1301 pax
2359 1212 2545 1279 omni
2612 1212 2942 1281 credenti.
2997 1215 3150 1280 Hac

611 1303 809 1372 etiam
864 1318 1003 1372 arte
1052 1323 1213 1371 suos
1261 1322 1531 1389 semper
1581 1302 1871 1369 nuncios
1931 1301 2175 1371 Christi
2228 1300 2696 1370 misericordia
2750 1298 3142 1389 praevenit,

612 1393 709 1462 sic
758 1415 793 1458 a
838 1392 1008 1460 mari
1045 1413 1260 1475 usque
1300 1389 1380 1458 ad
1431 1412 1636 1470 mare,
1692 1402 1755 1458 et
1804 1412 1838 1458 a
1874 1389 2161 1458 ssumine
2194 1411 2412 1476 usque
2459 1389 2543 1457 ad
2589 1389 2916 1459 terminos
2947 1388 3147 1457 orbis

610 1493 972 1560 terrarum,
1031 1480 1194 1548 Filio
1233 1501 1360 1547 suo
1408 1478 1627 1547 eidem
1681 1499 1832 1547 vere
1881 1477 2167 1566 pacifico
2201 1477 2630 1547 dominatum
2686 1490 2876 1567 pater
2925 1489 3145 1545 aeter-

606 1591 741 1638 nus
775 1569 1067 1637 instituit
1107 1591 1183 1637 ac
1233 1567 1562 1646 dilatavit,
1619 1579 1682 1635 et
1728 1567 1814 1635 ab
1862 1579 2134 1647 aeterno
2183 1588 2401 1653 usque
2442 1567 2507 1634 in
2560 1580 2916 1636 aeternum
2976 1587 3145 1634 con-

603 1656 923 1725 firmavit.
978 1657 1097 1726 His
1194 1679 1267 1723 er
1314 1676 1690 1734 excessum,
1743 1655 2060 1741 quamvis
2110 1655 2517 1736 necessarm,
2568 1656 2865 1735 insertiS‚
2907 1654 3140 1724 denuo

605 1745 689 1815 ad
742 1746 919 1814 beati
972 1750 1143 1814 Burc
1174 1744 1370 1824 tardi,
1415 1766 1454 1812 a
1502 1766 1638 1830 quo
1685 1743 1976 1833 digressi
2027 1743 2386 1832 paululum
2438 1767 2706 1826 summ,
2777 1764 3143 1814 conversa·

606 1834 855 1904 tionem
910 1832 1428 1901 describendam
1474 1832 1724 1921 stylum
1770 1832 2220 1901 retrahamus.

691 1926 725 2010 ξ
774 1928 858 1995 4.
912 1923 1130 2011 Igitur
1167 1919 1419 1989 athleta
1468 1920 1737 2000 Christi,
1784 1921 2245 2001 Burchardus,
2295 1921 2669 2010 pubertatis
2719 1919 3008 1989 floridae
3041 1932 3141 2009 ty·

604 2011 866 2079 rocinio
908 2010 1051 2097 jam
1105 2009 1364 2078 fortiter
1395 2021 1628 2078 contra
1683 2022 2041 2098 potestates
2095 2012 2351 2089 aereas,
2397 2022 2460 2078 et
2494 2009 2824 2079 adversus
2885 2008 3136 2077 mundi

605 2112 899 2168 rectores
951 2098 1382 2167 tenebrarum
1436 2098 1720 2177 harum,
1777 2112 2148 2185 contraque
2199 2098 2590 2187 spirituales
2623 2097 2965 2184 nequitias
3021 2118 3141 2187 per

607 2187 1195 2257 mortificationem
1231 2186 1722 2265 membrorum,
1763 2209 1939 2272 quae
1964 2202 2125 2256 sunt
2152 2208 2361 2276 super
2391 2200 2664 2267 terram,
2702 2198 3129 2265 transcurso,

602 2275 671 2342 in
727 2275 1123 2363 hujusmodi
1180 2275 1589 2364 profectibus
1642 2297 2072 2362 nequaquam
2139 2296 2324 2344 more
2371 2274 2805 2362 quorundam
2856 2275 3138 2344 sibimet

603 2362 1050 2452 placentium,
1093 2365 1157 2431 in
1206 2386 1298 2443 se,
1352 2364 1467 2432 sed
1509 2365 1573 2431 in
1629 2365 1912 2432 Domino
1967 2362 2411 2453 gloriabatur,
2465 2364 2702 2433 dicens
2748 2386 2911 2432 cum
2961 2369 3136 2451 Apo-

603 2451 796 2533 stol0,
837 2453 1072 2523 Gratia
1117 2454 1233 2522 Dei
1264 2475 1411 2522 sum
1447 2454 1536 2533 id,
1579 2454 1754 2543 quod
1780 2476 1971 2522 sum:
2016 2452 2343 2540 itemque:
2379 2458 2520 2523 Non
2558 2475 2701 2554 eqo,
2753 2453 2868 2523 sed
2897 2455 3136 2542 ¹qratia

606 2543 723 2610 Dei
750 2564 1004 2610 mecum
1035 2542 1129 2629 (l.
1179 2547 1322 2612 Cor.
1358 2541 1487 2629 xv).
1551 2541 2041 2610 Ecclesiasticis
2089 2543 2374 2632 insuper
2421 2541 2752 2633 gradibus
2803 2543 3135 2611 canonice

600 2644 977 2719 promotuS,
1015 2632 1216 2698 etiam
1254 2631 1686 2699 ascensiones
1735 2630 1905 2698 alias
1945 2630 2009 2698 in
2046 2630 2248 2699 corde
2296 2652 2421 2700 suo
2481 2630 2846 2720 disposuit,
2891 2630 2957 2698 id
2998 2644 3127 2710 est,

597 2731 674 2787 ut
721 2718 803 2787 de
854 2720 1095 2787 virtute
1142 2720 1212 2786 in
1266 2721 1604 2797 virtutem,
1661 2718 1744 2787 de
1795 2719 1993 2789 bonis
2041 2720 2121 2787 ad
2187 2719 2467 2789 meliora
2517 2741 2787 2808 semper
2853 2719 3131 2808 provehi

595 2823 847 2964 posset,
895 2807 1220 2877 continua
1274 2808 1516 2875 mentis
1557 2806 1973 2876 revolutione
2027 2807 2335 2876 meditari
2385 2808 2628 2897 coepit.
2683 2806 2772 2877 Ad
2829 2807 2996 2876 haec
3045 2806 3130 2876 li-

644 2895 929 2965 eralium
982 2896 1334 2964 scientiam
1389 2896 1680 2976 artium,
1733 2896 2292 2986 compositionem
2356 2917 2663 2975 morum,
2727 2917 3129 2965 sermonum

595 2983 1016 3063 facundiam,
1070 2985 1377 3073 corporis
1424 2984 1859 3074 elegantiam,
1895 2997 2295 3071 caeteraque
2344 2985 2570 3054 Sancti
2620 2985 2917 3074 Spiritus
2961 2985 3127 3053 cha-

595 3072 876 3142 rismata
930 3073 1356 3162 perpendens
1421 3095 1552 3142 non
1605 3074 1753 3141 sine
1802 3095 2010 3144 causa
2072 3074 2491 3164 percepisse,
2556 3095 2857 3160 quonam
2921 3073 3127 3142 modo

599 3161 954 3250 potissime
995 3162 1317 3232 talentum
1356 3161 1485 3232 sibi
1537 3162 1872 3232 creditum
1908 3162 2312 3250 duplicaret,
2369 3162 2552 3232 horis
2601 3161 2929 3231 omnibus
2984 3183 3126 3230 nou

594 3249 883 3317 cessavit
912 3249 1198 3318 sollicite
1240 3264 1545 3331 tractare,
1586 3252 1809 3321 sciens
1842 3251 2103 3320 dictum
2138 3273 2176 3319 a
2216 3253 2531 3320 Domino:
2589 3253 2719 3322 Cui
2757 3253 2915 3340 plus
2947 3273 3125 3319 com-

593 3339 908 3417 mittitur,
950 3340 1106 3426 plus
1153 3340 1457 3426 roee‘yicur
1489 3341 1570 3407 ab
1618 3363 1690 3408 eo
1734 3339 1919 3429 (Luc.
1953 3338 2093 3427 xn).
2149 3345 2410 3408 Interea
2455 3340 2758 3440 pervenit
2796 3338 2880 3408 ad
2931 3360 3120 3419 eum,

595 3436 883 3524 cunctas
944 3428 1251 3514 Europae
1303 3437 1524 3514 partes
1554 3427 1700 3515 jam
1755 3444 2111 3516 pervagata
2154 3428 2335 3496 sama
2380 3428 2587 3508 iltius,
2652 3428 2852 3517 cujus
2903 3449 3130 3527 nuper

598 3525 1009 3581 mentionem
1073 3513 1397 3596 fecimus,
1452 3515 2040 3585 Archimandritae
2085 3515 2453 3596 Bonifacii‚
2513 3537 2801 3602 moxque
2871 3515 3122 3585 Christi

595 3601 775 3670 bono
813 3601 1109 3690 repletus
1142 3602 1368 3685 odore,
1422 3617 1485 3674 et
1531 3604 1697 3690 quia
1743 3628 1900 3675 cum
1955 3618 2190 3674 sancto
2238 3619 2541 3685 sanctus,
2579 3617 2644 3672 et
2698 3626 2854 3673 cum
2908 3603 3128 3674 electo

593 3689 849 3759 electus
895 3711 1041 3760 esse
1092 3692 1324 3782 possit,
1360 3694 1690 3774 confisus,
1740 3694 1907 3762 tanti
1940 3694 2064 3761 viri
2101 3693 2578 3782 praesentiam,
2619 3693 2790 3762 tanti
2824 3693 3128 3765 doctoris

593 3778 1014 3848 audientiam
1060 3781 1269 3862 sitire,
1309 3796 1372 3849 et
1406 3783 1489 3849 ad
1541 3792 1766 3850 tantae
1798 3782 2177 3851 sanctitatis
2210 3795 2410 3868 atque
2450 3781 2805 3872 dignitatis
2844 3803 3132 3850 conver·

592 3868 921 3937 sationem
977 3889 1108 3938 non
1179 3869 1436 3938 destitit
1496 3869 1813 3940 ardenter
1851 3870 2194 3940 anhelare.
2249 3871 2504 3940 Accidit
2560 3885 2786 3940 autem
2844 3869 3123 3954 divina,

592 3978 768 4043 quae
798 3957 1101 4046 disponit
1141 3957 1382 4026 omnia
1434 3959 1754 4041 suaviter,
1811 3959 2206 4048 providente
2232 3959 2591 4048 sapientia,
2640 3959 2804 4027 dum
2858 3959 2927 4026 in
2956 3981 3128 4048 agro

594 4046 949 4115 Dominico
1000 4048 1099 4114 vir
1148 4046 1325 4115 idem
1380 4046 1794 4128 Bonifacius,
1906 4069 1980 4116 er
2016 4048 2249 4118 omnia
2288 4048 2750 4139 Apostolicus,
2818 4047 2974 4116 totis
3008 4047 3124 4116 de·

590 4132 867 4202 sudaret
916 4133 1201 4214 viribuS‚
1262 4157 1453 4225 seges
1495 4136 1699 4205 etiam
1746 4070 1928 4205 verssi
1979 4137 2093 4206 Dei
2145 4137 2426 4206 multam
2484 4136 2628 4238 jam
2700 4135 2767 4203 in
2827 4157 3126 4207 messem

588 4235 940 4300 cresceret,
1003 4245 1410 4310 praecavens
1461 4223 1891 4294 venerandus
1917 4226 2140 4305 her05,
2182 4247 2265 4293 ne
2309 4239 2613 4312 paucitas
2645 4225 3125 4314 operariorum

588 4309 854 4379 fervens
892 4332 1068 4400 opus
1109 4311 1494 4401 impediret,
1529 4324 1604 4382 ut
1648 4314 2097 4404 quamplures
2127 4325 2597 4403 cooperatores
2625 4336 2664 4382 a
2704 4335 2831 4383 sua
2872 4314 3125 4403 patria,
