3347 4999
690 272 817 336 740
1464 288 1541 333 na
1589 288 1644 335 s.
1701 286 2008 333 ranauno
2056 286 2245 334 nar.
2814 268 2993 334 OCT.
3044 268 3129 332 28

601 372 920 453 afficitur,
973 384 1048 442 ut
1112 371 1290 441 verbi
1356 370 1568 440 divini
1645 369 1899 460 pabulo
1954 369 2255 439 satietur.
2312 374 2388 439 Et
2441 369 2554 439 hic
2610 368 2889 458 quidem
2943 371 3131 439 senis

607 462 983 541 mensibus,
1020 461 1217 546 quasi
1253 482 1365 529 sex
1415 458 1624 530 seculi
1665 460 1871 549 hujus
1919 458 2292 539 aetatibu3‚
2346 459 2554 528 variis
2602 458 3127 528 tribulationum

605 549 943 640 pressuris
982 549 1433 630 examinatuS,
1491 570 1724 618 mense
1772 548 2085 636 septim0,
2142 547 2322 617 velut
2367 562 2582 616 aetate
2630 548 2923 638 septima
2963 570 3126 616 cum

604 639 847 709 Electis
893 637 1219 707 omnibus
1292 636 1732 724 requietionis
1792 636 2152 706 sabbatum
2192 635 2489 706 celebrat
2537 635 2839 716 festivus,
2893 658 3133 724 exspe-

603 741 796 798 ctans
830 725 1113 795 feliciter
1157 740 1490 805 octavam,
1547 725 2045 795 solemnitatem
2100 724 2357 794 scilicet
2393 726 2908 795 resurrectionis
2957 724 3133 794 cele·

606 817 998 895 berrimam,
1053 836 1211 884 cum
1261 814 1609 905 corruptio
1671 814 2046 885 mutabitur
2107 813 2641 903 incorruptione,
2711 813 3136 901 mortaleque

605 905 925 975 vestietur
960 903 1464 973 immortalitate
1493 910 1583 987 (l.
1626 908 1771 974 Cor.
1803 901 1934 1003 xv);
1979 925 2138 971 cum
2170 902 2559 973 Jerusalem
2613 901 2927 972 coelestis
2960 903 3136 972 civis

603 994 918 1072 effectuS,
972 997 1236 1082 Agnum
1287 1013 1724 1080 quocumque
1773 995 1945 1070 ierit,
2004 991 2444 1061 comitabitur
2486 991 2716 1091 (Apoc.
2753 991 2914 1080 nv);
2967 1013 3131 1061 cum

604 1081 964 1173 spiritibus
1010 1077 1351 1170 Angelicis
1399 1080 1719 1159 sociatus,
1761 1079 2334 1169 contemplatione
2382 1079 2615 1149 divina
2663 1081 3054 1152 satiabitur.

699 1178 737 1254 ἓ,
785 1174 930 1241 ¹8.
985 1169 1106 1238 Sed
1160 1167 1327 1238 forte
1396 1169 1751 1256 quaeritur
1796 1169 1882 1237 ab
1939 1167 2217 1255 aliquo,
2270 1190 2396 1238 cur
2457 1172 2746 1240 Sanctus
2795 1168 2908 1238 hic
2959 1169 3141 1238 inter

611 1265 934 1348 Martyres
996 1256 1283 1326 solemni
1350 1257 1772 1347 glorificetur
1817 1255 2040 1326 officio
2078 1312 2093 1337 ,
2147 1279 2305 1326 cum
2358 1257 2766 1347 sanguinem
2819 1280 2956 1328 non
3033 1259 3138 1327 fu·

606 1348 782 1417 derit
826 1369 946 1436 pro
997 1345 1329 1416 Domino?
1375 1347 1549 1416 Huic
1596 1360 1824 1415 autem
1886 1345 2109 1415 facilis
2155 1345 2477 1436 objicitur
2523 1367 2561 1414 a
2608 1367 2775 1415 sano
2824 1347 3135 1436 sapiente

613 1435 987 1526 responsiO,
1030 1434 1193 1522 quia
1244 1434 1642 1518 martyrium
1686 1433 1830 1504 sola
1872 1435 2233 1522 sanguinis
2283 1456 2415 1504 non
2459 1432 2621 1504 facit
2664 1435 2911 1505 effusio
2942 1490 2957 1517 ‚
3000 1457 3132 1504 non

607 1525 808 1594 etiam
861 1523 1003 1594 sola
1045 1522 1273 1592 carnis
1322 1523 1597 1593 afflictio
1627 1577 1641 1604 ,
1698 1521 1814 1592 sed
1863 1536 1926 1592 et
1977 1522 2221 1591 mundi
2268 1523 2497 1592 cordis
2545 1524 2890 1604 contritiO,
2946 1525 3140 1594 salu-

611 1614 909 1701 tarisque
956 1611 1242 1703 spiritus
1283 1611 1693 1682 humiliatio
1725 1616 1949 1698 Neque
1980 1611 2163 1680 enim
2204 1612 2490 1680 minoris
2526 1611 2709 1700 apud
2747 1616 2958 1682 Deum
3002 1635 3141 1682 me·

616 1702 747 1781 riti,
801 1700 1586 1788 squaloris·carcerarii,
1636 1700 2097 1780 tenebrarum,
2155 1699 2583 1770 vinculorum
2624 1754 2638 1781 ,
2687 1700 3134 1781 solitudinis,

611 1791 987 1883 longaeque
1033 1788 1237 1859 famis
1287 1811 1550 1859 morosa
1599 1787 1937 1858 credenda
1970 1801 2072 1858 est
2116 1789 2550 1870 excruciatio,
2631 1811 2789 1859 uam
2826 1811 3139 1860 momen-

612 1894 807 1949 tanea
861 1878 1105 1968 capitis
1146 1876 1597 1948 obtruncatio.
1656 1882 1783 1946 Nec
1832 1876 2290 1947 dubitandum
2345 1900 2493 1947 reor
2524 1882 2601 1947 At
2657 1875 2855 1946 letam
2886 1878 3137 1947 Christi

609 1967 1271 2046 constantissimum,
1325 1967 1442 2054 qui
1484 1967 1551 2035 in
1590 1966 1699 2035 his
1736 1966 2088 2035 tormentis
2129 1967 2444 2054 spiritum
2496 1966 2708 2056 gessit
2766 1967 3137 2037 invictissi-

615 2079 802 2126 mum
841 2111 856 2136 ,
910 2054 1206 2125 cervices
1255 2069 1496 2145 sponte
1557 2054 1865 2124 carnifici
1918 2054 2385 2144 praebiturum
2421 2110 2436 2136 ,
2504 2055 2563 2123 si
2611 2055 2710 2123 sic
2751 2054 3141 2142 iniquitatis

612 2145 986 2214 dictaretur
1009 2142 1395 2231 judicium.
1463 2144 1952 2231 Iniquissimus
1988 2156 2215 2212 autem
2257 2142 2470 2232 Judex
2521 2142 2764 2213 maluit
2810 2143 3001 2214 hunc
3067 2147 3137 2214 in

619 2233 855 2322 poenis
894 2232 1177 2312 differri,
1232 2254 1518 2320 sperans
1562 2233 1713 2323 ejus
1765 2230 1859 2300 vel
1899 2230 2074 2300 same
2108 2232 2562 2302 constantiam
2590 2232 2813 2301 flecti:
2843 2234 2963 2320 qui
3002 2255 3138 2302 non

613 2333 1102 2411 expavesceret,
1169 2318 1476 2391 fortassis
1524 2335 1749 2390 autem
1800 2332 2084 2410 optaret,
2142 2341 2262 2408 pro
2311 2320 2574 2390 Christo
2620 2320 2853 2410 gladio
2907 2321 3134 2411 plecti.

615 2415 866 2501 Martyr
911 2431 1072 2499 ergo
1132 2407 1339 2499 digne
1390 2408 1865 2499 praedicatur,
1939 2409 2113 2477 inter
2168 2414 2491 2498 Martyres
2543 2412 2781 2478 merito
2839 2409 3138 2489 colssur,

612 2521 815 2587 quem
866 2499 992 2569 etsi
1041 2496 1402 2588 sanguinis
1453 2499 1763 2589 purpura
1798 2520 1930 2567 non
1975 2513 2309 2579 venustat,
2358 2498 2684 2568 virtutum
2739 2512 2969 2569 tamen
3008 2516 3141 2571 tor-

618 2600 1138 2675 mentorumque
1188 2588 1662 2657 venustissime
1711 2600 1907 2655 ornat
1958 2586 2264 2656 varietas.
2314 2587 2536 2675 HuJus
2581 2609 2743 2677 ergo
2799 2589 2934 2659 Viri
2987 2589 3144 2659 bea-

617 2677 858 2746 tissimi
911 2697 1162 2766 corpus
1205 2677 1554 2765 presbyter
1592 2674 1963 2765 Eugenius,
1994 2676 2340 2745 adnitente
2389 2677 2816 2766 Berengario‚
2863 2682 3145 2747 summa

612 2788 771 2835 cum
809 2765 1163 2855 diligentia
1197 2764 1582 2847 collectum,
1634 2764 1913 2834 castello
1960 2763 2348 2847 tumulavit,
2393 2763 2804 2852 titulumque
2853 2788 3142 2836 causam

614 2854 1014 2924 summatim
1089 2852 1378 2942 perstrin
1432 2865 1653 2922 entem
1704 2851 2129 2941 composuit.
2184 2875 2470 2943 sperans
2521 2854 2587 2923 in
2640 2857 3148 2925 resurrectione

615 2965 688 3012 se
734 2965 894 3013 cum
943 2964 1022 3012 eo
1070 2955 1329 3033 partem
1429 2942 1804 3022 abiturum,
1852 2963 2054 3029 quem
2099 2941 2553 3014 humanitatis
2598 2944 2952 3030 obsequiis
2993 2966 3150 3034 pro·

615 3044 893 3103 secutus
939 3042 1040 3100 est
1091 3030 1189 3101 vel
1235 3029 1662 3100 defunctum.

703 3122 740 3207 ἓ
787 3122 927 3193 u.
981 3118 1084 3188 Ibi
1132 3118 1427 3207 denique
1487 3118 1791 3187 membra
1847 3118 2335 3200 sacratissima,
2393 3118 2744 3190 beneficiis
2807 3119 3150 3192 divinitus

613 3209 960 3289 comitata,
1014 3231 1054 3277 a
1101 3208 1367 3278 civibus
1414 3207 1864 3295 frequentata,
1908 3229 2127 3294 usque
2167 3206 2250 3277 ad
2292 3208 2468 3278 Lulli
2502 3209 2533 3239 ¹*
2566 3209 2980 3279 venerabilis
3031 3234 3120 3301 pa

613 3297 810 3367 cifice
867 3296 1273 3384 quieverunt
1338 3295 1779 3386 pontificatus
1829 3308 2180 3384 tempora,
2276 3297 2349 3366 ui
2421 3309 2573 3385 post
2620 3298 3169 3369 sanctissimum

618 3390 974 3473 Martyrem
999 3397 1200 3471 atque
1237 3385 1625 3475 pontificem
1654 3383 2109 3466 Bonifacium‚
2150 3407 2222 3454 se
2279 3386 2334 3456 is
2369 3386 2944 3475 Moguntiacensis
2980 3402 3154 3458 stre-

619 3495 755 3544 nue
797 3473 964 3543 rexit
1007 3472 1362 3564 populum.
1405 3473 1529 3544 Hic
1563 3473 1792 3559 itaque
1841 3472 2383 3563 praedecessoris
2429 3489 2633 3560 atque
2673 3476 2987 3565 magistri
3038 3477 3151 3545 sni

614 3584 871 3650 sequax
901 3561 1242 3652 egregius,
1281 3585 1438 3632 cum
1471 3584 1590 3653 per
1627 3562 1812 3633 sedis
1844 3584 2008 3632 suae
2036 3560 2404 3632 dioecesim
2444 3561 2771 3633 ecclesias
2792 3577 3151 3635 construe·

614 3664 738 3732 ret,
785 3650 1193 3721 monasteria
1226 3649 1567 3731 fundaret,
1625 3672 2052 3742 regnumque
2098 3656 2516 3722 Francorum
2569 3651 2994 3723 Christianae
3045 3675 3149 3723 re-

614 3740 893 3833 ligionis
940 3739 1131 3810 cultu
1178 3739 1379 3829 longe
1428 3739 1693 3826 lateque
1742 3739 2152 3819 nobilitaret,
2206 3740 2534 3828 reliquias
2582 3742 2801 3810 sancti
2853 3742 3143 3811 Ferrutii

613 3831 686 3899 in
737 3831 1156 3900 Laetantium
1201 3829 1427 3900 locum
1474 3827 1542 3860 *⁸
1583 3829 1952 3908 transtulit,
2017 3834 2283 3915 Deoque
2336 3829 2465 3899 sub
2511 3829 2933 3900 coenobialis
2980 3852 3135 3899 nor-

616 3941 769 3989 mae
806 3918 1174 4008 disciplina
1227 3917 1594 3987 militantes
1641 3917 1951 3987 adunare
1997 3919 2285 3998 curavit,
2333 3917 2583 4007 spiritu
2628 3917 2984 4000 ferventes,
3016 3939 3141 4008 spe

614 4007 1014 4108 gaudentes
1070 4007 1372 4097 idipsum
1424 4007 1712 4076 invicem
1766 4007 2155 4087 sentientes,
2190 4007 2458 4077 animas
2485 4030 2649 4077 suas
2683 4008 3145 4078 castificantes

619 4117 688 4164 ιη
736 4096 1125 4168 obedientia
1168 4095 1543 4176 charitatiS,
1579 4095 1647 4165 in
1691 4116 1923 4165 amore
1955 4094 2420 4167 fraternitatis.
2457 4097 2624 4166 Boni
2667 4119 2821 4167 vero
2861 4098 3149 4188 pastoris

672 4294 699 4319 ¹·
727 4294 791 4333 De
811 4294 856 4333 8.
875 4291 1028 4339 Lullo,
1045 4290 1152 4332 vide
1171 4294 1391 4341 superius
1409 4294 1457 4333 tn
1476 4294 1564 4333 hoc
1584 4295 1689 4342 ipso
1708 4293 1950 4334 volumina
1981 4304 2086 4346 pag.
2107 4296 2199 4334 479.

673 4345 727 4373 ·*
758 4347 840 4385 Hic
874 4343 1004 4387 locus
1036 4351 1234 4386 vocatur
1262 4357 1386 4387 nunc
1422 4348 1729 4387 Bletdenomde.
1766 4348 2048 4389 coenobium
2080 4358 2206 4393 vero,
2225 4344 2291 4387 tbi
2313 4356 2344 4388 a
2363 4347 2407 4388 S.
2429 4347 2569 4388 Lullo
2605 4343 2918 4398 aedificotmn,
2939 4349 2992 4389 tn
3012 4348 3156 4389 cmo-

617 4399 833 4439 nieorum
850 4400 1135 4450 capitulum,
1153 4401 1327 4442 seculis
1345 4401 1704 4453 posterioribus,
1723 4410 2005 4444 conversum
2022 4398 2127 4443 ruit.
