3347 4999
750 312 879 376 468
1431 326 1507 372 nn
1554 326 1610 372 s.
1664 325 1861 372 catto
1908 325 2049 373 aaa.
2104 326 2177 373 ετ
2225 323 2411 373 conr.
2875 306 3050 371 OCT.
3118 307 3208 371 to

663 418 1281 496 consummatoque
1315 430 1550 479 sacrae
1600 409 2050 499 promotionis
2101 410 2515 489 ministeriO,
2570 422 2978 499 rogaverunt
3023 431 3208 479 eum

663 499 981 571 sacrificii
1032 497 1352 567 salutaris
1401 498 1744 569 celebrare
1811 499 2158 588 mysteria.
2220 497 2619 567 Praemissis
2664 519 2825 587 ergo
2870 518 2951 567 ex
2999 518 3209 567 more

664 589 935 659 divinae
970 587 1316 657 libationis
1364 587 1601 665 initiis,
1649 598 1800 676 post
1848 588 2205 658 lectionem
2245 586 2591 677 Evangelii
2641 599 3047 674 rogaverunt
3083 608 3210 655 ve-

665 676 1038 747 nerabilem
1075 675 1372 756 Gallum,
1427 688 1503 745 ut
1552 675 2003 756 multitudini,
2056 697 2233 762 quae
2280 675 2536 755 aderat,
2595 675 2777 745 verbi
2812 673 3033 745 officio
3085 696 3209 743 sa-

662 788 817 836 crae
867 764 1339 835 instructionis
1391 764 1723 855 pabulum
1805 765 2245 835 ministraret.
2299 764 2470 847 Qui,
2523 777 2879 853 assumpto
2923 768 3206 833 Joanne

665 856 1023 946 Episcopo,
1080 852 1372 954 gradum
1423 852 1752 933 ascendit,
1812 875 1889 922 eo
1939 852 2249 922 videlicet
2298 866 2518 942 pacto,
2580 865 2655 920 ut
2702 853 2848 940 ipse
2906 850 3205 951 ‘uidem

665 943 1162 1013 aedificationis
1194 944 1650 1011 instrumenta
1683 941 2052 1032 colligeret,
2090 943 2469 1031 Episcopus
2507 962 2662 1009 vero
2696 940 2781 1009 ad
2823 953 2921 1008 uti
2958 951 3207 1010 itatem

667 1032 1116 1102 barbarorum
1156 1031 1326 1100 bene
1367 1030 1629 1120 prolata
1662 1030 2171 1120 interpretando
2202 1028 2731 1100 transfunderet.
2769 1028 2997 1117 Coepit
3025 1050 3207 1118 ergo

665 1121 948 1191 verbum
999 1120 1216 1189 facere
1254 1118 1339 1187 de
1387 1120 1582 1189 initio
1620 1131 2114 1199 creaturarum,
2151 1132 2217 1188 et
2264 1119 2440 1188 Adae
2468 1130 2847 1207 peccatum,
2905 1138 3022 1206 pro
3047 1139 3203 1204 quo

668 1207 1005 1298 depulsus
1037 1221 1136 1279 est
1185 1207 1269 1276 de
1315 1207 1660 1364 paradis0,
1714 1229 2272 1277 commemorare.
2326 1206 2689 1277 Transiens
2737 1205 2897 1275 inde
2945 1205 3031 1275 ad
3084 1205 3208 1274 di-

667 1298 956 1377 luvium,
1016 1297 1307 1388 patriarc
1339 1318 1557 1366 iarum
1593 1308 2086 1383 consequenter
2112 1308 2417 1386 tempora
2453 1295 2842 1385 perstrinxit
2874 1306 2938 1364 et
2968 1306 3199 1363 actus.

667 1392 1031 1477 Egressum
1081 1406 1352 1473 quoque
1405 1384 1704 1455 filiorum
1765 1385 1972 1454 Israel
2013 1384 2098 1454 de
2146 1390 2482 1475 Aegypto,
2533 1395 2598 1453 et
2644 1384 3005 1454 transitum
3076 1404 3209 1472 per

668 1496 854 1544 mare
887 1474 1224 1553 Rubrum,
1262 1472 1567 1564 legisque
1598 1472 1916 1542 lationem
2000 1495 2075 1542 er
2122 1479 2420 1564 Moysen,
2457 1486 2522 1542 et
2544 1471 2854 1543 coelestis
2883 1470 3204 1541 alimenti

669 1563 1001 1633 miracula
1043 1562 1418 1652 replicavit.
1457 1567 1720 1651 Regum
1762 1561 1917 1631 dein
1974 1585 2009 1631 e
2056 1563 2526 1632 successiones
2555 1573 2619 1630 et
2667 1575 2973 1650 tempora
3034 1582 3202 1650 pro-

672 1652 1033 1742 phetarum
1083 1651 1374 1722 breviter
1420 1652 1787 1740 attingenS,
1819 1650 2149 1721 adventus
2201 1650 2533 1720 Dominici
2568 1662 2696 1719 tem
2753 1672 2837 1719 us
2874 1650 3195 1719 retexuit.

669 1741 1096 1831 Baptismum
1157 1740 1361 1838 etiam
1413 1738 1819 1820 SalvatoriS‚
1871 1752 1936 1809 et
1984 1738 2405 1809 mirabilium
2458 1739 2611 1827 ejus
2661 1738 2952 1826 goriam
3006 1759 3197 1807 com·

668 1851 1080 1909 memorans,
1134 1834 1366 1899 Cruc1s
1419 1828 1869 1918 ignominiam
1926 1850 2083 1898 cum
2141 1827 2375 1917 impiis
2424 1828 2947 1897 insectationum
2990 1847 3202 1917 gene-

669 1919 861 1989 ribus
893 1917 1114 1987 veraci
1158 1916 1480 1986 relatione
1514 1916 1896 2003 subjunxit.
1949 1922 2127 1986 Haec
2164 1916 2523 1985 audientes
2562 1915 2904 1986 Ecclesiae
2971 1928 3199 2004 pasto-

668 2028 799 2085 res,
852 2028 1011 2075 cum
1083 2004 1319 2096 populi
1385 2004 1827 2075 multitudine
1899 2005 2238 2093 lacrymas
2285 2004 2611 2074 fuderunt
2657 2004 3070 2083 uberrimaS‚
3123 2016 3191 2072 et

667 2094 752 2164 ad
786 2093 1072 2163 invicem
1115 2094 1473 2163 dixerunt:
1513 2099 1675 2162 Vere
1709 2093 2003 2182 Spiritus
2052 2098 2340 2163 Sanctus
2390 2094 2656 2164 locutus
2701 2105 2803 2162 est
2836 2091 3036 2161 hodie
3071 2113 3195 2180 per

668 2205 745 2254 os
794 2182 920 2250 viri
970 2181 1188 2253 istius.
1235 2181 1355 2251 Ille
1404 2204 1559 2251 vero
1602 2182 2169 2270 praedicationem
2213 2182 2527 2271 perduxit
2575 2203 2792 2268 usque
2830 2180 2919 2250 ad
2970 2202 3191 2249 resur-

674 2270 1038 2340 rectionem
1089 2270 1357 2350 Christi,
1409 2283 1475 2339 et
1542 2270 1606 2338 in
1658 2270 2306 2341 commemoratione
2354 2270 2691 2360 generalis
2741 2269 2995 2359 judicii
3066 2282 3199 2338 ter-

671 2359 977 2427 minavit.
1022 2362 1272 2428 Omnes
1306 2380 1489 2448 erg0,
1542 2360 1662 2445 qui
1710 2358 2016 2439 aderant,
2068 2359 2277 2429 alacri
2329 2359 2574 2429 mentis
2634 2357 3050 2428 exultatione
3094 2379 3196 2426 re·

674 2446 858 2537 pleti,
913 2446 1405 2518 benedicebant
1436 2447 1825 2530 Dominum,
1866 2448 2042 2519 etad
2094 2470 2217 2519 sua
2258 2470 2413 2518 cum
2466 2447 2719 2538 gaudio
2772 2447 3194 2517 remeabant.

671 2541 909 2606 Doctor
942 2537 1171 2623 itaque
1219 2535 1623 2605 venerabilis
1686 2558 1970 2607 manens
2017 2536 2199 2627 apud
2247 2543 2581 2607 Joannem
2623 2537 3038 2627 Episcopum
3096 2557 3198 2605 se-

672 2638 854 2715 ptem
894 2625 1163 2709 diebuS,
1221 2624 1392 2693 inter
1443 2624 1655 2693 multa
1717 2625 2105 2696 salutiferae
2152 2625 2636 2696 consolationis
2694 2625 2935 2705 verba,
3023 2624 3196 2694 haec

671 2714 950 2803 saepius
999 2712 1410 2783 inculcavit:
1452 2735 1486 2778 «
1524 2718 1736 2796 Quem
1774 2718 1947 2783 Deus
1993 2715 2218 2805 elegit,
2276 2714 2478 2783 homo
2514 2736 2647 2784 non
2683 2713 3036 2804 despiciet:
3076 2713 3197 2783 sed

669 2803 796 2871 erit
850 2802 1161 2871 omnium
1227 2802 1654 2871 veneratione
1705 2801 2063 2882 sublimis,
2116 2823 2321 2889 quem
2371 2801 2684 2873 divinum
2759 2802 3205 2872 commendat

661 2890 1029 2981 judicium.
1073 2914 1109 2957 »
1153 2890 1404 2959 Deinde
1456 2893 1734 2980 accepta
1775 2891 1861 2960 ab
1907 2912 1985 2960 eo
2044 2891 2533 2972 benedictione,
2592 2913 2902 2962 reversus
2954 2905 3059 2960 est
3109 2892 3196 2960 ad

672 2979 997 3048 cellulam
1050 3001 1270 3050 suam.
1307 2979 1684 3068 Episcopus
1731 2991 1958 3049 autem
1990 2980 2200 3070 jussit
2237 2980 2369 3061 his,
2422 2981 2543 3067 qui
2594 2981 2797 3049 rebus
2844 2979 3194 3069 Episcopii

674 3079 1051 3157 praeerant,
1106 3080 1180 3136 ut
1212 3067 1295 3136 ad
1341 3068 1570 3136 Virum
1617 3067 1730 3136 Dei
1794 3091 1954 3138 cum
1988 3069 2121 3138 sibi
2170 3068 2495 3157 subjectis
2545 3068 2874 3148 venirent,
2929 3079 2997 3136 et
3045 3068 3199 3155 ejus

669 3156 1214 3244 obtemperarent
1236 3156 1559 3245 jussioni.
1585 3161 1737 3226 Post
1774 3157 1938 3227 baec
1972 3170 2155 3226 tanto
2191 3157 2415 3227 studio
2446 3156 2742 3226 charitas
2777 3170 3021 3225 mutua
3056 3180 3201 3227 ser-

674 3244 957 3312 vabatur
1003 3245 1347 3330 utrinque,
1393 3259 1468 3315 ut
1500 3245 1831 3333 spiritalis
1879 3244 2147 3334 glutino
2193 3245 2546 3314 clientelae
2592 3243 2723 3314 sibi
2763 3266 3040 3334 semper
3088 3268 3201 3314 co-

672 3332 1048 3412 haerentes,
1088 3331 1230 3401 solo
1276 3355 1556 3422 corpore
1609 3334 1996 3403 viderentur
2040 3334 2267 3403 divisi.
2312 3335 2628 3421 Magister
2677 3336 2961 3423 paterna
3009 3333 3201 3403 solli-

673 3419 1001 3500 citudine,
1061 3420 1377 3509 precibus
1409 3436 1474 3491 et
1504 3421 1794 3491 consilio
1854 3421 2136 3492 salutari
2187 3422 2522 3492 matheten
2564 3422 2598 3457 '⁰‘
2640 3421 3022 3493 refovebat:
3090 3423 3199 3492 ille

677 3529 832 3578 vero
868 3521 1145 3597 paterno
1179 3508 1434 3579 honore
1479 3523 1544 3579 et
1576 3512 1765 3580 omni
1809 3512 2286 3580 necessitatum
2317 3510 2627 3581 subsidio
2674 3509 3201 3580 didascalum*

675 3596 1101 3668 sublevabat.
1156 3598 1398 3684 Sicque
1432 3620 1623 3668 sacra
1725 3599 1941 3668 iorum
1980 3600 2265 3670 societas
2297 3613 2498 3670 aucto
2536 3600 2879 3669 crescebat
2912 3599 3195 3679 honore,

669 3699 734 3756 et
768 3685 1220 3776 multiplicato
1267 3687 1675 3756 commenda
1727 3701 1880 3757 atur
1926 3710 2179 3758 amore.

757 3782 797 3856 ἓ
850 3780 1002 3846 25.
1056 3781 1383 3864 Tempore
1430 3776 1874 3863 subsequenti
1938 3778 2159 3866 coepit
2222 3777 2550 3847 virtutum
2610 3776 2834 3846 cultor
2899 3778 3200 3847 eximius

670 3864 1042 3934 oratorium
1076 3877 1492 3945 construere,
1535 3865 2040 3936 mansiunculis
2080 3887 2195 3954 per
2226 3887 2474 3955 gyrum
2508 3864 2860 3955 dispositis
2889 3865 2976 3934 ad
3013 3889 3202 3936 com·
3310 3883 3311 3892 ¹

673 3952 1089 4022 manendum
1127 3951 1475 4035 fratribuS,
1513 3975 1807 4039 quorum
1859 3955 1997 4044 jam
2041 3954 2403 4024 duodecim
2440 3954 2801 4026 monastici
2839 3956 3201 4025 sanctitate

673 4042 998 4138 propositi
1066 4043 1435 4120 roboratos,
1505 4042 1813 4112 doctrina
1873 4057 1937 4113 et
1990 4064 2177 4112 exem
2238 4042 2321 4112 lis
2383 4042 2467 4112 ad
2517 4056 2946 4114 aeternorum
3021 4042 3203 4114 desi-

669 4128 858 4197 deria
898 4131 1279 4200 concitavit.
1336 4134 1642 4213 Quadam
1705 4132 1931 4218 itaque
1988 4131 2120 4211 die,
2226 4154 2341 4200 um
2393 4146 2542 4222 post
2613 4132 2913 4200 laborem
2980 4145 3200 4201 matu-

675 4216 906 4286 tinalis
945 4217 1151 4289 officii
1198 4220 1596 4307 quiescendi
1646 4221 1863 4308 gratia
1930 4220 2135 4289 lectos
2183 4242 2344 4289 suos
2394 4222 2792 4300 reviserent,
2838 4219 3069 4318 primo
3104 4220 3205 4289 di-

671 4305 903 4376 luculo
943 4308 1054 4376 Vir
1101 4310 1214 4378 Dei
1264 4310 1521 4379 vocavit
1556 4308 2034 4398 Magnoaldum
2084 4309 2453 4378 diaconum
2504 4331 2734 4388 suum,
2787 4308 3033 4378 dicens
3070 4309 3199 4380 illi:

721 4434 747 4459 ³*
777 4434 881 4480 Seu,
906 4436 1174 4485 discipulum.
1990 4436 2043 4464 ⁸*
2071 4436 2177 4483 Seu,
2207 4435 2482 4488 inoffi-aerum.
