3347 4999
694 316 821 382 754
1266 333 1348 381 ιιι
1392 333 1452 380 s.
1489 331 1884 381 venemo
1922 334 2021 380 u.
2060 331 2475 380 urisrom.
2836 315 3015 380 oct.
3064 316 3136 380 31

598 416 984 507 accipiebat
1025 415 1342 498 auribus,
1392 428 1460 486 et
1507 416 1733 507 ipsius
1778 417 2027 487 Christi
2066 438 2421 486 sermones
2451 417 2537 484 iis
2580 417 3002 505 opponebat,
3056 418 3149 487 ita

598 507 931 577 dicentis:
976 508 1110 589 Qui
1135 517 1322 575 mnae
1349 516 1617 596 patrem
1655 516 1778 576 aut
1808 515 2094 576 matrem
2120 509 2280 596 plus
2322 528 2531 596 quam
2576 528 2706 584 me,
2742 529 2873 575 noa
2910 517 3013 575 at
3048 529 3153 576 ne

600 597 846 686 ἅρπαι
885 595 1177 684 (nasah.
1231 594 1346 683 x).
1403 599 1683 685 Legerat
1726 616 2002 682 quoque
2049 594 2399 670 fortassis,
2450 594 2637 681 quod
2690 595 2939 664 beatus
2989 599 3149 664 Hie·

597 705 936 774 ronymus
974 683 1216 753 scribit
1259 682 1538 753 cuidam
1587 683 1815 752 amico
1839 684 1897 751 *ε
1950 708 1989 750 ι
2030 684 2209 754 Licet
2258 684 2593 770 parvulus
2626 705 2709 751 ex
2753 684 2940 753 collo
2988 707 3153 772 pen·

597 772 757 843 deat
794 793 1031 861 nepos,
1085 771 1243 841 licet
1273 793 1516 861 sparso
1543 771 1737 841 crine
1779 785 1847 841 et
1876 773 2117 842 scissis
2150 771 2455 841 vestibus
2500 772 2741 852 ubera,
2782 772 3065 858 qubus
3097 788 3159 842 te

598 861 958 940 nutrierat,
1014 875 1231 930 mater
1266 860 1606 941 ostendat;
1644 860 1802 930 licet
1842 863 1909 930 in
1948 861 2190 930 limine
2230 875 2421 948 pater
2446 860 2696 948 jaceat,
2739 883 2861 949 per
2914 861 3155 931 calca·

601 963 744 1020 tum
800 970 1005 1039 perge
1041 964 1327 1038 patrem,
1362 950 1569 1019 siccis
1613 950 1838 1019 oculis
1884 949 1967 1018 ad
2010 949 2328 1018 vexillum
2368 949 2605 1018 Crucis
2652 949 2871 1018 evola.
2912 951 3153 1018 Solum

652 1038 875 1108 ietatis
906 1059 1128 1128 genus
1173 1051 1298 1116 est,
1351 1038 1417 1106 in
1472 1038 1600 1107 bac
1649 1060 1719 1106 re
1773 1059 1924 1107 esse
1969 1037 2347 1107 crudelem.
2382 1061 2418 1103 »
2470 1038 2891 1127 inspiciebat
2937 1040 3145 1108 etiam

735 1127 1078 1196 tissimum
1130 1126 1378 1196 Christi
1427 1126 1795 1216 baptistam
1829 1127 2191 1207 loannem3
2240 1125 2365 1214 qui
2414 1125 2570 1196 licet
2606 1126 2797 1196 domi
2833 1145 3151 1197 sanctam

600 1215 885 1286 baberet
933 1229 1217 1284 matrem
1266 1229 1335 1284 et
1382 1233 1641 1305 patrem
1695 1216 2143 1295 sacerdotem,
2196 1228 2423 1284 tameo
2458 1228 2749 1304 utroque
2782 1215 3143 1295 derelicto.

599 1326 688 1375 ne
735 1304 912 1374 inter
960 1304 1275 1375 homines
1321 1302 1581 1393 degens
1627 1304 1860 1392 aliqua
1910 1304 2064 1375 labe
2109 1303 2660 1394 adspergeretur‚
2716 1305 2784 1374 io
2826 1307 3146 1375 eremum

599 1395 901 1551 secessit.
933 1393 1006 1462 ld
1058 1414 1280 1483 genus
1307 1392 1643 1485 exemplis
1682 1394 2031 1476 incitatus,
2078 1408 2393 1484 parentes
2441 1415 2753 1464 seorsum
2786 1394 2881 1463 ita
2930 1394 3153 1463 fertur

599 1504 636 1552 a
697 1495 988 1552 ocutus:

684 1573 723 1658 fi
770 1574 928 1643 ΙΙΙ.
981 1593 1017 1637 «
1051 1569 1479 1640 Facultatum
1531 1582 1908 1640 vestrarum
1963 1568 2314 1641 meliorem
2368 1582 2665 1660 partem,
2711 1592 2925 1659 quam
2973 1571 3143 1640 mihi

596 1658 766 1729 dare
813 1658 1065 1738 vultis,
1123 1659 1302 1728 inter
1346 1681 1464 1729 vos
1510 1658 1818 1729 dividite.
1874 1664 1988 1728 Est
2036 1680 2191 1728 vero
2250 1673 2658 1749 praepotens
2713 1658 3005 1747 quidam
3066 1682 3144 1728 ac

601 1746 955 1838 praedives
1007 1748 1367 1828 DominuS,
1434 1746 1556 1835 qui
1622 1747 2137 1837 amplissimum
2205 1749 2377 1817 mibi
2429 1748 2745 1838 promisit
2812 1750 3139 1838 patrimo·

597 1836 820 1917 nium,
872 1835 931 1905 si
982 1858 1091 1905 me
1114 1837 1175 1905 ei
1211 1857 1482 1906 servum
1536 1835 1808 1906 fidelem
1856 1838 2176 1906 exhibere
2210 1835 2410 1905 velim
2473 1836 2599 1906 Ille
2641 1858 2806 1925 ergo
2832 1849 2938 1907 est
2982 1857 3141 1924 pars

595 1924 1036 1995 baereditatis
1085 1947 1298 2006 meae,
1354 1923 1469 1994 ille
1565 1924 1718 1995 lane
1768 1926 2075 1995 restituet
2125 1924 2606 1995 haereditatem
2660 1947 2881 1995 meam
2939 1925 3134 1994 mibi.

593 2014 701 2083 Illi
751 2036 879 2103 ego
913 2013 1086 2083 bene
1143 2013 1441 2094 confido,
1495 1947 1636 2084 [ξω
1683 2026 1761 2083 ut
1808 2013 1922 2083 tali
1986 2035 2097 2083 me
2133 2013 2385 2083 afficiat
2433 2014 2791 2086 beneficio.
2842 2013 3028 2083 unde
3073 2027 3139 2083 et

595 2103 788 2173 vobis
848 2102 1102 2192 possim
1165 2102 1426 2190 aliquid
1498 2102 1858 2193 impertiri.
1911 2106 2044 2174 Oro
2093 2103 2305 2193 igitur
2360 2125 2499 2181 vos,
2558 2125 2644 2171 ne
2690 2115 2913 2172 tantas
2964 2102 3135 2171 mibi

593 2191 859 2260 oblatas
903 2212 1068 2280 opes
1118 2190 1444 2281 lacrymis
1474 2205 1540 2261 et
1569 2192 2024 2279 querimoniis
2064 2193 2305 2261 vestris
2353 2191 2735 2272 retardetis,
2787 2191 2904 2260 sed
2961 2191 3129 2261 mibi

599 2280 827 2369 potius
875 2300 982 2348 res
1029 2278 1168 2347 illis
1205 2279 1600 2350 obtinendis
1637 2283 2059 2352 necessarias
2105 2281 2518 2372 suggeratis.
2570 2286 2713 2350 Non
2769 2281 2956 2349 enim
3006 2280 3126 2349 de-

590 2366 808 2436 sidem
845 2379 1050 2454 atque
1099 2367 1582 2458 negligentem,
1635 2368 1754 2439 sed
1805 2369 2101 2439 alacrem
2138 2392 2219 2439 ac
2256 2369 2644 2438 studiosum
2682 2368 2829 2439 vult
2880 2370 3128 2438 habere

592 2454 986 2526 ministrum
1028 2455 1235 2526 herus
1275 2455 1411 2538 ille,
1463 2456 1549 2528 de
1592 2480 1735 2546 quo
1784 2457 2046 2546 loquor.
2087 2481 2124 2526 »
2169 2458 2263 2528 Iis
2301 2457 2477 2528 beati
2519 2458 2643 2527 viri
2693 2458 3133 2528 sermonibus

587 2543 947 2615 exhilarati
990 2560 1328 2635 parentes,
1385 2567 1632 2616 nomen
1687 2547 1830 2617 lteri
1885 2563 1951 2617 et
1998 2546 2252 2628 locum,
2313 2569 2451 2634 quo
2499 2548 2586 2618 sit
2635 2546 2884 2628 iturus,
2925 2569 3006 2616 ex
3049 2568 3127 2615 eo

589 2647 1102 2734 percontantur.
1145 2638 1222 2704 At
1256 2633 1369 2704 ille
1418 2636 1805 2726 respondet,
1846 2636 1912 2704 in
1954 2636 2496 2725 praesentiarum
2531 2635 2813 2723 quidem
2851 2637 3025 2705 scire
3053 2634 3119 2704 id

589 2722 746 2793 illos
779 2744 913 2793 non
955 2745 1176 2814 posse,
1207 2725 1504 2794 scituros
1555 2740 1779 2794 tamen
1819 2739 2074 2815 postea.
2117 2729 2325 2794 Porro
2349 2739 2579 2795 autem
2612 2724 3119 2796 sciscitantibus

587 2811 753 2894 illis,
808 2834 974 2881 num
1033 2835 1237 2900 quem
1296 2833 1334 2881 e
1381 2812 1531 2883 suis
1580 2813 1739 2883 velit
1798 2814 2048 2884 babere.
2107 2813 2424 2883 comitem
2477 2813 2790 2894 itineris,
2896 2834 3122 2883 rorsus

585 2900 872 2970 abnuit:
910 2913 1116 2988 atque
1164 2900 1346 2982 inde,
1402 2901 1642 2991 paucis
1691 2902 2064 2993 interJectis
2102 2902 2375 2983 diebus»,
2423 2901 2739 2989 adjunxit
2786 2902 2842 2971 si
2899 2901 3122 2972 iduos

584 2988 1074 3070 adolescentes,
1103 3004 1169 3061 et
1194 2989 1622 3081 spiritualem
1668 2991 1890 3061 filium
1921 3014 2127 3062 suum
2180 2995 2396 3072 Isaac,
2435 3004 2596 3079 puta
2632 3002 2863 3062 votum
2887 3012 3113 3060 suum.

583 3078 773 3161 Quod
826 3091 902 3148 ut
952 3083 1084 3148 Deo
1134 3095 1476 3168 praestare
1524 3093 1775 3170 posset,
1835 3093 2112 3171 propter
2154 3080 2514 3149 arctiorem
2570 3080 2990 3149 monasticae
3017 3078 3119 3146 di-

581 3166 917 3255 sciplinae
962 3168 1495 3249 observantiam,
1542 3168 1626 3237 ad
1684 3170 2173 3238 monasterium
2212 3168 2674 3239 solitariorum
2711 3168 2805 3249 *2
2845 3170 2915 3237 iu
2952 3172 3121 3238 fler-

580 3255 785 3345 cynia
833 3254 1004 3325 silva
1056 3256 1541 3336 habitantium,
1647 3256 1941 3327 rofectus
1986 3271 2112 3327 est.
2168 3257 2239 3326 Ei
2286 3257 2700 3328 monasterio
2750 3271 2893 3327 tum
2931 3278 3122 3346 prae—

579 3357 727 3414 erat
773 3344 1136 3434 religiosus
1180 3360 1249 3413 et
1294 3346 1581 3435 spiritua
1620 3346 1678 3414 is
1744 3360 1935 3435 pater
1977 3368 2060 3425 ex
2105 3345 2476 3436 Anglorum
2528 3345 2742 3436 stirpe
2856 3367 3121 3415 recrea·

580 3446 714 3513 tus,
767 3433 1136 3523 Gregorius
1164 3434 1291 3503 m:
1326 3434 1446 3521 qui
1499 3434 1565 3503 iu
1608 3433 1971 3522 juventute
2004 3434 2321 3523 patriam,
2356 3447 2671 3524 parentes
2698 3448 2767 3505 et
2819 3435 3115 3503 eminam

579 3521 713 3610 ipsi
747 3521 1162 3613 desponsam
1217 3522 1608 3610 reliquerat,
1645 3539 1710 3593 et
1760 3523 2217 3594 monasticum
2261 3524 2435 3592 vitae
2467 3545 2689 3614 genus
2718 3522 3119 3612 complexus

579 3610 825 3683 suerat.
881 3611 1091 3701 Cujus
1142 3612 1345 3681 vitam
1401 3611 1772 3683 virtutibus
1808 3611 2349 3692 ornatissimam,
2407 3634 2491 3681 ne
2523 3612 2612 3681 ab
2646 3612 2959 3683 instituto
3007 3611 3125 3680 de·

576 3701 960 3772 flectamus.
1018 3700 1130 3770 liic
1254 3716 1510 3771 rtexere
1544 3699 1899 3773 nolumus.
1956 3702 2177 3791 Hujus
2223 3699 2500 3771 Abbatis
2550 3700 2946 3791 magisterio
2995 3720 3121 3771 ser·

576 3812 704 3861 vus
735 3789 985 3861 Christi
1040 3723 1486 3881 wollegangus
1531 3811 1604 3859 se
1642 3789 2163 3869 commendans,
2219 3802 2509 3859 veterem
2548 3811 2709 3860 cum
2760 3789 2910 3860 suis
2950 3788 3123 3890 acti·

570 3878 705 3951 bus
733 3878 1084 3950 hominem
1120 3878 1463 3970 deposuit,
1503 3900 1894 3966 novumque
1926 3878 2343 3948 monasticae
2377 3879 2549 3949 vitae
2580 3892 2647 3947 et
2679 3878 3135 3968 professionis

570 3967 885 4039 habitum
941 3969 1188 4039 induit.
1228 3974 1302 4038 In
1333 3990 1476 4057 quo
1500 3990 1668 4039 sane
1703 3968 1824 4071 qui
1872 3968 2023 4059 ejus
2072 3968 2248 4038 vitae
2282 3967 2488 4057 rigor,
2538 3988 2746 4053 quam
2796 3977 3121 4036 accurata

568 4057 939 4128 monastici
1008 4057 1304 4129 instituti
1352 4058 1787 4130 observantia
1832 4069 1900 4128 et
1951 4055 2183 4127 cultus
2243 4054 2471 4138 fuerit,
2525 4057 2678 4147 ejus
2727 4055 3133 4147 praeclarae

615 4235 820 4319 :0⁸⁹¹st
843 4238 864 4279 1
885 4238 942 4280 ad
969 4240 1292 4282 Heliodorum.
2554 4288 2564 4297 ,

703 4290 1058 4339 nonasterium,
1085 4295 1143 4334 da
1177 4304 1272 4343 quo
1304 4294 1595 4345 biographus
1621 4294 1784 4334 mater
1803 4288 2030 4342 loquitur,
2048 4292 2122 4332 eat
2140 4290 2262 4331 tund
2289 4291 2417 4339 quod
2436 4290 2697 4336 mundam.
2715 4299 2799 4331 sau
2816 4289 3126 4331 bonite-

561 4345 806 4387 maetam
827 4350 1142 4396 nuncupatur.
1170 4348 1226 4388 ln
1247 4345 1477 4394 Helvetia,
1496 4345 1543 4387 ln
1566 4343 1747 4388 Svttiae
1766 4345 1980 4399 (Senum)
1998 4353 2136 4396 pago,
2153 4344 2299 4385 altum
2317 4345 2416 4389 cett
2433 4344 2594 4393 ibique
2612 4343 2921 4389 octabus-un·
2937 4345 2988 4385 B.
3020 4342 3125 4385 Vir·

569 4397 696 4449 ‘tnta
716 4398 870 4448 imago
888 4408 1073 4441 summa
1091 4411 1199 4442 cum
1219 4402 1469 4442 devotione
1489 4401 1679 4442 colitur.

622 4448 701 4479 ’θ’
730 4451 797 4493 Ab
817 4461 940 4493 anno
958 4453 1036 4494 994
1056 4464 1206 4504 usque
1225 4455 1282 4495 ad
1304 4464 1425 4495 nuno
1447 4454 1526 4495 996
1543 4449 1859 4496 tremit-mm
1880 4453 2106 4494 coenobio
2127 4447 2428 4493 sanctia-ima
2448 4450 2668 4501 prterunt.
