3347 4999
715 332 796 395 84
1334 347 1410 393 na
1445 347 1522 394 ·s.
1576 345 1862 393 censano
1912 344 2151 390 Anaua
2199 342 2532 392 Baoxtssxffl
2904 325 3071 391 OCT.
3120 329 3153 393 3

628 432 908 523 dignm,
948 432 1049 504 uti
1097 431 1554 501 veridicorum
1582 429 1948 500 hominum
1979 429 2308 498 relatione
2340 428 2834 519 comperimuS,
2868 450 2953 498 ex
2987 429 3157 520 inge·

630 524 791 592 nuis
839 534 1042 609 atque
1087 520 1481 590 orthodoxis
1544 519 1949 610 parentibus
1996 517 2184 609 apud
2237 518 2677 588 Stallerelbas
2721 517 3024 674 (διαυεεῖ
3067 523 3159 587 Lo·

632 610 973 680 macensis
1008 608 1379 680 territorii*
1407 609 1633 678 vicum
1669 620 2065 699 procreatus
2095 619 2232 677 est:
2268 606 2477 676 claris
2509 605 2794 694 quidem
2827 619 2990 676 nata
3025 607 3159 679 ibus

631 699 963 780 illustris,
1016 698 1134 768 sed
1186 719 1459 768 morum
1509 698 1896 787 integritate
1944 695 2302 766 illustrior.
2370 701 2565 766 Pater
2617 696 2769 785 ejus
2827 696 3159 765 Aetantius

629 811 708 858 ex
756 809 959 878 prosa
1011 787 1077 856 ia
1109 787 1510 876 Haganonis
1554 785 2068 856 Austrasiorum
2113 785 2316 855 Ducis
2343 797 2572 855 ortus:
2621 796 2840 854 mater
2878 784 3159 854 Electru-

629 877 758 950 dis,
814 882 969 966 Step
1024 876 1140 945 ani
1166 881 1603 966 Tungrorum
1629 876 1698 908 *⁴*
1727 874 2044 964 Episcopi
2082 894 2275 943 soror
2306 894 2638 964 germana
2667 873 2885 944 fuisse
2917 895 3159 943 memo-

630 978 841 1035 ratur.
879 964 1218 1036 Praestitit
1255 977 1485 1034 autem
1528 963 1630 1032 illi
1659 964 1880 1053 gratia
1909 961 2247 1044 coelestis,
2285 974 2363 1032 ut
2397 963 2485 1033 ab
2526 962 2807 1033 ineunte
2855 974 3073 1032 aetate
3111 975 3164 1030 et

629 1055 832 1124 annis
892 1067 956 1123 et
1008 1053 1345 1144 sapientia
1397 1052 1803 1142 proficeret,
1856 1064 1920 1121 et
1965 1065 2108 1121 tam
2158 1051 2345 1142 apud
2397 1055 2609 1121 Deum
2645 1106 2661 1132 ,
2714 1072 2930 1138 quam
2995 1050 3158 1141 apud

630 1144 967 1222 homines3
1022 1143 1365 1232 gratiosus
1412 1155 1610 1211 esset.
1679 1141 1815 1213 Etsi
1865 1153 2094 1210 autem
2144 1141 2350 1209 annis
2387 1140 2812 1231 juvenculus
2873 1150 3048 1220 erat,
3107 1153 3161 1206 at

621 1235 959 1322 juvenum
1002 1243 1231 1300 tamen
1284 1228 1643 1321 impudica
1675 1244 1741 1300 et
1772 1229 2113 1300 obscoena
2144 1228 2492 1331 colloquia
2520 1227 3033 1299 detestabatur:
3064 1250 3162 1317 po-

632 1323 905 1408 tiusque
952 1319 1038 1388 ad
1088 1319 1429 1388 bonorum'
1478 1341 1626 1389 sese
1664 1317 2206 1388 familiaritatem
2246 1317 2668 1407 adjungenS,
2733 1337 3161 1406 summopere

632 1410 883 1478 vitabat
916 1429 1282 1498 pravorum
1333 1409 1701 1478 consortia.
1739 1412 1841 1476 Ita
1886 1429 2045 1477 eum
2072 1461 2088 1488 ,
2132 1406 2254 1494 qui
2304 1406 2613 1497 corporis
2653 1405 3028 1496 splendida
3069 1405 3162 1494 ju—

630 1511 901 1567 ventute
948 1498 1346 1568 ornabatur.
1385 1497 1590 1566 etiam
1624 1498 1873 1566 mentis
1915 1510 2151 1566 sancta
2189 1496 2476 1588 canities
2516 1517 2551 1564 e
2606 1496 2790 1587 regie
2821 1516 3161 1565 commen-

631 1588 858 1656 dabat.
914 1585 1158 1655 Crebro
1208 1607 1386 1666 vero,
1434 1585 1641 1673 idque
1690 1585 2034 1664 ardenter,
2088 1605 2445 1654 sacrarum
2481 1606 2559 1654 ae
2616 1584 2759 1654 ium
2796 1584 3048 1653 limina
3081 1599 3162 1652 te·

633 1697 813 1760 renS,
858 1674 1480 1744 ecclesiasticorum
1529 1675 1935 1764 dogmatum
1986 1674 2246 1743 fluenta
2293 1673 2492 1742 avide
2528 1673 2941 1743 hauriebat:
2979 1686 3160 1759 atque

636 1764 775 1834 illic
822 1764 1151 1833 salutaria
1203 1786 1323 1853 pro
1355 1786 1482 1833 suo
1529 1776 1739 1851 captu
1790 1764 2049 1832 monita
2100 1761 2515 1852 percipiens,
2569 1762 2893 1849 quamvis
2936 1762 3161 1831 etiam·

635 1875 801 1922 num
845 1853 1020 1923 laico
1069 1853 1308 1922 habitu
1360 1864 1723 1941 tegeretur,
1779 1864 2097 1922 accurate
2131 1873 2212 1922 ea
2244 1851 2575 1920 tenaciori
2612 1851 2952 1920 memoria
2998 1870 3162 1920 com-

634 1942 1078 2032 plectebatur,
1133 1963 1507 2028 secumque
1557 1940 1995 2010 ruminabat:
2046 1952 2112 2010 et
2147 1941 2296 2030 jam
2348 1940 2671 2009 teneriori
2719 1952 2990 2029 pectore
3041 1959 3160 2006 me-

633 2031 1012 2111 ditabatur,
1068 2051 1242 2117 quae
1293 2040 1527 2119 postea
1577 2030 1797 2108 multa
1845 2030 2061 2099 animi
2110 2028 2468 2099 devotione
2520 2029 2802 2119 peregit.

1107 2173 1374 2235 Horrens
1417 2174 1696 2250 amplecti
1741 2173 1943 2246 luxuS,
1985 2182 2048 2233 et
2092 2173 2319 2234 ludicra
2365 2172 2531 2238 secli.

1109 2252 1391 2315 Emeruit
1434 2254 1564 2315 fieri
1612 2253 1903 2331 templum
1944 2253 2306 2331 spiraminis
2347 2253 2514 2314 almi.

724 2390 757 2474 ξ
812 2390 905 2458 3.
960 2390 1054 2455 Ea
1110 2397 1509 2475 tempestate
1558 2390 1795 2455 Comes
1844 2387 2298 2475 Berengarius
2347 2390 2813 2454 Namurcense
2872 2397 3158 2454 castrum

634 2476 1031 2546 obtinebat:
1085 2474 1291 2564 cujus
1350 2475 1601 2566 posteri
1650 2474 1908 2545 ibidem
1965 2475 2299 2545 hactenus
2363 2486 2820 2564 perseverant.
2899 2475 2972 2544 Ei
3025 2491 3157 2541 vero

635 2565 887 2633 athleta
936 2565 1052 2633 Dei
1102 2564 1444 2634 Gerardus
1485 2564 2012 2633 commendatus
2059 2576 2205 2644 est,
2260 2577 2335 2633 ut
2386 2563 2672 2633 militiae
2735 2563 2927 2654 apud
2979 2561 3158 2631 illum
3243 2638 3244 2653 χ

638 2667 925 2723 vacaret.
985 2654 1441 2743 Praecipuum
1492 2665 1721 2723 autem
1764 2653 1949 2743 apud
1999 2675 2162 2723 eum
2210 2653 2556 2722 amicitiae
2589 2665 2653 2721 et
2688 2648 3157 2722 familiaritatis

638 2744 861 2811 locum
912 2742 1235 2821 obtinuit,
1292 2743 1385 2809 ita
1436 2755 1510 2810 ut
1558 2745 1795 2812 Comes
1829 2763 1966 2898 ffm
2014 2743 2164 2830 ejus
2205 2742 2544 2811 arbitratu
2592 2742 3000 2811 comitatum
3056 2735 3157 2806 ad·

640 2832 1082 2911 ministraret,
1128 2831 1190 2899 ei
1236 2852 1395 2919 prae
1435 2832 1722 2899 caeteris
1753 2830 1821 2897 di
1879 2829 2144 2899 iciliora
2178 2832 2535 2920 magisque
2570 2851 2825 2899 arcana
2866 2826 3155 2907 commit·

637 2933 835 2988 teret:
939 2919 1485 3006 uandoquidem,
1593 2918 1723 2987 uod
1780 2940 2139 3007 perrarum
2189 2932 2313 2999 est,
2365 2933 2431 2987 et
2472 2919 2718 2988 militia
2768 2931 2831 2989 et
2884 2914 3157 2987 consilio

636 3020 904 3108 praesta
957 3022 1047 3078 at.
1128 3008 1337 3079 Multa
1394 3008 1455 3074 ei
1505 3028 1546 3074 a
1642 3007 2152 3077 consulendum
2256 3008 2572 3076 rudentia
2621 3021 2686 3077 et
2753 3003 3155 3097 perspicacia

638 3112 879 3176 inerat,
936 3118 1260 3186 magnam
1297 3097 1367 3164 in
1419 3095 1627 3164 rebus
1676 3096 1810 3185 ipsi
1859 3096 2138 3165 creditis
2211 3095 2394 3165 idem
2445 3096 2871 3166 ostendebat.
2919 3091 3157 3164 Eximia

637 3186 777 3255 oris
810 3186 1047 3255 aderat
1096 3185 1443 3265 facundia,
1503 3184 1733 3254 vultus
1764 3183 2195 3273 jucunditaS,
2250 3185 2467 3254 animi
2519 3186 2873 3264 serenitas,
2916 3185 2986 3252 in
3041 3178 3155 3250 col·

637 3274 889 3360 loquiis
932 3274 1103 3342 mira
1152 3274 1476 3354 suavitas,
1518 3274 1587 3341 in
1638 3274 1958 3343 convictu
1989 3272 2368 3357 singularis
2407 3272 2696 3343 comitas
2743 3288 2809 3344 et
2856 3288 3155 3341 mansue·

638 3362 825 3439 tudo,
883 3363 949 3430 in
992 3362 1281 3450 judiciis
1323 3362 1667 3441 severitaS‚
1708 3362 1792 3431 ad
1844 3383 2042 3453 opem
2104 3359 2457 3431 ferendam
2517 3362 2739 3433 virilis
2774 3361 3150 3451 strenuitas

639 3451 908 3520 Licebat
953 3452 1206 3519 intueri
1265 3448 1457 3519 illum
1512 3451 1863 3520 munitum
1931 3451 2179 3519 invicta
2232 3471 2512 3541 prorsus
2560 3463 2913 3520 armatura
2947 3506 2963 3531 ,
3020 3445 3154 3538 fidei

638 3538 877 3631 galea,
933 3539 1143 3609 lorica
1206 3539 1564 3627 justitiae,
1627 3539 1860 3639 gladio
1922 3539 2261 3629 spiritus,
2313 3538 2502 3626 quod
2565 3551 2666 3609 est
2726 3538 3013 3608 verbum
3061 3540 3153 3603 Del

638 3630 905 3719 (EpheS.
947 3629 1060 3716 v1),
1110 3642 1302 3699 scuto
1336 3628 1701 3715 aequitatis
1735 3627 2270 3717 impenetrabili.
2310 3635 2524 3715 Atque
2557 3628 2743 3698 hunc
2785 3630 2856 3697 in
2894 3625 3153 3698 modum

638 3717 1003 3807 praesidiis
1066 3716 1359 3789 vallatus
1422 3717 1677 3806 inexpu
1733 3717 2128 3797 nabilibuS,
2191 3716 2538 3808 spiritales
2585 3711 3154 3805 nequitiasinde-

637 3806 864 3877 fessus
902 3806 1311 3875 debellabat.
1354 3806 1625 3876 Celabat
1655 3740 1851 3875 iffium
1888 3807 2169 3893 quidem
2210 3805 2807 3895 paludamentum,
2852 3797 3157 3894 quemad·

647 3894 931 3965 modum
985 3895 1146 3964 olim
1193 3900 1258 3964 S.
1306 3895 1809 3977 Sebastianum,
1851 3895 1964 3966 sed
2003 3895 2418 3965 monachum
2457 3893 2759 3965 declarat
2791 3895 2901 3965 fru
2954 3893 3150 3964 alitas,

689 3984 925 4053 erinde
973 3998 1050 4053 ut
1100 3983 1504 4054 militantem
1543 3987 1608 4052 S.
1656 3984 2049 4054 Martinam.
2092 3983 2300 4054 Multa
2334 3982 2436 4052 illi
2476 4004 2640 4073 erga
2672 4006 2925 4055 commi
2964 3984 3153 4052 itones

640 4008 1056 4163 iienignitaS,
1088 4074 1262 4142 mira
1294 4073 1617 4153 charitas,
1645 4094 1801 4141 rara
1836 4074 2163 4164 patientia
2199 4085 2265 4143 et
2297 4071 2684 4144 humilitas.
2725 4078 2960 4160 Itaque
2996 4059 3153 4141 haud

640 4184 841 4233 secus
873 4184 951 4232 ac
987 4173 1338 4250 parentem
1378 4160 1579 4232 illum
1614 4161 1982 4231 reverendo
2014 4161 2552 4231 venerabantur:
2591 4174 2657 4231 et
2697 4173 3023 4249 tanquam
3053 4155 3152 4225 do-

639 4251 909 4320 minum
959 4249 1344 4320 venerando
1379 4253 1882 4333 reverebantur.
1941 4249 2062 4320 Ille
2112 4273 2267 4322 vero
2310 4250 2813 4321 thesaurizabat
2845 4251 2916 4320 in
2960 4244 3147 4319 coelo,

696 4413 721 4437 ¹⁸¹
750 4413 879 4453 Inter
898 4413 1075 4454 Mosam
1099 4418 1145 4453 et
1167 4412 1320 4454 Sabim
1342 4412 1566 4462 (Samara).

694 4466 750 4494 ⁸*
779 4468 985 4517 'rongi-es
1006 4467 1056 4507 tn
1075 4468 1274 4517 Belgica.
