3347 4999
654 337 785 402 206
1255 350 1336 401 nn
1385 349 1441 400 S.
1495 351 1837 401 anatrmA
1888 353 2055 401 vino.
2107 353 2182 400 nr
2229 353 2455 400 maru
2844 334 3019 400 OCT.
3075 338 3121 402 5

563 439 772 509 tradit
819 438 1175 509 Consulari
1226 438 1689 525 injustissimo
1720 437 1975 508 Judici.
2015 437 2139 507 Ille
2188 458 2347 506 vero
2395 450 2461 507 et
2507 438 2734 507 statim
2791 439 3123 527 proponit

561 528 1024 598 instrumenta
1095 526 1636 619 suppliciorum;
1691 539 1756 596 et
1821 549 1980 597 cum
2051 533 2413 615 Martyrem
2464 539 2775 596 curasset
2825 527 2976 596 sisti
3024 528 3118 598 ad

561 639 766 687 suum
821 616 1169 686 tribunal:
1246 617 1584 692 Miserere,
1641 616 1907 702 inquit,
1966 617 2090 694 tui,
2134 629 2504 702 antequam
2559 615 2945 705 periculum
3010 616 3122 685 fa-

559 707 704 776 cias
744 705 1275 795 suppliciorum,
1330 705 1623 794 sapienti
1675 717 1879 775 utens
1920 705 2503 782 consideratione;
2541 718 2606 772 et
2654 704 2790 774 diis
2831 704 3119 775 immor-

562 794 815 864 talibus
863 795 1031 863 ofl'er
1065 794 1510 864 sacrificium.
1568 793 1676 862 Sic
1724 794 1911 863 enim
1977 794 2107 862 tria
2144 793 2536 864 lucrifacies
2576 793 2901 862 maxima.
2941 799 3114 862 Nam

558 896 623 953 et
667 883 954 952 deorum
1008 883 1379 972 potentiam
1434 881 1557 952 tibi
1608 882 1853 951 reddes
1903 883 2297 972 propitiam;
2337 896 2402 953 et
2453 887 2957 969 Imperatorum
3003 887 3108 951 at·-

558 972 787 1042 trahes
848 971 1435 1050 benevolentiam;
1488 984 1553 1041 et
1610 972 1966 1040 florentem
2029 973 2329 1061 speciem
2399 971 2683 1040 acribus
2749 973 3112 1042 tormentis

559 1082 695 1130 non
748 1060 959 1131 facies
1008 1061 1437 1130 flaccescere.

649 1157 687 1230 ἓ
741 1154 829 1220 ².
884 1154 1062 1217 Haec
1093 1171 1253 1219 cum
1296 1148 1630 1218 audiisset
1670 1153 1948 1238 Martyr‚
1990 1148 2074 1217 ad
2112 1147 2376 1218 coelum
2420 1147 2703 1234 quidem
2737 1147 2913 1218 tollit
2944 1171 3113 1220 ocu-

559 1239 661 1308 los
698 1292 713 1318 ,
766 1237 950 1324 quod
1012 1237 1205 1306 illinc
1278 1236 1787 1327 proficiscitur,
1845 1259 2138 1307 evocans
2186 1236 2571 1316 auxilium;
2627 1236 2827 1326 signo
2874 1251 3108 1307 autem

560 1326 807 1397 Christi
861 1326 1129 1396 munita
1176 1326 1244 1393 *ε
1284 1348 1319 1392 «
1353 1331 1439 1395 Es
1472 1327 1788 1396 moribus
1820 1327 2128 1413 quidem,
2166 1327 2284 1407 ait,
2327 1326 2584 1406 variuS,
2617 1348 2656 1394 o
2684 1326 3104 1408 Consulari3‚

555 1415 878 1503 vaferque
924 1428 989 1484 et
1033 1415 1356 1485 callidus:
1396 1414 1513 1484 sed
1564 1415 1651 1484 ad
1703 1415 1967 1485 nullam
2006 1414 2370 1485 utilitatem
2418 1427 2651 1504 aperte
2700 1414 2821 1484 tibi
2857 1415 3110 1486 redibit

557 1505 726 1574 haec
776 1505 1222 1595 perversitas:
1263 1525 1484 1591 neque
1516 1504 1701 1572 enim
1740 1527 1846 1573 me
1894 1505 2124 1594 capies
2158 1503 2479 1580 adulans,
2522 1525 2647 1572 nec
2683 1526 2792 1572 me
2832 1505 3110 1576 minans

559 1592 1091 1684 perterrefacies,
1148 1615 1272 1662 nec
1321 1593 1696 1662 consulens
1733 1614 1841 1662 ine
1889 1594 2143 1683 poteris
2190 1594 2260 1662 in
2296 1592 2504 1661 aliam
2557 1592 2917 1663 traducere
2951 1616 3109 1664 sen—

556 1683 864 1761 tentiam,
921 1703 1044 1750 nec
1095 1682 1385 1760 mollire,
1427 1681 1607 1768 quod
1638 1684 1841 1751 estin
1878 1705 1987 1752 me
2016 1694 2413 1771 promptum
2454 1695 2730 1771 propter
2756 1683 3110 1752 Christum

556 1770 864 1861 patiendi
905 1771 1242 1840 studium.
1296 1770 1578 1840 Confido
1611 1772 1797 1841 enim
1844 1773 1911 1840 in
1965 1770 2110 1840 solo
2158 1783 2223 1839 et
2255 1791 2412 1839 vero
2447 1774 2599 1839 Deo.
2638 1772 2705 1840 Si
2736 1771 2908 1840 mihi
2941 1793 3110 1862 ergo

552 1860 838 1941 credaS,
898 1860 1222 1928 miserere
1270 1859 1502 1949 potius
1551 1861 1649 1930 tui
1722 1859 1999 1929 erroris,
2055 1858 2345 1928 Consule
2395 1858 2519 1927 tibi
2567 1881 2641 1927 ea
2711 1879 2889 1945 quae
2946 1873 3112 1930 sunt

551 1949 855 2030 utiliora,
906 1970 1154 2036 nempe
1201 1948 1408 2018 surda
1463 1970 1596 2017 non
1650 1949 1874 2018 colere
1923 1949 2338 2017 simulacra:
2393 1946 2478 2016 de
2525 1947 2783 2034 quibus
2841 1948 3105 2019 alicubi

552 2038 726 2108 dixit
761 2049 993 2106 noster
1031 2037 1368 2126 Propheta
1400 2038 1467 2105 in
1502 2039 1786 2128 spiritu:
1825 2040 1957 2116 Dii,
1995 2040 2117 2127 qui
2147 2040 2357 2106 coelos
2390 2047 2454 2105 et
2488 2048 2739 2106 terram
2773 2061 2903 2107 non
2929 2041 3111 2127 sece-

550 2139 733 2207 runt,
782 2137 1066 2217 pereant
1096 2126 1267 2216 (Jer.
1303 2136 1411 2210 x):
1464 2139 1530 2197 et
1580 2128 1681 2196 Dii
1716 2127 2031 2218 gentium
2073 2125 2462 2206 daemonia,
2502 2127 2838 2196 Dominus
2871 2142 3106 2197 autem

549 2217 777 2286 coelos
824 2215 1005 2284 fecit.
1043 2219 1118 2284 Et
1162 2237 1444 2285 rursus:
1500 2215 1886 2286 Simulacra
1935 2216 2246 2306 gentium
2296 2228 2661 2304 argentum
2709 2228 2775 2283 et
2821 2237 3102 2297 aurum,

550 2326 759 2394 opera
811 2324 1144 2373 manuum
1199 2304 1589 2374 hominum.
1630 2305 1907 2375 Similes
1955 2306 2054 2374 eis
2102 2304 2297 2384 fiant,
2351 2304 2470 2390 qui
2521 2303 2760 2374 colunt
2806 2325 2981 2372 ea.»

638 2396 675 2480 ἓ
722 2397 816 2464 8.
870 2397 1233 2479 Postquam
1287 2392 1456 2462 haec
1489 2392 1753 2463 audivit
1798 2393 2045 2473 Judex,
2102 2394 2202 2461 ira
2237 2413 2482 2462 rursus
2531 2392 2856 2481 repletus,
2896 2392 3109 2483 jussit

549 2481 834 2571 quidem
884 2481 1037 2570 ejus
1084 2480 1373 2572 capillos
1424 2482 1575 2552 radi
1627 2483 1696 2552 in
1748 2482 2139 2572 superficie.
2180 2480 2360 2551 Illud
2395 2494 2623 2551 autem
2665 2480 2924 2552 sactum
2964 2494 3094 2562 est,

548 2584 615 2641 et
663 2572 1041 2640 maximum
1092 2585 1538 2640 consecutum
1588 2585 1693 2641 est
1742 2572 2184 2641 miraculum.
2228 2574 2313 2639 Ca
2370 2584 2444 2641 ut
2470 2571 2657 2639 enim
2686 2593 2932 2641 rursus
2964 2570 3096 2640 fuit

547 2672 918 2730 comatum.
974 2664 1067 2728 Ex
1091 2681 1228 2746 quo
1260 2659 1481 2729 Judex
1517 2661 1775 2750 majore
1814 2661 1916 2729 ira
1951 2673 2202 2741 motuS,
2237 2659 2323 2749 ju
2373 2671 2437 2727 et
2477 2680 2739 2748 prunas
2771 2659 3096 2730 ardentes

546 2749 817 2841 imponi
862 2748 1016 2837 ejus
1065 2747 1297 2836 capiti,
1337 2748 1586 2817 deinde
1631 2750 1837 2819 etiam
1887 2762 2156 2819 acetum
2206 2750 2269 2818 ei
2320 2746 2618 2831 infundi,
2662 2747 2935 2818 dolores
2985 2750 3087 2820 sic

545 2838 885 2928 praebens
932 2837 1254 2906 acriores,
1302 2843 1583 2929 Propter
1628 2861 1806 2926 quae
1900 2859 2185 2908 enerosa
2243 2836 2469 2927 virgo:
2526 2859 2562 2902 «
2611 2836 2896 2907 Domine
2940 2838 3107 2908 Jesu

547 2928 831 3009 Christe,
885 2926 1079 3004 dixit,
1132 2948 1398 3009 eorum,
1451 2928 1572 3014 qui
1623 2928 1692 2996 in
1743 2939 1806 2998 te
1853 2862 2183 2997 fiduciam
2237 2938 2655 3015 posuerunt,
2708 2938 2976 2995 certum
3028 2939 3095 2997 et

544 3016 829 3087 firmum
880 3014 1243 3097 auxilium,
1297 3016 1419 3102 qui
1470 3029 1622 3087 tuos
1671 3028 1946 3086 sanctos
1996 3029 2132 3087 tres
2189 3036 2438 3105 pueros
2488 3015 2556 3083 in
2611 3013 2838 3084 medio
2887 3015 3092 3084 flam·

542 3126 699 3175 mae
743 3104 1050 3175 ardentis
1097 3104 1572 3174 incombustos
1617 3106 2063 3185 conservasti,
2107 3118 2181 3174 tu
2227 3124 2502 3190 quoque
2537 3124 2724 3173 nunc
2760 3104 2934 3173 mihi
2967 3104 3092 3173 ad-

544 3194 663 3275 sis,
716 3206 781 3263 et
826 3193 908 3262 ad
961 3214 1065 3271 ea,
1117 3214 1296 3280 quae
1346 3204 1624 3283 propter
1672 3204 1737 3262 te
1784 3195 2289 3283 suscipiuntur,
2330 3192 2671 3262 confirma
2718 3193 3088 3283 supplicia,

547 3302 634 3350 ne
679 3281 961 3368 quando
1014 3280 1099 3349 de
1149 3303 1257 3350 me
1305 3281 1507 3352 liceat
1552 3281 1781 3352 dicere
1830 3283 2136 3351 inimicis
2183 3280 2518 3350 veritatis:
2574 3282 2703 3351 Ubi
2759 3295 2862 3351 est
2921 3287 3095 3352 Deus

544 3373 827 3440 eorum?
856 3393 892 3436 »
942 3374 1098 3438 Post
1135 3392 1373 3461 preces
1421 3383 1647 3441 autem
1703 3370 2000 3441 relaxata
2048 3369 2179 3440 fuit
2225 3375 2480 3458 Martyr
2527 3392 2566 3438 a
2615 3368 2995 3451 doloribuS,
3029 3382 3097 3441 et

548 3464 757 3528 Deum
811 3457 1160 3539 laudabat,
1212 3459 1274 3528 ei
1323 3481 1537 3550 agens
1585 3459 1867 3551 gratias.
1903 3465 2090 3544 Quae
2132 3458 2412 3546 quidem
2465 3458 2692 3528 statim
2744 3480 2943 3549 aegre
2996 3458 3095 3527 fe-

542 3569 703 3618 rens
753 3545 1170 3629 ConsulariS‚
1218 3548 1472 3618 ferreos
1526 3549 1902 3621 candentes
1950 3548 2287 3618 obeliscos
2325 3546 2395 3581 μ
2431 3546 2632 3635 jubet
2680 3546 2874 3635 infigi
2922 3545 3094 3615 ube-

540 3636 738 3706 ribus
788 3635 1125 3725 Martyris.
1180 3640 1320 3705 Hoc
1366 3659 1530 3727 ergo
1579 3639 1773 3728 gravi
1813 3639 1874 3707 ei
1918 3638 2105 3707 illato
2137 3648 2498 3715 tormento,
2534 3657 2777 3706 carnes
2809 3633 3095 3722 quidem

540 3723 779 3795 ferreis
814 3724 953 3795 illis
999 3724 1320 3795 obeliscis
1365 3727 1993 3806 consumebantur:
2046 3724 2276 3795 cordis
2324 3736 2553 3794 autem
2602 3725 2757 3812 ejus
2796 3746 2988 3794 amor
3022 3723 3096 3793 in

542 3815 889 3885 Christum
942 3815 1162 3903 magis
1192 3815 1721 3885 accendebatur.
1765 3815 2017 3885 Deinde
2055 3827 2260 3884 etiam
2291 3817 2492 3904 Jubet
2527 3813 2884 3903 lampades
2916 3813 3102 3904 ignis

541 3904 695 3993 ejus
743 3902 1092 3972 admoveri
1141 3902 1494 3973 lateribus.
1550 3904 1678 3973 Illa
1725 3927 1882 3975 vero
1920 3904 2124 3974 etiam
2162 3903 2330 3972 dum
2369 3901 2725 3990 lampades
2766 3900 3099 3972 accende-

539 3994 817 4074 bantur,
853 3992 1197 4065 intentius
1236 3994 1715 4082 perseverabat
1764 3994 1833 4062 in
1880 3993 2335 4063 orationibus
2376 3990 2504 4061 Sed
2554 4013 2596 4060 a
2643 3992 2964 4062 cruciatu
2999 4012 3101 4060 re-

541 4082 803 4152 laxatae
852 4081 953 4151 vis
1000 4081 1240 4163 fiebat,
1283 4095 1363 4152 ut
1414 4082 1552 4152 diis
1601 4082 2044 4155 sacrificaret.

595 4263 623 4289 ·
651 4263 801 4310 Quam
816 4262 961 4303 metit
979 4260 1260 4313 antiquina
1277 4264 1567 4313 temporibus
1586 4264 1817 4305 usitatum
1836 4271 1891 4303 ιο
1912 4263 2121 4303 solamne
2138 4263 2266 4303 inter
2284 4260 2641 4305 Ohflsttndelen,
2659 4261 2939 4309 praesertim
2958 4267 3108 4317 quum

542 4311 722 4365 aliquia
754 4313 909 4365 magui
938 4318 1323 4366 aggrederentur.
1347 4328 1397 4358 se
1423 4315 1675 4358 salutifero
1706 4318 1860 4357 crucis
1890 4314 2023 4367 signo
2043 4317 2245 4362 munire,
2265 4318 2394 4365 patet
2414 4325 2469 4355 ex
2491 4315 2577 4356 hoc
2599 4315 2740 4356 ettam
2761 4315 2804 4355 S.
2830 4312 3105 4354 Charittnae

542 4369 861 4463 exfffgltgueci
888 4422 1043 4464 terrea.
1069 4424 1205 4464 erant
1231 4424 1565 4472 instrumenta,
1596 4423 1648 4465 in
1676 4423 1862 4465 acutam
1881 4424 2123 4474 cuspidem
2142 4419 2421 4470 desinentia,
2445 4430 2585 4477 quae,
2606 4421 2892 4467 omdefacta,
2910 4420 2961 4461 tn
2979 4418 3102 4459 Mar-

541 4480 703 4527 tyrum
719 4486 886 4519 earnes
905 4477 1154 4527 paullatim
1173 4477 1504 4528 tangebantur.
