3347 4999
217 337 389 403 OCT.
446 337 516 401 3⁴
884 354 963 401 ns
1008 357 1064 402 s.
1107 353 1492 402 wocrcanco
1532 355 1631 402 ιν.
1673 353 2086 403 aartsronan.
2535 341 2666 405 755

218 440 524 520 virtutes,
568 451 634 509 et
666 438 1041 508 multarum
1078 438 1270 509 salus
1300 439 1722 519 animarum,
1779 438 2055 509 abunde
2092 438 2469 511 declarant.
2508 446 2753 514 Exacto

213 542 441 599 autem
495 527 809 617 tyrocinii
858 528 964 597 sui
1035 541 1362 617 tempore,
1435 527 1633 599 multi
1683 550 1721 597 e
1771 528 2016 598 vicinis
2083 530 2542 612 monasteriis,
2599 553 2758 622 pro-

213 617 443 688 bitatis
489 617 641 706 ejus
689 615 867 687 fama
901 616 1132 697 illecti,
1170 616 1255 685 ad
1305 638 1464 688 eum
1519 631 1874 698 venerunt,
1928 638 2104 705 quos
2150 640 2393 688 omnes
2426 619 2566 701 ille,
2606 643 2761 710 per-

216 707 436 776 missu
481 705 784 787 Abbatis,
843 706 1039 776 bonis
1091 705 1331 775 litteris
1378 719 1443 776 et
1492 704 1799 775 honestis
1850 707 2157 776 moribus
2205 707 2629 779 instituebat.

302 797 341 884 ξ
389 801 520 868 ss.
574 800 697 864 Per
749 794 815 864 id
872 809 1144 886 tempus
1194 794 1433 865 beatus
1502 794 1789 865 antistes
1838 794 2198 865 Udalricus
2222 794 2280 873 ¹⁵,
2334 797 2536 884 cujus
2599 819 2761 867 san-

213 884 464 955 ctitatis
512 883 695 953 fama
746 888 1017 972 Europa
1061 885 1289 954 omnis
1335 883 1661 972 adspersa
1713 897 1838 965 est,
1890 907 2100 954 causa
2142 869 2462 955 visitandi
2513 885 2759 959 fratres

267 995 339 1044 ro
391 994 576 1042 more
630 972 711 1041 ad
766 972 935 1042 illud
1004 973 1306 1062 pervenit
1356 973 1877 1043 monasterium.
1951 977 2073 1043 Ubi
2138 995 2296 1042 cum
2349 974 2432 1043 ad
2497 974 2760 1062 aliquot

214 996 544 1132 Baesisset
589 1060 761 1141 dies,
812 1075 879 1131 ct
923 1062 1008 1132 de
1055 1060 1436 1155 wolfgangi
1489 1061 1621 1131 vita
1652 1075 1719 1131 et
1761 1061 2069 1133 moribus
2110 1063 2565 1151 cognovisset,
2614 1086 2759 1133 ma·

264 1173 349 1221 no
380 1173 539 1220 eum
575 1151 832 1220 amoris
877 1150 1107 1221 studio
1155 1149 1514 1238 complecti
1566 1172 1645 1219 ac
1698 1152 2006 1220 venerari
2048 1152 2295 1240 coepit,
2351 1151 2442 1220 ita
2493 1165 2568 1222 ut
2617 1175 2771 1222 non.

268 1241 335 1309 iu
386 1253 539 1329 post
574 1239 776 1308 etiam
851 1241 1249 1309 renitentem
1302 1239 1683 1310 sacerdotio
1734 1240 2043 1309 initiarit.
2099 1245 2246 1322 Quo
2316 1238 2434 1309 ille
2496 1240 2756 1312 honore

216 1340 486 1410 auctu5‚
543 1328 812 1398 muneri
849 1350 974 1398 suo
1008 1328 1238 1398 volens
1272 1327 1685 1409 satisfacere,
1722 1349 1882 1398 cum
1937 1327 2148 1398 multa
2191 1329 2578 1400 humilitate
2609 1352 2757 1401 sco-

225 1417 448 1508 pebat,
503 1432 578 1486 ut
628 1417 954 1507 propheta
989 1417 1178 1497 dicit,
1215 1416 1534 1506 spiritum
1593 1438 1828 1498 suum,
1881 1430 1947 1487 et
1990 1438 2107 1506 per
2169 1431 2341 1498 vota,
2386 1440 2562 1505 quae
2607 1419 2759 1507 ejus

216 1506 672 1575 distinxerant
710 1505 935 1586 labia,
985 1507 1270 1576 Domino
1327 1505 1618 1575 fideliter
1669 1505 1993 1576 offerebat
2044 1504 2441 1576 holocausta
2491 1507 2755 1578 medul-

217 1594 376 1664 lata.
409 1600 555 1677 Qua
589 1595 873 1682 spiritus
919 1595 1326 1665 contritione
1372 1617 1530 1663 cum
1565 1595 1870 1684 seipsum
1919 1595 2202 1665 Domino
2249 1595 2561 1682 quotidie
2614 1619 2757 1665 ma-

215 1696 451 1763 ctaret,
494 1683 728 1752 divina
759 1696 862 1753 est
897 1684 1154 1753 visione
1200 1684 1507 1753 affectus.
1548 1687 1715 1753 Cum
1765 1683 1948 1752 enim
1990 1705 2111 1772 pro
2143 1705 2268 1753 sua
2318 1684 2755 1771 aliorumque

216 1772 435 1843 salute
472 1773 734 1862 jugiter
785 1772 1148 1842 Dominum
1189 1774 1698 1862 deprecaretur,
1747 1793 2116 1860 precesque
2154 1794 2320 1841 suas
2356 1786 2753 1844 sanctorum

219 1861 567 1951 suffragiis
604 1883 854 1952 magno
877 1861 1107 1931 studio
1138 1860 1671 1940 commendaret,
1718 1862 1987 1930 beatum
2019 1860 2262 1929 Christi
2295 1860 2750 1931 confessorem

215 1951 650 2029 othmarum,
705 1950 815 2018 cui
868 1972 941 2020 se
986 1972 1250 2037 suaque
1296 1950 1710 2019 creberrime
1751 1949 2241 2028 committebat,
2281 1949 2413 2020 sibi
2450 1951 2519 2018 in
2572 1972 2757 2020 som·

217 2039 327 2107 nis
373 2038 644 2107 adstare
694 2038 894 2107 vidit:
949 2040 1329 2129 jussusque
1379 2041 1469 2107 ab
1514 2060 1596 2108 eo
1634 2038 1703 2107 in
1750 2039 1974 2127 ipsum
2040 2037 2420 2126 respicere,
2476 2038 2561 2107 ita
2616 2038 2748 2108 sibi

213 2127 550 2196 dicentem
602 2127 901 2197 audivit:
963 2154 986 2189 ι
1026 2126 1594 2214 Quandoquidem
1646 2126 1899 2215 rogasti
1938 2148 2081 2207 me,
2126 2139 2204 2195 ut
2253 2148 2374 2215 pro
2424 2139 2486 2197 te
2539 2128 2750 2197 inter-

211 2215 562 2295 cederem,
615 2215 950 2302 quaedam
1007 2216 1122 2286 tibi
1178 2216 1543 2294 indicabo,
1600 2227 1751 2304 post
1812 2230 2131 2284 eventura
2188 2215 2310 2284 tibi
2360 2216 2448 2285 ob
2515 2237 2748 2304 preces

217 2326 425 2374 meas.
478 2308 745 2394 Pauper
780 2303 1058 2392 quidem
1095 2318 1160 2374 et
1210 2305 1408 2394 inops
1451 2326 1527 2373 ex
1585 2303 1712 2373 hoc
1754 2303 2087 2393 migrabis
2138 2305 2309 2385 loco,
2369 2304 2483 2375 sed
2526 2303 2743 2385 alibi,

211 2393 332 2463 ubi
373 2414 493 2482 pro
541 2393 782 2462 Christi
834 2414 1065 2462 amore
1097 2393 1304 2483 deges
1340 2392 1764 2482 peregrinus,
1811 2393 2292 2482 Episcopatum
2333 2393 2573 2464 mundi
2628 2393 2749 2462 bu·

203 2484 327 2573 jus
373 2483 625 2572 opibus
659 2483 823 2553 satis
870 2480 1288 2563 affluentem,
1339 2481 1571 2551 divina
1618 2480 2237 2575 praedestinatione
2277 2481 2741 2571 consequeris.

215 2577 289 2641 In
348 2594 486 2658 quo
525 2571 1077 2641 administrando
1124 2573 1182 2641 si
1245 2571 1513 2641 fidelem
1569 2584 1629 2640 te
1683 2571 2122 2660 praebueris,
2179 2586 2332 2661 post
2378 2593 2599 2641 annos
2648 2571 2751 2638 vi-

212 2661 566 2751 gintiduos
614 2662 702 2730 ab
742 2661 870 2730 hac
905 2660 1037 2728 vita
1087 2660 1494 2750 temporaria
1560 2659 1845 2729 feliciter
1954 2659 2359 2729 rolicisceris
2406 2658 2490 2730 ad
2556 2658 2746 2726 illam

212 2771 353 2818 sem
416 2749 727 2818 iternam.
782 2753 1017 2819 Certus
1080 2765 1304 2819 autem
1358 2750 1476 2828 sis,
1533 2761 1594 2818 te
1640 2770 1720 2818 eo
1779 2750 1843 2816 in
1919 2768 2043 2817 oco
2111 2748 2415 2816 animam
2484 2746 2752 2831 Christo

212 2838 327 2907 red
388 2840 667 2917 iturum,
722 2839 842 2908 ubi
895 2839 960 2906 in
1012 2838 1256 2908 Christi
1330 2838 1607 2907 nomine
1655 2859 1696 2904 a
1760 2836 2166 2907 Christianis
2229 2835 2359 2904 mei
2417 2835 2747 2905 memoria

209 2926 617 2997 celebratur.
658 2931 797 3015 Ego
846 2948 999 2997 vero
1047 2928 1114 2995 in
1170 2925 1283 2994 illa
1338 2926 1503 2995 hora
1550 2924 1773 2994 exitus
1822 2924 1916 2993 tui
1971 2944 2173 3013 spero
2226 2944 2333 2992 me
2382 2936 2745 2993 venturum

208 3014 294 3084 ad
349 3015 572 3085 locum
612 3014 806 3085 illum
858 3038 1017 3084 cum
1057 3015 1215 3086 aliis
1250 3015 1484 3084 beatae
1536 3013 1793 3103 patriae
1838 3011 2129 3093 civibus,
2180 3033 2358 3098 quos
2401 3028 2564 3082 tunc
2623 3010 2755 3082 ha-

212 3104 408 3173 bebis
454 3104 939 3174 consolatores
975 3127 1011 3171 »

299 3195 337 3279 ἓ
385 3197 531 3265 1².
586 3193 682 3261 Ab
717 3194 842 3262 hac
878 3194 1139 3263 visione
1188 3190 1476 3271 vir-Dei,
1528 3189 1806 3259 divinae
1848 3187 2411 3278 contemplationi
2463 3209 2753 3258 accura-

215 3280 352 3348 tius
390 3279 690 3361 vacabat,
742 3282 1000 3371 quippe
1035 3279 1290 3350 talibus
1339 3277 1699 3369 promissis
1729 3278 2001 3368 egregie
2038 3277 2513 3348 confirmatus:
2572 3277 2755 3347 mul·

217 3384 465 3454 tusque
515 3369 582 3436 in
630 3391 705 3438 ea
756 3384 900 3439 erat
932 3369 1364 3459 cogitatione,
1401 3366 1987 3455 quemadmodum
2039 3364 2374 3438 divinitus
2434 3379 2746 3456 percepta

216 3456 490 3536 talenta,
548 3459 613 3524 in
664 3457 956 3528 aliorum
994 3457 1284 3527 salutem
1334 3455 1745 3546 duplicaret.
1810 3459 2038 3542 anue
2093 3458 2305 3526 causa
2351 3477 2510 3525 cum
2568 3458 2747 3526 bona

213 3543 407 3613 venia
445 3545 722 3616 Abbatis
759 3547 893 3628 sui,
936 3544 1454 3625 monasterium,
1496 3566 1626 3614 non
1668 3544 2110 3622 monachum,
2140 3542 2490 3625 desert-ns,
2536 3543 2757 3613 immo

212 3633 595 3706 secundum
646 3635 1066 3724 Apostolum,
1112 3634 1369 3720 majora
1416 3633 1831 3704 charismata
1878 3631 2211 3702 aemulari
2261 3631 2579 3720 cupiens,
2632 3652 2757 3720 per

212 3722 635 3793 Alemaniam
675 3726 857 3795 venit
1004 3723 1319 3813 regrinus
1372 3722 1441 3792 in
1474 3722 1818 3793 Noricum.
1880 3734 2084 3808 atque
2141 3720 2225 3790 ad
2289 3720 2439 3806 ejus
2487 3732 2755 3810 partem.

212 3810 612 3883 orientalem
662 3835 820 3883 cum
872 3835 907 3882 a
944 3813 1134 3899 iquot
1188 3811 1562 3883 comitibus
1613 3831 1947 3901 pergens,
2028 3807 2473 3899 praedicandi
2535 3810 2753 3879 causa

211 3902 607 3971 Pannoniae
642 3901 817 3972 fines
866 3902 1079 3991 petiit.
1125 3901 1248 3971 Ubi
1283 3923 1441 3971 cum
1489 3913 1790 3970 veterum
1845 3919 2155 3968 errorum
2208 3894 2489 3967 frutices
2540 3896 2757 3966 extir-

212 4011 400 4081 pare,
443 3989 707 4060 steriles
737 3990 1199 4078 squalentium
1242 4003 1589 4080 pectorum
1632 4010 1837 4088 agros
1888 3985 2293 4076 Evangelico
2331 3999 2558 4056 aratro
2591 4006 2750 4075 pro-—

214 4078 550 4161 scindere,
609 4093 676 4150 et
737 4078 805 4149 in
854 4099 971 4150 eos
1031 4078 1192 4149 fidei
1241 4077 1505 4148 semina
1564 4075 1860 4167 dejicere
1920 4074 2175 4146 frustra
2231 4087 2641 4156 conaretur,
2705 4095 2751 4144 ιι.ἱ

267 4313 295 4342 ⁸
324 4313 368 4355 Β.
401 4315 652 4362 matr-deus,
681 4323 767 4356 aen
804 4312 995 4359 mrtem.
1014 4313 1252 4359 anan-tu
1282 4309 1634 4353 vindelicorum
1654 4312 1815 4361 leem.
1837 4310 2093 4360 Anubem
2124 4309 2176 4349 ln
2210 4307 2438 4350 Bova-lu
2468 4311 2631 4357 unct
2652 4307 2750 4357 ept-

213 4375 397 4417 ocopus.
424 4368 560 4409 Vitae
588 4378 779 4409 cursum
808 4365 1020 4419 perfecit.
1050 4366 1383 4415 octuagenta«)
1413 4366 1578 4415 umor.
1603 4374 1727 4406 anno
1753 4365 1854 4408 ⁹18:
1881 4368 2027 4414 atque
2051 4359 2101 4403 ln
2120 4362 2397 4404 &actorum
2414 4360 2522 4403 albo
2540 4361 2757 4402 saneim

211 4421 306 4462 enit
333 4429 361 4461 a
389 4421 571 4462 «Ioanne
604 4424 684 4472 Pp.
710 4422 802 4463 xv.
828 4421 979 4462 liutto
1004 4424 1054 4461 et
1081 4420 1324 4469 praeclara
1349 4428 1465 4460 sane
1487 4419 1546 4460 de
1565 4417 1652 4459 illo
1669 4414 1903 4469 corin-aro
1922 4417 2177 4468 germanici
2196 4412 2437 4469 materici,
2454 4424 2577 4466 quoa
2593 4414 2753 4465 leam

213 4483 381 4525 operae
402 4473 609 4525 pretium
629 4472 966 4517 existimamus.
985 4474 1177 4516 Surium
1194 4475 1412 4514 nostrum
1433 4472 1643 4519 consule,
1659 4470 1764 4513 Vol.
1785 4471 1868 4518 111.
1884 4480 1989 4522 pag.
2011 4471 2088 4511 ⁶84
2107 4472 2197 4511 etc.
