3347 4999
669 316 750 379 34
1428 331 1506 377 na
1554 330 1607 377 s.
1660 330 1918 377 anuinio
1965 329 2258 377 Ancnlm‘.
2310 358 2316 381 .
2841 310 3013 375 OCT.
3077 313 3107 374 t

462 448 473 459 ·
574 412 840 501 ingenti
876 409 1315 489 mulitudine
1349 423 1679 478 venerunt
1713 423 1945 479 contra
1979 431 2137 478 eum
2178 429 2385 498 super
2410 408 2781 478 oscharam
2815 408 3118 477 fluvium

574 522 776 570 secus
826 513 1174 578 castrum,
1230 498 1410 585 quod
1484 499 1717 568 Divion
1779 499 2072 567 dicitur:
2138 498 2371 585 ibique
2440 499 2616 566 inter
2671 520 2741 567 se
2789 498 3128 566 atrociter

572 590 1066 680 confligentes,
1122 586 1614 657 Gundebaldus
1673 610 1753 656 ac
1804 586 2236 678 Godeglislus
2284 608 2440 655 cum
2500 586 3119 676 Burgundionibus

577 691 763 768 terga
816 690 1176 755 verterunt,
1221 691 1284 745 et
1332 677 1443 745 vix·
1479 676 1642 764 fuga
1680 675 1853 765 lapsi
1885 689 2269 745 evaserunt.
2311 675 2671 755 Ludovico,
2711 689 2787 744 ut
2820 674 3105 755 solebat,

570 767 895 836 existente
944 767 1230 847 victore,
1287 763 1782 835 Gundebaldus
1839 787 1908 834 se
1973 765 2038 845 in
2090 764 2416 833 Avinione
2484 763 2809 842 reclusit,
2877 777 2941 832 et
2985 787 3114 852 per

572 855 891 925 Aredium
930 852 1404 923 consiliarium
1429 875 1635 923 suum
1676 875 1909 942 pacem
1951 875 1990 922 a
2026 853 2362 923 Ludovico
2384 854 2681 940 expetiit.
2723 858 2767 922 L
2822 853 3116 922 dovicus

574 966 751 1025 ver0,
790 942 1036 1012 ablatis
1078 942 1441 1022 thesauris,
1495 963 1654 1010 cum
1708 943 1956 1031 praeda
2012 942 2308 1011 maxima
2354 955 2418 1011 et
2454 947 2794 1011 Francoru
2916 963 3112 1010 exer-

576 1033 718 1102 citu
766 1032 846 1101 ad
908 1031 1183 1121 propria
1235 1044 1336 1099 est
1384 1052 1720 1099 reversus.
1764 1036 1838 1098 Et
1874 1032 2148 1100 mittens
2183 1030 2507 1120 legatum,
2564 1032 2840 1100 nomine
2882 1035 3112 1099 Pater-

573 1143 766 1201 num,
813 1121 1034 1190 virum
1072 1120 1515 1199 industrium,
1561 1119 1642 1186 ad
1682 1118 2022 1188 Alaricum
2075 1141 2299 1208 regem
2334 1124 2755 1203 Gotthorum,
2810 1119 2893 1187 de
2932 1121 3112 1188 ami·

576 1210 776 1280 citiae
826 1211 1000 1278 inter
1050 1231 1167 1278 eos
1214 1207 1604 1278 conditione
1654 1209 2020 1277 mandavit.
2063 1209 2371 1278 Alaricus
2413 1229 2567 1277 vero
2604 1230 2761 1277 cum
2817 1229 2936 1297 per
2982 1213 3110 1276 Pa-

575 1312 844 1369 ternum
878 1298 1071 1367 vellet
1106 1297 1521 1367 Ludovicum
1566 1296 1900 1397 decipere,
1937 1320 1972 1365 a
2005 1303 2286 1366 Paterno
2324 1297 2689 1387 exploratis
2715 1319 2890 1384 quae
2921 1298 3106 1366 circa

575 1409 735 1457 eum
777 1400 993 1468 erant,
1046 1400 1110 1455 et
1144 1386 1484 1455 thesauris
1516 1386 1664 1475 ejus
1715 1386 1990 1475 ingenio
2026 1386 2426 1465 subarratiS,
2487 1386 2736 1456 illusus
2782 1400 2905 1455 est.

751 1482 900 1549 45.
941 1480 1016 1543 In
1055 1475 1300 1544 diebus
1333 1474 1467 1544 illis
1502 1496 1614 1544 rex
1646 1474 2031 1544 Ludovicus
2076 1498 2236 1545 cum
2286 1477 2581 1544 venisset
2630 1476 2944 1555 ParisiOS,
2982 1475 3108 1544 ubi

575 1587 645 1633 se
699 1586 802 1632 em
856 1586 1053 1634 suam
1103 1564 1500 1644 constituit,
1554 1564 1647 1631 ait
1686 1563 1769 1631 ad
1827 1566 2151 1653 Reginam
2203 1577 2266 1632 et
2322 1563 2407 1631 ad
2459 1564 2790 1653 populum
2847 1586 3101 1632 suum:

577 1655 751 1723 Satis
802 1653 969 1722 mihi
1021 1653 1383 1722 molestum
1432 1665 1571 1733 est,
1632 1652 1813 1737 quod
1867 1654 2088 1722 Gotthi
2140 1652 2404 1721 Arriani
2457 1666 2713 1741 partem
2772 1654 3100 1743 optimam

575 1742 947 1811 Galliarum
992 1757 1241 1811 tenent.
1306 1747 1555 1809 Eamus
1609 1763 1767 1809 cum
1825 1742 1931 1809 Dei
1981 1741 2238 1811 auxilio
2325 1754 2388 1810 et
2438 1742 2798 1832 ejiciamus
2845 1764 2959 1810 eos
3019 1742 3106 1809 de

576 1842 753 1900 terra
803 1831 950 1921 ipsa
1003 1831 1388 1917 nostrisque
1421 1829 1824 1909 ditionibuS,
1862 1831 2021 1917 quia
2072 1829 2267 1898 valde
2298 1829 2477 1899 bona
2522 1845 2644 1910 est,
2699 1853 2845 1899 eam
2891 1830 3108 1916 subji-

573 1921 881 2000 ciamus,
935 1919 1261 1989 habentes
1322 1918 1659 2009 justitiam
1740 1918 2069 1989 adversus
2121 1919 2463 1988 Alaricum
2497 1974 2511 2000 ‚
2584 1919 2668 1987 ad
2724 1939 2926 2006 quem
2983 1940 3105 2006 pro

574 2008 916 2076 amicitiae
945 2008 1335 2076 conditione
1376 2007 1673 2097 legatum
1726 2007 2125 2087 direximuS,
2185 2029 2303 2098 per
2348 2029 2549 2095 quem
2615 2030 2735 2076 nos
2788 2007 3105 2095 decipere

576 2096 809 2165 voluit.
862 2095 1123 2166 Placuit
1169 2096 1297 2165 hoc
1351 2095 1719 2165 consilium
1781 2096 2178 2186 proceribus
2240 2102 2680 2165 Francorum.
2746 2101 2933 2164 Tunc
2987 2117 3110 2185 per

575 2185 941 2255 consilium
1002 2186 1299 2274 Reginae
1360 2206 1524 2253 suae
1579 2183 1735 2267 fecit
1787 2183 2154 2254 Ecclesiam
2206 2186 2274 2253 in
2327 2185 2583 2255 honore
2635 2183 3099 2274 apostolorum

574 2275 746 2343 Petri
790 2287 854 2343 et
893 2274 1086 2343 Pauli
1135 2277 1205 2343 in
1258 2274 1668 2342 Parisiorum
1721 2273 2012 2354 civitate,
2050 2288 2111 2342 et
2159 2296 2279 2363 per
2323 2274 2689 2344 consilium
2744 2273 2919 2342 beati
2975 2277 3104 2341 Re-

573 2364 766 2451 migii
815 2363 882 2430 in
935 2363 1296 2432 Aureliano
1345 2362 1612 2430 civitate
1644 2362 2134 2452 Episcoporum
2173 2362 2513 2452 synodum
2552 2363 2985 2431 convocavit:
3028 2362 3097 2429 in

571 2472 709 2538 quo
758 2464 1095 2522 conventu
1146 2450 1360 2521 multa
1403 2450 1596 2521 utilia
1645 2453 2010 2523 constituta
2061 2452 2273 2522 fuere.
2311 2457 2445 2522 Rex
2544 2472 2764 2538 unque
2806 2450 3104 2520 devotis-

572 2540 816 2619 simus,
873 2563 1162 2630 pergens
1209 2553 1444 2610 contra
1491 2540 1832 2611 Alaricum
1871 2543 2259 2623 Arrianum,
2315 2543 2484 2612 bene
2542 2542 2857 2610 ictionem
2909 2541 3104 2631 petiit

569 2650 611 2697 a
659 2641 893 2698 sancto
929 2629 1260 2719 Remigio.
1327 2630 1447 2698 Cui
1505 2644 1569 2698 et
1630 2630 2171 2699 benedictionem
2223 2631 2455 2710 dedit,
2517 2643 2581 2699 et
2625 2631 2971 2699 victoriam
3026 2631 3097 2698 in

573 2718 773 2787 verbo
808 2718 1048 2787 Christi
1088 2718 1497 2808 spopondit3
1542 2718 1863 2806 deditque
1912 2718 2012 2787 illi
2060 2719 2338 2810 plenum
2394 2741 2530 2798 vaS,
2572 2720 2752 2804 quod
2793 2718 3100 2806 vulgaris

564 2807 988 2876 consuetudo
1038 2807 1405 2876 flasconem
1459 2807 1781 2896 appellat,
1818 2809 1901 2877 de
1938 2810 2093 2879 vino
2140 2808 2318 2896 quod
2373 2807 2756 2876 benedixit:
2809 2807 2988 2874 sicut
3033 2818 3102 2874 et

565 2894 834 2976 fecerat,
875 2896 1152 2983 quando
1195 2909 1345 2986 post
1379 2896 1799 2986 baptismum
1838 2911 2070 2966 contra
2122 2895 2646 2966 Gundebaldum
2689 2907 3093 2985 perrexerat,

566 2985 992 3074 praecipiens
1047 2985 1171 3064 illi,
1236 2997 1310 3053 ut
1363 2997 1494 3054 tam
1550 2984 1750 3074 longe
1797 2984 1880 3051 ad
1941 2983 2194 3053 bellum
2252 2985 2662 3073 procederet,
2715 3006 2920 3070 quam
2973 2984 3100 3053 diu

567 3073 663 3141 illi
717 3087 781 3142 et
827 3075 995 3154 suis,
1055 3073 1309 3161 quibus
1360 3073 1520 3141 inde
1568 3073 1732 3141 dare
1790 3072 2024 3150 vellet,
2080 3072 2249 3142 illud
2316 3075 2545 3141 vinum
2606 3072 2688 3141 de
2754 3072 3102 3162 praedicto

568 3162 865 3231 flascone
917 3184 1046 3231 non
1098 3162 1438 3231 deficeret.
1478 3161 1654 3231 Bibit
1687 3183 1847 3251 ergo
1883 3161 2040 3229 inde
2074 3167 2230 3241 Rex,
2285 3184 2363 3230 ac
2405 3160 2654 3250 regalis
2701 3160 2985 3241 familia,
3032 3176 3097 3231 et

564 3271 928 3319 numerosa
965 3251 1164 3320 turba
1203 3252 1463 3341 populi,
1519 3264 1589 3320 et·
1621 3250 1866 3320 exinde
1901 3251 2245 3320 uberrime
2278 3251 2659 3320 satiantur:
2703 3263 2767 3318 et
2802 3272 2917 3319 vas
2956 3250 3097 3320 vini

560 3339 1046 3408 detrimentum
1083 3359 1214 3407 non
1252 3341 1528 3428 patitur,
1575 3340 1692 3408 sed
1745 3339 2217 3409 benedictione
2268 3340 2403 3419 Dei,
2444 3360 2563 3429 per
2595 3343 2660 3407 S.
2702 3339 3091 3429 Remigium

561 3428 801 3509 indita,
861 3451 1046 3498 more
1093 3427 1299 3498 sontis
1348 3428 1795 3497 inundatione
1846 3428 2166 3515 repletur.
2213 3430 2413 3497 Movit
2459 3440 2685 3496 autem
2739 3433 2871 3495 Rex
2919 3450 3095 3496 cun-

556 3529 741 3585 ctum
799 3517 1168 3586 exercitum
1221 3538 1423 3585 suum
1485 3516 1568 3585 de
1664 3517 1873 3618 opulo
1923 3522 2386 3598 Francorum,
2445 3538 2681 3586 versus
2730 3517 3094 3586 Pictavos*

555 3606 933 3675 civitatem:
988 3606 1083 3675 ibi
1132 3607 1317 3674 enim
1367 3620 1526 3674 tunc
1558 3611 1606 3675 A
1636 3629 1868 3675 aricus
1901 3627 2013 3674 rex
2055 3606 2454 3676 Gotthorum
2491 3604 3085 3674 commorabatur:

551 3707 617 3764 et
663 3695 762 3764 sic
812 3717 933 3784 per
980 3716 1233 3784 pagum
1287 3694 1704 3764 Turonicum
1754 3695 1823 3729 *²*
1867 3716 2178 3784 pergens,
2232 3706 2297 3764 et
2355 3694 2803 3764 reverentiam
2853 3707 3091 3763 sancto

484 3823 489 3827 ·
550 3783 841 3853 Martino
888 3796 1091 3871 atque
1141 3782 1336 3851 beato
1383 3782 1642 3852 Hilario
1689 3783 2041 3862 exhibens,
2096 3784 2276 3854 sicut
2322 3783 2490 3852 locis
2541 3783 2686 3854 suis
2735 3781 2943 3852 lector
2992 3782 3093 3850 in·

548 3873 795 3953 veniet,
851 3894 1011 3942 cum
1063 3871 1327 3941 Alarico
1378 3894 1535 3961 rege
1583 3872 1982 3942 Gotthorum
2036 3873 2102 3940 in
2153 3894 2398 3962 campo
2439 3871 2839 3961 Moglotinse
2886 3892 3094 3960 super

544 3961 837 4030 fluvium
890 3960 1161 4043 Glinno,
1228 3960 1551 4031 milliario
1598 3961 1865 4030 decimo
1920 3962 2006 4030 ab
2054 3962 2228 4031 urbe
2292 3963 2719 4031 Pictavorum
2753 4014 2767 4039 ,
2822 3957 3081 4029 bellum

543 4049 913 4121 conseruit.
948 4049 1231 4138 Illisque
1267 4051 1444 4120 inter
1476 4073 1546 4120 se
1578 4050 2235 4141 compugnantibus,
2269 4050 2490 4121 Gotthi
2540 4071 2698 4121 cum
2739 4054 2917 4138 Rege
2960 4071 3087 4118 suo

547 4139 763 4240 nimis
809 4139 1070 4221 collisi,
1140 4151 1328 4229 terga
1400 4152 1766 4210 verterunt.
1837 4141 2222 4211 Ludovicus
2291 4141 2468 4211 sicut
2517 4136 2820 4218 solebat,
2878 4137 3089 4207 victor

555 4241 793 4299 extitit.

645 4321 680 4406 ξ
713 4322 872 4392 am.
905 4324 1208 4405 Cumque
1234 4316 1571 4388 Alaricum
1603 4319 2033 4402 interficeret,
2056 4321 2194 4391 duo
2229 4319 2452 4390 Gotthi
2486 4340 2642 4390 cum
2678 4317 2897 4386 contis
2925 4337 3088 4385 eum

608 4448 634 4475 ¹³
662 4445 862 4489 Poitt'ers.
1659 4448 1714 4476 ¹⁸*
1745 4441 1896 4490 Tomsse.
1977 4499 1980 4502 η
