3347 4999
740 361 823 424 66
1292 377 1370 423 1)ss
1418 376 1474 423 s.
1526 374 1917 424 monssoAmo
1964 376 2162 424 EPtSC.
2215 376 2290 423 ΕΤ
2336 373 2528 422 mar.
2915 357 3107 423 OCT.
3169 359 3214 421 2

649 472 856 547 atque
895 460 1077 528 iners
1125 458 1449 530 facundia
1498 482 1630 529 non
1687 461 1861 530 valet
1906 461 2246 550 explicare
2279 460 2446 529 tanti
2476 458 2599 528 viri
2629 458 2932 528 virtutes,
2976 459 3210 548 Cujus

650 549 929 637 quidem
987 547 1309 638 patientia
1360 548 1708 619 modernis
1757 550 2057 619 innotuit
2107 548 2552 638 temporibus,
2608 548 2727 616 sed
2778 549 3002 617 multa
3035 548 3201 637 jam

652 651 808 707 ante
860 658 1221 726 perpessus
1268 652 1392 714 est,
1445 660 1620 725 quae
1671 660 1872 708 nemo
1915 638 2120 718 novit,
2177 637 2307 706 nisi
2360 636 2476 705 ille
2523 636 2736 717 soluS‚
2788 638 2902 707 cui
2949 658 3034 705 ea
3093 636 3206 704 in-

654 727 991 796 trinsecus
1036 726 1370 816 exposuit.
1425 732 1587 795 Nam
1642 726 1801 796 finis
1848 727 2075 827 operis
2109 725 2404 795 ostendit
2438 726 2883 806 extrinsecuS‚
2921 738 3204 811 quanta

652 814 839 884 intus
884 814 1060 883 clam
1112 826 1176 882 et
1227 815 1497 884 nemine
1530 815 1805 885 conscio
1854 828 1940 886 sit
1986 827 2330 903 operatus.
2371 818 2556 896 Quae
2593 832 2813 882 tamen
2842 814 3043 882 ·mihi
3110 813 3201 883 de

650 903 803 991 ejus
852 904 983 972 vita
1032 903 1304 993 cognita
1339 915 1522 984 sunt,
1566 904 1935 973 multorum
1976 903 2301 972 relatione
2333 916 2703 991 comperta,
2751 924 3196 989 quamquam

652 993 907 1062 rustico
955 1013 1292 1072 sermone,
1340 992 1529 1062 vobis
1581 992 2103 1081 imperantibus,
2144 992 2343 1060 edere
2376 1005 2664 1060 conatus
2693 1014 2885 1060 sum:
2923 993 2992 1059 in
3032 992 3197 1078 qui·
3297 1060 3298 1063 ,

650 1081 780 1150 bus
830 1080 886 1149 si
936 1079 1283 1149 interdum
1336 1080 1822 1169 prolixioribus
1857 1080 2080 1149 verbis
2129 1103 2300 1150 usus
2350 1080 2649 1160 videbor,
2705 1079 2833 1149 feci
2884 1080 2978 1159 id,
3037 1093 3120 1148 ut
3156 1102 3196 1148 a

649 1168 950 1238 veritatis
1000 1169 1178 1238 linea
1229 1190 1362 1237 non
1435 1169 1880 1239 discederem.
1937 1170 2005 1239 Si
2052 1169 2218 1256 quid
2273 1190 2426 1237 vero
2472 1190 2551 1237 ex
2607 1169 2759 1258 ejus
2813 1169 3200 1238 virtutibus

649 1258 1102 1348 praetermisi,
1160 1279 1291 1326 non
1344 1257 1572 1326 studio
1621 1258 1686 1326 id
1731 1256 1982 1329 factum
2034 1270 2156 1338 est,
2211 1256 2328 1326 sed
2380 1258 2790 1347 ignorantia.
2850 1263 3022 1327 Puto
3057 1280 3195 1326 au-

649 1357 806 1415 tem,
839 1346 1042 1414 etiam
1080 1346 1132 1413 si
1164 1346 1320 1432 quis
1355 1346 1568 1416 multa
1598 1348 1936 1416 sermonis
1967 1346 2392 1416 sublimitate
2422 1358 2487 1415 et
2518 1345 2933 1432 eloquentia,
2969 1346 3196 1435 hujus

651 1435 777 1503 viri
828 1433 939 1501 Dei
994 1454 1099 1501 res
1159 1448 1383 1522 gestas
1439 1436 1744 1524 apertius
1791 1436 2128 1523 explicare
2179 1435 2381 1515 velit,
2435 1456 2572 1503 non
2638 1456 2837 1525 posse
2890 1435 2954 1503 id
3009 1434 3194 1504 citra

650 1521 991 1591 mendacii
1043 1536 1271 1591 notam
1323 1522 1494 1593 fieri.
1535 1529 1838 1593 Poteram
1876 1524 2186 1593 fortassis
2224 1524 2424 1593 etiam
2461 1544 2607 1613 ego,
2640 1536 2989 1591 annuente
3022 1528 3190 1603 De0,

648 1610 937 1680 occultis
983 1623 1047 1679 et
1097 1612 1463 1701 incognitis
1515 1614 1739 1682 verbis
1786 1614 1882 1681 uti
1920 1637 1934 1680 ε
1981 1613 2093 1682 sed
2148 1635 2226 1682 ea
2275 1614 2482 1682 causa
2528 1611 2765 1692 nolui,
2812 1624 2891 1680 ut
2938 1613 3194 1681 rustici

647 1710 712 1767 et
762 1699 1084 1769 illitterati
1122 1722 1227 1770 me
1281 1702 1541 1789 possint
1592 1701 2003 1791 intelligere,
2042 1715 2106 1771 et
2153 1701 2469 1770 homines
2506 1701 2596 1789 pii
2639 1722 2718 1768 ac
2757 1706 2884 1769 Deo
2926 1701 3188 1779 devoti,

646 1786 795 1877 ejus
844 1789 1096 1857 imitari
1135 1789 1444 1877 exempla
1492 1802 1850 1879 appetant,
1903 1790 2107 1877 cujus
2150 1789 2480 1859 miracula
2528 1790 2996 1878 cognoverint.

735 1880 771 1964 ξ
820 1884 894 1950 ¹.
950 1884 1192 1946 Beatus
1241 1877 1696 1968 Leodegarius
1741 1879 1775 1914 ⁴*
1823 1901 1901 1948 ex
1939 1885 2353 1948 Francorum
2399 1877 2744 1967 praecelsa
2791 1891 2856 1946 et
2889 1878 3193 1947 nobilis-

611 1965 821 2034 ·sima
874 1966 1197 2067 progenie
1244 1979 1480 2046 ortuS,
1550 1969 1616 2035 in
1742 1967 1937 2037 rimis
1994 1968 2230 2038 aetatis
2283 1966 2495 2035 initiis
2545 1988 2582 2034 a
2636 1966 3042 2055 parentibus
3114 1968 3190 2035 in

648 2052 919 2123 Clotarii
969 2054 1175 2143 Regis
1241 2054 1569 2155 palatium
1636 2078 1676 2124 a
1729 2057 1980 2126 ductus
2040 2069 2188 2125 est:
2252 2076 2374 2124 nec
2427 2055 2547 2123 diu
2602 2068 2753 2143 post
2799 2055 2884 2123 ab
2931 2054 3187 2123 eodem

646 2146 852 2233 Rege,
911 2143 1150 2211 Didoni
1193 2144 1607 2213 Pictavensis
1653 2145 1849 2214 urbis
1902 2142 2242 2232 praesuli,
2309 2143 2650 2213 avunculo
2699 2143 2962 2213 scilicet
3023 2166 3185 2223 suo,

648 2230 1025 2300 litterarum
1077 2232 1324 2301 studiis
1375 2233 1794 2304 imbuendus
1835 2234 2124 2303 traditus
2158 2244 2280 2301 est.
2317 2236 2382 2301 Is
2416 2245 2646 2302 autem
2699 2232 2971 2321 praesul
3032 2233 3191 2301 cui-

646 2319 803 2388 dam
863 2321 972 2388 Dei
1024 2321 1380 2401 sacerdoti,
1427 2322 1569 2390 viro
1618 2322 2087 2391 eruditissimo
2134 2343 2293 2390 eum
2328 2319 2786 2390 erudiendum
2819 2342 3191 2390 commen-

644 2407 852 2488 davit,
885 2408 1004 2495 qui
1027 2409 1225 2477 etiam
1260 2409 1617 2499 permultis
1643 2411 1847 2479 annis
1877 2414 2122 2501 magna
2149 2414 2315 2479 cura
2340 2431 2497 2479 eum
2533 2409 2788 2489 docuit,
2820 2431 2898 2477 ac
2925 2408 3194 2478 deinde

645 2496 818 2566 bene
872 2496 1260 2567 institutum
1315 2499 1649 2600 Episcopo
1699 2499 2019 2570 reddidit.
2091 2504 2266 2567 Rece
2321 2511 2463 2567 tum
2507 2511 2733 2567 autem
2790 2497 3191 2587 Episcopus

645 2608 771 2656 suo
801 2585 1121 2656 cubiculo
1153 2587 1282 2656 sub
1314 2588 1721 2677 disciplinae
1754 2588 2064 2658 custodia
2099 2588 2261 2657 adbi
2318 2588 2440 2667 uit,
2469 2600 2544 2656 ut
2581 2588 3190 2674 quemadmodum

644 2674 790 2764 ipse
840 2698 910 2743 sc
957 2686 1217 2744 castum
1255 2697 1537 2765 corpore
1571 2690 2025 2756 conservarat,
2070 2677 2159 2745 ita
2193 2675 2389 2745 illum
2422 2697 2693 2762 quoque
2722 2677 2830 2744 sui
2873 2676 3189 2745 similem

641 2763 956 2833 efficeret.
1012 2765 1467 2846 Quamobrem
1518 2766 1720 2834 etiam
1775 2767 2187 2835 creberrime
2235 2764 2432 2834 illum
2468 2764 2903 2832 admonendo
2935 2763 3183 2834 dicere

641 2852 923 2933 solebat,
980 2865 1055 2921 ut
1102 2875 1173 2922 se
1222 2852 1555 2942 virginem
1590 2867 2067 2934 conservaret,
2122 2875 2257 2939 quo
2312 2866 2538 2940 posset
2586 2853 2654 2920 in
2700 2851 3000 2922 Ecclesia
3063 2855 3190 2922 Dei

640 2941 928 3031 dignum
959 2941 1314 3012 electionis
1344 2941 1521 3011 effici
1558 2965 1696 3012 vas.
1732 2946 2018 3031 Optabat
2049 2943 2231 3011 enim
2272 2941 2465 3010 illum
2505 2942 2659 3030 ejus
2690 2941 2987 3010 civitatis
3026 2957 3192 3032 post

640 3052 711 3099 se
760 3031 1172 3120 Episcopum
1212 3029 1484 3100 habere.

726 3119 761 3203 ξ
814 3124 900 3188 2.
955 3119 1075 3187 Cui
1125 3118 1401 3204 quidem
1455 3120 1549 3188 rei
1602 3142 1761 3189 cum
1814 3118 2011 3187 illum
2062 3132 2369 3187 cerneret
2415 3131 2652 3208 aptum
2696 3131 2761 3188 et
2811 3117 3182 3201 idoneum,

638 3227 858 3274 annos
906 3205 1043 3275 fere
1091 3206 1331 3296 viginti
1372 3223 1633 3288 natum,
1677 3210 2052 3284 Diaconum
2086 3207 2449 3277 ordinavit.
2493 3207 2742 3276 Deinde
2779 3229 2911 3275 non
2953 3208 3186 3278 multo

636 3292 870 3382 elapso
941 3306 1239 3384 tempore
1301 3297 1843 3366 Archidiaconus
1899 3297 2202 3375 effectu&
2258 3296 2586 3364 omnibus
2635 3296 2785 3384 ejus
2834 3295 3184 3367 dioecesis

636 3382 946 3452 ecclesiis
991 3382 1078 3453 ab
1112 3384 1345 3452 eodem
1394 3385 1714 3474 pontifice
1757 3386 2137 3474 praefectus
2190 3397 2393 3470 atque
2432 3383 2773 3472 praelatus
2836 3397 2960 3453 est.
3010 3390 3179 3455 Erat

634 3471 816 3540 enim
868 3493 903 3540 e
960 3472 1140 3561 regie
1188 3473 1553 3553 facundus,
1607 3475 1915 3563 corporis
1973 3477 2230 3543 statura
2284 3475 2629 3562 proceruS,
2684 3473 2861 3541 inter
2908 3473 3183 3572 pleros-

632 3581 767 3647 que
804 3582 893 3649 pu
928 3560 1338 3641 cherrimus,
1393 3574 1673 3651 aspectu
1723 3562 2037 3642 decoruS‚
2093 3562 2322 3631 suavis
2363 3561 2660 3648 eloquio,
2700 3561 2981 3651 ingenio
3020 3584 3180 3650 per-

632 3662 901 3729 acutus,
950 3650 1315 3738 prudentia
1367 3650 1738 3738 providuS,
1797 3651 1912 3719 Dei
1960 3650 2103 3720 zelo
2150 3662 2214 3719 et
2261 3672 2494 3720 amore
2542 3649 2872 3730 ferviduS,
2929 3672 3182 3740 perpe-

633 3749 926 3825 tuaeque
957 3738 1372 3829 virg'mitatis
1398 3752 1652 3810 custos
1684 3740 2072 3828 Scripturae
2093 3739 2388 3820 divinae,
2422 3753 2564 3808 tum
2596 3739 2797 3808 etiam
2829 3738 3177 3828 pontificii

629 3838 695 3896 et
741 3826 963 3895 civilis
1000 3827 1184 3916 juris
1232 3828 1621 3917 cognitione
1717 3850 1842 3896 ene
1890 3851 2129 3897 omnes
2158 3827 2310 3916 ejus
2348 3828 2734 3917 parochiae,
2778 3849 2988 3914 quam
3033 3828 3169 3896 ad-

631 3914 1158 3985 ministrandam
1212 3929 1626 4005 susceperat,
1717 3917 2083 3986 abitatores
2116 3915 2578 3987 antecedebat.
2620 3921 2966 3985 Intantum
3007 3938 3171 3986 vero

626 4014 692 4071 et
740 4005 1065 4084 seniores,
1119 4017 1184 4073 et
1230 4007 1596 4091 aequaleS,
1649 4018 1714 4074 et
1763 4007 2115 4075 inferiores
2164 4026 2403 4074 omnes
2453 4004 2844 4092 superabat,
2899 4016 2977 4072 ut
3022 4003 3174 4074 elo-

623 4093 907 4178 quentia
944 4093 1095 4178 ejus
1128 4107 1320 4183 grata
1360 4107 1536 4165 esset
1565 4094 1891 4164 omnibus
1923 4096 2043 4180 qui
2076 4115 2232 4162 cum
2278 4093 2393 4163 illo
2429 4094 2908 4179 loquerentur:
2982 4115 3173 4163 moe-

626 4193 901 4268 stosque
948 4181 1244 4252 afficeret
1292 4183 1591 4265 laetitia,
1645 4196 1711 4253 et
1757 4184 2170 4253 criminibus
2226 4182 2555 4251 obnoxios
2603 4181 2687 4249 ad
2750 4180 3173 4269 disciplinae

625 4270 930 4341 studium
985 4285 1346 4342 revocaret.
1413 4278 1489 4342 Et
1548 4272 1734 4341 brevi
1780 4271 2062 4359 quidem
2114 4271 2438 4362 temporis
2509 4270 2775 4360 spati0,
2843 4270 2972 4340 sub
3043 4269 3180 4340 illo

675 4487 701 4514 ⁸
732 4485 913 4528 Gallice
933 4487 1080 4539 [Ager.
