3347 4999
253 318 427 384 OCT.
482 317 554 382 3⁴
927 336 1003 382 nr.
1051 336 1107 382 s.
1151 333 1540 383 wonromco
1578 335 1678 380 ει».
1720 334 2130 382 amsronan.
2581 318 2695 381 77⁴

256 433 571 491 sanctum
604 424 876 490 Petrum
912 431 1090 489 esset
1139 433 1526 509 exceptum,
1577 433 1644 487 et
1693 417 2087 509 vigiliarum
2134 418 2645 507 missarumque
2688 440 2796 489 ce·

256 508 751 580 lebrationibus
780 508 1013 578 anima
1048 512 1180 577 Deo
1226 504 1704 578 commendata
1731 561 1748 588 ,
1791 505 2166 576 admodum
2220 521 2606 577 reverenter
2650 528 2802 577 cor·

260 621 393 701 pus
440 618 561 688 per
584 609 833 667 cuncta
859 596 1055 665 urbis
1093 594 1510 665 monasteria
1541 594 2052 675 circumtulere,
2090 595 2173 664 ad
2209 609 2597 664 extremum·
2624 595 2797 666 illud

259 687 625 758 inferentes
671 686 741 755 in
774 684 1181 755 coenobium
1236 684 1410 754 beati
1452 684 1943 754 Emmerammi
1969 683 2028 766 ⁴,
2060 705 2293 770 quem,
2345 683 2512 753 dum
2550 685 2619 753 in
2672 684 2799 754 hu—

257 775 482 846 manis
510 786 710 856 esset,
761 774 1133 865 praecipuo
1179 773 1437 843 honore
1487 771 1986 843 habuerat.1bi
2035 772 2398 843 Missurum
2437 772 2801 843 solemniis

257 876 323 934 et
379 863 823 950 exequiarum
873 861 1120 932 officiis
1167 862 1293 932 rite
1352 861 1685 952 peractis,
1739 860 2086 952 praeclare
2155 873 2360 949 atque
2422 860 2800 931 honorifice

260 952 674 1024 tumulatum
718 964 845 1021 est.
902 950 1052 1020 Fuit
1100 949 1202 1020 vir
1249 962 1530 1021 sanctus
1583 948 1924 1020 ordine*
1979 949 2436 1020 duodecimus
2481 949 2800 1040 Ratispo-

259 1041 495 1112 nensis
563 1039 901 1109 Ecclesiae
962 1038 1366 1129 Episcopus.
1433 1043 1590 1108 Post
1647 1039 1800 1128 ejus
1844 1037 2109 1109 obitum
2183 1038 2425 1109 multis
2466 1039 2801 1111 Dominus

259 1127 622 1199 miraculis
643 1127 1035 1208 declaravit,
1071 1149 1230 1198 eum
1260 1149 1332 1197 se
1353 1126 1726 1198 collocasse
1741 1149 1900 1197 cum
1938 1126 2371 1217 principibus
2395 1125 2634 1218 populi
2659 1127 2794 1199 sui.

345 1220 383 1304 ξ
429 1221 577 1288 82.
612 1221 859 1286 Eorum
902 1228 1130 1286 autem
1164 1214 1655 1285 miraculorum
1685 1215 2031 1304 quaedam
2063 1236 2198 1285 non
2235 1219 2399 1286 sunt
2444 1216 2515 1285 in
2542 1216 2800 1306 scripta

261 1304 494 1375 relata.
548 1309 733 1387 Quae
765 1317 994 1374 autem
1044 1304 1354 1374 fidelium
1407 1302 1734 1375 relatione
1762 1317 2108 1396 comperta
2149 1317 2336 1386 sunt,
2386 1325 2469 1374 ex
2515 1304 2602 1373 iis
2630 1324 2801 1374 non-

260 1393 450 1464 nulla
481 1393 877 1464 referemus.
911 1397 1052 1462 Hoc
1091 1414 1247 1463 vero
1279 1392 1628 1483 imprimis
1666 1392 2040 1463 dicendum
2077 1394 2283 1475 venit,
2324 1415 2486 1462 cum
2528 1393 2802 1482 provin-

255 1481 465 1551 ciales
510 1504 650 1551 una
701 1504 858 1551 cum
913 1480 1180 1551 civibus
1228 1480 1851 1572 Ratisponensibus
1908 1481 2261 1551 meliorem
2312 1494 2516 1582 atque
2571 1503 2800 1572 augu-

258 1570 532 1641 stiorem
585 1570 835 1640 vellent
881 1570 1240 1640 basilicam
1291 1584 1689 1640 construere
1734 1570 1980 1661 (prior
2025 1571 2208 1640 enim
2245 1592 2327 1640 ex
2375 1569 2587 1660 lignis
2632 1591 2799 1639 con·

258 1659 398 1728 dita
427 1659 636 1748 erat),
679 1672 746 1729 et
785 1659 931 1749 jam
986 1658 1168 1729 muri
1213 1671 1728 1741 extruerentur‚
1780 1659 2150 1747 quemdam
2221 1672 2365 1728 tum
2420 1658 2798 1729 adductum

257 1769 408 1817 esse
453 1747 978 1817 daemoniacum
1015 1801 1031 1828 ‚
1083 1769 1386 1833 eumque
1432 1745 1730 1818 artifices
1775 1746 2244 1818 misericordia
2305 1763 2672 1837 permotos,
2726 1747 2798 1816 in

257 1858 335 1906 eo
386 1835 557 1916 loco,
611 1836 732 1906 ubi
783 1848 1064 1907 sanctus
1115 1835 1385 1925 praesul
1452 1836 1800 1926 spiritum,
1852 1836 2245 1916 exhalarat,
2302 1836 2795 1925 prostravisse,

260 1947 550 2011 moxque
596 1924 750 2014 ejus
797 1924 1059 1994 meritis
1109 1936 1430 1994 curatum,
1477 1946 1649 1994 esse.
1705 1924 1961 1994 Deinde
2009 1947 2164 1995 vero
2222 1925 2449 1994 locum
2503 1924 2701 1994 illum
2760 1945 2801 1993 a

256 2012 548 2083 diversis
596 2012 773 2082 male
821 2012 1238 2083 habentibus
1285 2011 1819 2099 frequentatum,
1872 2013 2264 2100 multosque
2296 2024 2572 2083 sanatos
2622 2033 2794 2083 esse.

256 2106 473 2171 Homo
520 2100 803 2190 quidam
834 2101 1326 2191 pauperculus,
1361 2102 1452 2171 ob
1487 2102 1704 2171 multa
1742 2101 2050 2172 admissa
2096 2102 2357 2191 flagitia
2390 2103 2460 2172 in
2510 2111 2801 2187 utroque

259 2190 540 2261 brachio
572 2189 858 2261 circulis
905 2188 1143 2260 ferreis
1201 2190 1638 2268 constrictus,
1689 2210 1873 2277 quae
1917 2212 2024 2260 res
2076 2192 2447 2261 acerrimos
2492 2188 2802 2277 quotidie

254 2277 525 2349 dolores
552 2280 614 2348 ei
664 2278 1011 2360 afferebat,
1062 2299 1222 2347 cum
1262 2277 1481 2347 multa
1531 2291 1926 2348 sanctorum
1969 2277 2115 2348 loca
2162 2280 2252 2350 ob
2297 2300 2413 2349 eos
2464 2277 2800 2349 tollendos

255 2366 525 2439 dolores
570 2379 636 2436 et
667 2367 963 2436 crimina
1001 2365 1341 2456 expianda
1375 2367 1682 2447 adiisset,
1717 2366 1993 2437 tandem
2031 2368 2251 2438 sancti
2281 2367 2620 2438 Adelberti
2658 2387 2802 2436 me-

260 2455 406 2525 ritis
456 2458 668 2526 unius
715 2455 978 2526 brachii
1046 2454 1262 2525 ferreo
1316 2453 1646 2547 ligamine
1701 2468 1804 2527 est
1857 2456 2258 2529 absolutus:
2300 2455 2594 2529 alterum
2644 2476 2801 2526 vero

256 2543 560 2613 ablatum
624 2556 726 2614 est
771 2545 879 2625 ei,
951 2544 1363 2635 Ratisponae
1427 2544 1514 2614 ad
1578 2545 1756 2637 beati
1825 2545 2209 2636 wolfgangi
2273 2556 2798 2616 monumentum

252 2634 500 2702 oranti.
554 2632 848 2702 Henrico
896 2633 1089 2724 Regi,
1132 2646 1500 2722 antequam
1560 2646 1739 2704 esset
1793 2638 2211 2725 Imperator,
2265 2647 2547 2704 sanctus
2595 2630 2799 2703 Wolf·

253 2743 526 2813 gangus
572 2722 897 2811 apparuit
942 2722 1336 2793 dormienti.
1375 2720 1748 2793 Videbatur
1796 2721 1912 2791 ille
1962 2724 2091 2793 sibi
2136 2723 2205 2791 in
2257 2722 2477 2792 sancti
2527 2725 2800 2789 Emme-

257 2810 504 2879 rammi
574 2809 862 2880 ecclesia
909 2832 1097 2892 esse,
1153 2823 1356 2900 atque
1395 2810 1638 2880 orandi
1689 2814 1899 2880 causa
1948 2810 2125 2880 beati
2171 2809 2557 2899 wolfgangi
2606 2808 2801 2879 adire

254 2897 680 2988 sepulcrum.
734 2899 837 2968 lbi
872 2919 1029 2969 vero
1079 2904 1287 2970 Deum
1338 2914 1404 2969 et
1450 2914 1767 2968 sanctum
1817 2897 2298 2989 wolfgangum
2333 2919 2565 2977 orans,
2609 2897 2802 2967 visus

252 3000 355 3055 est
401 2987 535 3058 sibi
587 2986 814 3057 videre
885 3009 1044 3057 eum
1119 2988 1411 3069 adstare,
1464 2999 1530 3057 et
1578 2987 1765 3055 hunc
1814 2986 1883 3054 in
1936 2986 2218 3057 modurn
2278 2986 2507 3077 ipsum
2558 2983 2800 3075 appel-

256 3075 436 3144 lare:
492 3098 528 3142 «
558 3075 848 3166 Adspice
892 3076 1260 3168 diligenter
1306 3076 1737 3145 characteres
1769 3074 1840 3142 iu
1893 3097 2114 3156 muro,
2167 3075 2290 3163 qui
2317 3089 2421 3147 est
2466 3073 2648 3163 apud
2690 3086 2798 3143 tu-

254 3161 521 3231 mulum
577 3186 834 3245 meam,
886 3163 1489 3234 exaratos.»Vidit
1537 3161 1675 3242 ille,
1718 3183 1839 3233 nec
1873 3162 2062 3233 aliud
2108 3162 2308 3253 legit,
2354 3184 2591 3252 quam,
2642 3166 2800 3232 Post

252 3273 401 3319 sex.
456 3252 982 3341 Expergefactus
1042 3274 1234 3332 vero,
1288 3272 1728 3340 summopere
1777 3252 2222 3321 incumbebat
2287 3253 2356 3322 in
2407 3272 2643 3322 earum
2694 3249 2798 3320 di-

254 3338 559 3408 ctionum
598 3340 1112 3430 apprehendam
1150 3339 1754 3429 significationem.
1792 3340 2100 3411 Primum
2143 3340 2355 3430 igitur
2401 3339 2799 3430 suspicatus

256 3447 326 3496 se
370 3439 519 3516 post
566 3448 683 3497 sex
736 3428 885 3497 dies
935 3429 1386 3508 moriturum,
1447 3427 1662 3497 multa
1726 3426 2017 3519 largitus
2065 3445 2166 3499 est
2224 3429 2669 3519 pauperibus.
2721 3433 2800 3497 At

254 3535 368 3584 sex
414 3513 704 3585 evolutis
751 3515 1023 3598 diebuS,
1063 3538 1221 3585 cum
1266 3515 1440 3585 nihil
1492 3516 1561 3585 in
1607 3539 1892 3607 corpore
1941 3518 2223 3588 sentiret
2270 3518 2645 3598 molestiae,
2708 3515 2794 3585 ad

253 3624 366 3673 sex
420 3623 686 3674 menses
723 3605 1059 3693 pertinere
1085 3604 1571 3685 arbitrabatur,
1628 3606 1912 3693 tumque
1945 3628 2017 3676 se
2054 3606 2406 3676 obiturum
2441 3605 2788 3676 credebat.

253 3691 378 3772 Sed
423 3712 643 3779 neque
693 3709 835 3762 tum
875 3692 1053 3763 male
1101 3715 1172 3762 se
1221 3691 1443 3763 valere
1491 3693 1817 3775 sentiens,
1856 3694 1939 3763 ad
1992 3716 2107 3766 sex
2153 3717 2373 3765 annos
2419 3715 2657 3765 earum
2692 3691 2794 3761 di-

255 3780 560 3851 ctionum
613 3780 1190 3870 significationem
1224 3781 1475 3851 retulit.
1529 3787 1736 3852 Porro
1765 3794 1991 3852 autem
2022 3784 2227 3852 etiam
2264 3805 2378 3853 sex
2415 3782 2621 3853 annis
2645 3782 2795 3869 jam

251 3870 527 3950 exactis,
581 3871 874 3960 septimo
922 3892 1104 3940 anno
1151 3892 1192 3940 a
1239 3869 1567 3940 Pontifice
1615 3870 1909 3941 Maximo
1959 3871 2065 3907 Μ*
2112 3877 2493 3961 Imperator
2536 3881 2799 3940 unctus

252 3970 376 4028 est.
412 3961 625 4045 Atque
687 3970 831 4027 turn
884 3957 1166 4028 demum
1215 3958 1807 4042 animadvertenS,
1873 3959 2038 4047 quid
2093 3958 2224 4030 sibi
2279 3980 2357 4029 ea
2408 3961 2611 4029 verba
2660 3956 2794 4026 vel-

256 4045 419 4127 lent,
472 4045 729 4138 gratias
775 4046 915 4137 egit
965 4052 1095 4116 Deo
1145 4059 1209 4116 et
1259 4048 1454 4118 beato
1502 4047 1928 4140 Wolfgango,
1984 4048 2103 4135 qui
2158 4047 2291 4137 ipsi
2340 4047 2638 4118 revelare
2684 4044 2796 4114 di-

253 4147 504 4223 gnatus
532 4148 709 4207 esset
739 4157 819 4204 ea
859 4157 932 4206 se
960 4134 1293 4226 dignitate
1325 4136 1728 4227 potiturum.
1777 4139 2030 4207 Caecus
2060 4135 2347 4223 quidam
2381 4136 2567 4227 apud
2608 4134 2791 4205 beati

304 4330 331 4356 ⁸
359 4298 643 4372 Ooenc'vbium
661 4331 751 4372 boc
770 4341 796 4371 a
817 4331 860 4373 8.
884 4332 1153 4381 wolfgango
1172 4332 1337 4391 postea
1357 4340 1529 4371 nomen
1547 4331 1696 4373 duxit.

303 4382 357 4409 ⁸·
385 4383 439 4422 In
459 4384 549 4424 hoc
568 4394 767 4425 numero
788 4393 995 4425 errorem
1021 4383 1269 4432 irrepsisse
1290 4385 1516 4425 creditur.

305 4436 389 4461 *ω*
419 4437 559 4477 meat.
579 4448 605 4478 a
622 4439 803 4479 joanne
822 4439 946 4478 1111.
966 4446 1087 4478 anno
1106 4439 1200 4477 ⁹67.
