3347 4999
732 335 859 399 342
1393 351 1471 397 na
1518 350 1609 397 ss.
1663 349 1952 396 naacuo
1998 350 2072 395 ει·
2121 349 2250 397 soc.
2300 351 2414 396 uu.
2863 330 3044 397 OCT.
3114 332 3193 397 Η

642 436 958 527 negotiis
1013 436 1346 517 Quoniam
1397 447 1622 504 autem
1675 435 2004 523 cupiebas
2040 446 2339 504 nostram
2375 433 2645 503 vincere
2690 433 3204 524 cogitationem

642 548 766 615 per
812 523 1306 595 traductionem
1357 516 1422 594 a‘
1444 546 1602 594 vera
1651 522 1981 614 religione
2029 522 2113 591 ad
2158 523 2602 613 impietatem,
2655 536 3007 613 propterea
3043 547 3089 593 a
3135 536 3207 592 te

640 615 1006 683 universus
1053 611 1184 682 fuit
1229 612 1298 682 in
1351 634 1474 683 nos
1505 625 1964 702 consumptus
2012 610 2227 680 labor.
2276 617 2387 682 Est
2436 633 2591 682 vero
2638 611 2910 680 animae
2957 626 3204 680 certa-

642 724 799 773 men
842 701 1276 791 martyrium,
1333 723 1452 792 per
1497 701 1767 771 labores
1824 700 2132 788 corporis
2178 700 2649 770 intermedios.
2684 704 3045 769 Caeterum
3084 700 3205 769 di-

640 791 945 860 dicimus
990 811 1028 858 a
1079 803 1309 861 nostro
1362 796 1490 860 Deo
1533 811 1665 860 non
1720 790 1958 859 timere
2006 810 2120 858 eos
2167 790 2287 876 qui
2327 811 2582 879 corpus
2630 788 2979 868 occidunt,
3018 790 3202 859 ani-

641 902 825 949 mam
894 890 1123 950 autem
1193 900 1328 948 non
1393 892 1684 969 possunt
1738 877 2092 958 occidere;
2147 877 2263 946 sed
2325 878 2383 947 si
2447 876 2617 965 quid
2670 877 2793 948 tibi
2862 877 3204 947 videmur

641 968 1054 1059 peccavisse,
1106 966 1292 1053 quod
1341 968 1411 1036 in
1475 988 1551 1038 os
1605 978 1943 1048 nostrum,
2002 967 2200 1036 nobis
2249 966 2505 1047 invitiS,
2561 966 2887 1053 injectum
2926 966 3016 1035 sit
3060 966 3204 1035 ali-

640 1057 806 1145 quid
860 1057 1091 1125 carnis
1138 1055 1208 1123 in
1260 1078 1380 1125 ara
1428 1055 1843 1137 immolatae,
1906 1069 1972 1125 et
2011 1054 2243 1125 cultus
2289 1054 2630 1125 idolorum
2689 1076 2812 1125 nos
2859 1055 3200 1124 criminis

642 1145 1035 1225 insimulaS,
1088 1144 1282 1214 labra
1328 1166 1601 1232 quoque
1647 1144 1899 1223 adime,
1950 1157 2027 1213 ut
2072 1166 2247 1230 quae
2288 1157 2402 1213 tua
2454 1143 2812 1226 libamina,
2868 1143 3025 1212 licet
3081 1145 3201 1212 in-

641 1236 802 1315 vita,
857 1233 1221 1324 tetigerint.
1278 1238 1530 1303 Sumus
1576 1234 1760 1302 enim
1819 1232 2034 1320 parati
2082 1232 2167 1301 ad
2218 1232 2476 1314 omnia,
2532 1233 2588 1301 si
2636 1233 3010 1321 exceperis,
3070 1254 3195 1301 sa-

642 1322 956 1394 crificare
1001 1321 1480 1402 daemonibuS,
1534 1335 1652 1391 aut
1699 1321 1958 1408 aliquid
2025 1321 2213 1392 aliud
2265 1321 2489 1392 facere
2536 1343 2617 1391 ex
2656 1321 2741 1389 iis
2787 1342 2968 1406 quae
3015 1334 3200 1390 sunt

695 1411 1016 1482 rohibita.
1053 1410 1311 1479 Bestias
1342 1432 1495 1480 vero
1530 1410 1829 1492 minans,
1866 1432 2299 1497 nequaquam
2339 1432 2463 1481 nos
2504 1424 2737 1480 terres.
2776 1409 2958 1479 Nihil
2991 1411 3195 1479 enim

694 1501 930 1571 abebis
979 1511 1095 1569 tua
1143 1499 1377 1568 anima
1422 1500 1801 1589 agrestius,
1855 1498 2187 1570 adversus
2233 1521 2439 1586 quam
2491 1499 2580 1568 ab
2631 1497 2825 1566 initio
2874 1498 3198 1568 decerta-

646 1590 895 1659 vimus.
935 1611 971 1658 »
1007 1588 1280 1658 Audivit
1328 1588 1493 1657 haec
1536 1587 1788 1674 Judex;
1822 1600 1888 1657 et
1921 1600 2084 1657 tunc
2122 1587 2404 1674 quidem
2436 1586 2736 1656 Athletas
2778 1587 3197 1655 transmittit

644 1678 714 1747 in
750 1698 1118 1756 carcerem,
1171 1698 1407 1746 eorum
1456 1697 1743 1766 corpora
1781 1675 2014 1748 bestiis
2044 1676 2393 1745 exedenda
2425 1674 2828 1745 recondens
2866 1676 3189 1745 Crastino

643 1778 871 1836 autem
932 1765 1043 1835 die
1114 1766 1180 1834 in
1233 1765 1599 1844 theatrum,
1652 1763 1839 1851 quod
1885 1776 2028 1834 erat
2075 1779 2260 1834 extra
2297 1765 2634 1851 civitatem
2670 1818 2686 1844 ,
2729 1762 2931 1852 jubet
2986 1787 3194 1852 prae-

642 1855 867 1925 claros
922 1855 1264 1941 sortesque
1312 1853 1565 1942 portari
1617 1857 1938 1934 SanctOS‚
1992 1853 2114 1940 qui
2167 1854 2470 1943 amplius
2521 1874 2654 1921 non
2708 1864 3026 1941 poterant
3076 1854 3190 1921 in-

694 1944 859 2014 redi.
914 1943 1123 2012 Positi
1170 1954 1397 2011 autem
1453 1942 1519 2009 in
1561 1941 1786 2011 medio
1821 1942 2278 2023 semimortui,
2324 1941 2644 2020 mutilati,
2688 1940 2931 2030 privati
2973 1963 3193 2010 mem-

642 1969 812 2112 ἰῆς,
859 2052 1035 2119 quae
1084 2052 1155 2099 se
1211 2029 1500 2100 videnda
1550 2031 1867 2111 offerunt,
1917 2043 1981 2099 et
2033 2052 2151 2130 per
2209 2052 2384 2116 quae
2426 2031 2631 2099 homo
2678 2030 3135 2118 cognoscitur
3166 2085 3183 2111 ,

641 2119 1175 2208 consumptique
1237 2119 1657 2189 sectionibus
1712 2131 1777 2188 et
1834 2118 2350 2199 exustionibuS,
2404 2118 2853 2189 ostenderunt
2912 2140 2988 2186 se
3037 2141 3190 2188 esse

597 2210 948 2299 integros
994 2221 1060 2276 et
1109 2206 1460 2297 perfectos,
1508 2220 1582 2277 ut
1613 2207 1736 2295 qui
1777 2208 2180 2298 participem
2234 2208 2517 2277 rationis
2554 2219 2620 2278 et
2667 2207 3018 2276 internum
3069 2207 3189 2276 ho-

646 2298 929 2377 minem,
978 2297 1100 2382 qui
1130 2296 1348 2366 factus
1387 2296 1516 2365 fuit
1561 2298 1647 2365 ad
1699 2296 1808 2366 sui
1840 2296 2172 2366 creatoris
2212 2296 2612 2386 imaginem,
2648 2296 2910 2382 quique
2934 2296 3188 2384 jussus

643 2384 773 2454 fuit
822 2406 1134 2474 praeesse
1182 2385 1418 2455 bestiis
1452 2439 1467 2466 ,
1519 2398 1585 2453 et
1632 2384 1996 2475 reptilibus
2044 2385 2403 2454 universae
2452 2399 2670 2454 terrae
2699 2436 2721 2463 ,
2776 2384 3187 2454 absolutum

648 2473 1004 2554 haberent,
1039 2486 1104 2543 et
1136 2474 1328 2544 nulla
1360 2495 1430 2543 re
1476 2472 1844 2544 desectum.
1879 2474 2184 2544 Emissae
2215 2475 2399 2545 enim
2433 2473 2717 2553 bestiae,
2758 2487 3001 2545 sancta
3033 2496 3191 2544 cor-

643 2585 809 2653 pora
862 2584 1291 2650 nequaquam
1344 2562 1735 2652 tetigerunt.

730 2654 767 2739 §
804 2659 937 2725 u.
969 2653 1305 2721 Maximus
1336 2664 1563 2721 autem
1603 2651 1797 2721 valde
1828 2651 2357 2743 indignabatur;
2385 2651 2508 2737 qui
2550 2653 2856 2722 minatus
2890 2666 3185 2721 mortem

640 2742 704 2809 ei
749 2741 870 2828 qui
916 2762 1154 2810 curam
1205 2740 1480 2831 gerebat
1529 2741 1944 2821 bestiarum,
2015 2741 2173 2810 fecit
2217 2741 2433 2809 emitti
2486 2762 2725 2810 ursum
2774 2739 3188 2811 crudelissi-

643 2853 861 2910 mum,
915 2830 1060 2916 qui,
1114 2829 1398 2898 caeteris
1449 2829 1849 2919 praeteritiS,
1897 2829 2016 2898 ivit
2053 2830 2138 2899 ad
2190 2841 2504 2898 sanctum
2554 2828 3059 2908 Andronicum,
3124 2841 3190 2898 et

642 2917 978 3000 assidens,
1017 2918 1380 2987 vulnerum
1415 2917 1675 2986 saniem
1712 2916 2057 2987 lambebat
2084 2918 2175 2985 lin
2231 2920 2345 2986 ua.
2386 2922 2676 2987 Sanctus
2705 2931 2933 2987 autem
2973 2938 3191 2986 suum

640 3020 848 3096 caput
907 3006 1282 3094 subjiciens
1321 3005 1474 3093 ejus
1511 3006 1857 3086 dentibuS,
1918 3021 2161 3076 conten
2215 3006 2370 3076 ebat
2416 3006 2501 3075 ad
2554 3007 2726 3076 iram
2782 3026 3187 3097 provocare,

642 3095 929 3165 studens
976 3118 1015 3164 a
1062 3095 1202 3164 fera
1236 3094 1571 3175 devorari,
1609 3108 1675 3164 et
1706 3093 2108 3164 desiderans
2140 3094 2225 3164 ad
2278 3095 2619 3166 Christum
2662 3093 3185 3166 resolutionem.

643 3183 769 3252 Ille
814 3197 1041 3253 autem
1081 3183 1289 3253 simul
1339 3206 1499 3253 cum
1548 3206 1628 3253 eo
1659 3184 1782 3270 qui
1834 3183 1966 3252 vim
2005 3183 2352 3263 afferebat,
2393 3184 2531 3253 huc
2564 3194 2629 3253 et
2670 3183 2836 3253 illuc
2884 3182 3193 3251 circum·

643 3272 977 3360 agebatur
1010 3325 1025 3352 ,
1078 3283 1144 3340 et
1190 3294 1348 3341 cum
1398 3294 1478 3341 eo
1538 3272 1899 3342 videbatur
1947 3271 2208 3353 ludere,
2261 3285 2326 3341 et
2371 3273 2663 3362 agrestis
2710 3285 2994 3341 naturae
3030 3284 3192 3340 erat

643 3357 1156 3515 quodammodo
1203 3360 1483 3430 oblitus.
1529 3366 1742 3443 Quem
1792 3362 1912 3447 qui
1961 3372 2105 3430 erat
2151 3382 2191 3429 a
2241 3360 2501 3430 ratione
2553 3383 2705 3430 vere
2752 3360 3020 3429 alienus
3060 3359 3192 3446 ju-

695 3468 799 3525 ex,
858 3447 1117 3516 ratione
1165 3448 1410 3537 magiS,
1454 3470 1660 3534 quam
1714 3449 1998 3519 rationis
2047 3461 2368 3538 egestate,
2422 3471 2624 3519 usum
2678 3471 2814 3518 non
2868 3447 3015 3517 sine
3066 3449 3193 3516 Dei

646 3535 957 3615 numine,
1011 3534 1424 3605 condemnat
1470 3551 1545 3605 ut
1594 3537 2067 3618 interficiatur,
2116 3537 2306 3607 illius
2352 3560 2528 3626 opus
2575 3559 2722 3609 esse
2770 3535 3061 3607 credens
3112 3536 3189 3606 id

643 3623 826 3711 quod
876 3622 1134 3693 factum
1183 3623 1425 3705 fuerat,
1466 3646 1601 3694 non
1635 3640 1863 3695 autem
1920 3627 2030 3695 Dei
2069 3627 2187 3712 qui
2221 3625 2380 3695 sacit
2419 3625 2787 3697 mirabilia.
2827 3631 2982 3694 Post
3012 3624 3191 3695 haec

645 3712 937 3801 agrestis
985 3711 1324 3800 quaedam
1375 3724 1440 3782 et
1487 3714 1814 3783 immanis
1849 3714 2088 3785 leaena
2120 3715 2371 3784 emissa
2404 3727 2505 3783 est
2538 3715 2607 3784 in
2647 3720 2956 3784 sanctos,
2991 3717 3190 3796 Quae

644 3824 802 3871 cum
839 3813 1052 3871 totum
1091 3800 1428 3871 theatrum
1461 3803 1759 3872 maximo
1787 3804 2021 3893 rugitu
2071 3802 2540 3884 tei-refecisset,
2571 3817 2637 3873 et
2672 3802 2933 3893 pernici
2968 3824 3192 3872 cursu

645 3891 730 3959 ad
765 3895 1092 3979 Martyres
1124 3890 1543 3971 accessisset,
1583 3912 1788 3961 suum
1831 3891 2110 3978 quidem
2151 3892 2445 3961 refrenat
2483 3892 2844 3981 impetum,
2885 3892 3193 3979 procidit

643 3991 870 4047 autem
913 3978 999 4048 ad
1053 3978 1259 4068 pedes
1309 3984 1738 4049 Sanctorum.
1784 3982 2133 4052 Tarachus
2188 3992 2414 4051 autem
2472 4003 2632 4050 cum
2691 3990 3002 4051 sanctam
3040 4001 3195 4049 ma-

646 4089 812 4137 num
864 4068 1303 4148 extendisset,
1356 4080 1421 4136 et
1470 4069 1716 4157 partim
1768 4069 2047 4155 quidem
2092 4068 2276 4160 pilis,
2331 4070 2579 4160 partim
2632 4089 2788 4137 vero
2835 4089 3004 4137 aure
3059 4090 3197 4160 ap-

646 4155 1145 4245 prehendisset,
1199 4156 1284 4226 ad
1337 4177 1407 4225 se
1458 4156 1786 4226 trahebat.
1842 4157 1967 4227 Illa
2014 4171 2241 4228 autem
2298 4180 2456 4229 cum
2511 4156 2821 4247 placidae
2867 4156 3016 4226 ovis
3084 4158 3199 4227 in-

644 4257 806 4324 star,
858 4245 1262 4316 contrectari
1334 4267 1467 4315 non
1536 4246 1927 4328 renuisset,
1980 4246 2066 4316 ad
2165 4259 2380 4316 ortam
2439 4258 2669 4336 postea
2716 4245 3070 4327 accurrit,
3125 4260 3198 4317 et

641 4333 866 4403 infixit
904 4332 1140 4404 dentes
1177 4334 1453 4409 tabulis.
1498 4348 1564 4404 et
1600 4356 1722 4424 per
1769 4335 1907 4404 vim
1953 4357 2123 4405 cona
2178 4348 2333 4405 atur
2363 4334 2597 4426 egredi
2629 4358 2643 4403 ε
2691 4357 2813 4404 nec
2851 4333 3049 4423 prius
3085 4334 3199 4405 di-

644 4421 855 4503 misit,
907 4445 1116 4511 quam
1168 4423 1532 4494 clamasset
1581 4423 1921 4513 populus,
1969 4425 2229 4514 jubens
2273 4445 2424 4494 eam
2487 4423 2672 4494 foras
2726 4422 2933 4493 exire.
3000 4428 3198 4497 Haec
