3347 4999
740 274 866 339 338
1397 293 1473 339 nn
1522 292 1612 349 ss.
1667 292 1953 340 naitono
1998 294 2074 339 ΕΤ
2122 292 2255 341 soc.
2302 294 2415 341 mr.
2865 275 3041 341 OCT.
3104 278 3186 341 Η

648 390 931 534 propter
961 399 1182 447 veram
1211 376 1606 466 religionem
1637 377 2012 447 evasissent
2046 375 2412 459 manifesti,
2434 389 2499 447 et
2523 378 2665 468 jam
2694 379 3196 468 comprehensi

678 466 960 546 uissent,
1016 465 1087 546 ii,
1138 465 1394 551 quibus
1444 465 1569 535 hoc
1619 466 2063 536 incumbebat
2108 465 2436 547 officium,
2481 465 2703 555 ‚judici
2757 466 2841 536 de
2895 467 3035 536 illis
3087 467 3194 536 si-

645 555 1085 645 gnificarunt.
1142 559 1294 645 Ipse
1325 567 1550 623 autem
1604 555 1813 625 vetuit
1859 554 2137 640 quidem
2175 576 2290 624 eos
2326 555 2474 624 sisti
2513 555 2997 637 communiter,
3056 555 3187 625 sed

648 643 1043 732 singulatim
1083 644 1308 733 potius
1338 641 1803 724 introducens,
1835 664 1950 713 eos
1980 643 2435 722 examinabat,
2475 643 2778 733 maligno
2808 644 2935 715 hoc
2961 666 3189 734 agens

647 732 955 813 consilio,
1009 743 1074 800 et
1120 732 1428 822 cogitans
1478 730 1639 812 fore,
1695 744 1772 800 ut
1818 731 2106 802 invictos
2153 732 2251 801 sic
2298 732 2570 802 facilius
2615 747 3054 823 expugnaret.
3106 737 3190 802 Et

648 821 913 911 primus
960 819 1264 907 quidem,
1308 819 1619 889 videlicet
1651 833 1887 901 aetate,
1929 820 2296 902 TarachuS‚
2350 820 2418 888 in
2459 821 2762 890 medium
2812 822 3181 902 accedens,

645 932 803 980 cum
857 923 1134 1000 rogatus
1197 923 1416 989 esset,
1469 909 1785 994 quisnam
1840 921 2239 990 vocaretur,
2293 909 2595 999 seipsum
2663 910 3018 980 consessus
3075 922 3188 979 est

644 1020 791 1068 esse
844 997 1303 1066 Christianum
1340 1051 1354 1078 ,
1411 997 1745 1086 intrepide
1805 997 2041 1068 dicens
2110 997 2365 1083 injusto
2413 998 2677 1085 judici:
2731 1022 2767 1064 «
2802 998 2993 1081 Quod
3047 1011 3131 1068 tu
3164 1054 3181 1079 ‚

646 1100 995 1173 tamquam
1020 1086 1304 1164 crimen,
1342 1086 1794 1174 persequeris,
1818 1086 1945 1155 hoc
1970 1099 2071 1155 est
2098 1087 2267 1156 mihi
2300 1099 2805 1168 ornamentum,
2834 1100 2897 1157 et
2924 1109 3183 1157 nomen

647 1174 1029 1275 proprium.
1083 1174 1417 1256 Quoniam
1469 1196 1625 1243 vero
1657 1173 1722 1242 id
1756 1196 2052 1262 quoque,
2095 1175 2275 1262 quod
2309 1197 2346 1243 a
2399 1175 2797 1265 parentibus
2835 1176 3002 1244 mihi
3047 1176 3188 1245 fuit

644 1263 1073 1351 1mpositum,
1133 1263 1233 1331 vis
1282 1264 1478 1341 scire,
1536 1285 1737 1333 vocor
1768 1263 2136 1333 Tarachus.
2190 1268 2352 1333 Cum
2403 1276 2628 1334 autem
2676 1286 2892 1332 essem
2946 1263 3178 1345 mileS,

646 1351 909 1421 inferne
939 1352 1268 1441 abnegavi
1324 1352 1638 1436 militare,
1673 1353 2002 1438 quoniam
2037 1374 2228 1421 arma
2270 1366 2521 1433 nostra,
2556 1352 2673 1438 qui
2710 1374 2954 1423 sumus
2987 1353 3186 1421 Chri-

645 1441 874 1521 stiani,
931 1462 1064 1509 non
1114 1454 1275 1509 sunt
1321 1440 1648 1520 carnalia,
1704 1440 1821 1510 sed
1874 1445 2003 1510 Deo
2056 1442 2349 1530 potentia
2393 1442 2500 1530 (ut
2544 1440 2711 1510 dicit
2756 1440 3044 1529 Paulus)
3088 1441 3180 1509 ad

645 1528 1173 1598 destructionem
1225 1528 1620 1597 adversarii.
1663 1534 1789 1597 Fac
1821 1551 1982 1618 ergo
2029 1529 2211 1616 quod
2265 1529 2474 1609 velis;
2526 1551 2642 1599 ero
2673 1530 2856 1597 enim
2893 1530 3016 1598 tibi
3060 1552 3184 1617 per

648 1622 884 1698 Deum,
935 1618 1054 1705 qui
1099 1629 1200 1686 est
1247 1618 1315 1685 in
1360 1639 1491 1699 me,
1546 1617 1872 1686 stimulus
1917 1630 1984 1686 et
2031 1619 2470 1707 perturbatio.
2526 1622 2603 1687 Et
2651 1640 2773 1687 nec
2822 1640 2931 1686 me
2978 1640 3180 1688 sene-

643 1706 848 1776 ctutis
895 1720 959 1775 et
1006 1727 1334 1775 canorum
1387 1704 1785 1785 admoneas,
1841 1707 1962 1793 qui
2011 1729 2164 1777 sum
2208 1707 2484 1792 juvenis
2531 1707 2746 1775 animi
2786 1706 3174 1792 alacritate;

644 1817 865 1881 neque
911 1793 1092 1881 quod
1143 1793 1665 1875 inconsiderate,
1710 1808 1774 1862 et
1808 1808 2073 1884 praeter
2120 1796 2450 1865 rationem
2500 1794 2576 1864 fit
2622 1818 2658 1864 a
2701 1797 2837 1866 tuis
2872 1800 3178 1886 Impera-

643 1884 931 1963 toribus‚
991 1882 1054 1951 id
1110 1904 1305 1952 voces
1356 1881 1568 1972 legem
1623 1884 1938 1972 patriam.
1995 1889 2184 1954 Unus
2232 1897 2393 1953 este
2451 1884 2539 1952 im
2593 1897 2821 1953 noster
2864 1897 2931 1953 et
2970 1907 3178 1956 verus

646 1986 856 2063 pater,
915 1975 1111 2051 DeuS,
1162 1972 1281 2056 qui
1331 1991 1456 2039 nos
1502 1971 1706 2040 etiam
1760 1972 2082 2061 produxit
2127 1972 2210 2040 ad
2262 1993 2408 2042 esse
2464 1973 2651 2042 tiam.
2706 1973 2829 2043 Tui
2878 1995 3037 2042 vero
3076 1974 3175 2043 dii

639 2085 800 2131 cum
852 2061 988 2129 sint
1037 2059 1225 2147 ligna
1270 2073 1335 2128 et
1374 2059 1659 2149 lapide5‚
1715 2074 1875 2129 sunt
1924 2061 2491 2131 abominationes.
2546 2061 2733 2131 Talia
2773 2076 2934 2133 sunt
2995 2084 3175 2149 quae

639 2172 677 2219 a
728 2162 842 2219 tuo
877 2154 1288 2236 Imperatore
1319 2148 1642 2219 coluntur
1676 2142 1886 2218 simul
1978 2171 2071 2218 ra.
2107 2172 2142 2216 »

729 2241 764 2324 ξ
810 2242 901 2308 8.
953 2237 1082 2305 His
1148 2237 1528 2306 accendens
1591 2238 1761 2306 iram
1804 2238 1887 2326 ju
1943 2238 2111 2317 icis,
2165 2251 2238 2307 ut
2284 2238 2402 2324 qui
2451 2237 2586 2309 diis
2643 2237 3056 2319 insultaret,
3108 2252 3171 2309 et

638 2324 1200 2415 Imperatoribu5‚
1239 2325 1304 2392 in
1346 2326 1639 2395 maxillis
1675 2327 1987 2415 protinus
2017 2328 2229 2397 subiit
2260 2327 2584 2413 injuriam
2616 2350 2631 2390 ι
2685 2326 2933 2395 deinde
2962 2329 3167 2397 etiam

639 2415 708 2483 in
762 2413 936 2483 collo
986 2413 1220 2484 multis
1270 2412 1455 2484 horis
1503 2413 1633 2485 suit
1682 2416 2097 2485 verberatus.
2154 2415 2342 2498 Quod
2396 2416 2865 2506 spectaculum
2920 2438 3005 2484 ne
3057 2440 3168 2506 po·

639 2516 861 2574 terant
920 2502 1196 2590 quidem
1266 2503 1437 2572 ferre
1487 2505 1532 2573 ii
1599 2505 1718 2590 qui
1781 2505 2110 2573 aderant:
2164 2526 2301 2591 quo
2349 2506 2530 2573 circa
2592 2505 3173 2594 aggrediebantur

636 2593 839 2662 etiam
882 2592 1273 2673 admonere,
1325 2606 1402 2661 ut
1449 2591 1654 2662 stulte
1704 2593 1937 2678 loqui,
1984 2594 2163 2662 sicut
2208 2594 2308 2662 eis
2357 2592 2735 2674 videbatur,
2789 2593 3164 2664 desisteret.

636 2681 901 2764 Quibus
966 2686 1216 2769 Martyr
1282 2681 1447 2749 scite
1515 2680 1890 2750 admodum
1943 2694 2007 2748 et
2056 2683 2409 2772 apposite:
2468 2706 2503 2748 «
2549 2687 2712 2750 Cum
2764 2683 3163 2772 sexaginta,

634 2769 881 2856 inquit,
938 2783 1108 2837 totos
1156 2790 1272 2838 sex
1319 2791 1537 2838 annos
1586 2769 1951 2857 diligenter
1984 2768 2162 2838 hanc
2196 2770 2470 2839 stultam
2513 2772 2930 2840 exercuerim
2986 2772 3173 2841 locu·

633 2859 912 2936 tionem,
967 2857 1131 2926 hora
1181 2860 1342 2935 unit,
1384 2856 1564 2944 quod
1609 2870 1746 2926 tam
1786 2857 1987 2945 longo
2024 2870 2325 2947 tempore
2370 2871 2471 2928 est
2502 2859 2913 2945 acquisitum
2942 2861 3172 2950 expel-

633 2947 822 3017 lam?
867 2951 1304 3033 Nequaquam
1359 2967 1478 3032 per
1527 2945 1677 3025 hoc,
1733 2945 1915 3031 quod
1970 2967 2091 3035 pro
2143 2949 2387 3035 pietate
2442 2948 2742 3037 suscipio
2790 2961 3165 3029 certamen,

631 3050 696 3106 et
747 3056 866 3123 per
917 3057 1132 3104 meam
1188 3036 1255 3103 in
1311 3034 1651 3103 Christum
1704 3056 1938 3102 verum
1994 3039 2199 3103 Deum
2236 3035 2588 3116 fiduciam,
2629 3058 2846 3123 neque
2878 3037 2935 3104 si
2969 3038 3175 3106 nobis

634 3124 813 3193 alius
864 3124 1162 3192 minetur
1195 3123 1528 3192 Maximus
1576 3123 1703 3192 hoc
1754 3123 1952 3210 longe
1990 3124 2261 3213 gravior
2292 3138 2357 3193 et
2393 3127 2866 3214 importunior.
2901 3130 3169 3194 Harum
3222 3119 3239 3136 ”

635 3213 949 3300 Martyris
990 3232 1226 3280 vocum
1263 3212 1639 3282 libertatem
1678 3233 1810 3280 non
1848 3211 2071 3282 ferens
2106 3212 2388 3298 iniquus
2411 3213 2659 3300 judex;
2692 3214 2888 3300 jubet
2931 3215 3169 3302 ipsum

633 3301 846 3389 virgis
893 3298 1085 3367 caedi
1141 3299 1528 3369 crudeliter.
1591 3304 1756 3369 Cum
1820 3314 2042 3369 autem
2098 3314 2247 3390 post
2296 3301 2534 3402 plagas
2583 3315 2885 3372 maneret
2929 3302 3173 3373 animo

632 3387 1055 3466 immobilis,
1122 3389 1549 3476 gravioribus
1610 3411 1818 3475 quam
1872 3388 2065 3478 prius
2113 3389 2349 3459 ferreis
2396 3389 2764 3462 adstrictus
2814 3390 3115 3460 vinculis
3148 3448 3167 3473 ,

633 3476 974 3546 abductus
1012 3488 1112 3543 est
1160 3476 1225 3543 in
1278 3499 1644 3547 carcerem.

719 3568 756 3652 ξ
803 3570 885 3637 4.
945 3563 1193 3632 Deinde
1225 3565 1282 3634 is
1314 3587 1608 3653 quoque,
1640 3567 1759 3652 qui
1793 3580 1937 3635 erat
1978 3567 2322 3637 secundus
2369 3579 2607 3647 aetate,
2656 3566 3032 3656 productus
3063 3583 3177 3638 est

630 3653 714 3723 ad
770 3652 1093 3723 tribunal.
1149 3652 1269 3722 Ille
1315 3668 1541 3723 autem
1592 3654 1759 3723 citra
1815 3678 2100 3736 moram,
2153 3671 2217 3725 et
2265 3656 2504 3745 paucis
2555 3656 2724 3725 dixit
2762 3658 3018 3734 omnia,
3080 3680 3173 3727 ne

631 3743 930 3812 differret
965 3743 1124 3832 pati.
1159 3765 1193 3809 «
1218 3742 1453 3813 Divina
1485 3742 1789 3828 quidem,
1829 3744 2171 3830 inquienS‚
2210 3757 2272 3812 et
2306 3744 2673 3834 praecipua
2706 3743 3173 3835 appellatione

630 3854 829 3901 vocor
856 3831 1303 3911 Christianus,
1329 3830 1633 3899 humana
1666 3843 1888 3900 autem
1912 3833 2194 3900 Probus.
2220 3837 2380 3901 Sum
2406 3834 2623 3901 Thrax
2656 3855 2924 3933 genere,
2952 3834 3171 3903 homo

632 3919 959 4008 privatus,
1014 3924 1509 4007 Imperatorum
1560 3934 1624 3989 et
1673 3932 1825 3988 tuas
1860 3919 2187 3989 adversus
2238 3942 2458 3989 veram
2498 3921 2895 4011 religionem
2935 3944 3167 4004 voceS,

629 4031 666 4077 o
707 4007 939 4094 judex,
993 4029 1339 4088 execranS,
1394 4020 1457 4075 et
1507 4019 1795 4077 vestram
1849 4009 2141 4076 maxime
2190 4009 2586 4090 amicitiam,
2627 4024 2699 4079 ut
2736 4032 2912 4096 quae
2950 4033 2991 4078 a
3035 4015 3173 4080 Deo

629 4096 1012 4186 disjungit:
1059 4118 1166 4162 ma
1226 4118 1309 4164 no
1358 4096 1538 4164 enim
1596 4097 1808 4180 pretio
1856 4097 1989 4164 emi
2039 4118 2186 4165 esse
2221 4098 2707 4180 Christianum,
2748 4112 2821 4167 ut
2851 4099 2971 4185 qui
3013 4121 3173 4168 om-

630 4207 749 4252 nes
796 4209 968 4271 quas
1018 4184 1190 4252 habe
1245 4208 1380 4262 am,
1434 4183 1832 4256 facultateS.
1886 4207 2060 4271 quae
2107 4201 2299 4254 erant
2350 4210 2479 4256 non
2528 4209 2804 4273 paucae,
2858 4200 3177 4258 contem-

630 4273 908 4363 pserim,
949 4287 1222 4361 propter
1250 4271 1646 4341 mandatum
1686 4273 2047 4362 Spiritus.»
2082 4279 2265 4356 Quae
2297 4296 2452 4343 cum
2490 4274 2789 4358 dixisset,
2835 4274 3175 4365 alligatus

627 4375 690 4431 et
737 4373 1057 4431 extensus
1107 4361 1367 4450 accepit
1415 4361 1823 4432 bovillorum
1877 4383 2239 4432 nervorum
2291 4364 2487 4447 ictuS,
2534 4365 2633 4434 vel
2675 4367 2827 4434 nive
2873 4365 3183 4437 cadente
