3347 4999
783 310 912 375 728
1605 324 1688 375 nn
1734 328 1790 374 s.
1843 329 2062 376 ιτιοειε
2108 329 2295 375 mar.
2886 315 3032 381 OCT.
3069 318 3134 382 28
3256 369 3257 378 ,

693 414 953 501 quibus
1002 411 1103 482 illi
1152 412 1457 483 obtinere
1505 425 1907 482 meruerunt
1951 414 2059 482 sui
2107 415 2505 485 certaminis
2541 415 2849 506 palmam,
2882 417 3014 485 inde
3041 440 3130 488 nos

697 503 958 589 absque
1017 501 1159 570 ullo
1223 502 1718 592 persecutionis
1776 501 2129 572 obstaculo
2187 504 2635 593 perducimur
2702 504 2781 574 ad
2851 527 3129 575 coronam.

697 590 891 663 Aliud
946 590 963 658 i
1023 590 1156 659 itur
1203 592 1270 660 in
1322 590 1580 661 sanctis
1629 591 2039 680 Martyribus
2087 591 2524 663 solummodo
2564 594 2855 662 venerari
2883 605 2941 662 et
2965 593 3135 662 admi·
3256 591 3257 604 ¹

700 680 836 750 rari
883 679 968 748 de
1018 702 1239 761 emuS,
1293 678 1483 749 aliud
1516 679 1719 749 etiam
1757 679 2037 751 imitari.
2074 679 2511 751 Admiremur
2535 681 2790 752 scilicet
2816 693 3137 750 constanter

697 782 762 839 et
821 768 1121 858 ingenue
1191 768 1588 838 morientes:
1654 768 2009 838 imitemur
2056 770 2341 838 honesta
2389 791 2654 839 morum
2705 770 3137 840 conversatione

698 859 1021 927 viventes
1058 862 1474 927 Veneremur
1519 857 1589 926 in
1634 855 1796 937 illis,
1850 857 2030 944 quod
2067 879 2321 947 corpus
2352 880 2557 927 suum
2594 880 2717 949 pro
2745 857 2872 928 fide
2912 856 3137 926 diversis

700 946 1040 1016 tradidere
1085 945 1489 1038 suppliciis:
1543 946 1896 1016 imitemur
1926 959 2180 1027 autem,
2233 946 2414 1034 quod
2480 969 2755 1018 carnem
2809 969 2985 1016 suam
3027 957 3140 1015 ante

698 1035 1189 1105 crucifixerunt
1234 1057 1392 1105 cum
1442 1034 1624 1104 vitiis
1671 1046 1737 1103 et
1782 1035 2383 1126 concupiscentiis,
2436 1035 2862 1106 Admiremur
2902 1034 3034 1104 illos
3070 1035 3138 1101 vi-

699 1123 919 1194 riliter
958 1124 1348 1206 morienteS,
1404 1145 1489 1192 ne
1538 1124 1739 1193 vitam
1794 1125 1926 1214 ipsi
1976 1137 2347 1214 negarent:
2400 1124 2518 1195 sed
2566 1137 2633 1194 et
2695 1125 3013 1193 imitemur
3061 1144 3145 1212 per

700 1211 1051 1282 charitatis
1089 1211 1310 1282 zelum
1362 1213 1616 1283 sanctis
1661 1213 2248 1284 exhortationibus
2308 1213 2719 1294 insistentes,
2764 1226 2835 1282 ut
2868 1211 2946 1282 ad
2989 1211 3138 1279 vitam
3256 1277 3257 1292 ἶ

697 1315 764 1371 et
795 1300 967 1370 alios
1002 1300 1366 1370 traherent.
1421 1306 1498 1370 Et
1544 1315 1620 1370 ut
1651 1302 1942 1370 breviori
1974 1302 2153 1388 quod
2188 1302 2403 1392 gestio
2437 1323 2749 1372 sermone
2778 1299 3141 1376 concludam,
3256 1313 3257 1320 ’

702 1403 867 1459 tunc
916 1390 1248 1459 memoria
1298 1395 1668 1478 Martyrum
1727 1389 1935 1480 digne
1986 1391 2308 1462 recolitur
2343 1445 2359 1471 ,
2414 1392 2473 1461 si
2518 1390 2685 1460 dum
2756 1412 2928 1460 mors
2967 1410 3138 1458 eorum

699 1478 950 1637 lrigerit
986 1478 1220 1548 audita
1255 1479 1694 1559 miraculum,
1733 1479 2146 1569 praecedens
2178 1480 2383 1549 etiam
2422 1479 2553 1549 vita
2593 1479 2867 1550 ducitur
2894 1478 2959 1546 in
2981 1496 3143 1547 exem·

777 1590 922 1637 um.

702 1591 744 1658 p
788 1665 827 1738 ἓ
879 1662 967 1728 ².
1021 1661 1189 1726 Ecce
1238 1657 1476 1726 beatus
1520 1670 1779 1747 martyr
1827 1657 1951 1728 iste
1998 1656 2269 1738 Fidelis,
2321 1658 2523 1748 cujus
2556 1656 2759 1728 bodie
2794 1656 3142 1731 festivitatem

699 1745 1017 1827 colimus,
1062 1744 1240 1815 sicut
1288 1760 1631 1836 gestorum
1682 1747 1833 1835 ejus
1884 1758 2166 1817 testatur
2196 1746 2506 1828 historia,
2544 1760 2609 1816 et
2639 1761 2990 1835 antequam
3021 1762 3143 1811 mar·

702 1835 859 1924 tyrii
914 1836 1351 1924 praeberetur
1381 1834 1671 1915 occasio,
1702 1837 1909 1906 vitam
1961 1836 2289 1925 martyrio
2335 1835 2617 1927 dignam
2668 1836 2937 1907 duxisse
2962 1849 3144 1922 cogno-

701 1923 939 1993 scitur.
985 1929 1151 1994 Nam
1202 1946 1361 1994 cum
1410 1923 1616 1993 claris
1664 1924 1996 1994 natalium
2049 1925 2264 1994 titulis
2294 1924 2606 2016 fulgeret,
2643 1938 2711 1994 ct
2746 1923 3058 1995 arridente
3080 1939 3143 1986 re

702 2035 854 2082 rum
905 2014 1127 2102 copia,
1185 2013 1356 2081 viam
1418 2013 1657 2082 mundi
1701 2027 1927 2103 posset
1964 2036 2102 2084 non
2144 2013 2563 2105 ingloriosus
2617 2015 2936 2105 arripere,
2985 2017 3148 2100 spreto

703 2123 812 2170 ma
868 2123 1111 2170 narum
1172 2101 1636 2187 quorumlibet
1705 2103 2081 2191 patrocinio
2116 2157 2133 2185 ,
2184 2103 2507 2192 religioso
2554 2101 2839 2176 devotus
2886 2100 3146 2189 Episcopo

702 2211 812 2260 ma
849 2191 948 2258 uit
994 2189 1386 2269 adhaerere,
1445 2203 1521 2259 ut
1566 2213 1638 2262 se
1671 2204 1978 2282 patenter
2017 2191 2401 2262 ostenderet
2451 2213 2587 2261 non
2638 2193 2723 2262 ad
2782 2191 3047 2293 gratiam
3081 2183 3146 2253 vel

699 2277 974 2348 divitias
1022 2277 1346 2348 anhelare
1382 2281 1696 2365 potentis,
1735 2280 1852 2349 sed
1890 2280 2429 2351 benedictionem
2465 2281 2694 2370 potius
2725 2282 2966 2372 eligere
2993 2295 3151 2347 sacer·

703 2367 906 2437 dotis.
946 2371 1110 2437 Cum
1145 2389 1282 2454 quo
1318 2366 1627 2437 videlicet
1677 2390 1810 2438 non
1860 2370 1945 2438 ad
1984 2368 2357 2459 litigiorum
2392 2369 2769 2440 forensium
2795 2367 3031 2460 jurgia,
3060 2382 3147 2430 non

700 2455 787 2525 ad
843 2456 1288 2547 praestigiosa
1325 2455 1652 2546 figmenta
1710 2479 2100 2540 scenarum,
2164 2480 2296 2529 non
2362 2458 2449 2528 ad
2512 2458 2871 2530 theatralia
2933 2456 3151 2552 dignun

701 2545 897 2615 duxit
943 2567 1327 2616 commeare
1366 2547 1781 2634 spectacula,
1834 2547 1950 2617 sed
2004 2553 2374 2638 Martyrum
2420 2549 2647 2636 potius
2696 2567 2993 2619 carceres
3042 2559 3153 2641 vtst·

701 2634 908 2705 tabat.
949 2640 1026 2705 Et
1056 2635 1218 2721 quia
1259 2634 1539 2707 devotus
1574 2638 1986 2726 Martyribus
2028 2636 2178 2717 fuit,
2213 2637 2630 2724 quandoque
2663 2650 2926 2726 martyr
2965 2633 3085 2731 fier}
3114 2636 3158 2694 el

700 2725 850 2813 ip'se
891 2723 1290 2813 promeruit.
1345 2724 1451 2795 Sic
1489 2739 1556 2795 et
1587 2725 1750 2795 olim
1793 2726 2226 2816 dispensator
2257 2725 2369 2795 ille
2409 2725 2662 2798 domus
2691 2728 2913 2817 regiae
2948 2719 3152 2793 Abdus,

695 2812 862 2900 quia
911 2815 1276 2914 Prophetas
1314 2826 1588 2883 centum
1637 2816 1705 2884 in
1742 2816 2089 2904 specubus
2127 2816 2575 2886 absconditus
2608 2818 2833 2906 pavit,
2872 2810 3157 2909 propbeta·

703 2900 834 2969 lem
886 2915 1173 2992 gratiam
1223 2914 1288 2971 et
1350 2902 1496 2992 ipse
1559 2904 1993 2992 postmodum
2054 2905 2260 2995 digne
2327 2919 2809 2977 remuneratus
2854 2893 3152 2991 acceptt*

700 2994 781 3058 Et
824 2992 941 3076 qui
997 3005 1157 3060 tunc
1208 3012 1384 3078 pane
1431 2991 1635 3060 simul
1686 3006 1751 3062 et
1795 3014 1972 3079 aqua
2022 2994 2513 3083 Prophetarum
2564 2993 2742 3065 aluit
2775 2994 2924 3084 piae
2964 2981 3156 3060 sedull-

704 3078 860 3148 tatis
910 3079 1291 3150 ministerio
1340 3082 1608 3150 turbam
1638 3135 1655 3162 ,
1711 3103 1896 3151 nunc
1944 3082 2339 3170 Prophetiae
2385 3104 2552 3152 suae
2598 3081 2904 3154 oraculis
2933 3135 2947 3159 ‚
2999 3070 3156 3147 coele·

703 3168 928 3236 stibus
975 3167 1289 3238 videlicet
1334 3168 1702 3250 alimentiS,
1738 3169 2129 3240 universam
2168 3183 2426 3240 recreat
2456 3184 2522 3241 et
2569 3172 2794 3263 pascit
2828 3165 3154 3240 Ecclesiam·

704 3256 815 3325 Sic
858 3256 1096 3335 Josue,
1154 3257 1275 3344 qui
1324 3258 1560 3345 Moysi,
1616 3257 1886 3330 ductori
1933 3259 2251 3330 videlicet
2307 3260 2724 3331 Israeliticae
2767 3259 2998 3352 plebis,
3030 3252 3157 3343 obst}-

702 3344 944 3430 quium
997 3344 1370 3416 famulatus
1419 3346 1778 3435 impendit,
1831 3348 2053 3418 eidem
2106 3348 2538 3438 postmodum
2584 3348 2769 3439 plebi
2819 3361 2884 3418 et
2928 3336 3156 3415 laudabt·

703 3432 859 3502 liter
905 3433 1238 3522 praefuit,
1288 3446 1354 3503 et
1402 3434 1486 3503 de
1532 3435 1686 3523 ejus
1733 3435 2144 3508 adversariis
2192 3460 2349 3507 cum
2407 3459 2653 3529 magna
2718 3437 2936 3530 gloria
2981 3431 3157 3531 trium·

702 3521 942 3612 pbavit
985 3522 1074 3588 *ἢ
1129 3522 1305 3605 Quid
1355 3522 1653 3594 Eliseum
1709 3525 2019 3607 referam,
2073 3527 2193 3612 qui
2237 3525 2405 3595 dum
2452 3527 2538 3596 ab
2578 3527 2727 3597 Elia
2772 3533 3156 3616 separartnec

703 3610 788 3680 ad
835 3624 1254 3680 momentum
1308 3612 1587 3701 patitur,
1642 3615 1793 3704 ejus
1845 3614 2141 3685 subinde
2188 3615 2508 3705 spiritum
2568 3614 2921 3705 duplicem
2968 3623 3157 3702 prome·

701 3699 1058 3769 retur-”⁴²2
1091 3723 1169 3770 ac
1216 3701 1272 3769 si
1313 3702 1455 3787 ,iam
1492 3716 1656 3772 tunc
1724 3704 2053 3773 Dominus
2100 3702 2272 3772 illud
2310 3704 2802 3794 Evangelicum
2853 3703 3154 3772 intonant:

699 3790 833 3873 Qui
867 3791 1103 3880 recipit
1147 3790 1545 3879 Prophetam
1584 3794 1656 3862 in
1701 3794 1963 3862 nomine
2001 3792 2389 3883 Prophetae,
2445 3794 2817 3864 mercedem
2870 3785 3156 3881 Prophe&

699 3879 984 3970 accipiet
1031 3879 1299 3967 (Mami.
1339 3879 1432 3967 x).
3126 3954 3131 3960 ,

782 3970 820 4124 ἓ
869 3971 958 4039 3.
1019 3967 1376 4037 Enimvero
1436 3989 1561 4038 nec
1611 3969 1832 4040 solum
1886 3970 2144 4041 sanctis
2197 3971 2605 4059 Martyribus
2660 3971 2908 4041 beatus
2960 3957 3158 4036 isat·-
3256 4010 3257 4013 =

695 4053 778 4124 de
813 4056 872 4125 is
917 4055 1222 4127 officium
1288 4056 1439 4146 piae
1487 4056 1898 4130 humilitatis
1944 4058 2301 4140 exhibuit,
2362 4059 2480 4130 sed
2531 4058 2964 4149 diligentiam
3016 4063 3160 4124 sunm

694 4142 777 4212 ad
835 4145 1207 4216 lucrandos
1258 4146 1461 4215 etiam
1516 4167 1657 4229 eos»,
1694 4148 1815 4235 qui
1865 4148 2209 4220 idolorum
2263 4149 2615 4221 erroribus
2665 4150 3150 4234 tenebantur,e3

694 4231 934 4302 tendit.
998 4238 1075 4305 Et
1129 4235 1307 4306 sicut
1358 4236 1505 4326 ipse
1558 4237 1856 4327 propriis
1909 4239 2179 4309 videtur
2234 4238 2460 4309 verbis
2535 4259 2885 4318 asserere,
2939 4232 3081 4303 dum
3117 4242 3165 4290 ¹ss

747 4395 772 4419 ³·
800 4394 855 4434 In
872 4394 956 4435 111.
978 4395 1089 4445 Reg.
1119 4404 1252 4436 xvm.
2028 4400 2083 4427 *Φ
2112 4400 2167 4439 In
2186 4399 2332 4440 Joaue
2351 4410 2382 4440 ι.

745 4447 829 4474 **’
857 4449 914 4490 In
931 4448 1009 4491 IV.
1026 4451 1135 4499 neg.
1157 4461 1204 4490 n.
