3347 4999
726 318 852 382 574
1391 335 1469 381 na
1516 335 1607 381 ss.
1661 335 1804 380 1211)ss
1850 336 1927 381 ar
1973 333 2275 383 carnasto
2320 336 2431 383 nn.
2857 316 3029 383 OCT.
3087 318 3169 383 49

643 419 1022 499 mutilatuS,
1062 419 1388 506 paulatim
1432 418 1803 487 multorum
1848 420 2238 489 accessione
2284 419 2821 489 instaurandus:
2882 419 3170 489 laetatus

638 523 759 584 est.
804 510 1109 593 inquam,
1161 510 1310 595 ejus
1360 506 1679 586 adventu,
1723 507 1924 594 eujus
1955 530 2157 597 opera
2213 530 2342 577 non
2406 530 2610 590 unns,
2674 508 2789 577 sed
2847 509 3170 595 permulti

639 613 1025 687 peccatores
1075 598 1556 686 poenitentiam
1610 611 1926 685 agentes,
2000 596 2312 666 coelestis
2357 599 2612 686 patriae
2670 597 2937 666 civibus
3004 611 3172 667 sunt

635 686 966 773 adjuncti.
1004 686 1069 754 Si
1119 687 1300 754 enim
1354 685 1657 774 gaudent
1702 684 1796 753 illi
1850 707 2060 773 super
2109 708 2247 755 uno
2292 702 2642 774 pecc-atore
2681 687 3166 775 poenitentiam

632 790 895 863 agente,
954 774 1169 843 multo
1232 774 1449 862 inagis
1515 773 1629 841 illo
1693 771 2031 842 laetantur
2098 789 2163 843 et
2226 774 2556 855 exultant,
2615 796 2733 864 per
2772 797 2972 861 quem
3030 797 3169 844 non

633 887 839 943 unuS,
896 863 1010 931 sed
1070 863 1266 932 multi
1299 884 1334 932 e
1386 883 1672 931 numero
1709 864 2108 952 impiorum,
2149 863 2234 932 ad
2283 864 2651 934 electorum
2714 864 3169 934 contubernia

634 953 945 1021 translati
999 965 1184 1020 sunt.

716 1043 918 1129 §IL
975 1039 1570 1108 Veruinenimvero
1603 1061 1809 1124 quam
1855 1039 2073 1107 laetati
2109 1053 2270 1108 sunt
2300 1039 2423 1113 illi.
2464 1039 2545 1108 acl
2583 1061 2758 1125 quos
2798 1040 2987 1109 beata
3048 1040 3167 1109 illa

628 1130 1105 1219 commigravit
1139 1130 1392 1197 anima:
1431 1142 1563 1195 tam
1604 1127 1831 1197 afflicti
1865 1143 1929 1198 et
1966 1150 2266 1198 moerore
2293 1130 2508 1198 affecti
2547 1129 2804 1207 santii,
2841 1152 2876 1196 a
2908 1129 3167 1215 quibus

631 1232 763 1289 tam
805 1220 1049 1295 bonus,
1101 1219 1276 1307 pius,
1316 1217 1773 1306 egregiusque
1825 1230 2052 1305 pastor
2102 1220 2398 1286 rec-essu.
2435 1217 2913 1286 Nollentenim
2969 1239 3165 1306 prae-

630 1309 894 1377 mittere
932 1323 1187 1397 patrem
1235 1306 1382 1383 filii,
1440 1306 1556 1374 sed
1614 1306 1837 1394 potius
1893 1306 2148 1375 subditi
2200 1330 2236 1376 a
2290 1329 2413 1375 suo
2468 1307 2806 1394 praemitti
2852 1321 3158 1407 pastore:

631 1396 1046 1477 mallentque
1096 1396 1161 1463 in
1214 1394 1421 1463 coelis
1454 1415 1685 1463 carere
1728 1416 1898 1463 novo
1942 1395 2068 1463 isto
2134 1396 2534 1484 patrocinio,
2587 1418 2793 1481 quam
2849 1417 2914 1462 m
2966 1395 3167 1465 terris

627 1498 896 1553 assueta
933 1483 1399 1553 consolatione
1445 1482 1742 1552 destitui.
1785 1488 1989 1553 Porro
2028 1507 2183 1551 cum
2221 1484 2406 1553 omni
2444 1485 2813 1553 reverentia
2851 1484 3167 1552 sacerdo-

627 1587 768 1642 tum
820 1587 885 1641 et
928 1573 1159 1672 populi
1197 1571 1571 1659 frequentia
1609 1573 1967 1641 celebratis
1996 1574 2324 1658 exequiiS‚
2369 1574 2796 1661 peractisque
2837 1585 3019 1640 tanto
3050 1572 3164 1639 fu-

627 1662 769 1731 neri
822 1662 1068 1731 debitis
1120 1661 1391 1751 vigitiis,
1429 1660 1755 1747 sepelitur
1793 1661 2102 1729 coelestis
2157 1661 2265 1729 illa
2323 1662 2690 1747 margarita
2737 1663 2799 1729 in
2844 1661 3156 1740 ba=ili«·a,

680 1774 835 1819 uam
889 1751 1071 1839 apud
1108 1751 1399 1819 civitatis
1447 1749 1860 1818 suburbium
1904 1750 2336 1830 condideram
2391 1764 2592 1835 atque
2631 1749 2768 1817 illie
2807 1749 3169 1839 reponitur

625 1774 1011 1926 depositum
1048 1894 1063 1917 ,
1116 1840 1227 1908 cui
1306 1840 1593 1906 debetur
1638 1860 1887 1906 corona
1950 1840 2281 1927 justitiae,
2338 1839 2554 1907 donec
2629 1837 2955 1907 reddatur
3001 1839 3061 1906 ei
3123 1860 3164 1907 a

615 1929 806 2019 justo
848 1928 1085 2013 judice
1133 1929 1201 1996 in
1257 1927 1373 1996 illo
1448 1928 1978 2014 regenerationis
2024 1929 2157 1996 die.
2214 1928 2675 2015 Imploramus
2729 1948 2890 2016 ergo
2946 1927 3159 2013 pieta·

626 2033 757 2087 tem
789 2031 1000 2096 tuam,
1040 2015 1388 2086 consessor
1425 2016 1814 2085 beatissime
1846 2032 1911 2083 et
1945 2016 2211 2105 praesul
2248 2017 2518 2096 eximie,
2552 2028 2785 2083 sancte
2814 2016 3153 2100 Aquiline,

624 2121 699 2175 ut
745 2107 863 2191 qui
915 2106 999 2173 de
1052 2106 1289 2192 paui-,is
1336 2106 1632 2190 acceptis
1686 2105 1900 2174 multa
1946 2120 2011 2174 et
2061 2128 2305 2194 magna
2380 2105 2760 2183 reddidisti,
2832 2104 3162 2190 illamque

625 2194 851 2264 sedem
907 2194 1288 2273 illustrasti,
1349 2214 1554 2279 qnam
1638 2194 1890 2275 rexisti,
1950 2194 2010 2262 id
2070 2197 2265 2263 nobis
2314 2192 2645 2263 divinitus
2695 2194 3002 2262 obtinere
3053 2193 3160 2260 di-

625 2283 878 2373 gneris,
934 2297 1006 2350 ut
1052 2283 1231 2368 qnod
1288 2281 1688 2370 profitemur
1728 2282 1968 2352 ordine
1998 2297 2064 2352 et
2105 2284 2435 2361 institute,
2495 2284 2559 2351 id
2612 2304 2815 2369 opere.
2861 2303 3158 2367 exequa-

628 2392 804 2451 mur,
860 2384 1059 2458 atque
1096 2372 1158 2439 in
1202 2372 1490 2439 novitate
1533 2369 1705 2439 vitae
1752 2371 2209 2451 ambulantes,
2253 2386 2317 2439 et
2367 2373 2542 2440 sicut
2575 2370 2848 2457 aquilae
2893 2393 3157 2459 pennas

626 2460 939 2529 vitiorum
997 2461 1060 2528 in
1117 2461 1439 2529 virtutum
1515 2475 1879 2540 mutantes,
1933 2461 2514 2548 quemadmodum
2572 2461 2878 2529 habitum
2938 2475 3160 2529 muta-

624 2550 881 2630 vimus,
940 2549 1032 2617 illi
1074 2550 1338 2639 placere
1389 2547 1761 2631 valeamus,
1792 2551 1912 2638 qui
1953 2552 2109 2619 vivit
2137 2567 2201 2620 et
2234 2566 2469 2640 regnat
2504 2572 2622 2641 per
2649 2550 2885 2618 omnia
2920 2550 3157 2620 secula

624 2640 1040 2720 seculorum,
1076 2645 1308 2707 Amen.

931 2963 1547 3066 MARTYRtUM
1623 2964 1761 3063 SS.
1838 2963 2308 3064 CAPRASll
2386 2964 2503 3063 ET
2572 2963 2843 3063 FlDEl

1230 3204 1310 3251 UT
1353 3205 1550 3251 Exrn·
1599 3204 1666 3251 IN
1716 3204 2129 3251 PERVETUSTIS
2183 3204 2317 3251 USS.
2372 3203 2551 3252 cont).

618 3310 847 3366 QUIBUS
895 3309 1321 3359 CONSEN‘rttJNT
1370 3311 1647 3366 ANTIQUA
1696 3309 2170 3356 nAnTvttomGtA
2210 3310 2327 3357 HOC
2378 3310 2530 3357 Loco
2578 3309 2653 3356 ET
2702 3307 2786 3354 Vl.
2826 3308 3145 3363 OCTOBRIS,

1431 3416 1533 3464 unt
1586 3419 1640 3464 S.
1696 3418 1862 3463 Fiunt
1910 3414 2341 3465 ltssmNEtttJNT.

802 3593 1135 3661 martyrio
1176 3595 1479 3651 decorati
1521 3600 1685 3652 aunt
1726 3610 1903 3652 anno
1943 3595 2231 3654 vex-isim.
2278 3598 2427 3664 303,
2469 3596 2542 3652 in
2582 3593 2970 3663 Aquitania.

701 3794 738 3879 ξ
793 3794 859 3861 Ι.
910 3795 1148 3860 Sancta
1203 3790 1398 3858 Fides
1446 3791 1946 3878 Agennens³um
2010 3790 2042 3825 ⁴*
2097 3790 2364 3859 civitate
2411 3789 2704 3859 oriunda
2753 3788 2906 3868 fuit,
2959 3798 3023 3856 et
3070 3808 3151 3855 ex

662 3881 1017 3951 arentibus
1065 3879 1470 3949 clarissimis
1519 3879 2077 3968 splendidissima
2145 3879 2365 3967 proles
2419 3892 2798 3966 procreata,
2861 3877 3151 3945 alumna

639 3972 739 4039 oci
786 3971 973 4038 illius
1015 3970 1081 4038 in
1133 3984 1309 4049 ortu,
1367 3968 1536 4036 facta
1578 3982 1679 4037 est
1731 3983 2006 4057 patrona
2062 3969 2124 4035 in
2181 3967 2519 4056 pass-ionis
2590 3969 2814 4037 obitu.
2888 3965 3155 4035 Nobilis

611 4081 883 4145 quoque
955 4073 1250 4127 veterum
1304 4070 1365 4126 et
1412 4080 1735 4157 generosa
1802 4058 2010 4144 stirpe
2071 4073 2425 4146 parentum
2461 4113 2475 4134 ,
2531 4056 2702 4124 facta
2747 4070 2849 4124 est
2899 4053 3153 4122 Christi

612 4169 897 4216 munere
948 4148 1281 4216 nobilior:
1326 4168 1485 4232 quia
1538 4145 1833 4214 candida
1884 4146 2049 4214 stola
2104 4146 2509 4235 virginitatis
2551 4146 2822 4221 induta,
2875 4142 3159 4229 fulgens

610 4234 767 4314 fide,
823 4236 889 4305 in
935 4239 1212 4304 nomino
1248 4242 1414 4305 ‚Iesu
1464 4236 1725 4304 Christo
1786 4234 2060 4304 odorem
2139 4235 2353 4303 bonae
2418 4233 2778 4302 suavitatis
2833 4231 3153 4320 protulit.

608 4328 789 4395 Haec
845 4325 1066 4413 prima
1143 4324 1208 4393 in
1279 4325 1548 4394 civitate
1614 4332 1892 4414 Agenno
1961 4324 2172 4393 decus
2240 4338 2304 4393 et
2371 4324 2765 4413 exemplum
2832 4318 3155 4409 martyrii

665 4451 689 4475 ⁹
717 4451 908 4499 Gallice,
932 4453 1063 4504 Am,
1080 4452 1195 4493 urb·
1212 4450 1506 4502 episcopans.
