3347 4999
767 327 893 390 2314
1558 345 1632 390 na
1682 345 1736 389 s.
1795 343 2084 389 nssnwma
2136 344 2320 390 ηοω
2905 327 3100 392 OCT.
3177 331 3250 391 17

679 455 846 503 suae
893 429 1280 499 dulcedinis
1334 429 1400 498 in
1456 441 1718 500 tantum
1773 429 2035 499 volebat
2080 452 2226 501 esse
2279 428 2695 520 participes,
2751 443 2826 499 ut
2878 444 3246 519 quotquot

678 522 740 591 ei
794 522 1355 613 propinquarent,
1413 521 1655 591 hausta
1705 520 1856 608 ejus
1905 520 2257 599 suavitate,
2299 519 2477 588 bono
2510 519 2742 588 animo
2794 522 3216 590 recederent

680 613 954 683 Cunctis
994 611 1176 680 enim
1228 609 1312 679 ad
1367 609 1552 679 illam
1602 608 2121 699 refugientibus.
2166 610 2222 680 si
2260 608 2600 678 interdum
2649 632 2781 678 non
2831 625 3078 699 posset
3121 635 3246 699 pro

677 703 902 773 cordis
951 703 1198 772 affectu
1246 722 1285 769 ο
1338 700 1474 770 eris
1532 699 1848 768 effectum
1902 699 2297 788 impendere
2335 754 2350 781 ,
2404 697 2488 766 ad
2549 700 3067 789 omnipotentis
3125 704 3236 768 Dei

675 793 964 881 gratiam
1017 814 1086 860 se
1134 812 1260 859 con
1296 811 1517 869 erens,
1564 788 1798 858 divino
1833 788 2166 858 miraculo
2209 788 2638 879 impetrabat,
2670 788 2856 877 quod
2899 788 3240 859 homiues

674 882 760 950 ab
808 903 887 951 ea
936 880 1361 970 expetebant.

761 974 798 1058 ξ
831 973 984 1042 38.
1023 969 1332 1039 Animam
1379 967 1588 1058 hujus
1619 966 1907 1037 dilectae
1945 980 2010 1035 et
2042 967 2292 1037 electae
2327 988 2515 1049 suae,
2555 967 2863 1057 Christus
2911 970 3237 1039 Salvator

676 1064 863 1129 tanta
912 1058 1312 1150 impleverat
1358 1056 1617 1148 gratia,
1668 1068 1743 1126 ut
1781 1070 1846 1126 et
1894 1056 2220 1126 continua
2272 1056 2485 1126 animi
2528 1056 2888 1126 devotione
2931 1082 3230 1129 sursum

676 1160 994 1239 ageretur
1044 1149 1111 1217 in
1166 1152 1402 1227 Deum,
1446 1158 1510 1215 et
1558 1146 1856 1235 benigna
1929 1145 2392 1216 misericordia
2461 1145 2934 1216 indesinenter
2997 1148 3230 1217 affice-

677 1253 862 1308 retur
907 1261 1065 1328 erga
1120 1237 1485 1327 proximos.
1567 1235 2121 1305 Familiaritatem
2193 1250 2418 1306 autem
2473 1235 2658 1304 illam
2709 1249 2773 1304 et
2821 1236 3225 1307 amicitiam

675 1349 811 1415 qua
852 1340 996 1397 erat
1041 1326 1413 1415 conjuncta
1459 1347 1617 1395 cum
1675 1329 1826 1405 Dec,
1871 1326 1948 1394 ea
1998 1324 2225 1394 adhuc
2277 1325 2557 1405 vivente,
2610 1324 2961 1411 quaedam
3023 1329 3224 1415 signa

677 1417 860 1486 haud
908 1416 1199 1487 obscure
1246 1414 1713 1484 declarabant.
1750 1415 1848 1483 Ob
1886 1414 2038 1503 ejus
2067 1415 2248 1483 enim
2283 1436 2584 1485 amorem
2625 1425 2690 1482 et
2726 1415 3008 1496 merita,
3051 1421 3226 1486 Deus

678 1506 1008 1577 miracula
1058 1504 1393 1593 quaedam
1445 1502 1711 1573 effecit:
1753 1502 1970 1573 multa
2017 1526 2290 1592 quoque
2336 1504 2397 1573 ei
2447 1504 2675 1573 sutura
2710 1504 3089 1574 revelavit:
3133 1510 3222 1575 uti

676 1595 773 1665 sic
827 1618 946 1686 per
995 1593 1327 1665 miracula
1376 1592 1848 1664 ostenderetur
1905 1614 2035 1661 non
2105 1593 2166 1662 ei
2216 1594 2451 1663 deesse
2499 1592 2816 1662 virtutem
2870 1596 3220 1684 Apostoli-

671 1706 848 1766 cam,
906 1698 970 1755 et
1017 1707 1139 1786 per
1190 1706 1415 1753 rerum
1468 1682 1885 1761 futurarum,
1926 1682 2488 1770 occultorumque
2518 1696 2795 1751 actuum
2852 1684 3218 1753 revelatio-

673 1795 867 1855 nem,
925 1775 1175 1875 sptritu
1244 1772 1638 1863 prophetico
1707 1771 1974 1860 plenam
2040 1794 2209 1841 esse.
2296 1772 2588 1842 Raslaua
2650 1772 3214 1843 sanctimonialis

672 1864 1173 1934 Trebnictensis
1208 1862 1580 1931 admodum
1641 1860 2003 1930 familiaris
2049 1874 2191 1931 erat
2239 1867 2310 1930 B.
2363 1861 2688 1950 Hedwigi,
2736 1883 2928 1949 quae
2982 1885 3144 1933 eam
3182 1887 3210 1932 a

672 1952 920 2022 teneris
962 1954 1163 2023 annis
1201 1952 1587 2030 educatam,
1627 1950 1692 2018 in
1750 1952 2230 2020 monasterium
2273 1950 2758 2030 introduxerat,
2796 1950 2926 2020 ubi
2984 1968 3209 2043 postea

672 2041 978 2112 custodis
1028 2040 1258 2111 functa
1308 2055 1408 2111 est
1473 2040 1722 2119 ollicio,
1783 2051 1846 2107 et
1892 2038 2139 2108 deinde
2188 2040 2255 2108 in
2309 2040 2819 2110 Ouensconensi
2871 2044 3212 2113 coenobio

649 2130 1088 2205 ,Abbatissae
1153 2131 1405 2200 Sedens
1457 2130 1569 2198 illa
1619 2128 2033 2216 quandoque
2081 2128 2162 2197 ad
2219 2151 2521 2199 mensam
2576 2134 2639 2197 S.
2696 2127 3112 2221 Hedwigis,
3157 2148 3208 2200 rt

668 2242 743 2291 os
785 2220 995 2310 piscis
1046 2220 1318 2289 incaute
1357 2218 1749 2299 admittens,
1791 2239 1912 2286 nec
1960 2217 2208 2309 glutire
2245 2219 2482 2308 potuit,
2524 2240 2645 2287 nec
2679 2218 3023 2307 rejicere3
3071 2246 3196 2291 sen-

672 2310 844 2379 tiens
893 2309 1022 2378 sibi
1076 2307 1471 2399 impendere
1523 2306 1930 2397 periculum,
1996 2308 2216 2398 surgit
2247 2330 2286 2376 a
2320 2330 2578 2387 mensa,
2624 2319 2929 2377 conatur
2977 2333 3187 2399 proro-

668 2420 823 2467 care
875 2397 1230 2479 vomitum,
1284 2410 1360 2467 ut
1409 2397 1505 2465 vel
1558 2397 1657 2466 sic
1705 2397 2101 2466 extrudatur
2146 2419 2220 2466 os
2255 2397 2512 2488 gutturi
2548 2396 2857 2466 affixum.
2923 2400 3198 2470 Nihilse

668 2486 935 2559 efficere
986 2488 1246 2570 videnS,
1303 2485 1475 2557 redit
1522 2485 1810 2556 fidenter
1856 2485 1938 2554 ad
1990 2486 2381 2578 Hedwigem
2433 2486 2660 2557 adbuc
2700 2508 2998 2558 mensae
3050 2491 3203 2562 affii-

667 2577 965 2658 dentem,
1015 2578 1273 2647 indicat
1320 2576 1483 2664 quid
1539 2576 1859 2666 patiatur.
1899 2577 2321 2666 Competitur
2368 2576 2508 2659 illa,
2549 2578 2720 2646 bene
2760 2591 3113 2665 precatur
3155 2581 3202 2648 ei

668 2667 732 2735 in
789 2667 1066 2738 nomine
1115 2665 1409 2748 Domini,
1442 2688 1734 2753 moxque
1781 2665 1979 2756 signo
2010 2666 2243 2735 Crucis
2270 2666 2473 2747 edito,
2517 2664 2812 2735 Raslaua
2851 2673 3116 2754 expuit
3143 2693 3203 2738 os

664 2769 1123 2837 cruentatum,
1164 2769 1229 2827 et
1260 2755 1495 2826 mortis
1531 2777 1602 2826 se
1633 2754 2002 2824 discrimen
2040 2755 2334 2827 evasisse
2374 2755 2685 2825 laetatur.
2726 2754 3001 2826 Eadem
3040 2759 3197 2829 dum

665 2847 956 2917 nimium
1010 2847 1124 2916 sset
1169 2845 1576 2916 defunctum*
1618 2844 1895 2913 fratrem
1948 2866 2192 2924 suum,
2248 2844 2643 2935 albuginem
2704 2846 3198 2933 permolestam
3287 2857 3288 2926 j

659 2935 1003 3005 contrahit
1050 2936 1121 3004 in
1170 2934 1391 3006 oculo.
1450 2933 1575 3003 Ubi
1626 2932 1694 3002 id
1743 2946 2113 3020 conquesta
2145 2946 2245 3003 est
2279 2933 2510 3003 beatae
2544 2932 2875 3022 Hedwigi,
2913 2935 3203 3022 jubetur
3287 2939 3288 2974 ³

658 3025 743 3093 ab
790 3048 869 3094 ea
919 3025 1150 3095 tollere
1200 3023 1597 3116 psalterium
1650 3023 1846 3111 ejuS,
1909 3035 1972 3092 et
2022 3021 2138 3091 illo
2188 3023 2462 3112 signum
2517 3023 2749 3091 Crucis
2799 3026 3198 3112 exprimere

656 3113 739 3181 ad
790 3113 1069 3185 oculum
1131 3113 1305 3183 male
1352 3114 1696 3182 affectum.
1763 3110 1960 3182 Tollit
2006 3110 2335 3192 codicem,
2389 3113 2747 3203 consignat
2795 3133 2900 3192 se,
2962 3129 3035 3184 et
3089 3117 3199 3184 mi-

661 3216 851 3272 ratur
901 3214 1171 3292 repente
1220 3225 1436 3272 suum·
1475 3201 1602 3271 sibi
1658 3199 2045 3270 restitutum
2097 3200 2401 3270 oculum.

741 3293 777 3377 ἓ
823 3296 987 3363 89.
1041 3292 1181 3360 Alia
1230 3291 1732 3361 Trebniciensis
1776 3289 2111 3359 monacha
2160 3290 2483 3378 lacrymis
2548 3288 2838 3359 oculos·
2905 3292 3188 3362 erdidit.

655 3380 862 3449 Multa
908 3380 1215 3449 adhibita
1262 3403 1427 3450 cura
1476 3390 1626 3460 est,
1682 3378 1794 3450 sed
1849 3378 2123 3449 frustra.
2199 3379 2387 3449 Venit
2455 3378 2724 3447 tandem
2778 3402 2817 3448 a
2925 3382 3195 3452 beatam

653 3468 1066 3560 Hedwigem,
1105 3483 1315 3559 rogat,
1354 3469 1546 3539 flexis
1618 3468 1891 3549 enibus,
1930 3480 2007 3538 ut
2036 3472 2245 3538 Cruce
2269 3468 2627 3558 consignet
2660 3468 2902 3538 oculos
2944 3471 3192 3562 ipsius.

653 3562 728 3628 At
761 3556 875 3627 illa
915 3580 1076 3648 prae
1110 3557 1497 3629 humilitate
1530 3492 2047 3648 obstupescens,
2082 3556 2418 3648 planeque
2447 3556 2511 3626 id
2549 3556 2768 3626 facere
2809 3579 3192 3630 recusans:

649 3670 684 3713 «
731 3651 928 3730 Deus,
983 3647 1231 3736 inquit,
1301 3660 1534 3738 parcat
1587 3647 1735 3726 tibi,
1802 3647 1984 3734 quod
2042 3668 2182 3716 rem
2225 3659 2478 3717 tantam
2521 3669 2559 3714 a
2605 3670 2708 3714 me
2746 3660 2985 3736 petere
3027 3673 3189 3719 ausa

647 3759 743 3806 eS.
795 3760 829 3805 »
882 3743 1020 3809 Non
1072 3751 1292 3808 cessat
1344 3750 1565 3806 tamen
1619 3758 1834 3815 soror,
1875 3737 2084 3807 instat
2124 3736 2467 3824 precibuS,
2521 3736 2736 3804 donec
2781 3736 2899 3806 illa
2943 3741 3190 3828 pietate

648 3827 843 3907 victa,
884 3828 1118 3899 Crucis
1181 3826 1457 3917 signum
1509 3826 1762 3905 ederet,
1804 3825 2077 3896 dicens:
2119 3848 2155 3891 «
2195 3825 2525 3894 Dominus
2595 3824 2715 3893 tibi
2784 3824 3180 3906 benedicat,

643 3938 835 3987 soror
871 3939 1042 3987 mea.
1086 3940 1121 3982 »
1163 3916 1525 3985 Confestim
1578 3914 1657 3983 ad
1707 3916 1939 3983 Crucis
1979 3915 2254 4004 signum
2307 3913 2538 3982 decem
2585 3912 3184 3986 hebdomadarum

641 4028 842 4075 caeca
894 4029 1045 4087 nox,
1093 4005 1179 4074 ab
1227 4004 1448 4074 oculis
1486 4005 1639 4093 ejus
1678 4003 2068 4094 depellitur,
2113 4016 2179 4072 et
2234 4002 2405 4072 redit
2445 4024 2681 4071 serena
2721 4000 2860 4072 lux.
2925 4009 3182 4074 Sanata

640 4109 741 4163 est
788 4095 989 4165 etiam
1042 4100 1381 4164 Germana
1416 4093 1754 4182 quaedam
1796 4092 2068 4172 mulier,
2112 4092 2234 4161 diu
2270 4114 2509 4172 caeca;
2553 4113 2727 4177 quae
2767 4113 2926 4160 cum
2995 4095 3185 4163 miri-

639 4184 764 4253 fice
813 4184 962 4272 ejus
1003 4185 1429 4254 sanctitatem
1476 4182 1923 4272 praedicaret,
1973 4203 2104 4250 non
2161 4204 2436 4270 parvam
2479 4180 2856 4250 molestiam
2894 4182 2962 4248 ei
3005 4196 3187 4252 attu-

638 4272 737 4350 lit,
785 4274 1044 4375 quippe
1076 4295 1253 4360 quae
1311 4272 1640 4343 laudibus
1697 4270 2229 4357 haudquaquam
2295 4270 2769 4340 delectaretur.
2823 4274 3015 4340 Duos
3069 4272 3190 4341 lio-

641 4362 860 4431 mines
901 4385 1046 4450 Jam
1119 4383 1515 4452 suspenSOS,
1585 4373 1649 4430 et
1710 4359 1946 4429 divina
2013 4361 2260 4428 virtute
2316 4371 2590 4449 propter
2648 4359 2800 4447 ejus
2846 4360 3104 4430 merita
3153 4384 3188 4430 a

640 4464 855 4521 morte
887 4461 1211 4533 servatOS,
1242 4449 1455 4540 jussit
1501 4473 1539 4520 a
1590 4447 1919 4539 patibulis
1958 4448 2234 4538 deponi,
2284 4446 2520 4518 multis
2552 4448 3029 4538 stupentibuS,
3063 4451 3187 4539 qui
