3347 4999
745 321 869 385 768
1318 340 1396 384 ns
1443 340 1501 384 s.
1543 335 1933 384 warmanno
1970 338 2070 383 aa.
2110 333 2526 385 anismam.
2874 320 3027 387 OCT.
3070 325 3129 389 at

655 422 1149 501 intumuerant,
1194 421 1287 490 ita
1322 433 1400 490 ut
1439 420 1637 489 multi
1691 421 1830 489 illic
1886 420 2518 512 submergerentur.
2583 420 2706 491 Ubi
2747 443 2893 491 vero
2941 423 3140 496 beatus

657 510 947 579 Antistes
993 532 1151 579 cum
1188 510 1337 578 suis
1361 531 1441 579 eo
1494 510 1820 599 pervenit,
1863 522 1997 578 tam
2053 510 2390 599 praesenti
2433 510 2735 599 periculo
2779 526 3137 595 commotus,

657 598 965 687 suspexit
1013 599 1081 667 in
1123 598 1418 680 coelum,
1464 612 1531 667 et
1584 611 1729 667 tum
1773 597 1939 680 sibi,
2012 610 2154 668 tum
2206 600 2355 669 suis
2401 599 2575 668 bene
2629 615 2929 689 precatus
2978 617 3143 688 atque

655 686 1117 767 benedicens,
1161 686 1373 776 jussit
1421 709 1583 757 suos
1648 686 2123 757 incunctanter
2183 689 2472 758 transire
2537 688 2816 759 flumen.
2867 690 2980 760 Sed
3036 690 3145 761 illis

658 774 887 846 adbuc
912 775 1423 857 cunctantibus,
1454 790 1520 845 et
1554 777 1832 845 Francis
1865 776 2135 846 interim
2187 800 2221 845 a
2257 790 2443 867 tergo
2478 779 2723 847 acriter
2756 779 3142 864 instantibus,

656 863 776 933 ille
814 866 1079 954 primus
1134 865 1203 934 in
1258 865 1535 934 nomine
1584 865 1878 946 Domini,
1916 864 2099 952 quod
2167 887 2438 957 semper
2493 866 2562 935 in
2611 867 2765 954 ejus
2805 869 3147 937 versabatur

658 975 799 1034 ore,
838 953 1127 1023 fluvium
1182 954 1560 1045 ingressuS,
1618 976 1783 1025 suos
1831 955 2185 1035 animavit,
2227 977 2348 1024 nec
2390 956 2757 1043 quisquam
2806 978 3023 1025 eorum
3063 956 3147 1025 ul·

658 1041 804 1110 lum
874 1056 1195 1131 expertus
1260 1056 1363 1113 est
1412 1042 1827 1133 periculum.
1880 1048 2050 1113 Tum
2104 1065 2261 1113 vero
2312 1064 2552 1113 omnes
2622 1043 2686 1112 id
2739 1044 3141 1121 admirantes.

658 1152 824 1231 prae
863 1130 1117 1221 gaudio
1167 1132 1236 1201 in
1287 1132 1403 1200 Dei
1452 1131 1695 1202 laudes
1731 1144 2129 1222 eruperunt.
2171 1132 2295 1202 Sed
2341 1132 2443 1201 vir
2480 1132 2946 1214 humillimus,
2995 1155 3066 1204 ne
3095 1133 3143 1202 id

659 1240 727 1287 in
783 1219 1139 1309 publicum
1174 1221 1510 1301 efferrent,
1565 1221 1813 1290 obnixe
1858 1242 1976 1290 eos
2014 1221 2296 1309 rogavit.

746 1310 783 1395 ἓ
830 1313 993 1380 82.
1049 1307 1243 1378 Aliud
1318 1309 1429 1378 nic
1475 1311 1625 1399 eJus
1684 1309 2097 1398 subjicimus
2155 1308 2409 1378 factum
2478 1310 2956 1392 memorabile,
3003 1307 3147 1379 unde

657 1396 917 1466 subditi
945 1397 1216 1467 discant
1257 1399 1493 1487 parere
1545 1399 1950 1489 praepositis
1990 1397 2160 1467 suis,
2211 1402 2374 1467 Cum
2428 1397 2805 1485 aliquando
2837 1399 2918 1468 de
2960 1399 3149 1467 divina

658 1486 989 1578 religione
1037 1509 1162 1557 suo
1235 1508 1424 1557 more
1497 1488 1879 1557 necessaria
1927 1488 2264 1574 quaedam
2317 1486 2654 1556 conferret
2714 1509 2872 1556 cum
2929 1487 3149 1557 clericis

659 1576 831 1658 sui5‚
887 1597 1070 1645 unus
1100 1597 1179 1644 ex
1216 1575 1353 1646 illis
1396 1576 1669 1666 (Busso
1712 1577 1769 1647 is
1814 1576 2229 1666 dicebatur)
2276 1597 2516 1665 parum
2567 1589 2768 1646 caute
2825 1575 3145 1663 respondit.

660 1665 779 1734 Cui
843 1666 945 1734 vir
990 1678 1272 1735 sanctus
1317 1687 1396 1734 ex
1447 1665 1743 1734 naturali
1796 1665 2202 1734 habitudine
2253 1664 2716 1745 subirascens,
2789 1666 2849 1733 ei
2896 1665 3147 1735 dolorem

657 1753 1019 1823 oculorum
1091 1755 1513 1844 imprecatus
1558 1767 1682 1823 est.
1738 1759 1884 1824 Mox
1948 1753 2062 1823 ille
2109 1753 2404 1842 graviter
2465 1753 2681 1823 doluit
2735 1754 3006 1823 oculos:
3057 1749 3143 1832 sed

659 1865 820 1911 cum
874 1855 1105 1932 postea
1153 1864 1311 1912 eum
1376 1857 1655 1913 sanctus
1702 1844 1805 1912 vir
1859 1845 1925 1912 in
1977 1841 2188 1911 choro
2252 1841 2598 1911 sedentem
2654 1842 2907 1912 videret
2963 1855 3148 1932 operto

659 1931 903 2019 capite,
959 1944 1034 2000 ut
1080 1931 1302 2000 solent
1339 1933 1459 2018 qui
1507 1955 1586 2002 ex
1633 1931 1857 2002 oculis
1906 1930 2241 2008 laborant,
2301 1930 2778 2000 misericordia
2821 1944 3043 2008 motus,
3071 1950 3146 1997 ac·

660 2020 841 2088 cedit
873 2019 954 2088 ad
1016 2043 1202 2101 eum,
1262 2034 1456 2110 rogat
1508 2021 1672 2105 quid
1736 2019 2084 2089 molestiae
2133 2017 2454 2109 patiatur.
2507 2019 2631 2088 Ille
2678 2019 2848 2088 dicit
2901 2041 2967 2089 se
3016 2015 3149 2085 male

663 2107 913 2177 habere
945 2109 1010 2176 in
1047 2109 1290 2189 oculis,
1323 2123 1386 2178 et
1434 2107 1790 2178 humiliter
1813 2109 1964 2198 ejus
2000 2107 2538 2178 benedictionem
2573 2109 2849 2198 expetit.
2896 2109 3149 2177 Misertus

660 2217 824 2285 ergo
856 2197 1008 2284 ejus
1038 2198 1140 2266 vir
1177 2199 1355 2287 pius,
1386 2197 1623 2266 oculos
1655 2197 1807 2285 ejus
1838 2199 2222 2288 consignat,
2275 2210 2340 2265 et
2371 2195 2568 2267 dolor
2592 2198 2826 2268 omnis
2871 2195 3141 2267 abscedit.

664 2285 789 2353 Sed
831 2305 913 2352 ne
944 2305 1021 2353 ea
1069 2307 1177 2353 res
1223 2286 1720 2376 divulgaretur,
1779 2302 2125 2372 tamquam
2191 2285 2475 2355 remedii
2526 2291 2742 2357 causa
2788 2285 2989 2375 jussit
3029 2303 3144 2354 eum

663 2372 906 2441 faciem
958 2372 1257 2442 abluere.

752 2464 789 2549 ξ
836 2466 998 2534 88.
1055 2461 1338 2531 Sedente
1384 2461 1801 2550 quandoque
1852 2462 2046 2533 beato
2094 2462 2430 2553 Episcopo
2479 2463 2661 2554 apud
2717 2459 3148 2535 caementarios

663 2550 733 2619 in
786 2550 1002 2619 sancti
1045 2550 1234 2620 Pauli
1273 2552 1709 2632 monasterio,
1769 2553 2019 2622 mulier
2062 2552 2399 2640 quaedam
2436 2553 2886 2623 daemoniaca
2931 2552 3145 2621 adeum

660 2638 1157 2709 adducebatur.
1203 2644 1289 2708 Ea
1332 2639 1769 2727 simulatque
1799 2642 1862 2708 in
1900 2645 2053 2728 eJ‘us
2098 2653 2543 2731 conspectum
2577 2643 2785 2723 venit,
2838 2635 3143 2710 humicol·

663 2728 880 2817 lapsa,
923 2728 1145 2817 coepit
1196 2728 1665 2798 miserandum
1734 2730 1800 2797 in
1849 2729 2126 2799 modum
2178 2730 2507 2799 divexari.
2558 2736 2731 2799 Tum
2786 2731 2889 2799 vir
2924 2741 3145 2798 sanctus

664 2817 1049 2905 suspirans
1104 2817 1198 2885 ait
1244 2816 1328 2886 ad
1364 2839 1505 2899 eos,
1559 2819 1681 2905 qui
1732 2817 1829 2887 illi
1873 2818 2204 2887 aderant:
2263 2842 2298 2884 «
2331 2820 2396 2888 Si
2446 2819 2727 2907 quidem
2782 2819 3025 2910 dignus
3060 2833 3146 2903 ego

663 2926 880 2973 essem
933 2906 1290 2994 quippiam
1343 2907 1431 2976 ab
1463 2909 1648 2976 omni
1707 2920 1930 2977 otente
1963 2911 2093 2975 Deo
2132 2907 2523 2996 impetrare,
2572 2908 2746 2976 nihil
2805 2904 3148 3009 propensius

662 2993 751 3062 ab
783 3015 863 3062 eo
916 3007 1236 3083 peterem,
1289 3017 1495 3082 quam
1535 3010 1610 3066 ut
1705 3019 1785 3065 oc
1836 2996 2104 3086 plasma
2138 3017 2340 3065 suurn
2382 2995 2539 3065 velit
2578 3018 2617 3065 a
2656 2996 2820 3066 mali
2856 2997 3147 3065 daemonis

662 3080 1096 3153 infestatione
1128 3082 1438 3152 liberare.
1478 3089 1554 3153 At
1591 3106 1712 3156 nos
1746 3084 1873 3154 hoc
1909 3084 2046 3154 illis
2077 3083 2562 3171 relinquente5‚
2608 3086 2733 3172 qui
2783 3085 2969 3175 digni
3004 3090 3140 3151 sunt,

666 3169 768 3239 vel
822 3170 1123 3260 psalmos
1170 3171 1433 3260 aliquot
1482 3193 1642 3262 prae
1669 3174 2267 3243 commiseratione
2316 3174 2588 3244 interim
2639 3173 3144 3264 depromamus.»

665 3263 808 3328 Mox
841 3261 1065 3348 coepit
1111 3261 1337 3330 dicere
1385 3261 1689 3351 psalmos
1735 3262 2098 3347 quosdam,
2153 3274 2217 3332 et
2268 3284 2388 3350 pro
2452 3262 2567 3330 illa
2621 3263 2875 3333 misera
2922 3256 3147 3349 supplex

665 3369 881 3417 orare.
937 3349 1062 3418 llla
1113 3371 1267 3418 vero
1331 3363 1682 3437 tamquam
1758 3350 2108 3419 dormiens
2162 3350 2457 3436 jacebat,
2515 3349 2631 3420 sed
2698 3352 2792 3420 ita
2834 3367 3061 3426 tamen,
3102 3354 3149 3410 ut

668 3436 996 3507 membris
1059 3439 1384 3507 omnibus
1429 3440 2005 3508 contremisceret.
2059 3437 2404 3508 Absolutis
2476 3439 2802 3528 precibus
2833 3496 2848 3519 ,
2900 3437 3051 3506 dicit
3092 3427 3146 3500 ad

662 3524 1234 3595 circumstantes:
1267 3550 1302 3592 «
1338 3531 1620 3597 Domum
1657 3527 1845 3595 illam
1885 3527 2046 3596 hinc
2078 3527 2422 3608 abducite,
2461 3540 2548 3607 et,
2591 3527 2649 3597 si
2691 3528 2905 3617 possit
2931 3540 3142 3614 capere.
3216 3572 3225 3583 -

663 3613 895 3682 cibum
951 3613 1050 3683 illi
1096 3616 1351 3684 offerte.
1386 3637 1422 3681 »
1477 3620 1716 3683 Parent
1767 3615 1888 3695 illi,
1943 3616 2241 3685 comedit
2290 3615 2432 3696 illa,
2496 3628 2561 3685 et
2611 3639 2769 3687 mox
2825 3611 3148 3685 restituitur

666 3701 819 3770 sibi.
889 3701 1032 3771 Alia
1088 3724 1361 3803 quoque
1423 3702 1869 3773 daemoniaca
1915 3706 1974 3772 ei
2011 3704 2239 3774 oblata
2286 3717 2427 3774 est:
2492 3705 2607 3775 sed
2663 3704 2783 3775 ille
2832 3705 3147 3774 humanam

665 3789 953 3880 gloriam
1006 3790 1301 3880 fugienS,
1338 3793 1432 3861 ait
1479 3792 1565 3861 ad
1614 3814 1753 3872 605,
1807 3794 1926 3878 qui
1977 3791 2165 3863 illam
2204 3792 2682 3864 adducebant:
2732 3797 2929 3864 «Cur
2969 3805 3151 3879 aegro·
3220 3800 3233 3811 “

665 3892 768 3949 tos
817 3895 1070 3949 vestros
1118 3879 1202 3947 ad
1258 3902 1363 3949 me
1397 3880 1829 3970 apportatis?
1886 3881 2123 3952 Ducite
2160 3905 2310 3952 eam
2365 3883 2432 3952 in
2487 3884 2850 3975 templum,
2901 3893 2960 3951 et
3010 3885 3151 3947 orate
3230 3916 3245 3935 ·

665 3989 789 4057 pro
822 3990 937 4037 ea:
991 3968 1301 4037 fortassis
1353 3970 2046 4046 Dominus‚exaudiet
2095 3993 2282 4042 vos.»
2337 3977 2608 4043 Ducunt
2643 3973 2745 4041 illi
2790 3993 2929 4041 earn
2974 3968 3036 4038 in
3073 3985 3151 4034 ec-

660 4055 969 4155 clesiam,
1008 4057 1123 4126 sed
1159 4057 1341 4144 quod
1383 4057 1545 4128 hora
1608 4074 1996 4149 opportuna
2044 4074 2220 4130 esset
2266 4061 2596 4130 offerendi
2645 4057 2983 4135 sacrificii,
3041 4054 3153 4140 ipse

661 4143 820 4212 illos
849 4159 1151 4227 secutuS,
1185 4147 1457 4217 Missam
1488 4146 1878 4219 celebravit.
1918 4155 2194 4219 Peracto
2227 4150 2589 4230 sacrificiO,
2626 4170 2887 4228 omnes,
2920 4136 3151 4229 dempll

663 4231 801 4331 illa·
849 4232 1334 4311 daemoniaca,
1387 4237 1699 4306 exierunt
1758 4259 1794 4304 e
1856 4237 2149 4328 templo:
2214 4252 2511 4307 attamen
2573 4261 2759 4308 unus
2819 4259 2854 4305 e
2920 4223 3151 4320 cappel-

665 4318 864 4402 lamS,
920 4323 1098 4393 clam
1138 4346 1208 4395 se
1250 4324 1630 4406 abscondit,
1686 4327 1865 4396 scire
1901 4326 2153 4407 volens,
2209 4325 2373 4414 quid
2439 4328 2540 4396 vir
2594 4341 2870 4396 sanctus
2918 4331 3150 4392 acturus

661 4420 858 4477 esset.
916 4411 1039 4479 llle
1105 4434 1259 4482 vero
1310 4427 1461 4504 post
1503 4415 1771 4485 brevem
1824 4416 2198 4485 orationem
2249 4417 2475 4505 coepit
2539 4416 2795 4505 egredi.
2848 4417 3002 4481 Tum
3058 4400 3149 4473 ill&
