3347 4999
157 357 327 423 OCT.
388 357 470 422 43
766 340 775 349 ’
921 339 930 351 ’
1072 376 1150 421 nr:
1199 375 1254 421 s.
1308 374 1600 422 sonnino
1648 374 1809 421 REGE
2496 359 2624 424 365

153 461 337 529 enim
404 459 685 531 modum
752 460 1086 550 pecuniae
1154 472 1585 549 contemptor
1612 513 1627 539 ,
1701 480 1825 528 nec
1889 459 1958 528 in
2016 481 2255 530 earum
2335 462 2711 532 amissione

153 549 433 630 tristior,
482 571 605 618 nec
639 549 709 617 in
753 548 1117 637 adeptione
1156 548 1519 617 videbatur
1554 548 1864 616 hilarior.

241 640 279 725 ξ
327 643 420 709 6.
476 639 943 707 Recumbente
969 636 1367 724 aliquando,
1399 637 1616 737 gratia
1648 637 2074 723 quiescendi,
2122 660 2278 728 rege
2314 638 2381 706 in
2426 638 2699 722 lectulo,

153 727 583 797 camerarius
622 726 913 796 accessit
959 726 1046 795 ad
1097 725 1363 796 thecam
1418 748 1487 794 m
1522 747 1661 812 qua
1701 747 1816 795 aes
1864 747 1935 794 re
1989 726 2129 794 ium
2173 727 2598 809 servabatur,
2651 743 2717 799 et

155 816 452 904 reposito
480 816 668 885 intus
691 815 874 902 quod
902 815 1191 894 volebat,
1225 828 1289 883 et
1312 813 1499 883 illam
1530 814 1852 883 claudere
1879 816 1966 883 ob
2002 816 2159 895 ituS,
2186 814 2366 886 foras
2387 836 2711 906 egressus

157 916 281 975 est.
337 903 828 973 Animadvertit
876 904 1005 974 hoc
1038 903 1348 991 quidam,
1389 916 1460 972 et
1507 902 1841 972 accedens
1875 902 1960 971 ad
1998 903 2291 983 thecam,
2340 906 2710 994 pecuniam

159 1014 299 1061 non
352 992 693 1062 modicam
732 993 807 1060 ‘in
862 994 1091 1063 sinum
1138 990 1487 1071 recondit,
1555 1006 1620 1060 et
1659 991 1989 1061 abscedit.
2045 998 2383 1062 Reversus
2430 992 2707 1075 denuc,

156 1103 318 1172 rege
367 1081 837 1171 inspectante,
890 1080 1162 1151 facinus
1216 1081 1502 1150 iteravit.
1558 1080 1751 1183 Quod
1815 1103 1977 1150 cum
2029 1081 2224 1152 tertio
2273 1093 2709 1163 attentasset,

159 1191 451 1239 cernens
503 1191 618 1239 rex
661 1170 729 1239 in
782 1170 1034 1259 spiritu
1068 1171 1551 1239 thesaurorum
1599 1169 1842 1239 adesse
1873 1169 2255 1250 custodem,
2309 1170 2404 1239 ait
2441 1193 2454 1238 :
2516 1196 2540 1233 α
2584 1176 2719 1239 Im-

157 1271 454 1349 portune
493 1259 667 1349 agiS,
722 1281 762 1328 ο
803 1259 1055 1342 homo;
1108 1259 1168 1327 si
1204 1258 1374 1326 mihi
1423 1258 1671 1339 credis,
1714 1257 1874 1327 tolle
1905 1257 2086 1345 quod
2127 1258 2363 1340 habeS,
2417 1272 2482 1329 et
2515 1258 2712 1349 fuge;

156 1347 492 1434 quoniam
528 1349 587 1417 si
621 1349 882 1417 venerit
913 1348 1308 1438 Hugolinus
1339 1346 1501 1436 (lioc
1533 1347 1720 1416 enim
1755 1347 2170 1416 cubicularii
2220 1369 2468 1417 nomen
2511 1350 2707 1437 erat),

156 1458 287 1505 nec
336 1458 557 1505 unum
611 1436 734 1505 tibi
776 1459 1142 1506 nummum
1179 1435 1543 1521 relinquet.
1582 1458 1618 1501 »
1660 1440 1756 1504 Fu
1813 1436 1861 1504 it
1887 1435 2033 1517 ille,
2073 1450 2138 1505 et
2179 1437 2282 1505 vix
2322 1436 2565 1526 pedem
2601 1458 2718 1506 ex—

155 1525 448 1605 tulerat3
477 1538 542 1595 et
574 1546 729 1595 ecce
766 1525 1077 1596 minister
1118 1525 1299 1612 regis
1326 1524 1621 1606 rediens,
1651 1537 1718 1594 et
1752 1537 1775 1594 t
1828 1547 2153 1594 esaurum
2182 1525 2490 1594 ablatum
2527 1547 2718 1615 repe-

154 1615 371 1693 riens,
418 1614 661 1683 timore
697 1625 762 1683 et
804 1628 1093 1683 tremore
1126 1613 1562 1682 concutitur:
1616 1614 2010 1702 angustiam
2049 1613 2278 1685 cordis
2315 1627 2381 1684 et
2412 1613 2716 1684 furorem

156 1703 416 1771 mentis
449 1701 710 1771 clamor
756 1714 821 1772 et
859 1702 1161 1793 suspiria
1204 1701 1678 1790 prodiderunt.
1722 1702 2026 1771 Surrexit
2068 1723 2203 1784 rex,
2249 1717 2315 1771 et
2360 1704 2557 1790 quasi
2594 1725 2715 1772 ne-

158 1792 389 1861 sciens
421 1790 586 1877 quid
622 1790 971 1872 acciderit,
1019 1789 1555 1879 perturbationis
1586 1789 1806 1877 hujus
1835 1812 2115 1860 causam
2154 1792 2464 1878 inquirit.
2498 1796 2718 1874 Quam

154 1901 321 1950 cum
375 1878 753 1960 didicisset,
798 1880 934 1949 ait:
989 1902 1026 1946 «
1063 1885 1269 1948 Tace:
1322 1878 1493 1949 forte
1526 1878 1641 1947 ille
1673 1880 1791 1966 qui
1828 1880 2031 1969 cepit,
2090 1878 2246 1969 plus
2282 1880 2481 1951 nobis
2530 1880 2715 1949 indi-

160 1967 341 2059 guit.
380 1970 640 2038 Habeat
675 1969 850 2037 sibi:
907 1968 1106 2037 nobis
1140 1967 1418 2048 sufficit,
1464 1966 1644 2055 quod
1687 1969 2104 2038 remansit.»

252 2060 289 2144 ξ
335 2060 413 2127 ⁸2.
468 2061 788 2127 Proceres
836 2070 1063 2126 autem
1110 2071 1324 2126 terrae
1363 2055 1447 2125 de
1508 2056 1947 2126 successione
1995 2055 2296 2137 solliciti,
2355 2078 2579 2147 regem
2634 2058 2718 2127 de

154 2166 373 2215 uxore
406 2145 720 2215 ducenda
754 2147 1197 2215 conveniunt.
1252 2150 1488 2234 Stupet
1523 2167 1659 2225 rex,
1720 2144 2039 2215 thesauro
2073 2158 2388 2215 metuens
2421 2168 2546 2215 suo
2594 2148 2714 2234 qui

155 2235 231 2302 in
288 2233 483 2303 fictili
520 2257 673 2303 vase
712 2236 1127 2314 reconditus,
1182 2234 1383 2302 facile
1435 2246 1696 2323 poterat
1742 2232 1967 2303 calore
2007 2233 2316 2303 dissolvi.
2370 2236 2494 2304 Sed
2549 2235 2711 2322 quid

157 2327 445 2413 ageret?
495 2324 561 2392 Si
597 2323 984 2393 obstinatus
1026 2324 1389 2403 resisteret,
1447 2322 1729 2392 timebat
1780 2345 1864 2391 ne
1924 2323 2251 2411 propositi
2300 2324 2411 2393 sui
2475 2324 2718 2413 prode-

159 2428 356 2481 retur
403 2411 605 2482 dulce
653 2427 1033 2482 secretum:
1089 2412 1147 2481 si
1191 2411 1644 2481 suadentibus
1698 2411 2047 2502 praeberet
2112 2432 2500 2493 assensum,
2550 2436 2718 2483 nau-

158 2501 464 2590 fragium
517 2502 893 2590 pudicitiae
925 2501 1361 2571 formidabat.
1417 2499 1718 2569 Tandem
1773 2502 2166 2601 importune
2207 2502 2708 2584 insistentibuS,

156 2590 406 2658 cedere
447 2591 662 2660 tutius
701 2606 890 2659 ratus
926 2645 941 2672 ‚
1004 2589 1407 2676 hujusmodi
1454 2589 1682 2658 verbis
1734 2590 2139 2680 pudlcitiam
2180 2613 2378 2660 suam
2437 2593 2718 2662 Domino

158 2678 732 2748 commendabat:
774 2685 996 2748 «Jesu
1029 2678 1226 2757 bone,
1261 2690 1373 2747 tua
1406 2677 1758 2764 quondam
1798 2679 2266 2748 misericordia
2306 2693 2438 2748 tres
2466 2702 2717 2768 pueros

160 2767 347 2836 inter
394 2767 713 2836 flammas
754 2766 1155 2837 Chaldaicas
1188 2767 1462 2837 illaesos
1503 2767 1816 2837 servavit.
1871 2773 1996 2836 Per
2043 2782 2105 2837 te
2149 2767 2431 2857 Joseph,
2484 2768 2718 2838 relicto

162 2856 384 2944 pallio
416 2857 484 2923 in
539 2856 865 2926 manibus
902 2855 1303 2937 meretricis,
1342 2877 1499 2925 cum
1540 2855 1737 2925 titulo
1771 2857 2103 2925 castitatis
2134 2857 2369 2926 evasit.
2410 2857 2717 2925 Admira-

158 2942 329 3015 bilis
394 2947 749 3014 Susannae
797 2945 1204 3025 constantia,
1268 2958 1384 3014 tua
1436 2945 1682 3014 virtute
1729 2944 1813 3013 de
1875 2945 2248 3034 impudicis
2305 2947 2718 3035 presbyteris

160 3033 642 3122 triumphavit.
677 3039 962 3103 Sanctae
992 3033 1236 3103 Judith
1268 3033 1546 3103 castitas
1579 3034 1666 3102 ab
1705 3033 2069 3102 Holoferne
2102 3055 2226 3102 nec
2263 3033 2710 3124 laedipotuit,

159 3143 295 3191 nec
347 3122 615 3190 tentari.
670 3127 837 3191 Ecce
867 3145 995 3212 ego
1028 3144 1267 3192 servus
1315 3134 1381 3191 et
1413 3121 1601 3191 filius
1633 3119 1927 3191 ancillae
1969 3136 2145 3202 tuae,
2190 3123 2720 3210 qualiscumque

157 3210 451 3280 dilector
488 3223 651 3280 tuus
682 3222 747 3280 et
780 3213 1024 3280 unicae
1064 3212 1302 3280 matris
1342 3223 1535 3290 tuae;
1576 3232 1904 3280 succurre
1954 3210 2148 3290 mihi,
2195 3211 2500 3292 Domine,
2550 3233 2719 3298 qua·

157 3313 366 3368 tenus
400 3299 501 3368 sic
534 3299 847 3368 maritale
868 3300 1242 3400 suscipiam
1268 3314 1806 3379 sacramentum,
1834 3310 1909 3368 ut
1932 3298 2304 3399 pudicitiae
2329 3302 2715 3390 periculum

158 3409 301 3456 non
341 3388 715 3457 incurram.
757 3411 793 3455 »
844 3394 1024 3479 Rege
1058 3412 1074 3457 ι
1133 3390 1271 3457 itur
1306 3409 1666 3476 procerum
1706 3388 2036 3456 voluntati
2073 3411 2486 3459 consensum
2530 3412 2719 3479 prae—

158 3476 393 3555 bente,
434 3475 746 3545 Godwini
796 3477 1010 3547 filiam
1113 3479 1256 3546 uxit
1304 3477 1373 3545 in
1425 3497 1705 3544 uxorem
1757 3475 1812 3544 *.
1868 3482 2024 3547 Erat
2072 3492 2298 3546 autem
2353 3477 2721 3549 Godwinus

156 3566 269 3633 vir
309 3585 718 3655 magnarum
777 3588 985 3656 opum
1026 3621 1041 3645 ‚
1094 3566 1212 3635 sed
1255 3564 1545 3634 astutiae
1606 3564 2030 3655 singulariS,
2094 3588 2336 3656 regum
2389 3569 2719 3657 regnique

159 3652 522 3742 proditor:
575 3655 698 3739 qui
732 3653 974 3724 doctus
1014 3653 1271 3735 fallere,
1325 3666 1390 3723 et
1436 3653 1784 3738 quaelibet
1832 3654 2275 3725 dissimulare
2320 3669 2714 3740 consuetuS,

157 3742 364 3811 facile
413 3742 747 3832 populum
801 3743 883 3812 ad
937 3743 1310 3833 cujuslibet
1359 3741 1679 3812 factionis
1732 3743 2107 3812 inclinabat
2154 3765 2541 3815 assensum.
2589 3745 2715 3815 Sed

161 3831 345 3901 sicut
380 3832 581 3920 spina
634 3853 859 3901 rosam
889 3886 904 3912 ,
950 3832 1190 3922 genuit
1238 3832 1606 3901 Godwinus
1654 3831 1997 3901 Editham.
2054 3837 2244 3902 Hanc
2298 3832 2546 3902 dilecto
2595 3857 2720 3903 suo

156 3921 598 4008 praeparavit
630 3920 940 3990 Christus
973 3919 1312 4001 Eduardo,
1372 3920 1723 4007 inspirans
1765 3921 1829 3989 ei
1862 3921 1949 3990 ab
1998 3922 2144 4007 ipsa
2193 3920 2482 3990 infantia
2513 3923 2720 3991 casti-

159 4007 325 4077 tatis
360 4030 691 4089 amorem,
731 4008 968 4078 odium
1018 4010 1362 4090 vitiorum,
1402 4008 1672 4077 virtutis
1714 4010 2056 4079 affectum.
2095 4016 2366 4099 Legere,
2403 4024 2521 4078 aut
2559 4033 2721 4100 ope-

159 4096 306 4165 rari
359 4098 705 4177 manibus,
747 4098 963 4166 otium
1014 4096 1368 4187 fugiendo,
1422 4097 1779 4166 consuevit
1828 4097 2177 4167 lasciviam
2216 4098 2447 4178 vitare,
2489 4113 2553 4169 et
2584 4101 2723 4169 col-

158 4184 402 4272 loquia
439 4185 777 4273 juvenum
812 4184 1181 4256 declinare.
1229 4184 1807 4255 convenientibus
1854 4186 2068 4276 igitur
2103 4187 2169 4254 in
2211 4209 2455 4268 unum,
2513 4209 2623 4257 rex
2659 4202 2724 4257 et

156 4273 408 4362 regina
453 4274 539 4342 de
587 4275 895 4344 castitate
936 4273 1270 4344 servanda
1310 4274 1799 4364 paciscuntur,
1859 4296 1983 4344 nec
2038 4276 2201 4344 huic
2244 4275 2404 4344 fidei
2446 4276 2662 4345 alium
2700 4331 2715 4357 ,

159 4384 375 4448 quam
443 4366 655 4432 Deum
693 4417 709 4444 ‚
791 4376 1024 4433 testem
1091 4364 1461 4433 aestimant
1530 4362 2031 4433 adhibendum.
2112 4363 2217 4433 Fit
2287 4364 2402 4433 illa
2468 4366 2721 4453 conjux

215 4487 238 4510 ⁶
267 4488 401 4527 Anno
425 4488 541 4530 1044.
