3347 4999
177 345 349 411 OCT.
406 345 431 408 ·l
1088 364 1268 410 nas.
1324 364 1567 410 flavona
1614 363 1799 412 coxa.
2541 350 2622 413 53

174 442 395 512 divini
446 453 630 512 sator
694 442 1025 531 germinis
1090 443 1231 512 ibat
1291 443 1679 525 Amandus,
1753 444 1917 513 illuc
1984 444 2268 515 studens
2328 446 2706 533 subsequi,

171 544 239 603 et
288 531 798 601 indivisibiliter
845 532 1228 601 adhaerens
1264 533 1572 622 magistri
1625 533 1842 612 lateri,
1897 532 2177 603 ardebat
2211 547 2484 603 sanctae
2520 557 2713 624 prae-

170 621 539 691 dicationis
586 620 790 710 adipe
838 620 1109 710 repleri.
1151 626 1225 689 Et
1272 623 1437 707 quia
1470 621 1731 690 flumen
1775 621 1884 690 Dei
1939 622 2274 711 repletum
2324 638 2426 692 est
2472 624 2701 710 aquis,
2779 652 2790 673 f

168 733 333 780 cum
381 709 678 797 Spiritus
728 711 953 779 Sancti
1004 709 1222 799 gratia
1256 710 1452 779 ‘rivos
1491 711 1641 799 ejus
1684 710 2073 791 inebriaret,
2111 733 2188 779 ac
2224 712 2716 801 multiplicaret

166 799 551 887 genimina,
589 800 655 867 in
688 798 1058 868 stillicidiis
1082 798 1247 868 tanti
1282 799 1587 888 magistri
1625 798 2004 868 laetabatur
2033 798 2434 889 germinans
2461 823 2579 870 cor
2607 800 2714 868 di-

164 886 453 977 scipuli,
491 900 553 956 et
591 888 1129 978 pinguescebant
1153 887 1463 977 speciosa
1487 888 1738 957 deserti
1763 887 1846 956 ad
1919 887 2407 957 erminandum
2432 911 2712 979 germen

164 977 471 1045 Domini.
529 977 1041 1046 Accendebatur
1091 976 1292 1066 plane
1340 976 1407 1044 in
1460 998 1537 1046 eo
1587 977 1769 1065 ignis
1819 911 1934 1045 ilfa
1981 977 2468 1065 Evangelicus,
2507 999 2710 1064 quem

163 1072 380 1135 Jesus
431 1066 707 1134 veniens
748 1066 817 1133 in
872 1081 1118 1135 terram
1174 1065 1481 1134 fidelium
1536 1067 1823 1146 mittere,
1865 1064 2083 1134 voluit
2131 1066 2565 1135 vehementer
2604 1088 2715 1134 ar-

164 1155 374 1223 dere:
429 1176 565 1239 quo
609 1154 843 1242 repleti
892 1154 1220 1241 discipuli
1271 1154 1337 1221 in
1392 1155 1520 1231 via,
1576 1153 1898 1223 dicebant
1948 1175 2191 1222 secura
2239 1154 2707 1223 conscientia:

164 1250 403 1312 Nonne
450 1268 559 1310 cor
606 1255 901 1312 nostrum
951 1245 1193 1311 ardens
1242 1254 1385 1311 erat
1422 1244 1485 1309 in
1522 1244 1752 1311 nobis?
1783 1244 2058 1324 Quoties
2092 1264 2244 1310 vero
2280 1243 2497 1312 lassos
2525 1258 2716 1311 artus

165 1345 242 1401 et
280 1331 581 1401 confecta
620 1333 907 1433 jejuniis
952 1333 1254 1400 membra
1311 1332 1576 1400 modico
1625 1353 1869 1419 sopore
1918 1331 2246 1410 reficeret,
2300 1332 2488 1400 nudo
2523 1354 2716 1400 recu-

166 1423 352 1490 bans
379 1421 444 1488 in
481 1435 799 1509 caespite,
837 1420 1179 1489 Christum
1232 1420 1637 1490 aestimabat
1670 1442 1904 1490 secum
1933 1421 2185 1509 Jacere,
2217 1420 2565 1509 castigans
2597 1420 2714 1489 de-

170 1510 364 1579 licati
400 1511 708 1599 corporis
757 1532 1060 1589 carnem,
1114 1522 1177 1577 et
1228 1508 1543 1598 redigens
1587 1509 1654 1577 in
1708 1509 1994 1598 spiritus
2029 1509 2450 1578 servitutem.
2493 1514 2716 1596 Popu-

172 1598 357 1668 lares
405 1621 609 1668 auras
657 1611 720 1668 et
762 1598 1135 1688 peccatoris
1182 1597 1434 1677 oleum,
1493 1596 1672 1666 velut
1714 1597 2035 1687 spiritum
2077 1619 2394 1683 nequam,
2435 1598 2708 1687 sugere:

173 1687 414 1756 clauso
462 1688 664 1756 etiam
701 1689 873 1756 ostio
924 1687 1287 1766 labiorum,
1327 1686 1396 1753 in
1429 1685 1751 1756 cubiculo
1815 1686 2125 1775 pectoriS,
2185 1691 2391 1755 Deum
2446 1692 2712 1755 Patrem

176 1777 328 1846 sine
378 1775 884 1845 intermissione
930 1797 1155 1845 orare:
1205 1797 1554 1861 nunquam
1607 1798 1641 1843 a
1695 1774 1875 1844 bono
1923 1796 2148 1864 opere,
2190 1796 2460 1864 semper
2487 1776 2712 1845 inten-

176 1878 324 1934 tum
393 1865 678 1952 spiritus
741 1886 976 1934 arcum
1015 1920 1030 1943 ,
1098 1864 1438 1933 relaxare:
1493 1863 1798 1950 quotidie
1862 1864 2218 1934 diabolum
2283 1864 2350 1931 in
2407 1886 2709 1953 pugnam

177 1975 572 2043 provocare.
631 1954 865 2023 Dicant
911 1953 1066 2033 alii,
1122 1953 1304 2039 quod
1356 1953 1761 2021 aestimant:
1820 1953 1990 2021 mihi
2053 1952 2322 2021 videtur
2382 1954 2560 2020 inter
2625 1965 2716 2021 tot

175 2062 421 2111 cruces
470 2042 733 2129 positus
782 2043 1028 2111 athleta
1070 2043 1177 2110 Dei
1230 2047 1430 2121 Bav0,
1489 2042 1727 2111 merito
1778 2041 2289 2131 computandus
2333 2041 2398 2108 in
2446 2041 2563 2110 illo
2593 2041 2717 2110 ad-

178 2128 493 2229 mirabili·
544 2132 892 2222 catalogo,
948 2130 1066 2218 qui
1134 2143 1199 2200 et
1261 2130 1407 2200 lilio
1462 2129 1960 2211 confessioniS,
2015 2143 2081 2199 et
2148 2133 2301 2200 rosa
2349 2129 2716 2200 decoratur

182 2231 518 2303 martyru.

272 2314 309 2385 ἓ
360 2312 453 2376 θ.
508 2307 768 2376 Etenim
820 2306 906 2375 de
955 2308 1200 2377 virtute
1253 2307 1320 2374 in
1375 2307 1690 2376 virtutem
1745 2307 2132 2397 proficiens,
2189 2318 2253 2375 et
2303 2329 2552 2376 novum
2592 2306 2717 2375 ali-

175 2394 346 2481 quid
389 2396 696 2483 quotidie
742 2395 826 2464 de
880 2401 1007 2465 Deo
1056 2396 1341 2477 audire,
1398 2395 1624 2465 videre
1671 2408 1736 2464 et
1783 2419 1984 2486 agere
2033 2396 2330 2486 gestiens
2362 2451 2377 2476 ,
2430 2417 2510 2465 ex
2557 2417 2718 2465 con-

178 2507 390 2555 sensu
438 2485 545 2554 sui
594 2484 904 2566 Amandi,
961 2485 1110 2555 loca
1151 2490 1556 2555 Sanctorum
1605 2499 1670 2555 et
1721 2484 1979 2555 vicinos
2026 2484 2419 2556 coenobitas
2467 2485 2712 2555 iterum

177 2573 571 2663 accingitur
617 2573 932 2653 circuire,
987 2575 1046 2642 si
1097 2574 1264 2643 forte
1309 2577 1539 2644 contin
1593 2587 1733 2644 eret
1765 2575 2028 2662 aliquid
2080 2588 2236 2643 ante
2283 2576 2715 2664 inexpertum

180 2661 283 2730 vel
337 2662 743 2732 intentatum
783 2662 1214 2754 investigare,
1267 2663 1349 2732 ad
1401 2598 1592 2751 quog
1634 2663 1979 2754 agendum
2019 2663 2259 2732 merito
2289 2685 2360 2734 se
2407 2664 2717 2732 animare

174 2750 475 2820 deberet.
538 2751 842 2838 Denique
908 2752 1064 2821 licet
1127 2773 1248 2843 pro
1305 2775 1574 2822 morum
1640 2767 1708 2821 et
1762 2753 2301 2823 conversationis
2365 2752 2718 2821 honestate

162 2840 313 2928 jam
366 2841 821 2927 requiesceret
868 2840 1044 2910 inter
1079 2841 1337 2911 medios
1385 2841 1605 2910 cleros
1655 2863 1921 2930 pennae
1969 2840 2330 2909 columbae
2378 2839 2717 2928 deargen-

176 2941 376 3006 tatae,
433 2929 603 2997 nihil
657 2943 879 2997 tamen
911 2928 1355 2999 satisfactum
1392 2930 1778 3010 aestimare,
1810 2931 1868 2998 si
1898 2930 2054 3017 quis
2094 2927 2259 3014 quid
2298 2928 2459 2997 boni
2491 2939 2718 3017 posset

174 3039 414 3106 agere,
468 3016 553 3086 ad
612 3016 795 3104 quod
847 3017 1190 3108 agendum
1243 3019 1388 3108 ipse
1437 3041 1572 3086 non
1628 3019 1876 3087 valeret
1924 3017 2254 3173 aspirare.
2331 3022 2498 3086 Nam
2550 3017 2717 3103 quia

163 3107 364 3193 juxta
415 3106 872 3184 Salomonem,
907 3107 1027 3193 qui
1055 3106 1247 3176 addit
1273 3107 1656 3186 scientiam,
1691 3106 1886 3178 addit
1909 3106 1996 3174 do
2027 3127 2214 3178 orem
2244 3128 2257 3171 :
2296 3127 2501 3174 omne
2526 3105 2714 3192 quod

173 3194 260 3262 de
310 3195 673 3283 scripturis
722 3198 978 3264 sanctis
1048 3195 1509 3284 percipiebat,
1563 3194 1761 3264 dolor
1810 3194 1910 3262 illi
1959 3194 2042 3263 de
2090 3195 2420 3263 anteactis
2469 3193 2717 3265 diebus

172 3296 342 3362 erat,
400 3286 725 3372 reputans
772 3305 977 3353 omne
1010 3283 1176 3353 illud
1234 3299 1504 3374 tempus
1532 3283 1927 3352 intvacuum
1967 3305 2037 3353 se
2068 3284 2485 3362 cucurrisse,
2529 3282 2713 3369 quod

172 3372 325 3441 sine
374 3372 788 3461 poenitentia
838 3373 968 3442 sibi
1014 3372 1372 3442 videbatur
1402 3372 1599 3460 quasi
1654 3371 2058 3461 perdidisse.
2114 3377 2283 3440 Tum
2336 3393 2490 3441 vero
2540 3394 2715 3458 quo-

172 3460 439 3529 tidiana
490 3465 618 3528 Deo
667 3461 887 3530 hostia
951 3461 1131 3541 fieri,
1184 3474 1249 3530 et
1299 3461 1480 3530 velut
1529 3460 1681 3549 apis
1731 3461 1967 3549 magni
2016 3459 2319 3550 ingenii,
2376 3460 2707 3529 virtutum

170 3551 377 3618 ssores
424 3548 911 3636 undecumque
958 3549 1320 3640 colligere,
1375 3561 1441 3617 et
1492 3551 1555 3616 in
1608 3548 1907 3618 alveario
1960 3549 2199 3619 melliti
2249 3549 2477 3619 cordis
2527 3571 2718 3618 com-

174 3650 470 3727 portare.
526 3636 707 3706 Nulli
754 3659 1016 3716 eorum,
1048 3660 1223 3726 quos
1262 3639 1462 3726 ajunt
1494 3638 1968 3711 anachoretas,
2006 3637 2291 3707 inferior
2318 3660 2475 3707 cum
2505 3649 2708 3717 esset,

170 3729 481 3796 eremum
533 3747 661 3795 ceu
708 3727 1108 3814 paradisum
1164 3727 1272 3797 Dei
1326 3726 1860 3816 concupiscere:
1916 3723 2073 3797 illos
2123 3726 2560 3795 solummodo
2613 3728 2718 3795 re-

172 3831 428 3905 putans
460 3836 616 3882 cum
674 3819 803 3884 Deo
852 3816 1186 3896 habitare,
1225 3815 1483 3901 quibus
1529 3816 1932 3907 contigisset
1979 3816 2342 3885 hominum
2396 3815 2714 3902 frequen·

171 3904 365 3975 tiam·
392 3902 763 3971 declinare.

263 3995 299 4079 ξ
346 3996 504 4063 1⁰.
573 3995 778 4080 Capta
827 3992 1037 4081 igitur
1099 3993 1426 4080 temporis
1484 4005 1548 4061 et
1614 3992 1747 4061 loci
1795 3992 2344 4082 opportunitate,
2400 3991 2705 4072 saltum,

170 4102 376 4168 quem
429 4079 683 4149 Beilam
737 4093 1191 4171 nuncupant,
1263 4082 1617 4171 ingressus
1664 4094 1802 4151 est:
1857 4082 1977 4150 ubi
2039 4094 2315 4171 repente
2364 4081 2434 4149 in
2484 4102 2708 4149 remo-

176 4169 333 4239 tiori
383 4168 675 4238 devexae
702 4169 902 4239 vallis
943 4169 1172 4251 latere,
1202 4190 1464 4240 annosa
1499 4169 1699 4259 fagus
1727 4169 1948 4240 oculis
1977 4170 2127 4258 ejus
2160 4169 2462 4248 offertur,
2503 4169 2711 4258 cujus

172 4257 617 4327 concavitatis
667 4257 919 4348 pedum
974 4281 1106 4327 non
1162 4260 1393 4330 minus
1428 4281 1546 4329 sex
1593 4260 1895 4349 spatiosa
1935 4257 2248 4338 altitudo,
2293 4257 2360 4325 in
2423 4257 2710 4327 modum

174 4345 458 4416 fornicis
508 4362 873 4424 camerata,
920 4360 985 4416 et
1031 4370 1209 4434 quae
1258 4348 1609 4417 hominem
1659 4360 1962 4416 erectum
2018 4358 2243 4436 posset
2292 4346 2361 4414 in
2403 4346 2556 4415 alvo
2598 4368 2714 4415 su-

175 4436 451 4506 stinere.
511 4441 649 4505 Hoc
717 4437 916 4524 quasi
979 4435 1452 4507 habitaculum
1518 4437 1604 4506 ab
1665 4435 1942 4525 Angelis
2005 4435 2120 4504 Dei
2190 4434 2324 4504 sibi
2385 4447 2716 4524 reputans
