3347 4999
216 333 387 401 OCT.
449 333 526 397 ⁴4
888 349 966 395 nn
1014 350 1070 395 S.
1124 347 1423 395 nommco
1471 347 1772 395 romono
1820 350 2089 395 naemu
2535 334 2659 413 415

214 446 337 515 est,
364 433 554 502 mille
580 456 825 534 scopas
865 432 1201 513 admittat,
1241 431 1406 500 dum
1443 445 1718 501 centum
1747 432 2246 522 quinquaginta
2278 434 2563 524 psalmis
2587 457 2749 505 con-

213 539 392 593 stare
454 522 851 612 psalterium
917 543 1051 590 non
1102 520 1516 610 ambigitur,
1569 520 1875 608 quinque
1922 542 2260 590 annorum
2335 524 2748 612 poenitentia

213 613 282 681 in
337 611 551 681 unius
600 610 906 700 psalterii
934 609 1304 698 disciplina
1331 609 2092 699 reete‘supputamibus
2136 611 2504 680 invenitur.
2541 617 2748 683 Porro

213 702 354 770 sive
387 700 696 787 quinque
744 699 975 780 vicies,
1015 699 1155 767 sive
1204 697 1443 787 viginti
1474 697 1867 785 quinquies,
1905 708 2178 767 centum
2238 698 2519 767 faciunt.
2576 704 2746 770 Con-

216 789 529 875 sequitur
577 789 811 878 igitur‚
864 786 1085 872 utqui
1135 786 1372 876 viginti
1424 784 1746 876 psalteria
1775 808 1931 856 cum
1981 785 2351 943 ἀίεοΞΓΙίηε
2400 787 2739 869 decantat,

211 890 488 946 centum
542 898 881 945 annorum
929 875 1411 965 poenitentiam
1456 897 1526 943 se
1575 875 1918 965 peregisse
1952 875 2129 944 confi
2185 886 2275 945 at.
2311 881 2738 962 Quamquam

210 978 274 1034 et
308 966 377 1033 in
434 965 563 1033 hoc
610 986 881 1034 omnem
938 963 1217 1033 modum
1261 963 1658 1033 Dominicus
1699 976 1994 1053 superet:
2032 964 2196 1049 quia
2220 985 2376 1033 cum
2430 965 2746 1034 nonnulli

207 1075 422 1123 unam
477 1075 759 1121 manum
813 1052 879 1120 in
932 1051 1325 1142 disciplinis
1372 1052 1658 1142 agendis
1716 1065 2116 1133 exerceant,
2172 1053 2321 1133 iste,
2385 1066 2463 1122 ut
2512 1075 2743 1123 revera

213 1141 570 1231 Benjamin
624 1141 835 1221 filius,
875 1155 1108 1209 contra
1162 1139 1451 1210 rebelles
1497 1141 1727 1210 carnis
1783 1140 2137 1210 illecebras
2185 1145 2472 1228 utraque
2533 1164 2744 1212 manu

209 1229 732 1320 infatigabiliter
783 1241 1062 1319 pugnat.
1119 1233 1309 1298 Hanc
1364 1242 1591 1298 autem
1640 1242 1916 1298 centum
1996 1251 2332 1299 annorum
2396 1231 2745 1319 poeniten-

210 1320 402 1400 tiam,
461 1331 537 1387 ut
585 1318 755 1385 mihi
807 1318 952 1418 ipse
987 1317 1335 1407 professus
1378 1331 1499 1397 est,
1539 1316 1737 1387 facile
1785 1340 1897 1386 sex
1946 1316 2190 1388 diebus
2225 1339 2303 1387 ex
2353 1339 2538 1386 more
2578 1340 2744 1389 con-

205 1419 538 1478 summat.
580 1408 854 1475 Memini
894 1428 1189 1493 quoque,
1251 1407 1415 1493 quia
1461 1407 1822 1496 cujusdam
1887 1406 2158 1488 Quadra
2208 1406 2464 1476 esimae
2515 1408 2741 1475 immi-

205 1496 438 1565 nentis
476 1495 695 1576 initio,
736 1494 927 1565 mille
973 1517 1191 1564 annos
1227 1495 1510 1584 imponi
1569 1495 1704 1564 sibi
1765 1516 1885 1584 per
1934 1516 2056 1564 nos
2108 1517 2143 1563 a
2256 1496 2737 1581 poenitentiam

203 1585 424 1673 petiit,
480 1605 652 1671 quos
696 1596 874 1653 certe
900 1605 1138 1653 omnes
1173 1583 1404 1665 ferme,
1459 1595 1822 1671 antequam
1864 1583 2117 1673 jejunii
2169 1595 2437 1674 tempus
2498 1585 2744 1654 transi-

203 1686 506 1764 geretur,
550 1671 861 1761 explevit.
904 1678 980 1741 Et
1029 1671 1235 1762 paulo
1287 1685 1436 1762 post
1484 1673 1609 1742 hoc
1651 1685 2055 1761 prosecutus
2100 1694 2279 1741 sum.

291 1764 328 1849 ξ
376 1767 474 1847 Β,
527 1766 719 1831 Nunc
768 1760 849 1829 ad
907 1760 1364 1841 Dominicum‚
1420 1760 1504 1829 de
1549 1782 1684 1848 quo
1734 1773 2075 1850 coeperat,
2134 1781 2358 1829 sermo
2406 1772 2736 1831 recurrat.

201 1852 399 1919 Enim
455 1870 612 1918 vero
660 1870 816 1917 cum
869 1849 1054 1918 hunc
1084 1849 1230 1938 jam
1279 1862 1343 1918 et
1390 1850 1679 1918 incurva
1727 1862 2042 1919 senectus
2090 1848 2451 1938 deprimat,
2505 1862 2740 1919 etcre-

202 1938 351 2009 bris
384 1939 674 2027 insuper
720 1959 921 2027 saepe
949 1937 1301 2007 laboribus
1349 1938 1804 2018 contabescat,
1850 1938 2101 2007 mirum
2140 1936 2323 2006 unde
2355 1937 2455 2006 illi
2506 1950 2739 2008 tantus

204 2026 434 2096 fervor
485 2025 870 2106 incandeat,
925 2038 1001 2096 ut
1059 2027 1129 2094 in
1194 2025 1671 2115 spiritualibus
1725 2026 2062 2096 exercitiis
2110 2046 2183 2094 se
2239 2047 2508 2115 semper
2563 2027 2738 2095 invi-

205 2129 419 2195 ctum,
467 2137 739 2204 semper
785 2113 1280 2204 infatigabilem
1316 2114 1576 2183 reddat.
1622 2121 1812 2196 Nam,
1866 2126 1963 2195 ut,
2026 2114 2176 2203 ipso
2224 2113 2573 2191 referente,
2628 2138 2740 2185 co-

205 2205 439 2293 gnovi,
480 2225 679 2292 saepe
727 2203 865 2273 duo
914 2203 1237 2293 psalteria
1283 2226 1440 2272 cum
1492 2203 1881 2292 disciplinis
1930 2202 2170 2272 stando
2219 2203 2594 2285 continuat,
2648 2204 2738 2273 ita

201 2303 280 2362 u‘t
322 2313 547 2378 neque
582 2292 854 2360 interim
907 2292 1157 2372 sedeat,
1223 2313 1445 2378 neque
1492 2291 1590 2361 vel
1647 2291 1731 2361 ad
1786 2303 2209 2361 momentum
2259 2314 2299 2361 a
2345 2292 2379 2327 ¹*
2421 2314 2736 2381 persecu-

206 2381 516 2451 tionibus
563 2379 955 2450 incredibili
993 2380 1237 2449 mentis
1284 2380 1541 2449 fervore
1580 2382 1909 2467 quiescat.
1954 2380 2332 2466 Inquirenti
2387 2380 2555 2449 mihi
2614 2381 2736 2450 ali-

202 2469 512 2557 quando,
555 2481 783 2539 utrum
839 2482 1064 2559 posset
1111 2490 1267 2539 cum
1327 2468 1580 2539 ferreae
1639 2470 1838 2539 vestis
1868 2470 2187 2626 (Pondere
2234 2468 2733 2560 aliquantisper

203 2580 514 2649 genuum
553 2558 839 2628 flexibus
865 2557 1214 2637 insudare,
1254 2559 1383 2628 sub
1410 2559 1536 2628 hac
1570 2559 1742 2627 mihi
1782 2558 1863 2627 de
1919 2558 1966 2626 it
1998 2558 2410 2628 obscuritate
2453 2581 2736 2648 respon-

199 2668 399 2717 sum:
461 2650 686 2715 «Cum
738 2646 1199 2726 incolumitas,
1264 2647 1524 2733 inquit,
1589 2647 1760 2716 mibi
1808 2647 2031 2717 votiva
2076 2645 2463 2736 respondet,
2520 2669 2736 2734 quan-

198 2734 428 2823 doque
477 2756 598 2824 per
643 2757 882 2804 omnes
932 2735 1138 2805 totius
1189 2734 1493 2823 psalterii
1540 2735 1926 2822 quindenos
1969 2735 2268 2825 psalmos
2316 2735 2569 2804 centies
2617 2758 2734 2823 ge-

196 2826 574 2894 nussectere
605 2823 950 2893 consuevi.
985 2846 1020 2889 »
1070 2823 1259 2905 Quod
1309 2823 1588 2910 quidem
1640 2836 1805 2895 tunc
1856 2846 1986 2894 non
2046 2823 2409 2914 diligenter
2450 2822 2730 2905 attendi,

248 2912 643 2982 ostmodum
680 2934 835 2982 vero
867 2912 1047 2998 quod
1081 2912 1340 2982 dictum
1386 2912 1625 2993 fuerat,
1675 2925 1897 2982 mente
1933 2911 2302 2990 revolvens,
2338 2933 2376 2978 a
2407 2910 2729 2999 depresso

248 3003 482 3071 omine
531 3000 718 3070 mille
749 3001 818 3036 *¹*
849 3000 919 3070 in
969 3023 1108 3069 uno
1149 3001 1469 3090 psalterio
1511 3001 1654 3070 fieri
1700 3001 2081 3070 admiratus
2111 2999 2371 3089 expavi.
2427 2999 2732 3080 Quadam

198 3089 309 3159 die
357 3101 512 3181 post
551 3111 925 3179 vesperam,
981 3089 1300 3158 cellulam
1347 3112 1563 3159 meam
1614 3091 1992 3179 ingressus;
2046 3111 2081 3153 «
2117 3086 2453 3176 Magister,
2507 3087 2732 3174 inquit

197 3177 357 3332 §hoc
406 3178 591 3247 enim
641 3178 927 3268 indigno
978 3177 1304 3247 vocabulo
1341 3200 1448 3247 me
1494 3200 1574 3247 ex
1619 3177 2005 3247 humilitate
2053 3175 2486 3264 compellat),
2533 3175 2736 3245 hodie

225 3267 349 3349 eci,
404 3266 589 3352 quod
640 3266 972 3336 hactenus
1007 3288 1115 3335 me
1139 3266 1382 3336 fecisse
1416 3288 1548 3335 non
1587 3266 1892 3335 memini.
1925 3271 2085 3335 Octo
2124 3285 2369 3353 nempe
2411 3265 2735 3354 psalteria

200 3357 375 3425 inter
426 3355 603 3423 diem
640 3377 720 3424 ac
759 3366 1024 3425 noctem
1079 3354 1472 3424 modulatus
1518 3355 1853 3444 explevi.»
1885 3353 2254 3443 Videbatur
2301 3365 2527 3422 autern
2565 3367 2727 3423 tunc

202 3454 381 3514 totus
433 3443 664 3514 vultus
711 3445 883 3532 ejuS,
921 3457 997 3512 ut
1045 3445 1269 3533 scopis
1316 3446 1622 3524 attrituS,
1686 3465 1765 3511 ac
1816 3442 2245 3512 sulcantibus
2310 3441 2729 3528 quibusdam

197 3531 545 3602 vibicibus
593 3532 967 3612 livefactus,
1023 3543 1370 3619 tamquam
1422 3532 1480 3600 si
1530 3531 1669 3621 pila
1718 3530 1959 3611 fuerit,
2014 3531 2442 3620 ptisanarum
2493 3530 2734 3600 videli—

199 3632 303 3689 cet
335 3642 547 3701 more,
593 3634 946 3691 contusus.
1003 3620 1387 3689 Psalmodia
1434 3642 1598 3689 sane
1645 3619 1747 3689 illi
1808 3620 2061 3692 idcirco
2117 3632 2251 3688 tam
2317 3618 2516 3688 facile
2576 3622 2731 3709 pro-

199 3710 406 3791 venit,
447 3709 609 3795 quia
645 3731 779 3778 non
832 3722 966 3779 tam
1019 3709 1244 3788 verba,
1310 3721 1386 3778 ut
1433 3709 1579 3809 ipse
1628 3709 1901 3790 asserit,
1964 3708 2202 3797 lingua
2267 3720 2727 3797 perstrepente

199 3797 505 3881 revolvit,
541 3819 748 3884 quam
786 3819 1064 3868 sensum
1117 3798 1365 3866 mentis
1417 3799 1768 3867 vivacitate
1804 3797 2163 3887 percurrit.

287 3887 323 3972 ξ
373 3889 451 3956 ¹2.
505 3885 885 3973 Aliquando
916 3907 951 3952 a
1001 3908 1112 3954 me
1180 3897 1483 3955 remotus
1534 3887 1909 3967 habitabat,
1967 3904 2264 3969 cumque
2335 3883 2417 3951 ad
2480 3904 2587 3952 me
2636 3884 2738 3951 in-

183 3992 543 4060 gressum,
579 3975 833 4061 quibus
869 3985 1030 4042 tunc
1081 3996 1152 4043 se
1185 3975 1358 4044 vitae
1409 3974 1678 4064 legibus
1728 3987 2034 4066 regeret,
2099 3970 2582 4057 inquisissem,
2635 3994 2738 4042 re-

206 4063 505 4147 spondit,
562 4086 634 4133 se
690 4062 1055 4132 carnaliter
1103 4062 1345 4143 vivere,
1409 4076 1472 4132 et
1508 4064 1769 4150 quintis
1818 4084 2018 4153 saepe
2077 4058 2263 4129 feriis
2303 4080 2462 4127 cum
2509 4061 2735 4130 Domi-

204 4148 377 4220 nicis
410 4152 676 4232 diebus,
722 4175 762 4221 a
819 4150 1013 4222 solito
1062 4173 1132 4220 se
1189 4151 1641 4222 abstinentiae
1703 4153 1926 4242 rigore
1989 4149 2236 4218 laxare.
2292 4149 2728 4234 Requisitus‚

201 4247 429 4308 utrum
483 4240 787 4327 quolibet
857 4239 1234 4330 pulmento,
1292 4240 1468 4322 ovis,
1522 4240 1625 4309 vel
1702 4263 1899 4310 caseo
1947 4249 2375 4317 vesceretur,
2434 4238 2724 4339 negavit.

203 4324 492 4409 RurSUS,
533 4330 592 4398 si
657 4328 987 4420 piscibus,
1045 4341 1164 4398 aut
1212 4330 1487 4420 pomis:
1543 4329 1856 4412 «PisceS,
1911 4330 2028 4410 ait,
2083 4337 2146 4396 et
2196 4346 2433 4416 poma,
2498 4348 2731 4414 Siqua

251 4451 277 4479 ¹¹¹
304 4455 656 4499 Percu-omnibus
674 4458 832 4507 potius
853 4459 924 4500 est
943 4458 1205 4509 legendum.
1528 4458 1582 4487 *¹*
1611 4458 1909 4510 subintelligi
1929 4458 2119 4501 videtur
2136 4459 2464 4510 yenufleoeionoe.
