3347 4999
690 239 816 303 392
1325 255 1403 301 m:
1451 255 1505 301 s.
1560 252 1932 301 annoniaco
1981 254 2229 301 HERBIP.
2283 255 2380 300 ΕΡ.
2814 234 2985 302 OCT.
3044 236 3137 300 ⁴4

601 354 843 421 terrae,
896 363 1113 411 omnes
1159 350 1383 429 qentes
1434 340 1720 407 servient
1780 339 2080 423 ei(Psal.
2136 338 2271 427 74).
2327 343 2632 421 Quonam
2689 336 2888 407 modo
2935 338 3133 406 enim

600 430 790 501 verbi
824 431 1287 507 seminatoreS,
1341 427 1495 496 licet
1536 425 2051 517 infatigabiliter
2082 426 2203 496 diu
2235 427 2583 498 sterilibus
2631 427 2935 516 gentium
2972 447 3136 495 cor-

602 518 808 588 dibus
857 540 1039 587 nunc
1090 516 1516 595 seminandO,
1566 537 1750 584 nunc
1801 516 2195 605 plantandO,
2242 538 2422 584 nunc
2459 515 2746 623 rigando
2802 514 3137 585 insisten-

605 622 724 688 te3‚
779 628 900 697 per
948 605 1348 692 semetipsos
1396 606 1893 674 incrementum
1946 604 2220 691 aliquod
2250 617 2745 691 extorquerent,
2802 603 2934 672 nisi
2973 602 3137 692 plu-

602 697 752 764 viae
802 696 989 764 illius
1038 696 1105 763 in
1146 692 1477 794 virginale
1531 693 1879 779 quondam
1938 692 2155 761 vellus
2203 693 2678 762 descendentis
2726 691 3129 772 stillicidia,

604 797 816 854 terras
874 782 1277 872 hujusmodi
1326 781 1609 853 coelitus
1658 782 1777 851 irri
1830 781 2056 862 ando,
2131 780 2668 851 fructificarent?
2715 787 2906 862 Nam,
2966 792 3138 850 teste

604 873 947 962 Gregori0,
1012 871 1143 939 nisi
1205 872 1390 941 intus
1439 869 1567 951 sit,
1621 870 1740 957 qui
1784 805 2067 952 doceat,
2125 892 2348 939 sermo
2402 870 2698 940 doctoris
2750 872 2815 939 in
2866 891 3132 938 vanum

603 962 899 1030 exterius
933 960 1214 1039 laborat;
1258 975 1320 1029 et
1355 981 1388 1027 e
1437 958 1779 1028 contrario
1830 958 2019 1027 nulla
2071 960 2136 1027 in
2189 959 2515 1028 discendo
2582 981 2768 1028 mora
2815 972 2939 1038 est,
3008 958 3136 1026 ubi

605 1050 899 1139 Spiritus
948 1054 1235 1118 Sanctus
1281 1047 1516 1116 doctor
1561 1047 1773 1116 adest.
1819 1047 1910 1115 Ad
1946 1048 2112 1117 haec
2150 1048 2524 1136 promissae
2571 1061 2761 1117 ortus
2786 1045 3130 1137 justitiae,

604 1139 927 1240 pacisque
992 1160 1346 1224 nunquam
1400 1149 1620 1223 posset
1667 1135 2090 1206 abundantia
2140 1135 2452 1217 stabiliri,
2509 1136 2641 1205 nisi
2695 1159 2811 1226 per
2863 1136 3127 1235 ipsum,

602 1250 754 1317 ipso
788 1226 1148 1306 mediante,
1188 1226 1307 1312 qui
1356 1225 1542 1296 solus
1599 1238 1698 1294 est
1735 1225 2004 1313 justitia
2050 1238 2115 1294 et
2165 1247 2293 1314 pax
2349 1225 2536 1293 omni
2603 1224 2929 1295 credenti.
2981 1228 3134 1293 Hac

602 1316 801 1385 etiam
855 1330 995 1384 arte
1043 1337 1205 1384 suos
1253 1334 1523 1402 semper
1572 1314 1862 1382 nuncios
1923 1314 2165 1383 Christi
2219 1313 2688 1383 misericordia
2739 1312 3125 1403 praevenit,

603 1406 701 1475 sic
750 1427 785 1471 a
829 1404 999 1472 mari
1037 1425 1252 1489 usque
1291 1402 1371 1470 ad
1422 1424 1628 1483 mare,
1683 1416 1748 1470 et
1796 1424 1830 1471 a
1865 1401 2153 1471 flumine
2185 1424 2403 1489 usque
2450 1402 2535 1471 ad
2580 1403 2905 1471 terminos
2935 1401 3133 1469 orbis

599 1504 963 1572 terrarum,
1021 1492 1185 1560 Filio
1224 1513 1352 1559 suo
1399 1491 1618 1560 eidem
1670 1512 1824 1559 vere
1873 1490 2158 1580 pacifico
2193 1490 2621 1560 dominatum
2676 1503 2866 1580 pater
2913 1501 3132 1559 aeter-

598 1604 733 1649 nus
766 1581 1058 1650 instituit
1098 1603 1175 1649 ac
1225 1580 1553 1659 dilatavit,
1610 1592 1672 1647 et
1720 1580 1806 1648 ab
1854 1593 2127 1659 aeterno
2175 1601 2392 1666 usque
2434 1580 2500 1647 in
2551 1592 2903 1649 aeternum
2964 1599 3132 1647 con-

594 1669 914 1738 firmavit.
968 1671 1088 1738 His
1186 1691 1257 1735 er
1304 1689 1681 1747 excessum,
1735 1668 2052 1753 quamvis
2101 1668 2508 1748 necessarie,
2560 1668 2855 1748 insertiS,
2896 1667 3130 1736 denuo

595 1758 679 1827 ad
734 1759 910 1827 beati
959 1692 1362 1838 Burcliardi‚
1407 1779 1445 1825 a
1492 1777 1628 1842 quo
1677 1755 1966 1846 digressi
2018 1756 2378 1845 paululum
2430 1780 2697 1838 sumus,
2767 1777 3132 1825 conversa-

597 1847 845 1916 tionem
900 1845 1419 1915 describendam
1464 1844 1715 1934 stylum
1761 1845 2211 1914 retrahamus.

682 1938 716 2022 ἓ
765 1941 849 2007 4.
903 1936 1119 2024 Igitur
1158 1933 1408 2002 athleta
1459 1933 1728 2013 Christi,
1777 1933 2236 2014 BurcharduS,
2286 1933 2660 2021 pubertatis
2709 1931 2994 2002 floridae
3029 1944 3132 2022 ty-

596 2023 856 2093 rocinio
898 2022 1042 2109 jam
1096 2022 1354 2091 fortiter
1386 2034 1619 2091 contra
1677 2035 2032 2110 potestates
2087 2024 2342 2101 aereas,
2389 2034 2452 2091 et
2486 2022 2813 2091 adversus
2875 2021 3129 2090 mundi

596 2126 890 2180 rectores
940 2110 1373 2179 tenebrarum
1427 2110 1710 2190 liarum,
1768 2123 2139 2197 contraque
2191 2111 2580 2199 spirituales
2614 2110 2956 2196 nequitias
3009 2131 3134 2199 per

598 2199 1186 2269 mortificationem
1221 2198 1713 2277 membrorum,
1755 2221 1930 2286 quae
1956 2213 2115 2268 sunt
2143 2221 2352 2289 super
2383 2212 2654 2278 terram,
2693 2211 3120 2277 transcurs0‚

594 2288 662 2355 in
718 2287 1114 2375 hujusmodi
1171 2288 1581 2377 profectibus
1632 2310 2063 2374 nequaquam
2130 2308 2315 2355 more
2362 2287 2795 2374 quorundam
2848 2287 3130 2356 sibimet

594 2375 1040 2464 placentium,
1081 2378 1147 2443 in
1196 2398 1289 2457 se,
1344 2376 1458 2444 sed
1499 2377 1564 2444 in
1619 2378 1902 2444 Domino
1958 2375 2402 2465 gloriabatur,
2457 2377 2692 2445 dicens
2740 2399 2900 2445 cum
2950 2382 3130 2464 Apo·

593 2464 787 2545 stolo,
828 2466 1064 2535 Gratia
1108 2467 1224 2534 Dei
1256 2488 1401 2534 sum
1436 2466 1528 2546 id,
1571 2466 1745 2555 quod
1772 2488 1962 2534 sum:
2005 2465 2334 2552 itemque:
2370 2471 2512 2536 Non
2549 2487 2691 2566 eqo,
2744 2466 2859 2535 sed
2887 2467 3132 2556 qratia

596 2556 715 2622 Dei
741 2575 995 2622 mecum
1026 2554 1120 2641 (fl.
1170 2559 1314 2625 Cor.
1349 2553 1478 2640 xv).
1542 2554 2032 2623 Ecclesiasticis
2080 2555 2366 2645 insuper
2412 2554 2743 2645 gradibus
2793 2554 3129 2624 canonice

591 2656 968 2732 promotuS‚
1007 2643 1209 2711 etiam
1244 2643 1677 2712 ascensiones
1725 2642 1895 2711 alias
1933 2643 2000 2710 in
2037 2642 2239 2712 corde
2288 2665 2412 2711 suo
2471 2642 2836 2732 disposuit,
2878 2641 2947 2710 id
2988 2657 3120 2721 est,

588 2744 664 2799 ut
711 2731 794 2799 de
845 2731 1086 2799 virtute
1136 2732 1202 2798 in
1258 2732 1595 2811 virtutem,
1651 2730 1734 2800 de
1785 2731 1983 2801 bonis
2031 2731 2112 2800 ad
2179 2730 2457 2800 meliora
2508 2753 2777 2821 semper
2842 2732 3124 2820 provehi

586 2834 837 2977 posset,
886 2819 1211 2889 continua
1265 2819 1507 2888 mentis
1550 2819 1964 2888 revolutione
2017 2820 2328 2889 meditari
2376 2820 2619 2910 coepit.
2673 2819 2765 2889 Ad
2818 2819 2985 2888 haec
3038 2820 3123 2888 li-

635 2907 920 2976 eralium
972 2908 1326 2976 scientiam
1380 2908 1670 2989 artium,
1724 2908 2282 2997 compositionem
2347 2931 2654 2988 morum,
2718 2929 3120 2978 sermonum

586 2995 1006 3076 facundiam,
1061 2998 1368 3086 corporis
1415 2996 1849 3086 elegantiam,
1886 3009 2285 3083 caeteraque
2335 2997 2561 3066 Sancti
2611 2996 2907 3087 Spiritus
2951 2996 3119 3066 cba-

585 3084 868 3154 rismata
921 3085 1347 3173 perpendens
1412 3107 1542 3154 non
1596 3086 1744 3154 sine
1792 3106 2001 3155 causa
2061 3086 2481 3176 percepisse,
2548 3107 2847 3173 quonam
2911 3085 3119 3155 modo

590 3173 943 3262 potissime
986 3174 1307 3242 talentum
1346 3174 1477 3243 sibi
1527 3174 1862 3243 creditum
1898 3173 2303 3262 duplicaret,
2359 3174 2543 3243 horis
2592 3174 2919 3243 omnibus
2975 3195 3115 3242 noti

582 3261 872 3329 cessavit
901 3260 1187 3330 sollicite
1230 3275 1536 3343 tractare,
1577 3263 1800 3332 sciens
1833 3262 2093 3331 dictum
2129 3285 2168 3332 a
2204 3263 2522 3331 Domino:
2581 3265 2709 3333 Cui
2747 3266 2904 3353 plus
2937 3285 3117 3331 com·

584 3351 899 3430 mittitur,
940 3352 1096 3438 plus
1142 3352 1447 3439 cviyz'cur
1479 3353 1560 3419 ab
1608 3375 1680 3420 eo
1724 3352 1908 3441 (Luc.
1943 3350 2084 3439 xii).
2138 3355 2402 3420 Interea
2445 3352 2748 3441 pervenit
2787 3351 2870 3419 ad
2920 3373 3111 3430 eum,

586 3450 872 3536 cunctas
935 3441 1240 3526 Europae
1294 3452 1514 3527 partes
1543 3440 1690 3528 jam
1744 3454 2104 3529 pervagata
2145 3438 2326 3508 sama
2368 3440 2579 3519 iltius,
2643 3440 2843 3529 cujus
2894 3461 3122 3540 nuper

589 3536 999 3594 mentionem
1064 3526 1388 3608 fecimuS,
1441 3528 2028 3597 Archimandritae
2076 3527 2445 3609 Bonifacii,
2504 3550 2791 3614 moxque
2863 3527 3116 3598 Christi

587 3613 764 3682 bono
803 3613 1100 3702 repletus
1133 3614 1359 3698 odore,
1412 3629 1476 3685 et
1521 3617 1688 3702 quia
1733 3640 1889 3685 cuin
1944 3629 2180 3686 sancto
2229 3631 2532 3697 sanctus,
2571 3629 2636 3685 et
2689 3639 2846 3685 cum
2898 3616 3118 3687 electo

583 3701 839 3772 electus
884 3724 1031 3772 esse
1082 3704 1316 3793 possit,
1353 3704 1681 3785 confisus,
1729 3705 1895 3774 tanti
1931 3705 2053 3775 viri
2089 3705 2568 3795 praesentiam,
2611 3706 2781 3775 tanti
2814 3705 3121 3777 doctoris

584 3790 1003 3861 audientiam
1051 3792 1259 3874 sitire,
1299 3806 1362 3861 et
1397 3793 1480 3861 ad
1531 3805 1756 3862 tantae
1788 3795 2167 3863 sanctitatis
2200 3808 2401 3880 atque
2441 3793 2795 3884 dignitatis
2835 3815 3124 3863 conver·

582 3879 911 3948 sationem
966 3902 1099 3950 non
1169 3880 1426 3950 destitit
1486 3880 1804 3951 ardenter
1842 3883 2184 3952 anhelare.
2239 3882 2494 3952 Accidit
2552 3898 2778 3952 autem
2836 3881 3115 3964 divina,

581 3989 758 4053 quae
788 3967 1091 4057 disponit
1131 3970 1373 4038 omnia
1424 3971 1745 4052 suaviter,
1801 3971 2196 4060 providente
2223 3971 2582 4060 sapientia,
2631 3971 2794 4039 duni
2850 3971 2916 4038 in
2947 3993 3120 4060 agro

582 4057 939 4126 Dominico
990 4059 1089 4125 vir
1140 4057 1316 4126 idem
1370 4058 1784 4139 Bonifacius,
1896 4081 1970 4128 er
2006 4061 2240 4130 omnia
2278 4060 2741 4151 Apostolicus,
2810 4059 2963 4128 totis
2998 4060 3116 4128 de·

580 4143 857 4215 sudaret
907 4145 1191 4226 viribuS,
1251 4168 1443 4237 seges
1485 4149 1688 4217 etiam
1735 4082 1917 4217 verbi
1969 4150 2081 4219 Dei
2134 4149 2419 4218 multam
2475 4149 2620 4249 jam
2691 4147 2759 4216 in
2818 4169 3117 4219 messem

578 4247 930 4314 cresceret,
992 4257 1400 4323 praecavens
1449 4236 1881 4306 venerandus
1909 4237 2130 4318 heros,
2170 4259 2254 4306 ne
2295 4250 2603 4325 paucitas
2636 4237 3116 4327 operariorum

578 4321 845 4391 fervens
882 4344 1058 4413 opus
1100 4324 1483 4414 impediret,
1518 4337 1594 4394 ut
1639 4325 2087 4416 quamplures
2117 4340 2587 4417 cooperatores
2617 4348 2655 4395 a
2694 4347 2821 4395 sua
2863 4326 3116 4413 patria,
