3347 4999
201 333 379 400 OCT.
434 333 505 397 3⁴
877 352 955 397 nr..
1002 351 1059 398 s.
1098 351 1482 399 wonreaneo
1531 353 1631 398 m».
1670 351 2084 399 amsromm.
2535 337 2665 401 749

209 434 411 526 proni
476 446 543 503 ct
604 433 1061 524 lacrymantes
1133 449 1408 524 propter
1477 435 1958 505 admirabilem
2032 434 2221 505 illam
2295 436 2747 507 auditionem.

203 530 421 681 fitque
468 522 815 680 tssicesimo
849 522 1128 610 quidem
1183 524 1441 593 mensis
1490 524 1801 594 Octobris
1833 537 2187 614 amputata
2221 523 2500 596 fuerunt
2530 528 2756 617 capita

207 655 225 681 i
273 626 483 701 artyrt
538 634 645 680 us,

294 703 330 790 ξ
378 705 470 771 ss.
526 705 730 769 Sacra
777 712 1005 769 autem
1050 699 1327 770 illorum
1381 724 1668 792 corpora
1709 716 1867 771 ante
1917 701 2156 771 urbem
2214 701 2535 792 projecta,
2590 726 2750 773 cum

206 794 671 880 Hermogenes
719 801 784 857 et
832 789 1036 876 Cajus
1080 790 1458 879 presbyteri
1513 789 1857 879 profunda
1909 804 2102 860 nocte
2149 814 2307 860 cum
2347 792 2493 861 suis
2528 807 2758 862 sustu-

207 878 472 959 lissent,
519 877 762 968 pieque
811 877 1186 946 admodum
1224 891 1289 947 et
1328 894 1563 948 sancte
1606 879 1853 949 loculis
1886 879 2404 980 imposuissent,
2450 880 2759 951 condunt

208 967 275 1036 in
328 990 429 1048 ea,
484 988 658 1053 quae
708 964 849 1033 illic
897 980 1064 1047 erat,
1112 967 1467 1057 spelunca.
1506 968 1863 1037 Timebant
1894 991 2075 1037 enim
2117 968 2451 1038 insultum
2508 970 2759 1058 impio-

211 1078 361 1124 rum
397 1110 412 1138 ,
472 1077 554 1123 ne
605 1054 744 1123 illis
792 1054 994 1124 etiam
1066 1055 1254 1145 ipsas
1312 1056 1697 1126 inviderent
1746 1056 2098 1144 reliquias,
2165 1062 2264 1126 Ita
2325 1056 2455 1128 fuit
2500 1058 2758 1127 sanctis

208 1144 318 1213 his
375 1142 708 1213 fratribus
765 1142 834 1211 in
885 1144 1214 1214 omnibus
1270 1159 1669 1215 conservata
1717 1145 2153 1216 fraternitas:
2205 1159 2271 1216 et
2317 1167 2755 1216 communem

204 1232 735 1312 confessionem,
793 1253 1231 1302 communem
1282 1235 1484 1302 etiam
1538 1232 1849 1305 fecerunt
1879 1235 2451 1305 decertationem:
2496 1249 2561 1304 et
2589 1257 2756 1323 quo-

211 1320 414 1390 modo
462 1343 540 1390 ex
592 1342 727 1389 uno
778 1333 970 1389 utero
1023 1321 1471 1410 prodierunt,
1540 1323 1632 1393 ita
1682 1324 1885 1393 etiam
1952 1347 2139 1394 unus
2206 1324 2399 1395 locus
2457 1325 2760 1414 suscepit

209 1411 573 1497 utriusque
621 1430 945 1499 corpora:
1004 1409 1094 1478 Ad
1149 1410 1440 1501 gloriam
1497 1413 1768 1481 Domini
1810 1412 2028 1482 nostri
2072 1419 2242 1482 Jesu
2295 1413 2586 1496 Christi,
2640 1413 2754 1483 cui

205 1496 431 1589 gloria
460 1512 522 1568 et
567 1499 866 1588 potentia
900 1520 1085 1567 nunc
1117 1513 1180 1568 et
1229 1500 1300 1568 in
1352 1500 1585 1571 secula
1618 1500 2042 1584 seculorum,
2094 1507 2329 1571 Amen.

1366 1817 1615 1894 VITA

537 2040 612 2140 S.
679 2040 1286 2141 WOLFGANGl
1369 2041 2040 2142 RATlSPONEN.
2118 2041 2427 2140 EPlSC.

206 2295 374 2344 BONA
445 2295 588 2342 FIDE
657 2297 732 2342 m
806 2296 1114 2344 GRAVITER
1183 2294 1567 2344 CONSCRIPTA
1596 2330 1611 2356 ‚
1666 2298 1780 2345 SED
1829 2296 2098 2345 Sturum
2166 2297 2355 2345 erLo
2387 2330 2402 2358 ,
2455 2299 2626 2355 QUEM
2697 2298 2763 2345 IN

296 2402 572 2449 GRATlAu
637 2401 930 2450 LEC‘ronts
1000 2403 1277 2450 HUTAVI'I'
1345 2404 1402 2449 L·
1456 2402 1711 2452 sumus.
1787 2404 2077 2451 HABETUR
2145 2404 2213 2453 IN
2264 2405 2563 2452 vmusrls
2612 2404 2755 2451 MSS.

298 2506 815 2569 ExsuPLAmntJS,
886 2512 999 2558 SED
1060 2508 1408 2559 PRAEFATIO
1466 2512 1658 2559 nsssss‘r
1704 2512 1770 2561 IN
1818 2510 2115 2569 QUATUOR
2181 2511 2549 2572 comCmUS,
2601 2508 2763 2569 QUOS

302 2617 422 2663 Nos
472 2617 820 2665 HABUIHUS.

795 2805 1070 2863 Floruit
1111 2820 1243 2863 sec.
1287 2809 1350 2863 X
1392 2839 1467 2849 —
1508 2809 1667 2866 Nat.
1715 2807 2178 2864 Germanicus.

300 3009 336 3093 ἓ
389 3010 459 3077 Ι.
513 3011 759 3076 Beatus
806 3006 1253 3098 wolfgangus
1290 3007 1562 3078 natione
1605 3012 1880 3087 SvevuS‚
1921 3019 2235 3096 parentes
2287 3005 2528 3076 habuit
2577 3005 2768 3094 inge-

207 3117 412 3174 nu05‚
461 3108 524 3164 et
571 3096 689 3182 qui
743 3118 866 3165 nec
916 3118 955 3164 o
1010 3097 1166 3165 ibus
1224 3097 1515 3166 nimium
1568 3095 1926 3164 affluerent
1960 3150 1975 3176 ‚
2037 3116 2159 3162 nec
2212 3094 2444 3183 inopia
2498 3115 2764 3183 preme-

209 3196 454 3253 rentur
490 3183 590 3272 (id
643 3182 826 3270 quod
879 3189 961 3253 Sa
995 3206 1200 3254 omon
1233 3184 1268 3220 '⁵
1306 3184 1438 3253 sibi
1492 3196 1809 3273 precatur
1837 3183 1987 3252 dari
2029 3182 2418 3271 divinitus),
2461 3182 2576 3252 sed
2626 3205 2763 3251 tne-

209 3271 572 3341 diocritate
601 3272 1026 3341 substantiae
1058 3285 1123 3342 et
1153 3271 1558 3341 facultatum
1602 3271 1888 3363 praediti
1924 3285 2174 3354 essent,
2215 3286 2531 3359 recteque
2559 3272 2764 3340 vitam

212 3379 416 3428 suam
458 3358 917 3429 instituerent.
971 3366 1177 3430 Porro
1216 3360 1304 3429 ab
1352 3361 1524 3451 ipsis
1585 3360 1848 3450 primae
1887 3361 2128 3430 aetatis
2187 3361 2403 3430 initiis
2442 3373 2507 3429 et
2544 3360 2768 3450 ipsius

210 3445 545 3516 infantiae
579 3446 994 3517 rudimentis
1038 3453 1248 3518 Deum
1298 3448 1552 3519 fontem
1594 3450 1767 3519 vitae
1803 3450 2066 3535 sitienS,
2123 3462 2187 3518 et
2223 3449 2525 3520 labentia
2561 3471 2769 3536 quae-

207 3557 349 3623 que
390 3557 511 3624 pro
549 3535 765 3607 nihilo
799 3536 1085 3617 ducens,
1128 3540 1378 3628 magna
1416 3537 1813 3639 meritorum
1853 3539 2323 3628 praerogativa
2355 3538 2577 3629 coepit
2602 3536 2770 3606 emi·

213 3645 400 3704 nere,
435 3624 694 3713 quippe
726 3625 844 3782 qui
884 3625 1228 3726 egregiam
1270 3625 1718 3696 cumulandis
1750 3627 2121 3697 virtutibus
2147 3649 2425 3718 operam
2463 3638 2764 3695 navaret.

210 3718 471 3782 Ferunt
499 3734 733 3781 nonnu
769 3714 841 3796 li,
885 3726 1087 3783 matri
1118 3714 1290 3803 ejuS,
1330 3737 1487 3784 cum
1525 3713 1646 3784 illo
1678 3715 1963 3806 gravida
1995 3728 2196 3797 esset,
2240 3738 2360 3808 per
2387 3717 2608 3785 visum
2645 3736 2767 3803 ap-

215 3802 557 3893 paruisse,
594 3801 777 3888 quod
814 3802 1082 3872 stellam
1118 3803 1186 3872 in
1220 3817 1410 3873 utero
1442 3816 1770 3893 gestaret:
1800 3816 1957 3894 apte
1990 3826 2156 3874 sane
2190 3819 2255 3875 et
2286 3803 2771 3874 convenienter

210 3890 609 3981 praeclarae
651 3890 881 3961 virtuti
920 3904 984 3960 et
1029 3891 1375 3962 sanctitati
1423 3894 1574 3980 ejus
1605 3947 1620 3973 ‚
1675 3905 1749 3961 ut
1794 3893 1911 3980 qui
1976 3892 2044 3961 in
2109 3915 2350 3963 eorum
2396 3913 2766 3961 numerum

211 3978 720 4049 adscribendus
758 3993 958 4060 esset,
1002 3980 1087 4049 de
1127 3982 1382 4068 quibus
1432 3981 1787 4070 Scriptura
1819 3981 2026 4050 dicit:
2086 3982 2220 4062 Oai
2263 3983 2443 4051 docti
2484 3981 2765 4070 fuerint,

207 4070 570 4158 fulgebunt
599 4071 802 4159 quasi
824 4070 1139 4160 splendor
1182 4071 1596 4159 firmamenti
1619 4096 1642 4139 :
1679 4080 1742 4140 et
1780 4072 1902 4161 qui
1936 4070 2027 4140 ad
2061 4072 2409 4161 justitiam
2450 4069 2772 4139 eradiant

207 4160 481 4238 maltos,
539 4160 742 4249 quasi
774 4161 1014 4227 stellae
1054 4160 1123 4228 in
1168 4169 1528 4250 perpetuas
1561 4161 1995 4229 aeternitates
2046 4164 2243 4243 (Dan.
2300 4159 2446 4247 xu).

307 4246 342 4330 ἓ
394 4251 480 4316 2.
537 4251 747 4317 Natus
798 4268 954 4316 vero
1015 4269 1230 4336 puer,
1288 4270 1422 4316 non
1466 4248 1683 4317 multo
1743 4261 1896 4337 post
1958 4247 2285 4338 baptismi
2348 4246 2773 4316 salutaribus

209 4331 427 4402 undis
478 4335 794 4426 expiatus
848 4350 972 4418 est,
1017 4348 1081 4405 et
1136 4334 1585 4426 wolfgangus
1631 4335 1702 4370 *⁴*
1757 4335 2171 4426 appellatus.
2220 4336 2593 4406 Confirmat
2644 4334 2773 4406 hoc

269 4459 297 4485 ¹·
324 4458 381 4499 111
402 4459 538 4503 Prov.
565 4472 701 4504 xxxi.
1345 4463 1401 4491 ¹⁸¹*
1435 4464 1554 4513 Wolf
1567 4462 1695 4504 idem
1714 4463 1788 4505 est
1810 4472 1881 4511 ac,
1898 4463 2059 4512 latine.
2077 4465 2221 4516 lupun.
