3347 4999
211 325 385 392 OCT.
444 327 525 391 ⁴5
1125 346 1202 391 nit
1252 346 1306 391 s,
1361 346 1621 391 mansu.
1673 344 1838 391 vina.
2532 329 2649 394 43³1

209 427 574 499 utilitatem
629 430 965 518 pertinere
998 430 1307 499 arbitrati
1348 451 1614 509 sumus,
1653 439 1727 498 ut
1759 428 2169 516 hujusmodi
2211 432 2558 520 negotium
2595 453 2748 520 pro-

208 530 620 597 moveretur,
725 518 1056 587 luriinum
1107 519 1309 587 etiam
1363 518 1448 587 ad
1513 517 1977 608 praesentium
2030 531 2415 608 temporum
2467 520 2747 590 calami-

209 619 425 675 tatem
449 605 640 675 levan
698 628 806 675 am
839 607 1162 677 interesse
1186 607 1753 685 existimavimus,
1795 606 1851 674 si
1886 605 2444 676 christifidelium
2475 608 2743 679 devotio

202 717 369 785 erga
409 699 688 764 Sanctos
722 709 786 764 et
818 696 1065 765 electos
1101 696 1235 776 Dei,
1272 696 1391 783 qui
1446 717 1564 784 pro
1615 694 1814 763 nobis
1864 694 1932 761 in
1977 696 2185 764 tantis
2220 697 2744 768 necessitatibus

206 782 725 865 intercederent,
766 806 856 853 au
907 797 1154 854 eretur.
1212 784 1686 853 mandavimus
1728 784 1957 870 itaque
2005 784 2374 874 praedictis
2422 785 2744 854 Cardina-

203 873 429 951 libus,
507 885 617 952 ut,
700 895 835 959 quo
951 873 1089 944 illis
1137 897 1178 943 a
1232 873 1749 963 praedecessore
1821 885 2052 942 nostro
2128 873 2474 963 praedicto
2522 873 2742 944 suerat

201 962 620 1051 injunctum,
673 963 1192 1051 quamprimum
1250 975 1768 1049 exequerentur.
1838 961 2030 1044 Quod
2084 983 2240 1031 cum
2295 962 2393 1030 illi
2444 964 2521 1032 ea
2581 963 2741 1031 dili-

201 1051 458 1137 gentia,
491 1072 625 1136 qua
660 1049 963 1131 decebat,
999 1050 1461 1152 perfecissent,
1501 1074 1579 1120 ac
1618 1072 1739 1140 pro
1786 1064 2062 1119 sanctae
2111 1051 2407 1141 Virginis
2455 1052 2738 1121 canoni-

199 1139 467 1208 zatione
515 1160 753 1209 omnes
804 1140 1224 1209 unanimiter
1270 1140 1724 1219 censuissent,
1783 1139 2189 1208 venerabilis
2254 1140 2460 1210 frater
2512 1153 2739 1210 noster

201 1227 611 1297 Franciscus
647 1229 854 1298 Maria
895 1230 1262 1319 episcopus
1311 1229 1705 1299 Portuensis
1745 1228 2125 1297 Cardinalis
2175 1252 2212 1297 a
2261 1235 2482 1299 Monte
2530 1230 2740 1300 totius

204 1338 568 1404 processus
617 1338 989 1398 summam,
1046 1340 1123 1386 ac
1173 1339 1396 1398 suam,
1454 1317 2011 1406 collegarumque
2061 1319 2462 1387 seutentiam
2508 1340 2739 1387 coram

197 1405 408 1475 Nobis
445 1406 512 1474 in
573 1406 980 1476 consistorio
1015 1419 1247 1476 nostro
1273 1406 1626 1496 exposuit;
1681 1406 1934 1492 quibus
1982 1406 2260 1487 auditiS,
2301 1407 2547 1495 reliqui
2583 1414 2736 1477 Car-

197 1493 495 1574 dinales‚
542 1495 663 1581 qui
711 1494 1017 1577 aderant,
1072 1496 1158 1564 ad
1208 1495 1533 1565 ulteriora
1609 1494 1748 1563 sore
1822 1493 2331 1585 procedendum
2385 1495 2739 1566 communi

198 1583 533 1672 suffragio
587 1584 1146 1672 pronuntiarunt.

289 1674 325 1760 ξ
373 1675 508 1744 18.
547 1672 788 1762 Igitur,
826 1695 987 1741 cum
1024 1673 1090 1741 in
1138 1671 1411 1762 publico
1446 1672 1848 1742 consistorio
1890 1671 2181 1741 dilectus
2217 1672 2401 1743 filius
2432 1679 2734 1744 joannes

194 1759 502 1850 Baptista
531 1759 876 1842 *Mellinus‚
913 1762 1407 1831 consistorialis
1447 1761 1646 1830 aulae
1698 1773 1966 1830 nostrae
2005 1760 2394 1841 advocatuS,
2442 1785 2560 1850 pro
2590 1762 2739 1847 ejus

199 1848 722 1919 canonizfflone
800 1863 1200 1939 perorasset,
1254 1873 1332 1919 ac
1386 1850 1661 1919 nomine
1734 1849 2075 1921 carissimi
2152 1851 2220 1918 in
2289 1850 2552 1921 Christo
2610 1849 2738 1918 filii

200 1937 416 2007 nostri
466 1938 767 2027 Philippi
840 1939 1331 2029 Hispaniarum
1403 1938 1581 2028 regis
1645 1939 1988 2018 catholici,
2046 1950 2121 2007 ut
2169 1939 2254 2008 ad
2302 1961 2450 2008 eam
2504 1960 2736 2029 proce-

196 2027 361 2096 dere
409 2025 883 2115 dignaremur,
938 2028 1294 2097 humiliter
1341 2027 1822 2117 supplicasset,
1878 2033 2008 2097 Nos
2057 2028 2141 2096 de
2190 2049 2260 2097 re
2309 2031 2495 2097 tanta
2546 2049 2738 2096 vene-

196 2114 451 2185 rabiles
499 2114 741 2186 fratres
777 2130 1043 2187 nostros
1094 2122 1157 2187 S.
1212 2123 1290 2187 R.
1331 2121 1402 2184 E.
1460 2115 1854 2186 cardinales
1901 2130 1965 2186 et
2014 2116 2383 2206 Episcopos
2433 2117 2499 2186 in
2542 2116 2738 2187 curia

197 2216 593 2295 praesentes
658 2205 1096 2275 consulturos
1144 2226 1293 2276 esse
1343 2204 1851 2295 respondimus,
1905 2219 2109 2292 atque
2173 2206 2443 2275 interim
2504 2205 2735 2275 Cardi-

197 2292 390 2362 nales
419 2304 621 2379 atque
651 2294 1025 2384 Episcopos
1065 2307 1451 2382 praesentes
1486 2297 1920 2363 vehementer
1956 2294 2022 2361 in
2077 2293 2455 2364 visceribus
2487 2293 2730 2364 Christi

197 2381 446 2451 hortati
500 2404 765 2462 sumus,
802 2397 875 2452 ut
902 2384 1329 2453 orationibus
1356 2383 1711 2462 instanteS,
1758 2383 1824 2450 in
1862 2382 2139 2470 jejuniis
2173 2395 2237 2452 et
2283 2384 2737 2473 eleemosynis

195 2471 469 2542 animas
500 2492 662 2540 suas
690 2491 921 2541 coram
955 2477 1090 2542 'Deo
1134 2471 1493 2542 nobiscum
1558 2470 2028 2552 humiliantes,
2073 2494 2269 2561 prece
2302 2496 2340 2542 a
2386 2478 2515 2542 Deo
2550 2477 2740 2542 Patre

197 2560 546 2629 luminum
582 2575 1048 2650 exposcerent,
1103 2575 1179 2632 ut
1226 2584 1305 2631 ex
1354 2561 1489 2631 alto
1538 2583 1902 2651 supernos
1953 2560 2176 2631 lucem
2213 2585 2413 2632 suam
2462 2575 2526 2630 et
2562 2562 2734 2631 veri-

198 2660 404 2719 tatem
457 2669 650 2718 suam
702 2650 1059 2732 emitteret,
1116 2671 1291 2737 quae
1340 2672 1464 2719 nos
1521 2651 1602 2719 ad
1659 2649 2075 2720 voluntatem
2115 2661 2179 2718 et
2228 2649 2735 2740 beneplacitum

192 2739 344 2827 ejus
391 2738 945 2837 cognoscendum
998 2753 1062 2808 et
1111 2739 1607 2828 perficiendum
1658 2738 2050 2808 deduceret.
2105 2744 2341 2825 Itaque
2410 2761 2570 2807 cum
2630 2759 2734 2806 se-

196 2825 580 2916 mipublico
627 2828 1056 2909 consistoriO,
1092 2828 1275 2915 quod
1327 2840 1821 2914 consequenter
1851 2827 2269 2897 celebratum
2311 2839 2432 2906 est,
2480 2826 2732 2895 vocatis

197 2937 336 2984 non
390 2914 592 2983 modo
642 2916 1147 2996 cardinalibus,
1203 2917 1317 2986 sed
1371 2916 1808 2997 Patriarcbis,
1858 2915 2405 3005 archiepiscopis
2453 2925 2516 2983 et
2574 2914 2732 3004 Epi-

195 3004 424 3092 scopis
459 3003 529 3071 in
562 3004 755 3074 curia
810 3008 1039 3077 nostra
1098 3005 1570 3084 existentibuS,
1613 3004 2089 3095 praesentibus
2122 3004 2325 3072 etiam
2362 3002 2613 3072 nostris
2654 3025 2732 3072 ac

193 3093 389 3163 Sedis
437 3093 855 3181 Apostolicae
918 3094 1224 3175 notariis,
1280 3117 1359 3163 ac
1399 3094 1577 3163 sacri
1639 3093 1874 3183 palatii
1934 3092 2293 3182 apostolici
2353 3113 2726 3162 causarum

189 3181 650 3262 auditoribuS,
687 3204 845 3252 cum
887 3183 1088 3272 plura
1127 3206 1167 3252 a
1206 3183 1411 3252 Nobis
1447 3182 1531 3251 de
1564 3182 1818 3251 eximia
1851 3180 2206 3251 sanctitate
2240 3179 2543 3250 Ancillae
2585 3180 2724 3261 Dei,

190 3292 273 3340 ac
301 3269 792 3339 miraculorum
831 3270 1210 3358 frequentia
1250 3285 1313 3341 et
1346 3272 1757 3350 celebritate,
1796 3269 2348 3359 populorumque
2381 3290 2544 3360 erga
2573 3290 2727 3338 eam

191 3380 316 3450 per
347 3359 704 3428 universas
751 3360 1163 3430 christianas
1214 3361 1523 3430 nationes
1571 3359 1948 3438 devotione,
1994 3373 2526 3428 commemorata
2561 3357 2732 3427 fuis-

189 3458 366 3527 sent,
421 3448 746 3537 expositis
797 3450 1008 3518 etiam
1045 3450 1413 3526 instantiis,
1453 3470 1628 3535 quae
1661 3470 1891 3518 coram
1948 3447 2154 3522 Nobis
2193 3470 2325 3516 non
2370 3447 2570 3517 modo
2616 3469 2732 3516 no-

189 3537 378 3605 mine
425 3537 883 3607 maximorum
957 3560 1240 3629 regum,
1296 3537 1413 3607 sed
1479 3537 1682 3607 etiam
1733 3536 2076 3608 carissimi
2133 3537 2202 3605 in
2272 3536 2535 3624 Christo
2602 3535 2728 3605 filii

185 3624 407 3695 nostri
455 3624 868 3712 Ferdinandi
915 3631 1382 3697 Romanorum
1426 3627 1604 3716 regis
1653 3626 1721 3695 in
1776 3626 2255 3715 imperatorem
2305 3625 2523 3705 electi,
2561 3624 2730 3694 alio-

187 3736 488 3800 rumque
558 3714 1021 3804 complurium
1087 3716 1620 3786 christianorum
1693 3715 2081 3805 principum
2147 3713 2435 3795 fiebant,
2489 3734 2729 3782 omnes

187 3802 621 3872 concorditer
668 3825 747 3871 ac
781 3825 922 3873 uno
955 3826 1070 3874 ore
1109 3803 1587 3874 benedicentes
1624 3808 1862 3886 Deum,
1907 3802 2167 3873 amicos
2224 3823 2385 3871 suos
2451 3802 2729 3870 honori-

181 3890 533 3972 ficantem,
574 3894 839 3962 beatam
874 3894 1212 3963 Teresiam
1260 3892 1801 3963 canonizandam
1852 3913 2022 3971 esse,
2062 3903 2265 3977 atque
2319 3890 2494 3959 inter
2555 3894 2724 3958 San-

184 3991 332 4049 ctas
372 3981 685 4071 Virgines
723 3981 1250 4054 adscribendam
1302 3995 1752 4061 censuerunt,
1792 4001 2086 4067 quorum
2130 3978 2443 4048 omnium
2494 3977 2731 4047 audito

183 4090 551 4150 consensu,
607 4069 850 4140 intimo
892 4071 1118 4141 cordis
1167 4071 1414 4141 affectu
1461 4069 1916 4140 exultavimus
1966 4069 2032 4137 in
2078 4067 2386 4148 Domin0‚
2440 4066 2729 4156 etjubi-

185 4156 486 4228 lavimus
525 4159 590 4227 in
627 4159 911 4229 salutari
951 4161 1124 4250 ejuS,
1220 4160 1426 4229 ratias
1460 4172 1739 4258 agentes
1771 4162 1924 4237 Deo,
1967 4170 2029 4226 et
2065 4156 2233 4224 Filio
2258 4157 2407 4245 ejus
2442 4156 2729 4226 Domino

184 4257 419 4316 nostro
465 4253 631 4317 ‚Iesu
680 4249 963 4330 Christe,
1017 4184 1214 4336 quos?
1272 4247 1642 4318 Eccles1am
1700 4246 2230 4316 misericorditer
2276 4246 2718 4336 respexisset,

183 4357 268 4406 ac
317 4338 504 4406 tanta
550 4337 770 4427 gloria
818 4338 1162 4409 illustrare
1222 4336 1668 4416 decrevisset3
1747 4335 2284 4406 canonizationis
2324 4336 2552 4420 itaque
2595 4355 2725 4422 pu-

180 4425 598 4496 blicavimus
636 4426 843 4508 diem,
899 4426 1312 4514 eosdemque
1359 4424 1601 4496 fratres
1636 4446 1715 4495 ac
1752 4423 1930 4494 lilios
1980 4435 2250 4495 nostros
2297 4421 2720 4501 monuimuS,
