3347 4999
761 293 887 359 518
1552 306 1628 352 oa
1675 306 1732 353 s.
1785 302 2072 352 ancwicr.
2122 302 2312 351 vloua
2890 284 3093 351 OCT.
3165 284 3255 349 Π

672 393 970 465 officioso
1023 392 1084 461 ei
1125 414 1320 461 suam
1374 400 1574 459 navat
1619 410 1923 480 operam.
1985 392 2152 457 Cum
2212 398 2438 457 autem
2487 387 2683 457 beata
2743 385 3117 477 Hedwigis
3175 387 3249 453 in

673 482 1020 571 quoddam
1048 492 1224 550 esset
1251 477 1651 549 cubiculum
1695 478 2025 568 ingressa,
2065 474 2426 546 catharina
2458 476 2636 545 videt
2670 487 2804 545 tres
2834 474 3254 544 daemones

673 571 979 640 humana
1016 569 1240 659 effigie
1277 590 1437 639 cum
1475 568 1735 657 ingenti
1768 565 2055 656 strepitu
2090 565 2156 634 in
2198 586 2348 635 eam
2386 564 2666 647 irruere,
2703 585 3007 651 eamque
3047 577 3252 634 atro-

675 661 842 730 citer
879 658 1247 751 flagellare,
1299 672 1365 727 et
1397 657 1620 726 dicere
1661 678 1819 725 cum
1875 654 2143 724 furore:
2199 678 2235 720 «
2272 654 2443 737 Quid
2484 668 2554 723 tu
2589 654 2757 724 adeo
2796 667 3057 723 sancta
3111 677 3196 723 es
3223 659 3254 721 ζ’

677 756 807 819 Cur
855 762 949 819 tot
996 748 1374 820 sanctitatis
1410 769 1615 837 opera
1652 744 1981 814 efficis‘l»
2032 742 2157 813 Illa
2213 766 2365 813 vero
2396 765 2545 813 eam
2596 743 3029 812 daemonum
3095 744 3244 812 vim

676 853 740 908 et
772 838 1102 928 impetum
1131 836 1501 917 sustinenS,
1528 849 1774 905 etcum
1806 846 2092 903 tremore
2118 832 2351 902 Crucis
2373 832 2570 923 signo
2597 855 2668 901 se
2696 833 3242 911 communiens,

680 928 914 997 illaesa
962 926 1193 996 evasit.
1235 931 1537 1012 Cumque
1569 924 1654 993 ab
1688 945 1769 992 eo
1817 922 1963 992 loco
1994 921 2450 1013 egrederetur,
2505 922 2867 990 Catharina
2903 943 3074 991 eam
3135 946 3246 991 se·

678 1039 923 1104 quem,
959 1016 1157 1102 eique
1186 1014 1580 1094 condolens,
1628 1013 1866 1082 crebro
1897 1035 1936 1081 a.
1970 1024 2065 1080 ter
2116 1033 2154 1080 o
2180 1010 2367 1081 illius
2399 1011 2675 1100 signum
2722 1011 2965 1080 Crucis
2997 1033 3089 1079 ex
3105 1014 3244 1102 pri-

680 1105 927 1174 mebat.
995 1104 1184 1187 Quod
1247 1103 1523 1191 quidem
1586 1101 1927 1191 Hedwigis
1990 1099 2050 1168 vi
2102 1122 2214 1169 ere
2267 1100 2611 1190 corporeis
2667 1099 3042 1169 obtutibus
3103 1124 3240 1169 non

679 1195 940 1285 potuit:
997 1194 1309 1262 virtutem
1344 1204 1570 1261 autem
1612 1191 1847 1260 Crucis
1880 1189 2126 1259 Christi
2176 1188 2517 1270 sentienS,
2568 1209 2899 1258 converso
2937 1189 3032 1258 ad
3082 1212 3238 1259 eam

682 1282 922 1353 vultu:
977 1306 1012 1349 «
1045 1282 1427 1360 Camarina,
1475 1280 1722 1368 inquit,
1762 1300 2033 1368 semper
2080 1278 2206 1348 hoc
2249 1300 2354 1346 me
2409 1279 2606 1369 signo
2659 1278 2968 1347 munias.
3020 1303 3060 1345 »
3119 1281 3240 1348 Mi-

681 1372 965 1441 randam
1003 1371 1185 1440 enim
1223 1372 1357 1439 vim
1396 1369 1598 1439 habet
1640 1383 1706 1439 et
1750 1367 2121 1437 efficaciam
2158 1389 2239 1436 ex
2288 1368 2551 1437 Domini
2593 1368 2947 1457 passione.
2993 1368 3238 1439 Prius-

677 1482 885 1547 quam
925 1462 989 1529 in
1034 1483 1187 1529 eum
1230 1459 1543 1528 morbum
1588 1458 1937 1537 incideret,
1976 1457 2094 1543 qui
2128 1457 2187 1526 ei
2224 1456 2397 1526 vitae
2431 1456 2636 1526 finem
2687 1456 2949 1535 attulit,
3009 1459 3237 1526 accito

680 1550 762 1618 ad
822 1573 893 1619 se
950 1550 1150 1619 fratre
1192 1548 1522 1618 Matthaeo
1563 1546 2025 1618 Cisterciensis
2068 1545 2379 1627 instituti,
2434 1546 2552 1632 qui
2604 1559 2763 1614 tunc
2805 1546 2863 1614 ei
2914 1568 2954 1615 a
3013 1550 3238 1616 sacris

678 1638 1224 1708 confessionibus
1262 1650 1425 1717 erat,
1481 1642 1826 1706 Extremae
1861 1635 2210 1705 Unctionis
2259 1649 2761 1704 sacramentum
2822 1634 2918 1704 ab
2964 1658 3056 1704 eo
3108 1638 3230 1706 sibi

684 1728 873 1817 petiit
915 1728 1310 1796 ministrari.
1353 1726 1424 1796 1d
1464 1726 1583 1795 ubi
1622 1724 2179 1795 sanctimoniales
2227 1736 2731 1813 compererunt,
2775 1746 2916 1792 non
2969 1726 3233 1795 medio-

680 1817 884 1886 criter
931 1827 1397 1885 consternatae
1450 1828 1631 1895 sunt,
1679 1813 1861 1884 haud
1914 1813 2202 1883 obscure
2261 1813 2417 1882 inde
2476 1812 2874 1903 colligentes
2939 1817 3231 1904 propin-

679 1929 889 1993 quare
919 1907 1064 1996 jam
1109 1919 1378 1995 tempus
1430 1904 1856 1993 migrationis
1913 1902 2065 1990 ejas
2120 1925 2158 1971 a
2208 1923 2537 1991 corpore:
2597 1904 3013 1992 praesertim
3075 1927 3224 1973 cum

682 2018 815 2063 non
854 1995 1247 2085 ignorarent
1294 1993 1479 2062 illam
1536 2014 1666 2061 non
1721 2007 1967 2062 temere
2008 1991 2073 2060 id
2127 2003 2372 2081 petere,
2411 2013 2585 2079 quae
2626 1990 2879 2078 spiritu
2927 1995 3223 2084 prophe-

684 2084 816 2154 tico
868 2082 1171 2173 polleret.
1216 2082 1538 2151 Dolebant
1577 2082 1788 2172 igitur
1817 2095 1881 2151 et
1918 2082 2515 2171 perturbabantur,
2560 2081 2818 2170 quippe
2857 2103 3060 2168 quae
3096 2106 3225 2153 ma·

684 2187 879 2252 trem,
917 2173 1102 2262 ipsas
1131 2172 1197 2240 in
1228 2171 1488 2241 Christo
1514 2170 1844 2241 foventem
1874 2193 1951 2239 ac
1973 2170 2395 2259 diligentem,
2431 2170 2710 2259 perdere
2738 2169 3217 2240 formidarent.

682 2266 758 2330 At
788 2283 978 2331 soror
1014 2259 1401 2330 Adelbeidis
1440 2282 1558 2348 pro
1607 2259 1942 2350 singulari
1994 2259 2452 2328 familiaritate
2500 2259 2583 2328 ad
2625 2280 2770 2327 eam
2824 2261 3212 2330 accedens:

683 2375 717 2416 «
756 2350 1063 2433 Domina,
1098 2350 1340 2436 inquit,
1367 2370 1492 2418 cur
1525 2354 1797 2418 Sacram
1839 2350 2227 2419 Unctionem
2267 2347 2638 2438 expetendo
2673 2361 2952 2417 nostros
2983 2350 3220 2440 affligis

682 2439 974 2520 animOS,
1027 2461 1184 2509 cum
1236 2438 1330 2508 sis
1363 2437 1755 2520 incolumiS,
1801 2461 1920 2508 nec
1957 2437 2099 2508 ulla
2135 2437 2202 2506 in
2242 2450 2299 2507 te
2338 2437 2572 2508 mortis
2608 2437 2800 2527 signa
2858 2438 3226 2511 visantur?

684 2535 911 2616 Neque
942 2527 1124 2598 enim
1154 2527 1282 2597 hoc
1315 2541 1819 2598 sacramentum
1875 2527 2245 2598 ministrari
2283 2526 2470 2608 solet,
2511 2527 2641 2596 nisi
2686 2527 2802 2596 ubi
2841 2527 2935 2597 de
2974 2534 3222 2622 aegroti

686 2618 989 2719 periculo
1041 2630 1261 2687 metus
1299 2621 1516 2685 esst»
1558 2617 1673 2686 Cui
1722 2617 1838 2686 illa
1876 2617 2266 2707 respondit:
2328 2642 2355 2680 «t
2403 2617 2574 2697 Scio,
2621 2615 3060 2700 Adellieidis,
3103 2623 3226 2690 scie
3305 2675 3306 2684 κ

686 2722 772 2776 tta
808 2729 979 2788 esse,
1034 2720 1107 2776 ut
1156 2706 1352 2786 dicis,
1406 2723 1468 2774 et
1518 2729 1775 2775 morem
1829 2706 2165 2775 Ecclesiae
2213 2706 2382 2774 bene
2437 2719 2508 2775 tu
2547 2705 2896 2794 explicas:
2961 2710 3090 2778 sed
3144 2725 3227 2779 est
3305 2755 3306 2778 i

682 2811 934 2879 tamen,
978 2796 1159 2884 quod
1214 2795 1324 2865 hic
1363 2795 1709 2865 advertere
1759 2808 1819 2864 te
1868 2809 2193 2886 oporteat.
2249 2801 2409 2864 Cum
2448 2795 2627 2864 enim
2680 2799 3056 2867 Extremae
3113 2805 3227 2871 [n-
3305 2809 3306 2814 ’

681 2886 929 2956 ctionis
978 2897 1404 2955 sacramento
1454 2885 1658 2954 homo
1710 2885 2083 2955 moriturus
2133 2897 2479 2971 tamquam
2532 2885 2743 2953 armis
2783 2907 2814 2954 s
2879 2886 3228 2957 iritalibus

683 2988 919 3045 contra
968 3000 1000 3044 s
1057 2974 1311 3044 iritales
1361 2974 1698 3060 nequitias
1755 2974 2131 3053 muniatur,
2185 2973 2526 3061 ejusmodi
2580 2973 2798 3062 praesi
2862 2974 3020 3044 ium
3079 3002 3223 3047 curn

685 3088 956 3134 summa
1032 3064 1337 3133 evotione
1359 3062 1838 3154 accipiendum
1869 3077 1992 3132 est.
2027 3068 2162 3154 Ego
2189 3076 2411 3131 autem
2448 3063 2568 3132 etsi
2598 3061 2979 3134 incolumis
3005 3067 3226 3136 adbuc

682 3176 864 3233 sum,
923 3168 1143 3223 tamen
1197 3175 1348 3222 mox
1390 3173 1587 3224 secus
1626 3152 1946 3223 habitura
1998 3175 2178 3233 sum,
2235 3173 2598 3239 vereorque
2648 3173 2753 3231 ne,
2795 3151 3226 3227 increscente

683 3243 905 3312 morbi
954 3241 1207 3321 dolore,
1253 3255 1384 3310 tam
1425 3241 1721 3311 salutare
1752 3241 2083 3310 auxilium
2121 3264 2277 3311 cum
2315 3253 2496 3311 tanto
2538 3241 2790 3331 possim
2834 3240 3227 3314 devotionis

684 3331 944 3399 fervore
996 3330 1364 3420 percipere,
1417 3343 1672 3419 quanto
1734 3353 1858 3420 par
1903 3344 2004 3401 est
2066 3331 2368 3399 animam
2421 3330 2501 3399 ad
2558 3329 2926 3399 Dominum
2989 3355 3227 3423 prope-

688 3432 977 3488 rantem.
1019 3443 1055 3486 »
1106 3425 1201 3488 Ita
1251 3442 1413 3489 ervo
1444 3419 1864 3491 satisfactum
1919 3432 2019 3490 est
2065 3420 2213 3511 ejus
2261 3418 2622 3499 desiderio,
2675 3430 2739 3487 et
2786 3417 2938 3489 oleo
2996 3438 3227 3493 sancto

684 3521 888 3576 uncta
938 3520 1083 3577 est:
1142 3529 1261 3578 nec
1311 3475 1431 3578 d'iu
1483 3524 1634 3599 post
1685 3510 1752 3577 in
1806 3509 2118 3578 morbum
2175 3507 2465 3588 incidit,
2528 3530 2648 3576 nec
2707 3527 3221 3581 sacramentum

682 3597 812 3667 hoc
865 3597 1093 3668 denuo
1151 3598 1497 3688 percipere
1540 3597 1774 3668 voluit.
1831 3597 1953 3667 Sed
2008 3598 2134 3667 hoc
2187 3611 2433 3677 tamen,
2495 3596 2673 3683 quod
2729 3596 2838 3666 hic
2889 3597 3220 3674 diximus,

682 3686 1172 3756 admirandum
1230 3688 1453 3776 potius
1498 3700 1620 3768 est,
1678 3708 1882 3773 quam
1939 3686 2394 3756 imitandum:
2447 3687 2556 3756 cui
2609 3685 2896 3777 spiritus
2949 3692 3220 3758 Domini

679 3799 802 3866 per
852 3776 1325 3846 revelationem
1375 3776 1611 3845 tribuit
1657 3776 2074 3857 efficaciam,
2135 3789 2198 3845 et
2240 3777 2305 3844 in
2356 3798 2513 3864 qu0,
2577 3788 2650 3844 ut
2699 3775 2806 3866 pie
2855 3778 3214 3859 creditur,

678 3878 912 3936 sancta
947 3865 1211 3936 devotio
1244 3865 1690 3956 dispensavit.

766 3958 803 4043 ἓ
853 3961 1001 4030 cu.
1060 3960 1419 4042 Postquam
1473 3969 1700 4025 autem
1742 3957 1886 4046 jam
1940 3955 2351 4026 decumbere
2398 3954 2643 4044 coepit,
2697 3953 2834 4024 filia
2886 3954 3047 4044 ejus
3097 3959 3220 4027 Ab·

679 4045 936 4114 batissa
983 4045 1484 4116 Trebniciensis
1524 4067 1752 4115 severe
1802 4045 2153 4136 prohibuit
2201 4045 2470 4114 cunctis
2517 4044 2891 4124 sororibuS‚
2949 4058 3028 4113 ut
3067 4047 3219 4116 aliis

679 4134 737 4201 ei
784 4133 1360 4210 ministrantibus,
1404 4133 1593 4204 nulla
1641 4136 2012 4214 accederet,
2067 4147 2129 4202 et
2180 4156 2264 4202 ne
2312 4143 2875 4224 gravarenteam‚
2911 4147 3036 4204 aut
3068 4157 3219 4226 gra-

683 4222 821 4291 vari
861 4224 1347 4312 permitterent.
1389 4224 1666 4293 Interim
1716 4238 1936 4293 tamen
1983 4222 2196 4292 multa
2233 4223 2290 4290 ei
2332 4222 2809 4312 pandebantur
2846 4221 3210 4306 divinitus,

679 4333 856 4397 quae
895 4311 981 4380 ab
1015 4311 1294 4381 homine
1325 4312 1468 4382 ullo
1501 4336 1623 4382 nec
1657 4313 1990 4392 audierat,
2038 4335 2160 4381 nec
2196 4311 2540 4382 didicebat
2570 4336 2584 4394 ;
2623 4311 3216 4403 cognoscebatque

676 4400 758 4471 ad
795 4422 866 4470 se
918 4401 1269 4481 intranteS,
1307 4424 1462 4471 cum
1521 4414 1739 4471 tamen
1792 4405 2028 4472 aversa
2067 4401 2522 4488 saciejacenS,
2569 4424 2680 4472 eos
2732 4423 2864 4471 non
2909 4400 3209 4474 videret:
