3347 4999
154 337 324 403 OCT.
377 338 461 401 25
773 355 851 400 ns
898 354 988 402 ss.
1044 352 1455 402 cnavsanmo
1503 355 1579 400 m·
1629 354 1819 400 naam
1867 354 2056 400 mar.
2485 338 2615 402 703

167 439 476 529 pretiosis
517 438 940 507 vestimentis
996 437 1318 507 indutum
1382 437 1545 507 duci
1590 438 1810 526 jubet,
1864 458 1902 507 e
1952 459 2377 525 numeroque
2425 460 2710 509 suarum

172 526 587 596 ancillarum
653 526 1196 597 formosissimas
1264 526 1557 617 deligit,
1622 539 2038 612 ornatasque
2107 537 2311 612 atque
2376 527 2725 618 eleganter

164 629 498 706 comptaS,
552 639 712 685 cum
766 616 910 685 filio
959 615 1338 697 concludit,
1388 636 1771 706 procurans
1805 628 1883 684 ut
1919 616 1985 683 in
2020 615 2349 685 omnibus
2398 616 2714 687 ciborum

166 718 469 774 versetur
538 704 843 786 deliciis,
923 704 1391 791 minitansque
1443 705 1543 773 vir
1597 704 1855 784 inibu's,
1913 704 2046 773 nisi
2104 704 2614 805 chrysanthum
2679 729 2717 775 a

164 793 590 864 Christianae
640 794 758 863 reli
817 793 994 864 ionis
1056 792 1287 862 studio
1343 791 1426 862 ad
1487 815 1566 861 vo
1599 807 1873 882 uptates
1944 792 2367 882 pellexerint.
2425 795 2719 884 Degebat

165 884 376 974 igitur
427 883 604 952 inter
654 906 785 973 pue
820 883 1042 952 larum
1095 881 1293 951 lusus
1344 882 1445 950 vir
1503 882 1656 950 Dei:
1704 881 1819 951 sed
1892 880 1958 949 in
2014 881 2365 971 proposito
2425 883 2515 952 ita
2569 906 2719 972 per-

161 972 409 1052 stabat,
463 985 542 1041 ut
588 985 653 1040 et
698 972 1011 1041 ciborum
1062 969 1349 1040 delicias
1410 984 1917 1048 contemneret,
1971 984 2035 1039 et
2085 971 2484 1061 virginum,
2543 986 2713 1041 tam-

159 1082 372 1148 quam
425 1059 779 1150 aspidum,
831 1071 1187 1129 contactus
1237 1060 1539 1129 evitaret.
1594 1060 1806 1130 Humi
1855 1058 2175 1138 cubabat,
2230 1059 2509 1130 assidue
2562 1082 2714 1150 pre-

160 1149 559 1220 cationibus
596 1148 1067 1230 incumbebat,
1115 1147 1499 1237 puellarum
1564 1147 1964 1228 blanditias,
2007 1162 2354 1235 tamquam
2404 1148 2710 1239 sagittas,

166 1238 329 1309 fidei
377 1238 625 1328 clypeo
667 1238 1062 1328 repellebat,
1094 1249 1159 1306 et
1188 1236 1273 1306 ad
1316 1242 1530 1306 Deum
1565 1236 1948 1307 clamabat:
2004 1259 2038 1303 «
2079 1240 2320 1328 Surqe,
2364 1237 2711 1324 inquiens,

162 1329 465 1405 Domine,
532 1330 601 1397 in
657 1328 1007 1396 auoeilium
1057 1348 1364 1395 meum...
1415 1329 1536 1394 Dic
1577 1328 1847 1395 animae
1907 1348 2141 1395 meae:
2190 1329 2381 1396 salus
2429 1337 2549 1396 tua
2596 1350 2716 1428 eqo

162 1439 311 1487 sum
365 1417 585 1506 (Psal.
641 1417 779 1504 34).
835 1415 1003 1497 Quis
1036 1415 1218 1484 enim
1256 1413 1513 1483 bellum
1559 1413 1712 1494 hoc,
1766 1414 1946 1501 quod
2005 1414 2324 1484 diabolus
2372 1416 2707 1497 excitavlt,

165 1507 517 1576 sustinere
557 1519 787 1592 queat,
846 1505 976 1573 nisi
1015 1517 1282 1593 praesto
1322 1502 1502 1571 adsit
1551 1503 1786 1572 victrix
1819 1503 2092 1572 dextera
2135 1508 2297 1573 tua?
2344 1508 2560 1585 Errat,
2595 1505 2715 1591 qui

162 1617 234 1663 se
289 1606 489 1683 putat
540 1615 737 1684 posse
779 1594 1024 1662 virtute
1077 1592 1354 1682 propria
1404 1591 1763 1661 libidinem
1814 1613 2166 1682 superare,
2221 1604 2287 1661 et
2333 1593 2708 1662 castitatem

161 1704 463 1763 servare,
522 1683 654 1752 nisi
706 1680 1220 1752 misericordiae
1283 1692 1438 1749 tuae
1479 1680 1722 1760 imbre,
1783 1681 2014 1750 carnis
2063 1680 2557 1771 extinguantur
2603 1682 2713 1750 in-

161 1771 433 1841 cendia.
490 1776 634 1842 Non
687 1771 934 1861 poterit
980 1770 1261 1841 animus
1309 1768 1392 1838 ad
1431 1769 1628 1840 aulas
1664 1782 1819 1839 tuas
1853 1771 2436 1860 appropinquare,
2483 1771 2618 1840 nisi
2653 1782 2715 1839 te

164 1860 413 1930 ducem
493 1860 918 1950 praebueris.
974 1858 1300 1948 Voluptas
1366 1858 1550 1927 enim
1601 1869 1706 1928 est
1754 1858 2069 1948 improba
2139 1858 2480 1945 quaedam
2532 1859 2704 1940 sera,

162 1951 233 2019 in
288 1949 461 2018 vitae
495 1971 773 2019 nemore
821 1948 1124 2028 latitanS,
1176 1960 1254 2016 ut
1300 1947 1570 2016 animas
1618 1946 1917 2017 devoret.
1972 1947 2183 2037 Cujus
2223 1947 2280 2018 si
2329 1948 2489 2034 quis
2532 1969 2710 2017 mor-

160 2060 282 2108 sus
332 2037 671 2129 effugerit,
712 2039 770 2107 is
818 2037 943 2108 tibi
995 2042 1125 2106 Deo
1159 2034 1489 2105 Salvatori
1538 2034 1738 2104 debet
1775 2056 1854 2105 ex
1899 2035 2134 2105 animo
2180 2037 2439 2126 gratias
2478 2058 2704 2127 agere.

162 2133 385 2196 Tuum
431 2139 533 2197 est
579 2127 792 2208 enim,
846 2147 971 2196 nos
1019 2125 1106 2195 ab
1154 2123 1496 2214 ejusmodi
1547 2123 1877 2214 periculis
1907 2123 2223 2194 liberare.

250 2217 287 2302 ξ
333 2221 422 2287 5.
477 2238 513 2282 «
552 2215 662 2285 Sic
707 2229 773 2284 et
805 2215 1046 2285 beatus
1095 2235 1333 2285 servus
1364 2225 1526 2282 tuus
1570 2213 1853 2303 Joseph,
1894 2213 2296 2295 meretricis,
2353 2225 2706 2301 tamquam

168 2303 495 2372 immanis
535 2304 741 2386 ferae,
799 2325 1048 2373 manus
1096 2302 1229 2370 effu
1287 2301 1336 2369 it
1381 2300 1639 2370 auxilio
1690 2315 1829 2371 ῑυο.
1883 2306 2095 2385 Quem
2149 2324 2308 2372 cum
2364 2315 2555 2393 pater
2583 2303 2708 2372 Ja-

164 2391 294 2460 cob
344 2390 767 2481 deploraret:
824 2392 1158 2483 Improba,
1268 2390 1522 2470 icebat,
1575 2392 1728 2479 sera
1775 2392 2122 2461 devoravit
2160 2393 2381 2481 filium
2437 2414 2707 2462 meum.-

162 2499 387 2566 neque
441 2480 655 2550 ullam
723 2480 989 2551 volebat
1048 2478 1408 2550 admittere
1456 2479 2019 2550 consolationem.
2074 2484 2240 2551 Vere
2296 2480 2480 2551 enim
2533 2479 2707 2550 nihil

157 2590 318 2638 eum
370 2569 664 2638 celabas.
723 2569 850 2640 Sed
903 2581 1127 2638 tamen
1160 2589 1320 2637 cum
1371 2566 1677 2638 dicerent
1711 2569 1837 2638 filii
1885 2572 2070 2658 ejus:
2133 2572 2312 2651 Vide,
2360 2580 2591 2640 utrum
2622 2572 2709 2639 sic
2773 2570 2798 2611 '·

159 2659 328 2727 haec
379 2660 607 2728 tunica
654 2660 793 2749 filii
835 2661 979 2728 tui:
1032 2679 1166 2727 non
1241 2656 1560 2726 indicasti
1596 2659 1696 2728 ei:
1750 2658 1868 2727 sed
1921 2680 2062 2728 rem
2114 2658 2564 2735 abscondisti,
2632 2670 2710 2727 ut

208 2748 469 2818 aternis
524 2747 854 2838 lacrymis
915 2746 1342 2817 subvenires.
1420 2750 1600 2816 Uxor
1656 2747 1843 2817 enim
1908 2746 2275 2837 Putiphar,
2354 2761 2706 2834 tamquam

155 2769 298 2905 lera
347 2835 678 2917 crudelis,
734 2859 890 2906 eum
946 2836 1330 2915 invaserat,
1387 2846 1452 2904 et
1511 2835 1868 2926 unguibus
1915 2856 2073 2904 eum
2108 2891 2123 2917 ,
2198 2836 2399 2922 quasi
2473 2835 2705 2904 leaena

156 2925 499 3012 quaedam
545 2925 970 2995 dilaniabat:
1023 2938 1110 3006 et,
1175 2925 1358 3011 quod
1410 2924 1900 3013 gravissimum
1952 2936 2076 3004 est,
2133 2923 2425 2994 insidias
2476 2923 2708 2993 tende-

156 3015 300 3093 bat,
356 3027 433 3083 ut
481 3014 672 3084 solus
733 3037 891 3085 cum
951 3014 1098 3083 sola
1145 3012 1499 3082 dormiret.
1541 3012 1666 3082 Sed
1732 3013 1922 3081 solus
1971 3033 2107 3081 non
2155 3025 2322 3091 erat,
2377 3012 2706 3101 quoniam

163 3107 279 3173 tua
354 3124 483 3193 ope
543 3126 701 3173 eum
779 3104 1206 3193 protegebas,
1261 3101 1527 3171 Idcirco
1590 3101 1776 3170 enirn
1830 3102 2246 3188 permisisti,
2299 3114 2377 3171 ut
2422 3123 2578 3170 eum
2629 3123 2710 3170 ex

161 3190 510 3281 profundo
558 3192 764 3261 corde
821 3192 1085 3282 lugeret
1137 3203 1349 3282 pater,
1411 3203 1488 3258 ut
1535 3189 1707 3276 justi
1774 3189 2095 3279 precibus
2151 3188 2711 3260 adolescentulus

159 3280 634 3369 adjuvaretur.
689 3281 862 3364 Quid
929 3281 1114 3349 enim
1180 3277 1370 3348 aliud
1433 3291 1578 3347 erat
1624 3277 1812 3358 fera,
1867 3278 1999 3347 nisi
2060 3277 2273 3347 libido
2331 3302 2453 3370 per
2497 3299 2708 3365 quarn

162 3371 312 3459 ipse
376 3367 698 3439 diabolus
757 3382 822 3437 et
904 3369 1159 3438 femina
1215 3387 1371 3435 eum
1446 3367 1992 3457 oppugnabant?
2050 3371 2216 3438 Caro
2284 3381 2349 3439 et
2422 3367 2711 3457 sanguis

158 3456 666 3527 adolescentiae
716 3456 1041 3526 fervebat.
1103 3453 1474 3526 Oculorum
1545 3455 1827 3526 obtutus
1876 3456 2280 3527 invitabant.
2333 3456 2710 3528 Accedebat

161 3547 370 3615 herae
421 3545 746 3635 potentia,
801 3559 867 3614 et
914 3544 1000 3614 ad
1070 3557 1180 3613 tur
1237 3542 1571 3613 itudinem
1641 3544 2052 3615 adhortatio.
2105 3549 2403 3618 Ornatus
2464 3543 2709 3614 mulie-

156 3635 331 3715 bris,
369 3656 541 3703 auro
585 3634 1115 3724 margaritisque
1212 3632 1557 3713 istinctus‚
1612 3647 1818 3719 atque
1866 3635 2055 3702 omni
2110 3633 2339 3725 lapide
2381 3634 2701 3725 pretios0,

155 3722 518 3795 oculorum
573 3724 790 3793 aciem
846 3720 1375 3823 perstringebat.
1419 3722 1664 3792 Aderat
1696 3722 1984 3792 odorum
2038 3724 2363 3808 suavitas,
2402 3737 2467 3792 et
2503 3722 2706 3791 blan-

157 3812 391 3894 ditiae,
444 3834 622 3899 quae
656 3812 917 3901 lapsus,
973 3823 1351 3897 mortlsque
1396 3812 1827 3891 occasionem
1880 3814 2365 3903 suggerebant.
2412 3811 2531 3882 His
2565 3832 2711 3879 om-

156 3903 370 3972 nibus
416 3900 700 3992 Joseph,
758 3900 966 3971 veluti
1016 3901 1448 3971 innocentem
1492 3922 1779 3990 agnum,
1815 3900 2179 3982 invaserat,
2235 3914 2301 3971 et
2348 3913 2704 3986 tamquam

157 3991 395 4061 leaena
443 3990 815 4060 detinebat.
870 3988 997 4061 Sed
1058 4011 1217 4059 eum
1268 4010 1346 4057 ex
1408 4010 1525 4058 ore
1573 3989 1796 4080 ipsius
1848 4011 2097 4059 manus
2164 4002 2321 4070 tua,
2380 3987 2701 4069 Domine,

155 4080 435 4169 eripuit.
491 4080 755 4150 Etenim
798 4101 957 4150 cum
1000 4090 1178 4149 esset
1227 4077 1632 4148 nunciatum
1683 4077 1921 4158 Jacob,
1978 4077 2200 4149 fllium
2251 4078 2402 4179 ejus
2457 4078 2702 4159 vivere,

158 4169 536 4257 respondit,
593 4191 700 4238 ma
759 4190 923 4237 num
975 4167 1108 4237 sibi
1148 4188 1322 4247 esse,
1374 4166 1556 4253 quod
1611 4166 1803 4237 filius
1850 4167 2142 4236 viveret:
2212 4188 2467 4236 mirum
2518 4166 2706 4235 enim

157 4277 306 4325 esse
353 4257 532 4345 quod
584 4281 709 4327 cru
763 4257 935 4327 elem
997 4256 1185 4326 illam
1250 4254 1461 4325 feram
1518 4256 1889 4346 effugisset.
1948 4262 2047 4326 Tu
2093 4255 2322 4337 enim,
2378 4256 2694 4336 Domine,

152 4365 306 4414 eras
352 4369 513 4416 cum
564 4346 708 4428 illo,
759 4360 826 4417 et
871 4345 1105 4416 omnia
1143 4367 1321 4432 quae
1368 4344 1682 4429 faciebat,
1721 4366 1850 4435 ope
1904 4358 2021 4415 tua
2070 4345 2139 4414 in
2179 4344 2505 4415 manibus
2538 4344 2694 4433 ejus

153 4455 480 4526 prospere
527 4436 1012 4508 succedebant.
1065 4439 1260 4507 Nunc
1306 4435 1470 4505 item
1519 4456 1645 4525 ego
1693 4447 1781 4518 te,
1840 4435 2149 4518 Domine,
2208 4432 2502 4525 supplex
2548 4453 2696 4514 oro,
