3347 4999
166 332 339 399 OCT.
392 332 477 397 25
805 347 899 423 mt-
935 346 1028 394 ss.
1080 343 1492 394 cnarsmmo
1538 345 1615 392 m·
1659 345 1855 394 nanu
1901 346 2093 393 nar.
2500 329 2617 395 'm

171 435 378 528 igitur
428 430 800 513 inclinata,
853 429 1172 501 discessit
1211 428 1359 511 leo,
1418 441 1484 499 et
1544 451 1664 531 per
1716 428 2012 499 mediam
2064 429 2306 499 urbem
2359 431 2715 516 incedens,

172 523 512 593 neminem
563 519 783 591 laesit.
818 521 949 603 Qui
981 531 1210 589 autem
1246 539 1327 588 ex
1353 539 1469 589 ore
1499 540 1651 609 eJus
1690 518 1905 609 erepti
1945 517 2243 602 fuerant,
2289 519 2716 610 baptismum
2787 559 2788 562 π

167 632 405 684 omnes
453 621 935 700 susceperunt.

253 704 289 789 ξ
339 706 488 773 18.
543 704 723 770 Haec
772 697 1007 769 omnia
1060 695 1467 785 Imperatori
1516 695 1936 766 Numeriano
1976 696 2299 766 nunciata
2353 709 2540 779 sunt,
2593 699 2717 785 qui

168 797 377 861 Ponto
430 787 725 878 praetori
759 786 995 876 jussit,
1049 797 1125 854 ut
1172 783 1686 876 chrysanthum
1730 797 1796 854 et
1845 787 2156 866 Darlam,
2223 785 2355 855 nisi
2405 785 2540 856 diis
2591 788 2717 858 im-

169 879 532 958 molarent,
588 876 798 946 variis
849 874 1208 944 tormentis
1245 873 1675 944 excruciatos
1724 888 1941 945 morte
1989 873 2441 944 acerbissima
2489 875 2722 947 affice-

168 979 293 1039 ret.
347 971 510 1036 Cum
565 965 779 1056 igitur
823 986 940 1034 eos
989 968 1265 1032 Praetor
1313 962 1623 1033 hortatus
1683 975 1910 1043 esset,
1968 976 2044 1033 ut
2108 963 2586 1046 immolarent,
2657 978 2722 1035 et

168 1056 387 1126 multa
442 1054 624 1124 ultro
671 1054 981 1140 citroque
1033 1051 1217 1121 dicta
1263 1064 1515 1132 essent,
1552 1051 1766 1142 jussit
1820 1051 2328 1142 chrysanthum
2381 1052 2449 1120 in
2503 1076 2724 1123 arma·

166 1144 508 1216 mentario
556 1141 914 1232 suspendi.
975 1139 1100 1210 Sed
1154 1140 1584 1211 confractum
1636 1153 1740 1211 est
1788 1139 2085 1231 lignum,
2138 1153 2204 1210 et
2253 1140 2528 1211 vincula
2577 1142 2718 1212 dis-

166 1234 395 1305 soluta
443 1244 629 1312 sunt,
686 1243 752 1301 et
798 1229 981 1301 faces
1028 1229 1387 1299 extinctae.
1443 1229 1879 1317 Quicumque
1947 1241 2176 1300 autem
2229 1244 2538 1301 sanctam
2590 1236 2719 1301 Da-

166 1327 345 1393 riam
375 1320 892 1411 contingebant,
929 1340 1264 1389 manuum
1287 1319 1600 1477 {ssorum
1632 1319 1820 1387 nervi
1850 1319 2336 1406 obstupebant,
2357 1332 2425 1389 et
2447 1321 2719 1410 magnis

160 1410 531 1483 doloribus
579 1409 1096 1506 cruciabantur.
1137 1412 1285 1491 Quo
1380 1406 1662 1495 quidem
1715 1413 1992 1477 Praetor
2032 1408 2327 1479 intuitus
2363 1409 2613 1491 timuit,
2655 1421 2721 1479 et

159 1500 484 1571 celeriter
532 1498 617 1568 ad
688 1503 1177 1588 Imperatorem
1231 1518 1633 1576 accurrens,
1690 1497 1874 1585 quod
1917 1497 2177 1567 factum
2230 1509 2376 1566 erat
2433 1498 2720 1568 nuncia·

165 1583 289 1660 vit.
332 1588 462 1672 Qui
514 1588 681 1657 haec
732 1608 866 1657 non
905 1584 1140 1655 virtuti
1183 1584 1478 1666 divinae,
1525 1583 1643 1655 sed
1696 1585 1986 1677 magicis
2012 1585 2279 1655 artibus
2308 1586 2716 1668 attribuens,

153 1679 376 1768 jussit
420 1699 538 1748 eos
585 1690 771 1746 extra
822 1676 1068 1745 Urbem
1130 1674 1384 1745 abduci
1444 1675 1513 1744 in
1566 1674 1675 1743 via
1722 1695 1899 1761 quae
1960 1673 2351 1763 appellatur
2413 1674 2717 1756 Salaria,

163 1768 416 1837 effossa
468 1779 670 1846 terra,
711 1765 899 1835 vivos
933 1763 1158 1834 obrui.
1199 1763 1374 1833 Illuc
1411 1763 1624 1854 igitur
1654 1763 1878 1832 sancti
1914 1763 2390 1851 Chrysanthus
2420 1776 2486 1832 et
2520 1768 2724 1834 Darla

171 1855 517 1948 perducti,
546 1877 707 1924 cum
748 1854 814 1922 in
844 1852 1106 1923 foveam
1144 1866 1469 1924 canentes
1500 1864 1565 1921 et
1600 1865 1958 1941 precantes
1987 1851 2531 1932 descendissent,
2560 1875 2726 1923 con-

164 1948 364 2037 gesta
404 1946 583 2014 terra
622 1956 828 2030 atque
860 1941 1214 2099 latpidibus
1246 1940 1475 2011 obruti
1511 1953 1696 2021 sunt,
1731 1952 1798 2010 et
1826 1940 2155 2031 martyrio
2179 1941 2510 2022 coronati,
2547 1964 2726 2012 mor-

167 2048 305 2103 tem
361 2033 569 2104 simul
620 2054 700 2102 ac
749 2052 922 2119 sepu
955 2045 1176 2099 turam
1231 2030 1682 2099 invenerunt:
1737 2041 1801 2098 et
1849 2029 2438 2115 quemadmodum
2474 2030 2541 2098 in
2595 2030 2723 2100 hac

172 2123 311 2192 vita
343 2123 596 2210 spiritu
643 2121 977 2210 conjuges
1022 2119 1408 2198 extiterant,
1447 2118 1547 2187 sic
1580 2117 1954 2188 unanimes
1987 2140 2068 2188 ex
2107 2140 2184 2188 ea
2225 2118 2719 2201 discesserunt,

165 2224 237 2281 et
283 2233 325 2279 a
370 2217 502 2280 Deo
550 2209 853 2298 suscepti
903 2219 1068 2278 sunt
1100 2207 1524 2278 sacrificium
1573 2206 1835 2288 vivenS,
1871 2220 1936 2277 et
1970 2207 2233 2278 meritis
2267 2208 2492 2277 affecti
2529 2229 2717 2298 prae·

169 2299 338 2369 miis
372 2296 936 2369 immortalitatis,
1642 2337 1655 2354 ·

261 2389 299 2472 §
345 2391 477 2459 12.
532 2391 737 2456 Porro
785 2407 944 2455 cum
1000 2384 1114 2453 Dei
1163 2384 1382 2475 gratia
1436 2383 1696 2454 multae
1742 2384 2031 2455 virtutes
2089 2397 2154 2454 et
2202 2385 2597 2455 curationes
2644 2407 2723 2455 eo

168 2477 242 2546 in
296 2474 446 2546 loco
496 2474 759 2557 fierent,
814 2487 879 2545 et
924 2472 1257 2544 solemnis
1308 2474 1616 2562 martyrii
1670 2474 1979 2564 ipsorum
2017 2472 2164 2544 dies
2189 2474 2280 2545 ab
2327 2471 2722 2545 incredibili

166 2566 478 2634 virorum
530 2578 594 2633 et
634 2563 1078 2643 feminarum,
1130 2576 1197 2634 et
1247 2584 1618 2651 puerorum
1673 2563 2122 2633 multitudine
2151 2562 2617 2634 celebraretur
2648 2565 2718 2633 in

164 2675 384 2745 specu
431 2652 731 2740 quodam
835 2651 1197 2741 ropinquo,
1251 2652 1741 2733 NumerianuS,
1795 2653 2032 2722 audita
2072 2674 2168 2733 re,
2225 2652 2600 2742 speluncae
2647 2673 2724 2722 os

162 2756 378 2831 atque
426 2741 692 2812 aditum
742 2763 783 2811 o
834 2739 1007 2811 strui
1050 2740 1262 2829 jussit
1307 2741 1364 2810 ⁴.
1411 2740 1604 2825 Quod
1653 2742 1935 2828 quidem
1971 2740 2283 2810 celeriter
2308 2740 2563 2810 factum
2593 2752 2723 2811 est.

165 2838 482 2919 Cumque
545 2830 858 2917 undique
915 2843 1095 2900 terra
1156 2829 1673 2911 demitteretur,
1727 2850 1967 2900 omnes
2025 2829 2416 2899 divinorum
2471 2841 2725 2918 myste-

167 2922 438 2992 riorum
471 2920 1033 2991 communionem
1061 2920 1544 3009 suscipienteS,
1575 2932 1750 2988 mart
1806 2917 1885 2986 rii
1914 2939 2237 2988 coronam
2263 2939 2541 2987 summo
2563 2939 2725 2987 cum

218 3008 434 3080 audio
464 3021 953 3099 perceperunt:
992 3007 1170 3077 inter
1200 3030 1376 3096 quos
1408 3020 1553 3077 erat
1587 3029 1745 3098 pres
1795 3019 1945 3093 yter
1974 3005 2335 3086 DiodoruS,
2376 3006 2730 3076 Marianus

162 3034 539 3179 diaconus,
591 3110 657 3166 et
702 3096 961 3176 clerici,
1014 3109 1221 3185 atque
1268 3096 1385 3166 alii
1436 3094 1942 3185 quamplurimi
1972 3094 2233 3176 fideles,
2271 3116 2569 3182 quorum
2603 3116 2729 3164 no-

166 3187 370 3258 mina
402 3185 810 3272 conquirere
841 3188 1432 3275 supervacaneum
1466 3184 1817 3265 ducimuS,
1846 3205 2005 3252 cum
2046 3184 2329 3274 reperiri
2354 3196 2720 3271 nequeant.

164 3282 357 3348 Haec
404 3288 631 3345 autem
681 3275 940 3354 omnia,
996 3286 1071 3343 ut
1109 3288 1297 3365 gesta
1347 3285 1531 3353 sunt,
1573 3270 1699 3342 nos
1742 3273 2035 3341 Varinus
2073 3285 2141 3342 et
2178 3272 2542 3342 Armenius
2591 3271 2727 3341 fra·

167 3379 316 3435 tres
365 3363 936 3452 conscripsimuS,
969 3360 1178 3450 jussu
1204 3361 1626 3432 sanctissimi
1665 3367 1884 3452 Papae
1912 3361 2263 3451 Stephani,
2293 3374 2362 3431 et
2391 3362 2459 3430 in
2488 3381 2727 3431 omnes

154 3452 483 3525 civitates
534 3450 880 3530 misimus,
933 3463 1011 3520 ut
1057 3450 1290 3520 cuncti
1332 3449 1821 3540 intelligerent,
1855 3465 2132 3520 sanctos
2164 3456 2491 3541 Martyres
2517 3451 2727 3540 Chry·

158 3539 503 3614 santhum
551 3551 617 3608 et
667 3542 961 3619 Dariam,
997 3560 1039 3608 a
1075 3540 1359 3608 Domino
1403 3539 1719 3628 martyrii
1754 3538 2138 3629 praemium
2193 3539 2262 3608 in
2313 3539 2589 3609 coelesti
2624 3561 2727 3608 re-

158 3651 314 3725 gno
365 3627 794 3717 percepisse:
846 3627 963 3697 cui
1012 3626 1233 3716 gloria
1280 3640 1348 3698 et
1393 3627 1794 3718 imperium,
1851 3650 2038 3698 nunc
2086 3641 2153 3698 et
2200 3649 2475 3718 semper
2532 3639 2597 3697 et
2654 3627 2724 3695 in

160 3717 412 3793 secula
444 3716 871 3797 seculorum,
913 3722 1152 3785 Amen.

213 3886 241 3908 ⁶
271 3883 482 3931 corpora
500 3881 577 3920 SS.
594 3878 879 3928 Chrysantht
897 3884 944 3921 et
960 3876 1128 3921 Dat-lte
1146 3879 1379 3920 translata
1396 3877 1544 3921 tuisne
1566 3881 1788 3920 videntur
1808 3882 1867 3922 nd
1885 3882 2225 3923 monaster-tum
2246 3882 2424 3926 Emi-e,
2438 3882 2564 3932 quod
2583 3844 2656 3922 est
2675 3882 2723 3921 tn

154 3947 319 3989 regno
338 3935 605 3981 Boi-uanae,
624 3944 746 3974 uino
766 3935 858 3975 84⁴.
