3347 4999
226 324 400 391 OCT.
460 324 529 387 Μ
1108 343 1185 387 ns
1232 341 1289 388 s.
1341 340 1644 388 suanno
1693 340 1874 388 conr.
2547 327 2675 391 349

225 448 388 496 cum
418 425 672 503 labore,
718 425 837 493 sed
873 426 1166 494 maxime
1198 425 1587 495 redundant
1634 426 1962 494 ubertate.
2019 432 2094 494 In
2135 448 2213 495 ea
2243 427 2453 516 igitur
2491 429 2768 518 regione

225 516 418 585 locus
445 515 556 583 bic
590 515 788 594 situs,
823 514 1024 583 habet
1066 515 1135 582 in
1180 514 1404 582 medio
1434 514 1540 582 sui
1584 513 1942 583 ecclesiam
1978 514 2327 603 lapidibus
2356 532 2760 597 extructam,

222 617 289 674 et
323 603 642 671 decenter
678 615 1162 692 perornatam;
1217 602 1283 670 in
1334 624 1470 689 qua
1521 607 1586 671 S.
1641 602 1993 671 Gummari
2047 602 2375 689 reliquiae
2415 626 2767 673 asservan-

225 705 339 762 tur
390 714 567 777 quae
616 704 780 760 sunt
828 693 1033 760 totius
1081 692 1337 779 patriae
1391 691 1940 769 munimentum,
2000 691 2308 761 liberatio
2350 692 2709 762 hominum
2746 748 2762 773 ,

229 802 387 871 spes
419 780 744 869 benigna,
791 779 944 849 laus
966 779 1304 867 jucunda,
1343 779 1534 848 salus
1580 779 1986 848 certissima.

320 877 358 950 ἓ
408 873 566 941 10.
622 868 748 936 Sed
794 890 976 937 nunc
1006 868 1091 936 ad
1125 869 1514 937 institutum
1548 884 1970 936 revertamur
1997 889 2196 956 opus.
2234 873 2523 937 Sanctus
2562 874 2770 939 Gum-

231 979 492 1037 maruS‚
537 968 894 1046 postquam
930 957 1232 1037 arbores,
1272 957 1538 1046 spineta
1569 969 1634 1025 et
1666 956 1945 1025 frutices
1976 957 2356 1045 extirpavit,
2408 958 2767 1026 ecclesiam
2847 1000 2848 1003 =

232 1045 378 1115 illic
420 1045 486 1113 in
526 1045 854 1114 honorem
898 1050 961 1114 S.
1001 1044 1542 1126 Petri-condidit,
1596 1057 1799 1131 atque
1834 1045 1901 1112 in
1941 1066 2021 1114 ea
2051 1044 2312 1134 jugiter
2342 1047 2770 1117 orationibus

232 1133 630 1222 invigilans,
685 1134 768 1202 ad
820 1156 1193 1224 supernam
1235 1135 1589 1204 beatorum
1641 1134 2009 1223 spirituum
2063 1134 2401 1203 civitatem
2454 1134 2770 1205 ardenter

230 1222 649 1312 suspirabat,
685 1223 923 1292 oculos
962 1223 1319 1293 interiores
1346 1243 1779 1309 nequaquam
1816 1221 1901 1290 ad
1937 1223 2298 1293 vanitatem
2337 1236 2760 1309 retorquenS,

232 1311 461 1381 sciens
511 1312 845 1400 scriptum
889 1333 1081 1381 esse:
1132 1317 1334 1381 Nemo
1394 1313 1661 1379 mittens
1707 1334 1984 1379 manum
2028 1334 2223 1380 suam
2271 1314 2361 1380 ad
2408 1324 2762 1393 aratrum,

230 1410 294 1469 et
338 1402 698 1490 respiciens
742 1411 942 1479 retra,
999 1410 1197 1491 aptus
1245 1409 1341 1469 est
1385 1422 1588 1489 reqno
1626 1401 1752 1468 Dei
1781 1400 1966 1488 (Luc.
2004 1401 2116 1488 11).
2158 1404 2559 1470 Sanctorum
2614 1423 2768 1470 vero

229 1502 422 1580 gesta
462 1488 921 1568 scrutabatur,
957 1501 1022 1557 et
1053 1488 1140 1557 ad
1172 1509 1406 1558 eorum
1444 1488 1753 1576 exempla
1794 1488 1998 1556 vitam
2030 1488 2501 1558 conformabat
2541 1511 2761 1559 suam.

231 1582 599 1666 Praecepta
640 1578 751 1645 Dei
809 1577 1097 1647 auribus
1134 1576 1495 1657 audiebat,
1550 1598 1754 1663 opere
1809 1578 2315 1663 exequebatur:
2368 1578 2536 1646 dicit
2582 1579 2769 1646 enim

231 1666 585 1754 Scriptura
618 1689 632 1729 ε
685 1670 827 1735 Non
866 1667 1206 1734 auditores
1247 1668 1414 1755 leqe's
1438 1667 1619 1755 justi
1645 1675 1796 1733 sunt
1824 1667 2008 1755 apud
2037 1672 2268 1747 Deum,
2321 1667 2437 1736 sed
2482 1669 2769 1755 factores

237 1758 299 1823 le
352 1756 407 1822 is
442 1755 999 1844 justificabuntur
1041 1754 1163 1910 gad
1226 1759 1405 1823 Rom.
1458 1754 1560 1842 ιι).
1615 1754 1890 1836 Quoties
1928 1767 2152 1823 autem
2213 1756 2434 1825 visum
2489 1756 2588 1823 illi
2637 1755 2771 1824 fuit

238 1778 344 1911 ad]
368 1842 598 1910 villam
641 1863 836 1910 suam
886 1844 1055 1913 Emb
1086 1842 1282 1911 ehem
1334 1843 1610 1921 reverti,
1662 1842 1892 1912 eundo
1943 1843 2043 1911 vel
2097 1842 2444 1913 redeundo
2495 1843 2769 1911 nullum

241 1930 577 1999 sentiebat
632 1930 981 1999 laborem:
1039 1953 1246 2020 parvo
1292 1931 1475 2000 enim
1528 1931 1882 1999 intervallo
1930 1931 2092 2000 inde
2137 1934 2392 2001 aberat.
2447 1932 2769 2001 Conside-

236 2032 401 2099 rate,
440 2019 577 2098 hic,
617 2018 880 2101 tratres,
910 2020 1352 2109 temporalem
1382 2020 1593 2106 hujus
1621 2020 1747 2087 viri
1773 2020 2114 2089 militiam.
2146 2021 2337 2109 Apud
2372 2021 2770 2088 Emblehem

231 2108 520 2177 activam
548 2107 903 2176 exercebat
935 2108 1165 2189 vitam,
1197 2108 1404 2176 nudis
1439 2108 1797 2196 porrigens
1837 2108 2266 2187 indumenta,
2305 2110 2770 2179 esurientibus

231 2217 485 2275 escam,
530 2210 962 2284 aegrotorum
998 2218 1536 2286 gerenscuram,
1595 2197 1989 2285 peregrinos
2021 2198 2369 2286 excipiens
2419 2198 2713 2287 hospitio
2741 2251 2760 2277 ‚

236 2284 539 2385 pupillos
584 2284 981 2374 desendenS,
1037 2284 1278 2355 viduas
1312 2298 1696 2375 protegens,
1733 2298 1799 2353 et
1832 2285 1897 2353 id
1941 2307 2161 2374 genus
2198 2288 2394 2357 bonis
2441 2287 2768 2376 operibus

234 2374 584 2444 insistens.
640 2374 913 2454 Quoties
961 2386 1186 2442 autem
1244 2396 1281 2441 a
1335 2374 1616 2442 terrenis
1655 2373 1889 2442 animo
1928 2373 2014 2442 ad
2068 2375 2386 2443 coelestia
2445 2375 2716 2444 sublato
2751 2430 2765 2455 ,

235 2462 365 2533 soli
414 2461 759 2532 Conditori
809 2483 927 2552 per
979 2461 1619 2551 contemplationem
1675 2462 2028 2532 intendere
2077 2463 2338 2544 voluit,
2391 2463 2475 2536 ad
2538 2464 2768 2534 locum

235 2552 512 2620 oratorii
554 2551 662 2620 sui
705 2552 1119 2621 recurrebat.

326 2641 363 2725 ξ
408 2646 540 2711 11.
589 2638 943 2708 Silendum
981 2662 1136 2708 vero
1172 2661 1305 2709 non
1350 2652 1473 2719 est,
1528 2662 1740 2726 quam
1783 2640 2135 2729 praeclara
2169 2642 2413 2710 virtute
2448 2645 2512 2709 S.
2560 2646 2773 2710 Gum-

236 2750 475 2797 marus
507 2728 888 2797 emicuerit.
942 2733 1107 2798 Nam
1161 2728 1405 2798 messis
1444 2741 1772 2817 tempore,
1811 2751 1970 2798 cum
2006 2730 2263 2798 exirent
2297 2729 2610 2799 homines
2644 2752 2774 2799 un-

233 2816 449 2902 dique
475 2817 544 2885 in
587 2839 624 2884 a
680 2838 811 2896 τος,
866 2816 960 2884 ait
999 2816 1099 2883 illi
1134 2839 1303 2885 uxor
1335 2839 1460 2885 sua
1497 2840 1510 2883 ε
1566 2822 1719 2885 «En
1756 2817 1875 2886 alii
1906 2818 1989 2886 ad
2027 2839 2315 2886 messem
2359 2832 2767 2907 properant:

236 2905 407 2993 quid
463 2926 586 2973 nos
671 2905 888 2974 esidia
923 2909 1322 2994 torpemus?
1355 2929 1390 2970 »
1431 2906 1648 2975 Exivit
1693 2928 1856 2996 ergo
1907 2928 2065 2975 cum
2116 2905 2377 2974 familia
2419 2906 2482 2973 in
2524 2928 2768 2996 agros;

233 3015 536 3079 cumque
582 2994 916 3063 instarent
953 2993 1166 3083 operi,
1222 2995 1482 3062 nimius
1523 2993 1668 3081 jam
1705 2994 1932 3063 media
1969 2993 2079 3063 die
2113 2994 2278 3062 solis
2326 3009 2553 3065 aestus
2599 3009 2767 3064 erat.

234 3083 583 3152 Petierunt
632 3083 860 3168 itaque
900 3081 1253 3171 paulisper
1290 3082 1567 3160 dimitti,
1621 3093 1699 3151 ut
1746 3082 2058 3151 ardorem
2095 3082 2244 3152 sitis
2273 3083 2766 3173 extinguerent.

242 3171 371 3240 Sed
424 3169 674 3238 mulier
709 3170 1091 3239 truculenta
1142 3169 1403 3239 nullam
1453 3171 1673 3260 coepti
1721 3170 1949 3258 operis
1998 3170 2573 3240 intermissionem
2625 3172 2773 3240 fieri

237 3259 552 3336 sinebat;
608 3259 819 3328 immo
867 3258 1241 3328 delassatos
1289 3259 1577 3348 urgebat
1625 3258 1836 3327 minis
1882 3271 1948 3327 et
1994 3259 2262 3328 acerbis
2310 3261 2766 3331 sermonibus.

240 3353 550 3432 Cumque
587 3347 732 3435 jam
786 3369 947 3436 prae
1008 3347 1241 3416 labore
1287 3360 1351 3415 et
1411 3346 1523 3415 siti
1571 3346 1980 3428 deficerent,
2035 3362 2316 3416 sanctus
2356 3353 2773 3420 Gummarus

240 3438 428 3504 venit
462 3437 530 3503 in
581 3457 849 3523 agrum.
904 3436 1023 3504 Cui
1067 3449 1514 3504 occurrerunt
1557 3456 1820 3517 omneS,
1873 3437 2055 3504 etad
2101 3437 2306 3527 pedes
2353 3439 2503 3526 ejus
2554 3439 2776 3525 proci-

239 3525 503 3603 dentes,
561 3523 1085 3612 lacrymabundi
1133 3523 1498 3592 dixerunt:
1554 3546 1589 3588 «
1624 3528 1816 3604 Ecce,
1857 3536 2080 3613 pater,
2123 3525 2512 3596 deficimus.
2561 3527 2779 3595 Labor

247 3614 373 3682 iste
408 3613 477 3680 in
516 3624 700 3680 tanto
733 3613 898 3680 solis
927 3613 1183 3680 fervore
1214 3611 1662 3682 intolerabilis
1695 3625 1818 3692 est,
1857 3626 1922 3681 et
1962 3635 2085 3682 nos
2119 3615 2231 3683 siti
2273 3615 2601 3702 perimus.
2642 3621 2775 3683 Ro-

240 3702 559 3792 gavimus
599 3699 952 3790 dominam
990 3713 1320 3780 nostram,
1376 3712 1452 3768 ut
1499 3700 1898 3770 concederet
1939 3702 2137 3771 nobis
2174 3702 2524 3793 paulisper
2560 3704 2776 3793 respi-

240 3811 416 3869 rare,
464 3800 529 3857 et
567 3788 821 3857 haustu
854 3811 1073 3875 aquae
1107 3788 1661 3869 nosrefocillare,
1701 3789 1815 3857 sed
1856 3812 2140 3879 prorsus
2170 3792 2416 3860 renuit.
2461 3791 2777 3860 Miserere

239 3900 402 3968 ergo
437 3876 675 3948 saltem
735 3890 831 3958 tu,
892 3890 1104 3965 pater,
1162 3889 1226 3946 et
1281 3899 1472 3946 serva
1513 3899 1663 3947 nos.
1697 3901 1732 3944 »
1781 3879 1875 3948 Iis
1932 3880 2155 3950 verbis
2201 3892 2632 3960 commotus,
2687 3880 2781 3949 ait

241 3967 486 4037 uxori:
541 3988 575 4031 «
606 3969 656 4034 Ο
706 3978 945 4055 pectus
993 3965 1289 4034 ferreum
1345 3978 1410 4035 et
1467 3988 1779 4054 perversa
1831 3989 2064 4048 menS,
2121 3990 2246 4036 cur
2294 3990 2428 4036 non
2484 3968 2779 4038 flecteris

244 4053 769 4123 misericordia?
815 4052 996 4122 Nihil
1047 4054 1169 4122 tibi
1231 4054 1586 4122 nobiscum
1631 4055 1729 4122 rei
1790 4055 1877 4124 sit
1927 4077 2104 4142 quae
2158 4055 2359 4125 talem
2410 4057 2591 4144 geris
2630 4058 2780 4125 ani-

247 4164 463 4211 mum.
504 4142 764 4213 Recede
796 4142 983 4221 hinc,
1023 4141 1244 4212 invisa
1292 4148 1446 4222 Dec,
1486 4142 1887 4212 hominibus
1935 4144 2194 4214 odiosa.
2238 4167 2273 4211 »
2309 4145 2434 4213 Illa
2476 4167 2628 4214 mox
2677 4167 2780 4214 re-

245 4231 490 4311 cessit,
546 4231 1139 4321 reprehensionem
1188 4231 1338 4319 ejus
1405 4231 1929 4321 parvipendens.
1985 4238 2060 4301 At
2116 4234 2218 4302 vir
2277 4245 2554 4303 sanctus
2611 4234 2782 4303 fodit

244 4317 491 4388 baculo
543 4332 830 4402 terram,
906 4332 971 4389 et
1038 4332 1413 4409 eruperunt
1482 4341 1700 4406 aquae
1769 4319 2244 4410 largissimae:
2296 4344 2469 4409 quas
2540 4344 2779 4391 omnes

247 4403 353 4474 illi
399 4407 713 4477 alacriter
761 4409 1187 4489 hauserunt,
1258 4408 1480 4498 magis
1529 4409 1869 4498 praesenti
1919 4410 2253 4480 miraculo
2283 4465 2298 4493 ‚
2351 4433 2560 4499 quam
2613 4422 2781 4501 potu
