3347 4999
156 341 367 408 OCT.
425 341 506 406 24
821 359 901 406 mi
948 359 1004 407 s.
1058 360 1307 406 numm
1355 360 1546 406 naar.
1599 359 1676 406 nr
1724 358 1921 407 sociis
1970 359 2120 407 mus
2523 345 2639 409 69⁴

157 441 739 534 pulcherrimum
794 444 1072 513 bustum
1123 445 1428 533 seipsum
1479 444 1542 512 ei
1591 443 1891 525 tradens,
1945 444 2023 513 fit
2069 466 2228 514 cum
2292 445 2442 535 ipsa
2495 445 2738 517 haeres

153 553 482 602 coronae
531 532 867 621 martyrii.
930 535 1095 601 Cum
1150 532 1315 601 haec
1365 532 1464 600 sic
1514 531 1791 611 fierent,
1849 533 2257 622 patientium
2310 533 2737 605 Christiano-

156 643 348 693 rum
399 621 562 696 moti
614 620 1088 692 misericordia
1150 621 1197 689 ii
1245 622 1363 708 qui
1412 633 1608 690 erant
1653 621 1836 690 circa
1887 627 2166 712 Regem,
2220 634 2284 691 et
2332 622 2480 712 ipse
2528 628 2739 694 Sena-

154 727 288 782 tus
331 765 349 792 ‚
406 710 742 798 rogabant
789 722 863 778 ut
893 722 1195 779 caeteros
1235 709 1587 789 relaxaret,
1640 723 1707 779 et
1756 732 1887 779 non
1928 711 2202 801 penitus
2245 711 2557 800 perderet
2599 726 2734 783 tam

156 820 516 890 magnam
569 799 938 879 civitatem,
991 813 1057 867 et
1093 799 1346 888 populo
1380 813 1514 867 tam
1553 797 2002 886 frequentem,
2047 811 2112 868 et
2149 819 2327 887 quae
2365 804 2739 887 quotannis

159 910 443 978 magna
497 887 838 976 pendebat
905 887 1284 977 vectigalia.
1347 893 1712 975 Postquam
1765 900 1995 958 autem
2047 887 2177 957 hac
2228 889 2294 956 in
2349 910 2420 958 re
2483 892 2732 960 annuit

156 978 364 1047 dura
418 976 533 1044 illa
582 977 815 1046 anima
861 990 927 1045 et
974 977 1477 1058 Pharaonitica,
1530 976 2150 1064 crudelitatemque
2207 977 2369 1047 vicit
2420 979 2733 1056 avaritia,

159 1065 355 1156 quid
398 1064 619 1135 facit?
657 1071 822 1135 Cum
882 1064 1093 1155 hujus
1152 1065 1492 1146 civitatis,
1548 1079 1613 1135 et
1662 1066 1872 1136 totius
1924 1067 2224 1156 regionis
2265 1065 2556 1154 juvenes
2595 1080 2733 1136 tam

165 1153 566 1234 masculos,
606 1175 813 1241 quam
868 1155 1160 1224 seminas
1211 1155 1586 1245 redegisset
1623 1154 1693 1223 in
1745 1156 2168 1236 servitutem,
2207 1175 2504 1242 quorum
2541 1169 2740 1226 erant

164 1244 409 1315 multa
462 1242 704 1323 millia,
743 1255 808 1312 et
840 1243 1013 1314 alios
1059 1243 1338 1329 quidem
1394 1245 1541 1333 ipse
1573 1244 1988 1323 retinuisset,
2035 1243 2208 1314 alios
2248 1256 2474 1313 autem
2529 1245 2738 1314 tradi·

163 1335 406 1404 disset
436 1331 694 1418 quibus
729 1332 964 1414 voluit,
1021 1354 1335 1402 reversus
1368 1346 1469 1402 est
1502 1333 1570 1400 in
1608 1334 1894 1423 regiam,
1937 1333 2154 1403 libera
2189 1334 2462 1402 civitate
2499 1333 2739 1403 effecta

164 1423 407 1500 servA,
449 1443 625 1508 quae
657 1420 970 1490 dedicata
1010 1436 1153 1490 erat
1184 1420 1311 1490 soli
1339 1422 1679 1501 Trinitati‚
1724 1443 1935 1509 quam
1988 1423 2134 1513 ipse
2185 1421 2495 1493 Christus
2544 1422 2738 1493 rede-

168 1511 311 1580 mit
360 1511 637 1599 proprjo
678 1510 1039 1600 sanguine,
1099 1523 1166 1579 et
1196 1531 1373 1597 quae
1422 1511 1481 1580 ei
1523 1510 1775 1581 obtulit
1824 1523 2082 1578 tantam
2135 1515 2502 1598 Martyrum
2560 1512 2740 1581 mul·

167 1598 585 1679 titudinem,
625 1619 862 1667 eorum
900 1600 1221 1668 victorias
1250 1611 1314 1668 et
1346 1600 1725 1669 certamina
1759 1598 2107 1689 praeclare
2146 1599 2552 1689 praedicans
2585 1599 2737 1671 orbi

170 1705 433 1760 terrae.

270 1780 311 1864 ξ
367 1781 521 1849 ⁷15.
576 1780 654 1844 Et
699 1775 868 1845 haec
916 1776 1194 1863 quidem
1249 1776 1340 1846 ita
1388 1797 1460 1846 se
1496 1776 1863 1846 habebant.
1909 1781 2306 1846 Revertente
2335 1790 2562 1846 autem
2601 1781 2735 1846 He-

172 1869 420 1946 braeo,
459 1866 782 1955 apparuit
821 1865 1005 1956 ignis
1045 1865 1306 1950 aliquot
1353 1865 1625 1946 dicbuS,
1675 1869 1810 1934 tota
1861 1878 2057 1936 nocte
2092 1866 2391 1955 implens
2447 1868 2671 1936 aerem
2712 1921 2726 1948 ,

168 1955 304 2044 qui
360 1955 588 2044 ipsum
644 1959 956 2035 Dunaan‚
1001 1967 1066 2023 et
1112 1955 1263 2044 ejus
1309 1954 1601 2023 terrebat
1653 1955 2055 2034 exercitum,
2100 1967 2165 2024 et
2224 1954 2729 2044 conjiciendum

173 2043 563 2135 praebebat
613 2044 728 2111 Dei
779 2043 950 2112 iram
1001 2042 1332 2113 adversus
1368 2044 1642 2132 impioS.
1705 2042 1961 2111 Deinde
2001 2045 2187 2134 ignis
2216 2065 2491 2130 quoque
2529 2043 2739 2113 desu-

179 2155 335 2223 per,
376 2133 500 2220 qui
546 2144 691 2201 erat
740 2130 1034 2221 perfecta
1099 2131 1323 2222 plaga,
1371 2131 1545 2220 pluit
1596 2132 1663 2200 in
1718 2144 1990 2200 terram.
2032 2133 2156 2202 Sed
2198 2154 2282 2201 ne
2320 2133 2420 2202 sic
2452 2132 2731 2219 quidem

181 2222 416 2311 potuit
445 2220 698 2309 corrigi
730 2220 1124 2301 sceleratu3‚
1171 2241 1392 2307 neque
1430 2220 1611 2289 flecti
1645 2220 1776 2289 sub
1810 2222 2067 2309 potenti
2109 2243 2321 2291 manu
2355 2222 2491 2290 Dei.
2524 2226 2736 2290 Tanto

178 2322 422 2378 autem
476 2309 707 2379 furore
769 2321 913 2378 erat
968 2331 1302 2379 accensus
1348 2308 1683 2378 adversus
1749 2309 2194 2390 Christianos,
2248 2323 2324 2380 ut
2377 2310 2580 2379 etiam
2647 2310 2731 2378 ad

180 2406 444 2488 Regem
488 2403 848 2466 Persarum
898 2396 933 2435 ¹*
985 2399 1249 2467 miserit
1287 2398 1695 2489 legationem
1721 2451 1737 2478 ,
1774 2411 1840 2468 et
1874 2400 2234 2501 rogaverit,
2271 2411 2349 2469 ut
2383 2399 2530 2490 ipse
2562 2420 2736 2486 quo-

176 2508 323 2574 que
372 2484 623 2557 faceret
662 2485 942 2568 similia,
981 2499 1047 2556 et
1079 2509 1342 2569 omneS,
1386 2486 1506 2575 qui
1558 2488 1626 2557 in
1691 2511 1816 2558 sua
1866 2487 2126 2558 ditione
2175 2488 2728 2569 inveniebantur,

178 2574 615 2647 Christianos
674 2576 985 2665 perderet
1033 2575 1388 2646 funditus:
1448 2578 1507 2646 si
1567 2575 1790 2659 vellet,
1847 2579 2195 2665 inquiens,
2234 2577 2445 2647 solem
2486 2577 2737 2646 habere

180 2665 594 2754 propitium,
630 2678 691 2733 et
753 2664 905 2755 ejus
961 2677 1273 2754 patrem:
1327 2665 1508 2736 sicut
1547 2665 1662 2736 ille
1703 2667 2098 2757 nugabatur
2136 2688 2287 2736 esse
2336 2671 2545 2735 Deum
2607 2670 2734 2735 He·
2833 2678 2838 2683 ’

177 2756 581 2824 braeorum.
636 2755 924 2843 Scripsit
956 2755 1160 2823 etiam
1198 2754 1283 2824 ad
1318 2754 1868 2824 Alamundarum
1918 2760 2166 2825 Ducem
2208 2760 2730 2836 Saracenorum,

177 2844 304 2931 qui
338 2856 535 2913 erant
572 2845 705 2913 sub
735 2844 983 2924 Persi3‚
1032 2844 1441 2929 promittens
1475 2866 1545 2913 se
1577 2845 1640 2914 ei
1673 2844 1876 2912 etiam
1913 2844 2238 2914 daturum
2281 2842 2638 2933 pecuniaS,
2674 2844 2738 2912 si

181 2944 455 3001 moveat
507 2932 1047 3022 persecutionem
1090 2933 1425 3003 adversus
1470 2933 1917 3012 Chr'stianos‚
1957 2933 2278 3019 quisunt
2312 2931 2373 3001 ei
2409 2931 2728 3020 subjecti.

180 3020 311 3091 Sed
358 3020 474 3089 ille
507 3022 784 3107 quidem
823 3035 967 3092 erat
998 3021 1168 3091 adeo
1203 3021 1493 3091 infestus
1535 3026 1578 3090 C
1634 3021 1966 3101 ristianis,
2004 3034 2068 3089 et
2113 3020 2213 3089 sic
2246 3019 2584 3090 faciebat:
2614 3020 2735 3110 ju-

179 3110 365 3181 stitia
398 3123 626 3178 autem
665 3132 1098 3197 nequaquam
1149 3111 1438 3181 cessavit
1488 3108 1773 3199 implere
1821 3131 1984 3178 suas
2027 3121 2253 3199 partes
2302 3110 2369 3177 in
2423 3109 2509 3177 iis
2558 3130 2738 3197 quae

180 3200 281 3267 sic
333 3198 612 3266 fiebant.
661 3201 983 3269 Justinus
1032 3200 1212 3267 enim
1265 3222 1424 3268 cum
1485 3198 1585 3266 sic
1634 3198 1696 3266 ei
1739 3198 1963 3267 visum
2004 3210 2215 3278 esset,
2277 3198 2589 3269 hortatus
2634 3211 2738 3269 est

179 3287 757 3367 Alamundarum,
796 3300 872 3356 ut
895 3288 1163 3357 foedera
1196 3288 1384 3377 pacis
1420 3287 1622 3354 iniret
1659 3308 1818 3356 cum
1857 3288 2216 3357 Saracenis
2260 3292 2736 3357 Romanorum

180 3374 356 3443 vecti
412 3374 676 3444 alibus:
715 3388 779 3444 et
812 3376 1071 3445 missus
1118 3389 1219 3445 est
1280 3375 1688 3445 Abraamius
1724 3376 1825 3443 vir
1865 3376 2021 3464 pius
2082 3389 2146 3445 et
2189 3375 2567 3466 presbyter,
2608 3377 2736 3462 qui

185 3463 313 3532 hac
380 3477 753 3553 ungeretur
786 3462 1144 3554 legatione.
1180 3463 1474 3533 Aderant
1512 3476 1742 3532 autem
1787 3464 1929 3534 illic
1978 3486 2254 3551 quoque
2292 3486 2332 3534 a
2366 3470 2547 3554 Rege
2581 3470 2737 3535 Per-

181 3572 447 3630 sarum,
501 3573 658 3620 cum
712 3551 832 3620 alii
878 3553 1161 3639 quidam
1203 3607 1217 3634 ,
1273 3566 1418 3622 tum
1470 3553 1778 3623 Isaacius
1825 3575 2100 3642 quoque
2153 3555 2511 3644 presbyter
2544 3608 2559 3635 ,
2612 3555 2735 3641 qui

182 3651 497 3731 praeerat
531 3640 937 3710 Christianis
977 3641 1409 3722 orthodoxis
1463 3643 1581 3729 qui
1631 3642 1700 3710 in
1739 3643 2011 3711 Perside
2045 3655 2263 3712 erant.
2324 3642 2568 3712 Aderat
2609 3664 2737 3711 au·-

183 3744 314 3800 tem
348 3729 524 3797 Silas
553 3750 827 3816 quoque
856 3731 1235 3819 Episcopus
1266 3732 1860 3811 Nestorianorum,·
1889 3753 2047 3800 cum
2085 3731 2505 3819 quibusdam
2544 3729 2723 3811 aliis,

184 3818 431 3906 partim
462 3817 741 3906 quidem
783 3840 903 3909 pro
936 3818 1242 3889 Hebraeo
1271 3818 1568 3910 fungens
1603 3820 1966 3909 legatione,
2020 3821 2265 3909 partim
2306 3841 2463 3888 vero
2500 3818 2734 3890 volens

181 3908 545 3978 convenire
592 3907 1034 3988 orthodoxos,
1072 3921 1138 3978 et
1184 3908 1540 3998 disputare
1582 3909 1914 3979 adversus
1963 3923 2145 3978 recta
2195 3908 2541 3998 dogmata.

268 3999 303 4084 ξ
333 4001 498 4068 28.
537 4001 702 4066 Cum
735 4010 966 4066 autem
1001 4019 1230 4067 coram
1258 3997 1461 4069 dictis
1490 4000 1759 4087 Legatis
1793 3997 2183 4088 legerentur
2224 3997 2488 4067 litterae
2525 3997 2730 4087 Regis

186 4086 716 4166 Homeritarum,
769 4098 835 4155 et
882 4085 1058 4155 Silas
1109 4087 1557 4157 assentiretur
1604 4108 1813 4176 scopo
1850 4089 2002 4175 ejus
2035 4087 2154 4174 qui
2197 4085 2612 4174 scripserat,
2668 4097 2735 4155 et

188 4170 438 4243 diceret
484 4174 829 4245 Christum
879 4174 1102 4244 solum
1155 4195 1304 4245 esse
1339 4176 1716 4256 hominem,
1755 4190 1821 4245 et
1879 4197 2010 4245 non
2070 4180 2309 4244 Deum:
2371 4174 2746 4257 Quomodo·

190 4262 394 4344 enim,
449 4264 794 4351 inquiens,
847 4264 968 4353 qui
1010 4264 1322 4335 nascitur
1367 4286 1447 4334 ex
1497 4264 1821 4346 muliere,
1863 4278 1927 4333 et
1983 4264 2428 4355 componitur
2482 4286 2561 4334 ex
2620 4284 2740 4345 eo,

240 4474 266 4501 ¹³
293 4476 390 4517 Rex
410 4477 659 4520 Pet-surum
675 4484 779 4521 erat
794 4479 898 4521 tum
918 4476 1147 4530 temporis
1166 4480 1386 4523 candes.
