3347 4999
200 346 375 414 OCT.
429 346 502 412 3⁴
875 364 952 411 ns
999 365 1053 411 s.
1094 361 1486 411 wocrcmao
1522 363 1620 410 ιι».
1660 357 2076 410 mrrsrormrt.
2528 343 2655 409 767

199 454 509 536 Cumque
549 459 821 538 tempus
857 449 1382 537 permutationis
1427 447 1839 527 advenisset,
1883 461 2016 517 tam
2070 458 2470 538 promptum
2522 468 2596 518 se
2632 466 2746 516 ex-

199 538 449 619 hibuit,
503 551 579 608 ut
632 537 1064 627 privilegium
1096 537 1133 574 *
1179 538 1327 639 ipse
1359 537 1848 628 composuerit.

288 635 328 709 5
374 631 547 698 8⁰.
603 626 1001 716 Prophetiae
1060 626 1381 716 spiritum
1443 628 1506 695 ei
1560 648 1692 695 non
1744 625 2082 708 defuisse,
2137 625 2239 694 vel
2288 647 2370 696 ex
2432 626 2517 695 iis
2580 623 2746 695 solis

198 715 365 785 satis
410 729 701 797 constat,
744 738 922 802 quae
961 715 1045 783 de
1088 715 1659 805 praestantissimi
1706 715 1910 784 Ducis
1956 713 2231 784 Henrici
2275 714 2510 785 liberis
2554 735 2744 804 prae·

197 805 389 874 dixit.
416 809 580 875 Cum
614 804 798 873 enim
820 804 906 873 ad
934 826 1090 873 eum
1125 806 1214 875 ob
1237 803 1764 891 impertiendam
1797 803 2367 886 benedictionem,
2396 817 2471 873 ut
2502 803 2745 872 crebro

197 892 478 975 solebat,
532 893 879 963 adductus
925 906 1123 974 esset,
1177 893 1760 983 speciosissimam
1814 893 1967 981 ejus
2019 892 2277 983 prolem
2335 893 2737 970 Henricum,

194 983 313 1069 qui
352 995 579 1072 postea
632 982 744 1051 Dei
783 994 955 1051 nutu
1004 981 1226 1051 factus
1256 995 1357 1051 est
1405 986 1808 1071 Imperator,
1864 987 2112 1072 Regem
2156 981 2552 1072 appellavit,
2607 979 2745 1049 sra-

197 1085 367 1141 trem
419 1071 571 1160 ejus
605 1075 992 1140 Brunonem
1029 1072 1290 1140 vocavit
1335 1071 1743 1141 antistitem:
1778 1091 2078 1140 sororem
2121 1091 2357 1140 eorum
2414 1084 2574 1141 natu
2611 1090 2747 1138 ma·

188 1159 441 1248 jorem,
501 1160 872 1249 Reginam:
938 1159 1316 1241 minorem,
1371 1182 1578 1248 quam
1634 1159 1779 1249 ipse
1840 1159 2245 1248 baptizavit,
2298 1173 2363 1229 et
2410 1160 2494 1230 de
2551 1178 2749 1228 sacro

193 1248 381 1320 fonte
428 1249 753 1337 suscepit,
793 1249 1221 1317 Abbatissam
1276 1247 1681 1318 nominavit.
1727 1252 1908 1317 Haec
1959 1270 2138 1330 vero,
2190 1261 2257 1318 et
2305 1249 2520 1318 multa
2578 1246 2739 1326 alia,

193 1359 374 1427 quae
421 1337 508 1405 ab
555 1358 670 1406 ore
715 1336 871 1425 ejus
918 1338 1360 1427 accepimuS,
1419 1337 1517 1407 sic
1576 1337 1885 1407 evenisse
1933 1337 2249 1406 videmus
2279 1392 2294 1418 ‚
2350 1350 2425 1406 ut
2489 1336 2578 1406 ab
2629 1333 2748 1404 illo

195 1424 549 1517 praedicta
581 1439 764 1495 sunt.
823 1426 966 1495 Alio
1017 1439 1318 1527 tempore
1362 1448 1525 1496 cum
1587 1426 1689 1494 vir
1737 1439 2020 1495 sanctus
2083 1426 2218 1495 sub
2267 1447 2620 1516 vesperam
2673 1423 2745 1492 in

196 1536 453 1606 pagum
505 1514 988 1606 Eglolfeshiam
1027 1528 1342 1596 venisset,
1401 1536 1519 1605 per
1565 1514 1627 1583 le
1678 1527 1868 1583 atum
1914 1535 2119 1584 suum
2162 1514 2372 1604 jussit
2420 1512 2741 1589 indicari,

197 1605 256 1674 si
305 1603 422 1691 qui
478 1603 543 1672 in
616 1604 859 1673 vicinis
915 1603 1082 1674 locis
1120 1604 1516 1673 confirmari
1570 1626 1644 1672 ve
1682 1604 1867 1682 lent,
1941 1615 2017 1672 ut
2084 1604 2606 1693 quamprimum
2657 1600 2744 1670 ad

195 1692 428 1782 ipsum
471 1692 895 1762 accederent.
951 1697 1242 1784 Legatus
1295 1715 1446 1762 mox
1486 1692 1726 1781 exequi
1776 1692 1974 1780 jussa
2027 1693 2282 1773 volana,
2337 1692 2610 1761 festinat
2655 1688 2744 1758 ad

196 1781 643 1852 sternendum
676 1803 932 1870 equum
970 1804 1203 1851 suum.
1238 1786 1406 1851 Eum
1461 1804 1616 1851 vero
1650 1780 1958 1851 ablatum
1991 1803 2302 1862 cernens,
2351 1777 2745 1850 incredibili

179 1871 422 1959 'coepit
470 1892 774 1940 moerore.
813 1869 1021 1952 affici,
1061 1871 1374 1939 nesciens
1402 1870 1569 1957 quid
1621 1883 1873 1961 ageret.
1928 1870 2256 1959 Cupiebat
2296 1870 2479 1939 enim
2532 1887 2749 1957 ocyus

194 1959 503 2041 efficere,
557 1959 741 2047 quod
783 1960 1027 2046 jussus
1079 1972 1263 2028 erat:
1319 1958 1436 2028 sed
1510 1960 1747 2028 aberat
1796 1958 2135 2040 facultas»,
2188 1980 2347 2028 cum
2416 1980 2539 2028 nec
2589 1975 2748 2046 spes

193 2048 360 2118 afful
415 2061 556 2119 eret
601 2048 889 2118 alterius
916 2047 1270 2130 obtinendi
1309 2048 1495 2135 equi,
1544 2070 1669 2117 nec
1707 2047 1884 2116 vires
1910 2060 2375 2138 suppeterent,
2428 2060 2504 2117 ut
2542 2044 2749 2137 pedes

196 2150 334 2207 tam
439 2137 572 2207 revi
628 2137 956 2227 temporis
995 2136 1239 2226 spatio.
1298 2136 1390 2218 id,
1449 2136 1633 2225 quod
1686 2136 2068 2225 Episcopus
2137 2136 2521 2217 mandarat,
2582 2155 2751 2203 con-

195 2225 468 2307 ficeret,
534 2225 829 2295 maxime
874 2226 1055 2312 quod
1112 2225 1373 2294 humus
1421 2225 1766 2296 imbribus
1819 2224 2211 2295 immodicis
2259 2225 2563 2317 irrigata,
2617 2220 2750 2292 dit·-

196 2313 378 2383 ficile
417 2314 768 2404 praeberet
812 2314 1140 2383 euntibus
1190 2313 1338 2382 iter.
1384 2314 1506 2383 His
1559 2314 1671 2383 ille
1726 2314 2070 2405 angustiis
2117 2314 2552 2401 aliquamdiu
2600 2312 2752 2400 agi-

196 2414 402 2484 tatus,
458 2401 731 2471 tandem
783 2405 1112 2491 concepta
1171 2401 1237 2470 in
1295 2406 1500 2471 Deum
1554 2402 1859 2483 fiducie,
1917 2403 2153 2472 statuit
2203 2402 2408 2493 pedes
2455 2401 2744 2489 exequi,

243 2491 378 2560 uod
438 2492 823 2581 Episcopus
876 2504 1333 2582 praeceperat.
1387 2496 1554 2561 Cum
1635 2492 1848 2583 igitur
1895 2492 1963 2561 in
2025 2493 2316 2563 obscura
2371 2507 2564 2562 nocte
2615 2491 2751 2559 buc

194 2579 502 2667 ilucque
549 2580 991 2681 graderetur,
1043 2596 1109 2651 et
1166 2580 1233 2649 in
1288 2580 1392 2649 via
1456 2579 1793 2651 lutulenta
1868 2582 2147 2672 saepius
2196 2581 2579 2661 laberetur,
2652 2579 2748 2648 ita

193 2669 634 2739 exclamavit:
690 2692 726 2737 «
761 2670 1077 2739 Miserere
1113 2670 1269 2751 mei,
1318 2669 1625 2750 Domine,
1677 2670 2001 2739 miserere
2053 2669 2208 2749 mei,
2250 2684 2316 2739 et
2366 2683 2436 2739 tu
2490 2670 2583 2737 mi
2632 2666 2751 2737 do·

194 2758 408 2840 mine,
460 2757 882 2851 Wolsgange.
937 2757 1296 2828 attendens
1343 2772 1683 2845 qnantum
1722 2758 1977 2827 laboris
2021 2758 2383 2848 perpetior,
2436 2757 2601 2825 dum
2636 2769 2753 2825 tua

182 2847 384 2938 jussa
434 2869 795 2937 capesso.»
845 2852 1150 2934 Cumque
1211 2846 1583 2916 identidem
1640 2846 1806 2915 haec
1865 2859 2195 2936 repeteret
2240 2844 2747 2936 gemebunduS,

193 2936 367 3006 vidit
404 2940 723 3008 cominus
761 2936 1105 3006 caballum
1155 2936 1555 3024 quemdam,
1595 2934 1790 3004 freno
1832 2947 1900 3003 et
1930 2934 2263 3025 ephippio
2301 2934 2745 3014 instructum,

195 3024 493 3095 adstare.
561 3026 975 3096 Existimans
1038 3038 1266 3095 autem
1319 3024 1519 3093 illum
1593 3045 1728 3092 non
1781 3025 1930 3092 sine
1991 3023 2223 3110 aliquo
2284 3045 2548 3093 sessore
2608 3021 2754 3091 illic

192 3113 593 3195 subsistere,
639 3115 1008 3204 diligenter
1053 3113 1544 3204 circumspexit
1576 3133 1742 3181 num
1785 3111 1947 3200 quis
1990 3112 2131 3181 illic
2170 3112 2482 3182 adesset:
2537 3109 2748 3181 simul

193 3201 400 3270 etiam
451 3202 869 3285 exclamans,
931 3215 1009 3273 ut
1056 3203 1114 3272 si
1163 3202 1325 3290 quis
1371 3200 1589 3282 adsit,
1643 3222 1791 3270 sese
1852 3200 2174 3271 declaret.
2231 3201 2355 3271 Sed
2416 3224 2574 3271 cum
2626 3199 2753 3268 diu

193 3288 522 3360 clamanti
577 3313 778 3362 nemo
822 3291 1310 3382 responderet,
1366 3289 1766 3360 conscendit
1811 3311 2108 3378 equum,
2159 3301 2225 3359 et
2273 3290 2381 3361 sui
2429 3286 2751 3448 Εἱίεοορί

184 3378 386 3469 jussa
442 3393 769 3449 executus
815 3394 940 3449 est.
995 3380 1212 3449 Altera
1266 3379 1417 3449 luce
1468 3377 1704 3450 multis
1750 3378 1834 3448 ad
1892 3378 2404 3468 percipiendam
2451 3402 2485 3448 a
2586 3383 2748 3466 Ept-

193 3487 406 3554 scopo
465 3467 1057 3538 confirmationem
1090 3468 1702 3550 convenientibus,
1767 3467 2122 3537 inventum
2173 3488 2427 3555 equum
2483 3467 2752 3558 legatus

193 3554 525 3626 omnibus
569 3555 890 3637 ostendit,
924 3556 1290 3649 diligenter
1332 3556 1712 3644 inquirens,
1754 3557 1914 3643 quis
1947 3555 2100 3642 ejus
2145 3555 2356 3626 herus
2382 3569 2582 3626 esset.
2621 3552 2746 3625 Sed

194 3664 421 3731 neque
469 3656 655 3722 tunc,
697 3666 915 3733 neque
967 3660 1193 3736 postea
1246 3658 1556 3735 repertus
1591 3659 1695 3715 est
1742 3645 1955 3729 ulluS,
1993 3646 2114 3732 qui
2163 3667 2323 3715 eum
2367 3666 2572 3715 suum
2600 3663 2755 3713 esse

194 3732 478 3803 diceret.
532 3733 701 3803 lnde
732 3755 889 3804 vero
940 3732 1549 3824 colligebant‘tum
1604 3733 1892 3825 togatus,
1950 3748 2093 3804 tum
2143 3732 2288 3815 alii,
2342 3745 2598 3822 quanta
2646 3730 2753 3799 di-

195 3821 458 3892 vinitus
503 3835 682 3892 esset
712 3821 956 3892 collata
1005 3824 1221 3914 gratia
1263 3822 1459 3894 beato
1493 3823 1920 3915 wolfgango,
1974 3823 2095 3911 qui
2144 3822 2375 3913 ipsum
2428 3821 2752 3891 invocan-

196 3923 300 3982 tes
344 3910 547 3981 etiam
582 3911 833 3981 absens
880 3911 1209 4002 adjuvare
1247 3925 1498 4001 posset.
2021 3940 2025 3945 ·

286 4001 325 4087 ὅ
369 4003 519 4072 m.
573 4004 738 4069 Cum
772 3999 948 4071 Otbo
972 3999 1324 4071 secundus
1357 4006 1738 4092 Imperator
1767 4002 1856 4072 ob
1896 3999 2159 4071 illatam
2212 3998 2347 4091 ipsi
2389 3997 2746 4086 injuriam,

196 4089 553 4158 Franciam
608 4087 834 4159 hostili
885 4089 1118 4159 animo
1148 4100 1216 4159 et
1265 4111 1477 4159 manu
1527 4090 1903 4182 ingressus.
1956 4089 2286 4159 Lutetiam
2337 4108 2562 4176 usque
2604 4108 2756 4177 per-

195 4175 497 4248 venisset
520 4177 615 4260 ⁴⁸,
651 4177 720 4247 in
756 4176 980 4249 reditu
1011 4177 1097 4247 ad
1131 4177 1419 4249 fluvium
1452 4179 1822 4267 quemdam
1857 4200 2252 4269 pervenere,
2294 4177 2500 4268 cujus
2532 4197 2757 4265 aquae

251 4372 279 4401 Φ
306 4370 607 4425 Prtvttegium
636 4375 743 4422 hoc.
765 4376 836 4422 ut.
862 4374 1062 4420 wttcet.
1081 4372 1321 4415 moscent-
1340 4384 1448 4416 cum
1467 4383 1555 4415 nuo
1573 4373 1767 4425 prom-to
1792 4375 2040 4428 Episcopo.
2069 4375 2247 4427 Prusae
2274 4374 2620 4421 institueretur.
2647 4382 2757 4416 oon·

197 4427 751 4523 “auffntffltssssh‘mh
767 4429 818 4471 td
837 4438 976 4472 enixe
992 4427 1383 4479 emacim-nmmo.
1403 4437 1526 4470 unm
1544 4429 1637 4469 978»
