<?xml version="1.0" encoding="UTF-8"?>
<!DOCTYPE html PUBLIC "-//W3C//DTD XHTML 1.0 Transitional//EN"
    "http://www.w3.org/TR/xhtml1/DTD/xhtml1-transitional.dtd">
<html xmlns="http://www.w3.org/1999/xhtml" xml:lang="en" lang="en">
 <head>
  <title>
</title>
<meta http-equiv="Content-Type" content="text/html;charset=utf-8" />
  <meta name='ocr-system' content='tesseract 3.04.00' />
  <meta name='ocr-capabilities' content='ocr_page ocr_carea ocr_par ocr_line ocrx_word'/>
</head>
<body>
  <div class='ocr_page' id='page_1' title='image "./historiaeseuvit03lippgoog_0870.png"; bbox 0 0 3347 4999; ppageno 0'>
   <div class='ocr_carea' id='block_1_1' title="bbox 700 322 3116 392">
    <p class='ocr_par' dir='ltr' id='par_1_1' title="bbox 700 322 3116 392">
     <span class='ocr_line' id='line_1_1' title="bbox 700 322 3116 392; baseline -0.001 -1"><span class='ocrx_word' id='word_1_1' title='bbox 700 326 830 392; x_wconf 65' lang='lat'>7⁴6</span> <span class='ocrx_word' id='word_1_2' title='bbox 1316 344 1395 390; x_wconf 76' lang='lat' dir='ltr'>ns</span> <span class='ocrx_word' id='word_1_3' title='bbox 1451 343 1509 390; x_wconf 92' lang='lat' dir='ltr'>s.</span> <span class='ocrx_word' id='word_1_4' title='bbox 1562 343 1823 390; x_wconf 69' lang='lat' dir='ltr'>inmun</span> <span class='ocrx_word' id='word_1_5' title='bbox 1872 343 2083 390; x_wconf 72' lang='lat' dir='ltr'>mura</span> <span class='ocrx_word' id='word_1_6' title='bbox 2131 342 2207 389; x_wconf 74' lang='lat' dir='ltr'>nr</span> <span class='ocrx_word' id='word_1_7' title='bbox 2253 341 2445 389; x_wconf 67' lang='lat' dir='ltr'>naar.</span> <span class='ocrx_word' id='word_1_8' title='bbox 2841 322 3002 389; x_wconf 87' lang='lat' dir='ltr'>OCT.</span> <span class='ocrx_word' id='word_1_9' title='bbox 3045 324 3116 389; x_wconf 76' lang='lat'>25</span> 
     </span>
    </p>
   </div>
   <div class='ocr_carea' id='block_1_2' title="bbox 599 424 3130 4511">
    <p class='ocr_par' dir='ltr' id='par_1_2' title="bbox 609 424 3128 2290">
     <span class='ocr_line' id='line_1_2' title="bbox 612 424 3118 515; baseline -0.001 -17"><span class='ocrx_word' id='word_1_10' title='bbox 612 428 899 499; x_wconf 89' lang='lat' dir='ltr'>deorum</span> <span class='ocrx_word' id='word_1_11' title='bbox 956 427 1297 508; x_wconf 84' lang='lat' dir='ltr'>videlicet,</span> <span class='ocrx_word' id='word_1_12' title='bbox 1333 428 1592 515; x_wconf 92' lang='lat' dir='ltr'>quibus</span> <span class='ocrx_word' id='word_1_13' title='bbox 1621 426 1992 497; x_wconf 84' lang='lat' dir='ltr'>universus</span> <span class='ocrx_word' id='word_1_14' title='bbox 2025 426 2380 514; x_wconf 87' lang='lat' dir='ltr'>subjectus</span> <span class='ocrx_word' id='word_1_15' title='bbox 2427 437 2530 495; x_wconf 91' lang='lat' dir='ltr'>est</span> <span class='ocrx_word' id='word_1_16' title='bbox 2556 425 2765 506; x_wconf 89' lang='lat' dir='ltr'>orbis,</span> <span class='ocrx_word' id='word_1_17' title='bbox 2805 424 3118 495; x_wconf 79' lang='lat' dir='ltr'>inclineris</span> 
     </span>
     <span class='ocr_line' id='line_1_3' title="bbox 612 514 3121 603; baseline -0.001 -16"><span class='ocrx_word' id='word_1_18' title='bbox 612 517 957 587; x_wconf 85' lang='lat' dir='ltr'>culturam</span> <span class='ocrx_word' id='word_1_19' title='bbox 989 570 1008 596; x_wconf 89' lang='lat'>,</span> <span class='ocrx_word' id='word_1_20' title='bbox 1064 530 1131 586; x_wconf 91' lang='lat' dir='ltr'>et</span> <span class='ocrx_word' id='word_1_21' title='bbox 1181 517 1381 588; x_wconf 89' lang='lat' dir='ltr'>nobis</span> <span class='ocrx_word' id='word_1_22' title='bbox 1429 516 1651 586; x_wconf 82' lang='lat' dir='ltr'>invisa</span> <span class='ocrx_word' id='word_1_23' title='bbox 1700 515 1787 585; x_wconf 91' lang='lat' dir='ltr'>de</span> <span class='ocrx_word' id='word_1_24' title='bbox 1834 528 1897 585; x_wconf 92' lang='lat' dir='ltr'>te</span> <span class='ocrx_word' id='word_1_25' title='bbox 1944 514 2265 585; x_wconf 90' lang='lat' dir='ltr'>sumendi</span> <span class='ocrx_word' id='word_1_26' title='bbox 2332 515 2645 603; x_wconf 84' lang='lat' dir='ltr'>exempla</span> <span class='ocrx_word' id='word_1_27' title='bbox 2685 535 2818 584; x_wconf 90' lang='lat' dir='ltr'>non</span> <span class='ocrx_word' id='word_1_28' title='bbox 2867 514 3121 584; x_wconf 79' lang='lat' dir='ltr'>inducas</span> 
     </span>
     <span class='ocr_line' id='line_1_4' title="bbox 614 602 3121 696; baseline -0.001 -21"><span class='ocrx_word' id='word_1_29' title='bbox 614 605 1222 676; x_wconf 77' lang='lat' dir='ltr'><strong>necessitudinem.</strong></span> <span class='ocrx_word' id='word_1_30' title='bbox 1278 604 1630 696; x_wconf 89' lang='lat' dir='ltr'>Perpende</span> <span class='ocrx_word' id='word_1_31' title='bbox 1666 620 1936 694; x_wconf 88' lang='lat' dir='ltr'>patrum</span> <span class='ocrx_word' id='word_1_32' title='bbox 1992 617 2379 676; x_wconf 89' lang='lat' dir='ltr'>nostrorum</span> <span class='ocrx_word' id='word_1_33' title='bbox 2420 616 2480 673; x_wconf 90' lang='lat' dir='ltr'>te</span> <span class='ocrx_word' id='word_1_34' title='bbox 2521 602 2678 694; x_wconf 89' lang='lat' dir='ltr'>plus</span> <span class='ocrx_word' id='word_1_35' title='bbox 2715 602 2958 672; x_wconf 84' lang='lat' dir='ltr'>vidisse</span> <span class='ocrx_word' id='word_1_36' title='bbox 2988 625 3121 694; x_wconf 91' lang='lat' dir='ltr'>pru·</span> 
     </span>
     <span class='ocr_line' id='line_1_5' title="bbox 611 691 3121 792; baseline -0.001 -29"><span class='ocrx_word' id='word_1_37' title='bbox 611 694 945 774; x_wconf 88' lang='lat' dir='ltr'>dentiam,</span> <span class='ocrx_word' id='word_1_38' title='bbox 1001 715 1126 764; x_wconf 89' lang='lat' dir='ltr'>nec</span> <span class='ocrx_word' id='word_1_39' title='bbox 1158 693 1478 765; x_wconf 83' lang='lat' dir='ltr'>frivolum</span> <span class='ocrx_word' id='word_1_40' title='bbox 1529 715 1680 764; x_wconf 89' lang='lat' dir='ltr'>esse</span> <span class='ocrx_word' id='word_1_41' title='bbox 1730 692 2058 783; x_wconf 86' lang='lat' dir='ltr'>potuisse,</span> <span class='ocrx_word' id='word_1_42' title='bbox 2110 692 2294 781; x_wconf 92' lang='lat' dir='ltr'>quod</span> <span class='ocrx_word' id='word_1_43' title='bbox 2348 707 2482 761; x_wconf 90' lang='lat' dir='ltr'>tam</span> <span class='ocrx_word' id='word_1_44' title='bbox 2523 692 2642 762; x_wconf 90' lang='lat' dir='ltr'>reli</span> <span class='ocrx_word' id='word_1_45' title='bbox 2700 691 2837 762; x_wconf 90' lang='lat' dir='ltr'>iose</span> <span class='ocrx_word' id='word_1_46' title='bbox 2868 692 2989 792; x_wconf 91' lang='lat' dir='ltr'>ipsi</span> <span class='ocrx_word' id='word_1_47' title='bbox 3030 714 3121 761; x_wconf 87' lang='lat' dir='ltr'>ce·</span> 
     </span>
     <span class='ocr_line' id='line_1_6' title="bbox 612 781 3121 873; baseline -0.001 -21"><span class='ocrx_word' id='word_1_48' title='bbox 612 782 1073 853; x_wconf 87' lang='lat' dir='ltr'>lebraverunt.</span> <span class='ocrx_word' id='word_1_49' title='bbox 1130 784 1195 853; x_wconf 90' lang='lat' dir='ltr'>Si</span> <span class='ocrx_word' id='word_1_50' title='bbox 1247 783 1587 873; x_wconf 79' lang='lat' dir='ltr'>respicere</span> <span class='ocrx_word' id='word_1_51' title='bbox 1621 782 1942 863; x_wconf 88' lang='lat' dir='ltr'>volueris,</span> <span class='ocrx_word' id='word_1_52' title='bbox 1997 781 2394 852; x_wconf 87' lang='lat' dir='ltr'>divitiarum</span> <span class='ocrx_word' id='word_1_53' title='bbox 2451 781 2571 851; x_wconf 88' lang='lat' dir='ltr'>tibi</span> <span class='ocrx_word' id='word_1_54' title='bbox 2613 804 2650 851; x_wconf 90' lang='lat' dir='ltr'>a</span> <span class='ocrx_word' id='word_1_55' title='bbox 2732 793 3014 850; x_wconf 89' lang='lat' dir='ltr'>uentiam</span> <span class='ocrx_word' id='word_1_56' title='bbox 3057 800 3121 849; x_wconf 87' lang='lat' dir='ltr'>ae</span> 
     </span>
     <span class='ocr_line' id='line_1_7' title="bbox 612 869 3125 962; baseline -0.002 -19"><span class='ocrx_word' id='word_1_57' title='bbox 612 872 874 962; x_wconf 70' lang='lat' dir='ltr'>gloriae</span> <span class='ocrx_word' id='word_1_58' title='bbox 937 893 1370 962; x_wconf 89' lang='lat' dir='ltr'>apponemus</span> <span class='ocrx_word' id='word_1_59' title='bbox 1443 894 1476 941; x_wconf 87' lang='lat' dir='ltr'>s</span> <span class='ocrx_word' id='word_1_60' title='bbox 1530 871 1932 952; x_wconf 85' lang='lat' dir='ltr'>lendorem,</span> <span class='ocrx_word' id='word_1_61' title='bbox 2000 871 2331 959; x_wconf 91' lang='lat' dir='ltr'>omnique</span> <span class='ocrx_word' id='word_1_62' title='bbox 2389 892 2597 957; x_wconf 90' lang='lat' dir='ltr'>quam</span> <span class='ocrx_word' id='word_1_63' title='bbox 2660 869 2989 939; x_wconf 76' lang='lat' dir='ltr'>desiderat</span> <span class='ocrx_word' id='word_1_64' title='bbox 3029 891 3125 938; x_wconf 85' lang='lat' dir='ltr'>cor</span> 
     </span>
     <span class='ocr_line' id='line_1_8' title="bbox 610 957 3123 1051; baseline -0.002 -21"><span class='ocrx_word' id='word_1_65' title='bbox 610 974 837 1042; x_wconf 90' lang='lat' dir='ltr'>tuum,</span> <span class='ocrx_word' id='word_1_66' title='bbox 891 975 950 1031; x_wconf 92' lang='lat' dir='ltr'>te</span> <span class='ocrx_word' id='word_1_67' title='bbox 994 960 1252 1051; x_wconf 82' lang='lat' dir='ltr'>perfrui</span> <span class='ocrx_word' id='word_1_68' title='bbox 1300 960 1494 1032; x_wconf 51' lang='lat' dir='ltr'>dona¹</span> <span class='ocrx_word' id='word_1_69' title='bbox 1543 961 1727 1029; x_wconf 89' lang='lat' dir='ltr'>i-mus</span> <span class='ocrx_word' id='word_1_70' title='bbox 1777 960 2054 1029; x_wconf 71' lang='lat' dir='ltr'>laetitia.</span> <span class='ocrx_word' id='word_1_71' title='bbox 2097 983 2133 1027; x_wconf 87' lang='lat'>»</span> <span class='ocrx_word' id='word_1_72' title='bbox 2167 999 2255 1010; x_wconf 90' lang='lat'>—-</span> <span class='ocrx_word' id='word_1_73' title='bbox 2299 982 2336 1026; x_wconf 87' lang='lat'><strong>«</strong></span> <span class='ocrx_word' id='word_1_74' title='bbox 2381 964 2459 1028; x_wconf 88' lang='lat' dir='ltr'>Et</span> <span class='ocrx_word' id='word_1_75' title='bbox 2504 958 2750 1046; x_wconf 90' lang='lat' dir='ltr'>quale,</span> <span class='ocrx_word' id='word_1_76' title='bbox 2813 957 3123 1048; x_wconf 89' lang='lat' dir='ltr'>respondit</span> 
     </span>
     <span class='ocr_line' id='line_1_9' title="bbox 612 1047 3119 1139; baseline -0.001 -21"><span class='ocrx_word' id='word_1_77' title='bbox 612 1049 879 1131; x_wconf 82' lang='lat' dir='ltr'>Minias,</span> <span class='ocrx_word' id='word_1_78' title='bbox 924 1061 998 1119; x_wconf 94' lang='lat' dir='ltr'>tu</span> <span class='ocrx_word' id='word_1_79' title='bbox 1033 1049 1368 1139; x_wconf 86' lang='lat' dir='ltr'>gaudium</span> <span class='ocrx_word' id='word_1_80' title='bbox 1423 1048 1806 1139; x_wconf 81' lang='lat' dir='ltr'>praestabis</span> <span class='ocrx_word' id='word_1_81' title='bbox 1853 1049 1974 1136; x_wconf 93' lang='lat' dir='ltr'>qui</span> <span class='ocrx_word' id='word_1_82' title='bbox 2011 1049 2080 1117; x_wconf 92' lang='lat' dir='ltr'>in</span> <span class='ocrx_word' id='word_1_83' title='bbox 2135 1048 2248 1118; x_wconf 91' lang='lat' dir='ltr'>siti</span> <span class='ocrx_word' id='word_1_84' title='bbox 2297 1048 2676 1138; x_wconf 87' lang='lat' dir='ltr'>impietatis</span> <span class='ocrx_word' id='word_1_85' title='bbox 2705 1047 2986 1128; x_wconf 90' lang='lat' dir='ltr'>durans,</span> <span class='ocrx_word' id='word_1_86' title='bbox 3019 1059 3119 1115; x_wconf 88' lang='lat' dir='ltr'>ter·</span> 
     </span>
     <span class='ocr_line' id='line_1_10' title="bbox 611 1134 3121 1229; baseline -0.001 -22"><span class='ocrx_word' id='word_1_87' title='bbox 611 1160 901 1226; x_wconf 89' lang='lat' dir='ltr'>ramque</span> <span class='ocrx_word' id='word_1_88' title='bbox 947 1139 1290 1229; x_wconf 87' lang='lat' dir='ltr'>sanguine</span> <span class='ocrx_word' id='word_1_89' title='bbox 1329 1142 1734 1208; x_wconf 90' lang='lat' dir='ltr'>Sanctorum</span> <span class='ocrx_word' id='word_1_90' title='bbox 1791 1137 2169 1218; x_wconf 79' lang='lat' dir='ltr'>inebrianS,</span> <span class='ocrx_word' id='word_1_91' title='bbox 2223 1137 2480 1207; x_wconf 87' lang='lat' dir='ltr'>aeterni</span> <span class='ocrx_word' id='word_1_92' title='bbox 2538 1136 2886 1208; x_wconf 88' lang='lat' dir='ltr'>miseriam</span> <span class='ocrx_word' id='word_1_93' title='bbox 2928 1134 3121 1206; x_wconf 90' lang='lat' dir='ltr'>luctus</span> 
     </span>
     <span class='ocr_line' id='line_1_11' title="bbox 609 1224 3125 1317; baseline -0.002 -20"><span class='ocrx_word' id='word_1_94' title='bbox 609 1228 895 1298; x_wconf 84' lang='lat' dir='ltr'>evadere</span> <span class='ocrx_word' id='word_1_95' title='bbox 931 1248 1065 1296; x_wconf 91' lang='lat' dir='ltr'>non</span> <span class='ocrx_word' id='word_1_96' title='bbox 1111 1230 1418 1317; x_wconf 77' lang='lat' dir='ltr'>potes?»</span> <span class='ocrx_word' id='word_1_97' title='bbox 1460 1232 1651 1298; x_wconf 86' lang='lat' dir='ltr'>Tunc</span> <span class='ocrx_word' id='word_1_98' title='bbox 1702 1227 1947 1296; x_wconf 82' lang='lat' dir='ltr'>Decius</span> <span class='ocrx_word' id='word_1_99' title='bbox 2003 1226 2211 1295; x_wconf 73' lang='lat' dir='ltr'>eflera</span> <span class='ocrx_word' id='word_1_100' title='bbox 2265 1225 2642 1316; x_wconf 88' lang='lat' dir='ltr'>corripitur</span> <span class='ocrx_word' id='word_1_101' title='bbox 2697 1226 2843 1306; x_wconf 73' lang='lat' dir='ltr'>ira,</span> <span class='ocrx_word' id='word_1_102' title='bbox 2908 1224 3125 1315; x_wconf 86' lang='lat' dir='ltr'>praeci·</span> 
     </span>
     <span class='ocr_line' id='line_1_12' title="bbox 615 1312 3123 1406; baseline -0.001 -22"><span class='ocrx_word' id='word_1_103' title='bbox 615 1317 850 1406; x_wconf 88' lang='lat' dir='ltr'>pitque</span> <span class='ocrx_word' id='word_1_104' title='bbox 898 1315 1326 1397; x_wconf 84' lang='lat' dir='ltr'>horribilem,</span> <span class='ocrx_word' id='word_1_105' title='bbox 1380 1316 1494 1386; x_wconf 91' lang='lat' dir='ltr'>cui</span> <span class='ocrx_word' id='word_1_106' title='bbox 1545 1313 1984 1385; x_wconf 85' lang='lat' dir='ltr'>devorandus</span> <span class='ocrx_word' id='word_1_107' title='bbox 2030 1315 2424 1402; x_wconf 88' lang='lat' dir='ltr'>objiciatur,</span> <span class='ocrx_word' id='word_1_108' title='bbox 2479 1314 2734 1385; x_wconf 78' lang='lat' dir='ltr'>adduci</span> <span class='ocrx_word' id='word_1_109' title='bbox 2767 1312 2997 1383; x_wconf 83' lang='lat' dir='ltr'>feram.</span> <span class='ocrx_word' id='word_1_110' title='bbox 3030 1317 3123 1381; x_wconf 81' lang='lat' dir='ltr'>Pa-</span> 
     </span>
     <span class='ocr_line' id='line_1_13' title="bbox 614 1402 3122 1562; baseline -0.002 -88"><span class='ocrx_word' id='word_1_111' title='bbox 614 1419 801 1475; x_wconf 89' lang='lat' dir='ltr'>retur</span> <span class='ocrx_word' id='word_1_112' title='bbox 866 1427 1030 1496; x_wconf 90' lang='lat' dir='ltr'>ergo</span> <span class='ocrx_word' id='word_1_113' title='bbox 1066 1459 1082 1487; x_wconf 94' lang='lat'><strong><em>‚</em></strong></span> <span class='ocrx_word' id='word_1_114' title='bbox 1148 1405 1614 1562; x_wconf 56' lang='lat' dir='ltr'>immanisgue</span> <span class='ocrx_word' id='word_1_115' title='bbox 1677 1404 2054 1474; x_wconf 77' lang='lat' dir='ltr'>adducitur</span> <span class='ocrx_word' id='word_1_116' title='bbox 2101 1403 2387 1495; x_wconf 88' lang='lat' dir='ltr'>pardus.</span> <span class='ocrx_word' id='word_1_117' title='bbox 2456 1408 2599 1474; x_wconf 86' lang='lat' dir='ltr'>Non</span> <span class='ocrx_word' id='word_1_118' title='bbox 2659 1402 2866 1472; x_wconf 87' lang='lat' dir='ltr'>cessit</span> <span class='ocrx_word' id='word_1_119' title='bbox 2925 1420 3122 1471; x_wconf 82' lang='lat' dir='ltr'>servus</span> 
     </span>
     <span class='ocr_line' id='line_1_14' title="bbox 613 1489 3118 1584; baseline -0.004 -21"><span class='ocrx_word' id='word_1_120' title='bbox 613 1493 862 1564; x_wconf 88' lang='lat' dir='ltr'>Christi</span> <span class='ocrx_word' id='word_1_121' title='bbox 914 1493 1291 1564; x_wconf 84' lang='lat' dir='ltr'>terroribus</span> <span class='ocrx_word' id='word_1_122' title='bbox 1325 1547 1341 1578; x_wconf 91' lang='lat'>,</span> <span class='ocrx_word' id='word_1_123' title='bbox 1396 1516 1467 1564; x_wconf 92' lang='lat' dir='ltr'>se</span> <span class='ocrx_word' id='word_1_124' title='bbox 1581 1492 2043 1584; x_wconf 86' lang='lat' dir='ltr'>apprehendit</span> <span class='ocrx_word' id='word_1_125' title='bbox 2090 1509 2362 1562; x_wconf 86' lang='lat' dir='ltr'>scutum</span> <span class='ocrx_word' id='word_1_126' title='bbox 2430 1492 2810 1572; x_wconf 87' lang='lat' dir='ltr'>orationis,</span> <span class='ocrx_word' id='word_1_127' title='bbox 2879 1489 3118 1559; x_wconf 84' lang='lat' dir='ltr'>dicens:</span> 
     </span>
     <span class='ocr_line' id='line_1_15' title="bbox 612 1577 3123 1671; baseline -0.001 -23"><span class='ocrx_word' id='word_1_128' title='bbox 612 1607 645 1648; x_wconf 80' lang='lat'>«</span> <span class='ocrx_word' id='word_1_129' title='bbox 686 1583 967 1653; x_wconf 89' lang='lat' dir='ltr'>Domine</span> <span class='ocrx_word' id='word_1_130' title='bbox 1009 1587 1210 1664; x_wconf 80' lang='lat' dir='ltr'>DeuS‚</span> <span class='ocrx_word' id='word_1_131' title='bbox 1245 1594 1388 1653; x_wconf 88' lang='lat' dir='ltr'>esto</span> <span class='ocrx_word' id='word_1_132' title='bbox 1420 1582 1699 1671; x_wconf 87' lang='lat' dir='ltr'>adjutor</span> <span class='ocrx_word' id='word_1_133' title='bbox 1735 1603 1953 1662; x_wconf 80' lang='lat' dir='ltr'>meuS,</span> <span class='ocrx_word' id='word_1_134' title='bbox 1996 1594 2060 1651; x_wconf 91' lang='lat' dir='ltr'>et</span> <span class='ocrx_word' id='word_1_135' title='bbox 2096 1604 2180 1651; x_wconf 91' lang='lat' dir='ltr'>ne</span> <span class='ocrx_word' id='word_1_136' title='bbox 2212 1579 2655 1668; x_wconf 90' lang='lat' dir='ltr'>derelinquas</span> <span class='ocrx_word' id='word_1_137' title='bbox 2705 1600 2838 1658; x_wconf 90' lang='lat' dir='ltr'>me,</span> <span class='ocrx_word' id='word_1_138' title='bbox 2885 1577 3123 1648; x_wconf 83' lang='lat' dir='ltr'>Domine</span> 
     </span>
     <span class='ocr_line' id='line_1_16' title="bbox 616 1668 3122 1751; baseline -0.002 -11"><span class='ocrx_word' id='word_1_139' title='bbox 616 1676 791 1741; x_wconf 89' lang='lat' dir='ltr'>Deus</span> <span class='ocrx_word' id='word_1_140' title='bbox 838 1671 1083 1742; x_wconf 89' lang='lat' dir='ltr'>salutis</span> <span class='ocrx_word' id='word_1_141' title='bbox 1123 1692 1338 1741; x_wconf 89' lang='lat' dir='ltr'>meae.</span> <span class='ocrx_word' id='word_1_142' title='bbox 1377 1694 1414 1738; x_wconf 86' lang='grc'>»</span> <span class='ocrx_word' id='word_1_143' title='bbox 1464 1673 1583 1740; x_wconf 87' lang='lat' dir='ltr'>Vix</span> <span class='ocrx_word' id='word_1_144' title='bbox 1617 1671 1825 1740; x_wconf 87' lang='lat' dir='ltr'>verba</span> <span class='ocrx_word' id='word_1_145' title='bbox 1874 1670 2194 1751; x_wconf 81' lang='lat' dir='ltr'>finierat,</span> <span class='ocrx_word' id='word_1_146' title='bbox 2246 1682 2312 1739; x_wconf 88' lang='lat' dir='ltr'>et</span> <span class='ocrx_word' id='word_1_147' title='bbox 2351 1669 2494 1739; x_wconf 85' lang='lat' dir='ltr'>fera</span> <span class='ocrx_word' id='word_1_148' title='bbox 2542 1669 2778 1740; x_wconf 91' lang='lat' dir='ltr'>divino</span> <span class='ocrx_word' id='word_1_149' title='bbox 2812 1668 2940 1738; x_wconf 91' lang='lat' dir='ltr'>telo</span> <span class='ocrx_word' id='word_1_150' title='bbox 2984 1679 3122 1737; x_wconf 78' lang='lat' dir='ltr'>tacta</span> 
     </span>
     <span class='ocr_line' id='line_1_17' title="bbox 610 1756 3125 1851; baseline -0.002 -22"><span class='ocrx_word' id='word_1_151' title='bbox 610 1760 896 1851; x_wconf 83' lang='lat' dir='ltr'>expirat.</span> <span class='ocrx_word' id='word_1_152' title='bbox 935 1761 1263 1850; x_wconf 78' lang='lat' dir='ltr'>Arguitur</span> <span class='ocrx_word' id='word_1_153' title='bbox 1294 1760 1398 1828; x_wconf 86' lang='lat' dir='ltr'>vir</span> <span class='ocrx_word' id='word_1_154' title='bbox 1428 1774 1711 1829; x_wconf 84' lang='lat' dir='ltr'>sanctus</span> <span class='ocrx_word' id='word_1_155' title='bbox 1747 1759 2107 1829; x_wconf 79' lang='lat' dir='ltr'>maleficiis</span> <span class='ocrx_word' id='word_1_156' title='bbox 2145 1758 2315 1828; x_wconf 87' lang='lat' dir='ltr'>haec</span> <span class='ocrx_word' id='word_1_157' title='bbox 2344 1757 2695 1840; x_wconf 82' lang='lat' dir='ltr'>effecisse;</span> <span class='ocrx_word' id='word_1_158' title='bbox 2750 1758 3000 1827; x_wconf 91' lang='lat' dir='ltr'>dicitur</span> <span class='ocrx_word' id='word_1_159' title='bbox 3027 1756 3125 1824; x_wconf 89' lang='lat' dir='ltr'>im·</span> 
     </span>
     <span class='ocr_line' id='line_1_18' title="bbox 616 1845 3124 1947; baseline -0.002 -29"><span class='ocrx_word' id='word_1_160' title='bbox 616 1849 1033 1919; x_wconf 89' lang='lat' dir='ltr'>mundorum</span> <span class='ocrx_word' id='word_1_161' title='bbox 1079 1849 1450 1940; x_wconf 88' lang='lat' dir='ltr'>spirituum</span> <span class='ocrx_word' id='word_1_162' title='bbox 1507 1847 1852 1939; x_wconf 90' lang='lat' dir='ltr'>praesidio</span> <span class='ocrx_word' id='word_1_163' title='bbox 1898 1848 2248 1932; x_wconf 84' lang='lat' dir='ltr'>confisus,</span> <span class='ocrx_word' id='word_1_164' title='bbox 2305 1861 2544 1916; x_wconf 87' lang='lat' dir='ltr'>contra</span> <span class='ocrx_word' id='word_1_165' title='bbox 2591 1845 2759 1916; x_wconf 91' lang='lat' dir='ltr'>deos</span> <span class='ocrx_word' id='word_1_166' title='bbox 2812 1866 3124 1947; x_wconf 86' lang='lat' dir='ltr'>praesum·</span> 
     </span>
     <span class='ocr_line' id='line_1_19' title="bbox 618 1932 3125 2025; baseline -0.004 -17"><span class='ocrx_word' id='word_1_167' title='bbox 618 1938 858 2024; x_wconf 90' lang='lat' dir='ltr'>psisse.</span> <span class='ocrx_word' id='word_1_168' title='bbox 914 1938 1160 2025; x_wconf 89' lang='lat' dir='ltr'>Sicque</span> <span class='ocrx_word' id='word_1_169' title='bbox 1208 1937 1369 2007; x_wconf 88' lang='lat' dir='ltr'>fidei</span> <span class='ocrx_word' id='word_1_170' title='bbox 1417 1950 1482 2006; x_wconf 90' lang='lat' dir='ltr'>et</span> <span class='ocrx_word' id='word_1_171' title='bbox 1529 1937 1800 2007; x_wconf 84' lang='lat' dir='ltr'>virtutis</span> <span class='ocrx_word' id='word_1_172' title='bbox 1852 1937 2170 2007; x_wconf 91' lang='lat' dir='ltr'>meritum</span> <span class='ocrx_word' id='word_1_173' title='bbox 2231 1934 2468 2005; x_wconf 84' lang='lat' dir='ltr'>foedae</span> <span class='ocrx_word' id='word_1_174' title='bbox 2516 1935 2592 2005; x_wconf 83' lang='lat' dir='ltr'>fit</span> <span class='ocrx_word' id='word_1_175' title='bbox 2636 1932 3125 2005; x_wconf 75' lang='lat' dir='ltr'>existimationis</span> 
     </span>
     <span class='ocr_line' id='line_1_20' title="bbox 612 2023 3124 2116; baseline -0.002 -21"><span class='ocrx_word' id='word_1_176' title='bbox 612 2047 692 2095; x_wconf 92' lang='lat' dir='ltr'>ac</span> <span class='ocrx_word' id='word_1_177' title='bbox 741 2026 1061 2096; x_wconf 85' lang='lat' dir='ltr'>saevitiae</span> <span class='ocrx_word' id='word_1_178' title='bbox 1108 2040 1597 2116; x_wconf 83' lang='lat' dir='ltr'>argumentum</span> <span class='ocrx_word' id='word_1_179' title='bbox 1632 2080 1648 2107; x_wconf 94' lang='lat'>,</span> <span class='ocrx_word' id='word_1_180' title='bbox 1700 2039 1766 2094; x_wconf 91' lang='lat' dir='ltr'>et</span> <span class='ocrx_word' id='word_1_181' title='bbox 1811 2025 1994 2111; x_wconf 93' lang='lat' dir='ltr'>quod</span> <span class='ocrx_word' id='word_1_182' title='bbox 2038 2024 2436 2095; x_wconf 88' lang='lat' dir='ltr'>incredulos</span> <span class='ocrx_word' id='word_1_183' title='bbox 2481 2023 2567 2093; x_wconf 91' lang='lat' dir='ltr'>ad</span> <span class='ocrx_word' id='word_1_184' title='bbox 2619 2023 2829 2094; x_wconf 88' lang='lat' dir='ltr'>fidem</span> <span class='ocrx_word' id='word_1_185' title='bbox 2881 2044 3124 2100; x_wconf 83' lang='lat' dir='ltr'>vocare,</span> 
     </span>
     <span class='ocr_line' id='line_1_21' title="bbox 614 2111 3128 2216; baseline -0.003 -32"><span class='ocrx_word' id='word_1_186' title='bbox 614 2114 1029 2216; x_wconf 42' lang='lat' dir='ltr'>animosque·</span> <span class='ocrx_word' id='word_1_187' title='bbox 1059 2137 1100 2184; x_wconf 86' lang='lat' dir='ltr'>a</span> <span class='ocrx_word' id='word_1_188' title='bbox 1139 2114 1487 2185; x_wconf 85' lang='lat' dir='ltr'>ferocitate</span> <span class='ocrx_word' id='word_1_189' title='bbox 1533 2115 1773 2184; x_wconf 88' lang='lat' dir='ltr'>debuit</span> <span class='ocrx_word' id='word_1_190' title='bbox 1810 2114 2149 2204; x_wconf 85' lang='lat' dir='ltr'>mitigare,</span> <span class='ocrx_word' id='word_1_191' title='bbox 2188 2134 2488 2182; x_wconf 87' lang='lat' dir='ltr'>errorem</span> <span class='ocrx_word' id='word_1_192' title='bbox 2530 2112 2841 2193; x_wconf 84' lang='lat' dir='ltr'>adauxit,</span> <span class='ocrx_word' id='word_1_193' title='bbox 2876 2111 3128 2182; x_wconf 85' lang='lat' dir='ltr'>rabiem·</span> 
     </span>
     <span class='ocr_line' id='line_1_22' title="bbox 612 2215 1086 2290; baseline -0.004 -18"><span class='ocrx_word' id='word_1_194' title='bbox 612 2225 748 2290; x_wconf 91' lang='lat' dir='ltr'>que</span> <span class='ocrx_word' id='word_1_195' title='bbox 792 2215 1086 2273; x_wconf 76' lang='lat' dir='ltr'>exacuit.</span> 
     </span>
    </p>

    <p class='ocr_par' dir='ltr' id='par_1_3' title="bbox 599 2289 3130 4511">
     <span class='ocr_line' id='line_1_23' title="bbox 701 2289 3128 2382; baseline -0.004 -17"><span class='ocrx_word' id='word_1_196' title='bbox 701 2293 739 2378; x_wconf 66' lang='grc' dir='ltr'><strong>ξ</strong></span> <span class='ocrx_word' id='word_1_197' title='bbox 786 2297 870 2365; x_wconf 68' lang='lat' dir='ltr'>cl.</span> <span class='ocrx_word' id='word_1_198' title='bbox 926 2297 1163 2378; x_wconf 81' lang='lat' dir='ltr'>Itaque</span> <span class='ocrx_word' id='word_1_199' title='bbox 1211 2291 1449 2362; x_wconf 85' lang='lat' dir='ltr'>fornax</span> <span class='ocrx_word' id='word_1_200' title='bbox 1483 2291 1812 2362; x_wconf 87' lang='lat' dir='ltr'>succendi</span> <span class='ocrx_word' id='word_1_201' title='bbox 1853 2291 2165 2382; x_wconf 85' lang='lat' dir='ltr'>jubetur,</span> <span class='ocrx_word' id='word_1_202' title='bbox 2219 2302 2297 2360; x_wconf 94' lang='lat' dir='ltr'>ut</span> <span class='ocrx_word' id='word_1_203' title='bbox 2346 2290 2479 2360; x_wconf 90' lang='lat' dir='ltr'>nisi</span> <span class='ocrx_word' id='word_1_204' title='bbox 2529 2289 2667 2359; x_wconf 93' lang='lat' dir='ltr'>diis</span> <span class='ocrx_word' id='word_1_205' title='bbox 2705 2289 2935 2360; x_wconf 89' lang='lat' dir='ltr'>credat</span> <span class='ocrx_word' id='word_1_206' title='bbox 2963 2300 3128 2357; x_wconf 84' lang='lat' dir='ltr'>etsa·</span> 
     </span>
     <span class='ocr_line' id='line_1_24' title="bbox 613 2377 3129 2480; baseline -0.002 -31"><span class='ocrx_word' id='word_1_207' title='bbox 613 2379 925 2460; x_wconf 89' lang='lat' dir='ltr'>crificet,</span> <span class='ocrx_word' id='word_1_208' title='bbox 995 2381 1098 2449; x_wconf 81' lang='lat' dir='ltr'>vir</span> <span class='ocrx_word' id='word_1_209' title='bbox 1144 2393 1426 2450; x_wconf 89' lang='lat' dir='ltr'>sanctus</span> <span class='ocrx_word' id='word_1_210' title='bbox 1477 2382 1545 2449; x_wconf 91' lang='lat' dir='ltr'>in</span> <span class='ocrx_word' id='word_1_211' title='bbox 1610 2404 1759 2450; x_wconf 90' lang='lat' dir='ltr'>eam</span> <span class='ocrx_word' id='word_1_212' title='bbox 1834 2378 2301 2480; x_wconf 88' lang='lat' dir='ltr'>protrudatur.</span> <span class='ocrx_word' id='word_1_213' title='bbox 2373 2383 2861 2448; x_wconf 87' lang='lat' dir='ltr'>Verumtamen</span> <span class='ocrx_word' id='word_1_214' title='bbox 2927 2377 3129 2448; x_wconf 86' lang='lat' dir='ltr'>Decius</span> 
     </span>
     <span class='ocr_line' id='line_1_25' title="bbox 615 2463 3129 2558; baseline -0.003 -21"><span class='ocrx_word' id='word_1_215' title='bbox 615 2469 821 2538; x_wconf 88' lang='lat' dir='ltr'>etiam</span> <span class='ocrx_word' id='word_1_216' title='bbox 889 2482 1051 2539; x_wconf 91' lang='lat' dir='ltr'>tunc</span> <span class='ocrx_word' id='word_1_217' title='bbox 1109 2469 1508 2558; x_wconf 81' lang='lat' dir='ltr'>pollicetur,</span> <span class='ocrx_word' id='word_1_218' title='bbox 1561 2469 1742 2557; x_wconf 89' lang='lat' dir='ltr'>quod</span> <span class='ocrx_word' id='word_1_219' title='bbox 1798 2492 1853 2539; x_wconf 91' lang='lat' dir='ltr'>si</span> <span class='ocrx_word' id='word_1_220' title='bbox 1905 2468 2035 2539; x_wconf 91' lang='lat' dir='ltr'>sibi</span> <span class='ocrx_word' id='word_1_221' title='bbox 2091 2468 2538 2549; x_wconf 82' lang='lat' dir='ltr'>consenserit,</span> <span class='ocrx_word' id='word_1_222' title='bbox 2597 2466 2772 2537; x_wconf 90' lang='lat' dir='ltr'>nihil</span> <span class='ocrx_word' id='word_1_223' title='bbox 2826 2468 2912 2538; x_wconf 91' lang='lat' dir='ltr'>ab</span> <span class='ocrx_word' id='word_1_224' title='bbox 2954 2488 3027 2536; x_wconf 89' lang='lat' dir='ltr'>eo</span> <span class='ocrx_word' id='word_1_225' title='bbox 3064 2463 3129 2531; x_wconf 86' lang='lat' dir='ltr'>de</span> 
     </span>
     <span class='ocr_line' id='line_1_26' title="bbox 617 2558 3128 2648; baseline -0.002 -21"><span class='ocrx_word' id='word_1_226' title='bbox 617 2558 724 2629; x_wconf 90' lang='lat' dir='ltr'>his</span> <span class='ocrx_word' id='word_1_227' title='bbox 770 2580 947 2645; x_wconf 89' lang='lat' dir='ltr'>quae</span> <span class='ocrx_word' id='word_1_228' title='bbox 998 2559 1222 2648; x_wconf 90' lang='lat' dir='ltr'>prima</span> <span class='ocrx_word' id='word_1_229' title='bbox 1274 2559 1595 2630; x_wconf 83' lang='lat' dir='ltr'>mortales</span> <span class='ocrx_word' id='word_1_230' title='bbox 1646 2572 1935 2648; x_wconf 91' lang='lat' dir='ltr'>putant,</span> <span class='ocrx_word' id='word_1_231' title='bbox 1989 2558 2241 2627; x_wconf 85' lang='lat' dir='ltr'>frustra</span> <span class='ocrx_word' id='word_1_232' title='bbox 2344 2558 2589 2627; x_wconf 87' lang='lat' dir='ltr'>etierit.</span> <span class='ocrx_word' id='word_1_233' title='bbox 2641 2561 2839 2627; x_wconf 88' lang='lat' dir='ltr'>Tunc</span> <span class='ocrx_word' id='word_1_234' title='bbox 2888 2565 3128 2626; x_wconf 90' lang='lat' dir='ltr'>sanctus</span> 
     </span>
     <span class='ocr_line' id='line_1_27' title="bbox 616 2643 3127 2749; baseline -0.001 -34"><span class='ocrx_word' id='word_1_235' title='bbox 616 2648 860 2718; x_wconf 76' lang='lat' dir='ltr'>Minias</span> <span class='ocrx_word' id='word_1_236' title='bbox 894 2646 1294 2749; x_wconf 85' lang='lat' dir='ltr'>proclamat,</span> <span class='ocrx_word' id='word_1_237' title='bbox 1346 2669 1513 2738; x_wconf 90' lang='lat' dir='ltr'>opes</span> <span class='ocrx_word' id='word_1_238' title='bbox 1561 2648 1905 2735; x_wconf 88' lang='lat' dir='ltr'>perituras</span> <span class='ocrx_word' id='word_1_239' title='bbox 1953 2670 2024 2715; x_wconf 83' lang='lat' dir='ltr'>se</span> <span class='ocrx_word' id='word_1_240' title='bbox 2075 2646 2256 2715; x_wconf 91' lang='lat' dir='ltr'>nolle</span> <span class='ocrx_word' id='word_1_241' title='bbox 2335 2646 2560 2727; x_wconf 88' lang='lat' dir='ltr'>abere,</span> <span class='ocrx_word' id='word_1_242' title='bbox 2607 2645 2968 2734; x_wconf 85' lang='lat' dir='ltr'>adjiciens,</span> <span class='ocrx_word' id='word_1_243' title='bbox 3006 2643 3127 2740; x_wconf 77' lang='lat' dir='ltr'>ejus</span> 
     </span>
     <span class='ocr_line' id='line_1_28' title="bbox 613 2734 3129 2823; baseline -0.004 -17"><span class='ocrx_word' id='word_1_244' title='bbox 613 2736 732 2823; x_wconf 89' lang='lat' dir='ltr'>qui</span> <span class='ocrx_word' id='word_1_245' title='bbox 782 2735 940 2806; x_wconf 85' lang='lat' dir='ltr'>fecit</span> <span class='ocrx_word' id='word_1_246' title='bbox 987 2735 1254 2806; x_wconf 89' lang='lat' dir='ltr'>coelum</span> <span class='ocrx_word' id='word_1_247' title='bbox 1303 2751 1369 2806; x_wconf 90' lang='lat' dir='ltr'>et</span> <span class='ocrx_word' id='word_1_248' title='bbox 1417 2750 1708 2817; x_wconf 88' lang='lat' dir='ltr'>terram,</span> <span class='ocrx_word' id='word_1_249' title='bbox 1761 2748 1826 2806; x_wconf 89' lang='lat' dir='ltr'>et</span> <span class='ocrx_word' id='word_1_250' title='bbox 1875 2735 2104 2807; x_wconf 88' lang='lat' dir='ltr'>omnia</span> <span class='ocrx_word' id='word_1_251' title='bbox 2155 2756 2332 2823; x_wconf 90' lang='lat' dir='ltr'>quae</span> <span class='ocrx_word' id='word_1_252' title='bbox 2388 2734 2560 2805; x_wconf 90' lang='lat' dir='ltr'>coeli</span> <span class='ocrx_word' id='word_1_253' title='bbox 2609 2735 2885 2805; x_wconf 89' lang='lat' dir='ltr'>ambitu</span> <span class='ocrx_word' id='word_1_254' title='bbox 2946 2743 3129 2802; x_wconf 89' lang='lat' dir='ltr'>conti·</span> 
     </span>
     <span class='ocr_line' id='line_1_29' title="bbox 620 2824 3128 2913; baseline -0.003 -20"><span class='ocrx_word' id='word_1_255' title='bbox 620 2838 891 2907; x_wconf 90' lang='lat' dir='ltr'>nentur,</span> <span class='ocrx_word' id='word_1_256' title='bbox 945 2824 1151 2894; x_wconf 89' lang='lat' dir='ltr'>fidem</span> <span class='ocrx_word' id='word_1_257' title='bbox 1204 2846 1276 2894; x_wconf 90' lang='lat' dir='ltr'>se</span> <span class='ocrx_word' id='word_1_258' title='bbox 1325 2838 1573 2906; x_wconf 90' lang='lat' dir='ltr'>tenere,</span> <span class='ocrx_word' id='word_1_259' title='bbox 1630 2839 1697 2894; x_wconf 91' lang='lat' dir='ltr'>et</span> <span class='ocrx_word' id='word_1_260' title='bbox 1746 2824 2126 2894; x_wconf 88' lang='lat' dir='ltr'>mercedem</span> <span class='ocrx_word' id='word_1_261' title='bbox 2184 2846 2304 2913; x_wconf 92' lang='lat' dir='ltr'>per</span> <span class='ocrx_word' id='word_1_262' title='bbox 2347 2845 2553 2893; x_wconf 89' lang='lat' dir='ltr'>omne</span> <span class='ocrx_word' id='word_1_263' title='bbox 2590 2844 2818 2913; x_wconf 87' lang='lat' dir='ltr'>genus</span> <span class='ocrx_word' id='word_1_264' title='bbox 2866 2835 3128 2892; x_wconf 89' lang='lat' dir='ltr'>tormen·</span> 
     </span>
     <span class='ocr_line' id='line_1_30' title="bbox 617 2908 3125 3003; baseline -0.002 -22"><span class='ocrx_word' id='word_1_265' title='bbox 617 2927 839 2984; x_wconf 88' lang='lat' dir='ltr'>torum</span> <span class='ocrx_word' id='word_1_266' title='bbox 871 2926 1287 3003; x_wconf 90' lang='lat' dir='ltr'>exspectare;</span> <span class='ocrx_word' id='word_1_267' title='bbox 1319 2915 1698 3001; x_wconf 88' lang='lat' dir='ltr'>asseritque</span> <span class='ocrx_word' id='word_1_268' title='bbox 1732 2936 1803 2984; x_wconf 91' lang='lat' dir='ltr'>se</span> <span class='ocrx_word' id='word_1_269' title='bbox 1832 2915 1898 2982; x_wconf 90' lang='lat' dir='ltr'>in</span> <span class='ocrx_word' id='word_1_270' title='bbox 1935 2912 2501 2983; x_wconf 89' lang='lat' dir='ltr'>tribulationibus</span> <span class='ocrx_word' id='word_1_271' title='bbox 2533 2933 2666 2981; x_wconf 92' lang='lat' dir='ltr'>non</span> <span class='ocrx_word' id='word_1_272' title='bbox 2702 2908 3125 2983; x_wconf 88' lang='lat' dir='ltr'>deserendum</span> 
     </span>
     <span class='ocr_line' id='line_1_31' title="bbox 612 3000 3127 3102; baseline -0.003 -32"><span class='ocrx_word' id='word_1_273' title='bbox 612 3002 701 3072; x_wconf 87' lang='lat' dir='ltr'>ab</span> <span class='ocrx_word' id='word_1_274' title='bbox 748 3024 828 3071; x_wconf 91' lang='lat' dir='ltr'>eo</span> <span class='ocrx_word' id='word_1_275' title='bbox 874 3002 996 3090; x_wconf 92' lang='lat' dir='ltr'>qui</span> <span class='ocrx_word' id='word_1_276' title='bbox 1044 3002 1226 3072; x_wconf 85' lang='lat' dir='ltr'>filios</span> <span class='ocrx_word' id='word_1_277' title='bbox 1274 3003 1484 3074; x_wconf 74' lang='lat' dir='ltr'>Israel</span> <span class='ocrx_word' id='word_1_278' title='bbox 1535 3002 1620 3072; x_wconf 91' lang='lat' dir='ltr'>de</span> <span class='ocrx_word' id='word_1_279' title='bbox 1667 3014 1848 3072; x_wconf 90' lang='lat' dir='ltr'>terra</span> <span class='ocrx_word' id='word_1_280' title='bbox 1884 3020 2199 3093; x_wconf 87' lang='lat' dir='ltr'>egressos</span> <span class='ocrx_word' id='word_1_281' title='bbox 2233 3002 2540 3102; x_wconf 76' lang='lat' dir='ltr'>Aegypti,</span> <span class='ocrx_word' id='word_1_282' title='bbox 2595 3000 2783 3071; x_wconf 89' lang='lat' dir='ltr'>sicco</span> <span class='ocrx_word' id='word_1_283' title='bbox 2824 3022 2945 3090; x_wconf 92' lang='lat' dir='ltr'>per</span> <span class='ocrx_word' id='word_1_284' title='bbox 2974 3014 3127 3067; x_wconf 87' lang='lat' dir='ltr'>mare</span> 
     </span>
     <span class='ocr_line' id='line_1_32' title="bbox 615 3089 3128 3180; baseline -0.004 -20"><span class='ocrx_word' id='word_1_285' title='bbox 615 3091 925 3161; x_wconf 84' lang='lat' dir='ltr'>Rubrum</span> <span class='ocrx_word' id='word_1_286' title='bbox 961 3090 1131 3180; x_wconf 89' lang='lat' dir='ltr'>pede</span> <span class='ocrx_word' id='word_1_287' title='bbox 1178 3092 1398 3173; x_wconf 85' lang='lat' dir='ltr'>duxit,</span> <span class='ocrx_word' id='word_1_288' title='bbox 1452 3103 1519 3162; x_wconf 91' lang='lat' dir='ltr'>et</span> <span class='ocrx_word' id='word_1_289' title='bbox 1567 3096 1955 3161; x_wconf 90' lang='lat' dir='ltr'>Susannam</span> <span class='ocrx_word' id='word_1_290' title='bbox 2006 3090 2092 3159; x_wconf 90' lang='lat' dir='ltr'>de</span> <span class='ocrx_word' id='word_1_291' title='bbox 2140 3089 2312 3160; x_wconf 85' lang='lat' dir='ltr'>falso</span> <span class='ocrx_word' id='word_1_292' title='bbox 2345 3090 2636 3159; x_wconf 89' lang='lat' dir='ltr'>crimine</span> <span class='ocrx_word' id='word_1_293' title='bbox 2683 3089 2995 3168; x_wconf 83' lang='lat' dir='ltr'>absolvit,</span> <span class='ocrx_word' id='word_1_294' title='bbox 3031 3089 3128 3153; x_wconf 88' lang='lat' dir='ltr'>Da·</span> 
     </span>
     <span class='ocr_line' id='line_1_33' title="bbox 616 3175 3125 3269; baseline -0.002 -22"><span class='ocrx_word' id='word_1_295' title='bbox 616 3178 1002 3265; x_wconf 89' lang='lat' dir='ltr'>nielemque</span> <span class='ocrx_word' id='word_1_296' title='bbox 1025 3178 1110 3248; x_wconf 92' lang='lat' dir='ltr'>de</span> <span class='ocrx_word' id='word_1_297' title='bbox 1141 3180 1296 3250; x_wconf 87' lang='lat' dir='ltr'>lacu</span> <span class='ocrx_word' id='word_1_298' title='bbox 1326 3180 1628 3261; x_wconf 89' lang='lat' dir='ltr'>leonum,</span> <span class='ocrx_word' id='word_1_299' title='bbox 1662 3202 1742 3250; x_wconf 90' lang='lat' dir='ltr'>ac</span> <span class='ocrx_word' id='word_1_300' title='bbox 1771 3193 1906 3250; x_wconf 89' lang='lat' dir='ltr'>tres</span> <span class='ocrx_word' id='word_1_301' title='bbox 1982 3201 2183 3250; x_wconf 88' lang='lat' dir='ltr'>ueros</span> <span class='ocrx_word' id='word_1_302' title='bbox 2211 3178 2297 3248; x_wconf 92' lang='lat' dir='ltr'>de</span> <span class='ocrx_word' id='word_1_303' title='bbox 2328 3179 2553 3248; x_wconf 89' lang='lat' dir='ltr'>medio</span> <span class='ocrx_word' id='word_1_304' title='bbox 2575 3177 2835 3268; x_wconf 87' lang='lat' dir='ltr'>eripuit</span> <span class='ocrx_word' id='word_1_305' title='bbox 2866 3175 3125 3269; x_wconf 83' lang='lat' dir='ltr'>ignium·</span> 
     </span>
     <span class='ocr_line' id='line_1_34' title="bbox 609 3267 3121 3356; baseline -0.002 -22"><span class='ocrx_word' id='word_1_306' title='bbox 609 3268 758 3336; x_wconf 74' lang='lat' dir='ltr'>lam</span> <span class='ocrx_word' id='word_1_307' title='bbox 812 3268 1057 3356; x_wconf 90' lang='lat' dir='ltr'>majori</span> <span class='ocrx_word' id='word_1_308' title='bbox 1109 3269 1454 3350; x_wconf 85' lang='lat' dir='ltr'>caminus,</span> <span class='ocrx_word' id='word_1_309' title='bbox 1507 3290 1718 3355; x_wconf 89' lang='lat' dir='ltr'>quam</span> <span class='ocrx_word' id='word_1_310' title='bbox 1780 3268 1922 3339; x_wconf 91' lang='lat' dir='ltr'>sole</span> <span class='ocrx_word' id='word_1_311' title='bbox 2022 3282 2064 3347; x_wconf 93' lang='lat' dir='ltr'>t,</span> <span class='ocrx_word' id='word_1_312' title='bbox 2121 3267 2473 3355; x_wconf 81' lang='lat' dir='ltr'>lignorum</span> <span class='ocrx_word' id='word_1_313' title='bbox 2528 3279 2715 3336; x_wconf 88' lang='lat' dir='ltr'>strue</span> <span class='ocrx_word' id='word_1_314' title='bbox 2763 3273 3121 3339; x_wconf 82' lang='lat' dir='ltr'>exaestuat,</span> 
     </span>
     <span class='ocr_line' id='line_1_35' title="bbox 613 3355 3128 3447; baseline -0.001 -24"><span class='ocrx_word' id='word_1_315' title='bbox 613 3356 1135 3443; x_wconf 87' lang='lat' dir='ltr'>frequentesque</span> <span class='ocrx_word' id='word_1_316' title='bbox 1182 3358 1386 3447; x_wconf 82' lang='lat' dir='ltr'>Regis</span> <span class='ocrx_word' id='word_1_317' title='bbox 1437 3358 1740 3426; x_wconf 89' lang='lat' dir='ltr'>ministri</span> <span class='ocrx_word' id='word_1_318' title='bbox 1801 3362 2128 3428; x_wconf 88' lang='lat' dir='ltr'>Sanctum</span> <span class='ocrx_word' id='word_1_319' title='bbox 2185 3356 2502 3435; x_wconf 84' lang='lat' dir='ltr'>nudant,</span> <span class='ocrx_word' id='word_1_320' title='bbox 2557 3355 2853 3443; x_wconf 87' lang='lat' dir='ltr'>oleoque</span> <span class='ocrx_word' id='word_1_321' title='bbox 2908 3370 3128 3444; x_wconf 87' lang='lat' dir='ltr'>perun·</span> 
     </span>
     <span class='ocr_line' id='line_1_36' title="bbox 612 3440 3129 3536; baseline -0.002 -25"><span class='ocrx_word' id='word_1_322' title='bbox 612 3456 799 3513; x_wconf 89' lang='lat' dir='ltr'>ctum</span> <span class='ocrx_word' id='word_1_323' title='bbox 851 3443 919 3512; x_wconf 93' lang='lat' dir='ltr'>in</span> <span class='ocrx_word' id='word_1_324' title='bbox 972 3444 1201 3534; x_wconf 89' lang='lat' dir='ltr'>ignem</span> <span class='ocrx_word' id='word_1_325' title='bbox 1257 3446 1734 3535; x_wconf 89' lang='lat' dir='ltr'>praecipitant.</span> <span class='ocrx_word' id='word_1_326' title='bbox 1787 3446 2086 3536; x_wconf 77' lang='lat' dir='ltr'>Angelus</span> <span class='ocrx_word' id='word_1_327' title='bbox 2133 3457 2365 3515; x_wconf 90' lang='lat' dir='ltr'>autem</span> <span class='ocrx_word' id='word_1_328' title='bbox 2422 3445 2691 3513; x_wconf 90' lang='lat' dir='ltr'>Domini</span> <span class='ocrx_word' id='word_1_329' title='bbox 2742 3466 2903 3514; x_wconf 90' lang='lat' dir='ltr'>cum</span> <span class='ocrx_word' id='word_1_330' title='bbox 2936 3463 3008 3512; x_wconf 89' lang='lat' dir='ltr'>eo</span> <span class='ocrx_word' id='word_1_331' title='bbox 3047 3440 3129 3507; x_wconf 91' lang='lat' dir='ltr'>in·</span> 
     </span>
     <span class='ocr_line' id='line_1_37' title="bbox 611 3527 3130 3623; baseline -0.002 -22"><span class='ocrx_word' id='word_1_332' title='bbox 611 3533 945 3623; x_wconf 76' lang='lat' dir='ltr'>graditur,</span> <span class='ocrx_word' id='word_1_333' title='bbox 998 3545 1064 3602; x_wconf 93' lang='lat' dir='ltr'>et</span> <span class='ocrx_word' id='word_1_334' title='bbox 1110 3533 1432 3604; x_wconf 84' lang='lat' dir='ltr'>flammae</span> <span class='ocrx_word' id='word_1_335' title='bbox 1480 3549 1617 3604; x_wconf 89' lang='lat' dir='ltr'>tam</span> <span class='ocrx_word' id='word_1_336' title='bbox 1669 3536 1804 3604; x_wconf 84' lang='lat' dir='ltr'>fixa</span> <span class='ocrx_word' id='word_1_337' title='bbox 1854 3534 1992 3604; x_wconf 87' lang='lat' dir='ltr'>fide</span> <span class='ocrx_word' id='word_1_338' title='bbox 2041 3534 2257 3603; x_wconf 85' lang='lat' dir='ltr'>victae</span> <span class='ocrx_word' id='word_1_339' title='bbox 2303 3533 2608 3613; x_wconf 89' lang='lat' dir='ltr'>cedunt;</span> <span class='ocrx_word' id='word_1_340' title='bbox 2662 3554 2792 3603; x_wconf 90' lang='lat' dir='ltr'>nec</span> <span class='ocrx_word' id='word_1_341' title='bbox 2839 3553 2988 3602; x_wconf 88' lang='lat' dir='ltr'>eum</span> <span class='ocrx_word' id='word_1_342' title='bbox 3025 3527 3130 3597; x_wconf 90' lang='lat' dir='ltr'>hu·</span> 
     </span>
     <span class='ocr_line' id='line_1_38' title="bbox 612 3616 3127 3714; baseline -0.002 -24"><span class='ocrx_word' id='word_1_343' title='bbox 612 3643 896 3692; x_wconf 91' lang='lat' dir='ltr'>manum</span> <span class='ocrx_word' id='word_1_344' title='bbox 967 3621 1188 3710; x_wconf 92' lang='lat' dir='ltr'>potuit</span> <span class='ocrx_word' id='word_1_345' title='bbox 1232 3624 1565 3714; x_wconf 87' lang='lat' dir='ltr'>attingere</span> <span class='ocrx_word' id='word_1_346' title='bbox 1621 3623 2021 3693; x_wconf 90' lang='lat' dir='ltr'>incendium</span> <span class='ocrx_word' id='word_1_347' title='bbox 2086 3623 2205 3711; x_wconf 93' lang='lat' dir='ltr'>qui</span> <span class='ocrx_word' id='word_1_348' title='bbox 2268 3622 2484 3692; x_wconf 82' lang='lat' dir='ltr'>divini</span> <span class='ocrx_word' id='word_1_349' title='bbox 2545 3620 2834 3691; x_wconf 88' lang='lat' dir='ltr'>fervoris</span> <span class='ocrx_word' id='word_1_350' title='bbox 2890 3616 3127 3712; x_wconf 79' lang='lat' dir='ltr'>gerebat</span> 
     </span>
     <span class='ocr_line' id='line_1_39' title="bbox 610 3709 3126 3802; baseline -0.002 -22"><span class='ocrx_word' id='word_1_351' title='bbox 610 3710 1078 3801; x_wconf 89' lang='lat' dir='ltr'>signaculum.</span> <span class='ocrx_word' id='word_1_352' title='bbox 1131 3715 1210 3780; x_wconf 88' lang='lat' dir='ltr'>Et</span> <span class='ocrx_word' id='word_1_353' title='bbox 1248 3711 1419 3781; x_wconf 86' lang='lat' dir='ltr'>dixit</span> <span class='ocrx_word' id='word_1_354' title='bbox 1465 3713 1527 3782; x_wconf 91' lang='lat' dir='ltr'>ei</span> <span class='ocrx_word' id='word_1_355' title='bbox 1562 3711 1905 3802; x_wconf 82' lang='lat' dir='ltr'>Angelus:</span> <span class='ocrx_word' id='word_1_356' title='bbox 1963 3733 1998 3777; x_wconf 87' lang='lat'><strong>«</strong></span> <span class='ocrx_word' id='word_1_357' title='bbox 2036 3712 2344 3781; x_wconf 84' lang='lat' dir='ltr'>Visitavit</span> <span class='ocrx_word' id='word_1_358' title='bbox 2372 3724 2437 3781; x_wconf 90' lang='lat' dir='ltr'>te</span> <span class='ocrx_word' id='word_1_359' title='bbox 2477 3711 2844 3791; x_wconf 89' lang='lat' dir='ltr'>Dominus,</span> <span class='ocrx_word' id='word_1_360' title='bbox 2892 3709 3126 3801; x_wconf 76' lang='lat' dir='ltr'>mittens</span> 
     </span>
     <span class='ocr_line' id='line_1_40' title="bbox 612 3791 3120 3890; baseline -0.001 -23"><span class='ocrx_word' id='word_1_361' title='bbox 612 3820 722 3869; x_wconf 89' lang='lat' dir='ltr'>nie</span> <span class='ocrx_word' id='word_1_362' title='bbox 767 3799 854 3869; x_wconf 96' lang='lat' dir='ltr'>ad</span> <span class='ocrx_word' id='word_1_363' title='bbox 897 3812 981 3881; x_wconf 87' lang='lat' dir='ltr'>te,</span> <span class='ocrx_word' id='word_1_364' title='bbox 1034 3813 1113 3869; x_wconf 91' lang='lat' dir='ltr'>ut</span> <span class='ocrx_word' id='word_1_365' title='bbox 1152 3801 1375 3890; x_wconf 91' lang='lat' dir='ltr'>possis</span> <span class='ocrx_word' id='word_1_366' title='bbox 1424 3800 1492 3869; x_wconf 93' lang='lat' dir='ltr'>in</span> <span class='ocrx_word' id='word_1_367' title='bbox 1554 3801 1913 3870; x_wconf 90' lang='lat' dir='ltr'>tormentis</span> <span class='ocrx_word' id='word_1_368' title='bbox 1963 3822 2097 3870; x_wconf 90' lang='lat' dir='ltr'>non</span> <span class='ocrx_word' id='word_1_369' title='bbox 2150 3799 2490 3880; x_wconf 82' lang='lat' dir='ltr'>deficere3</span> <span class='ocrx_word' id='word_1_370' title='bbox 2542 3814 2609 3868; x_wconf 91' lang='lat' dir='ltr'>et</span> <span class='ocrx_word' id='word_1_371' title='bbox 2656 3799 2806 3888; x_wconf 89' lang='lat' dir='ltr'>ipse</span> <span class='ocrx_word' id='word_1_372' title='bbox 2854 3811 2917 3867; x_wconf 91' lang='lat' dir='ltr'>te</span> <span class='ocrx_word' id='word_1_373' title='bbox 2960 3791 3120 3865; x_wconf 75' lang='lat' dir='ltr'>hodie</span> 
     </span>
     <span class='ocr_line' id='line_1_41' title="bbox 611 3882 3120 3977; baseline -0.002 -22"><span class='ocrx_word' id='word_1_374' title='bbox 611 3887 852 3958; x_wconf 91' lang='lat' dir='ltr'>induet</span> <span class='ocrx_word' id='word_1_375' title='bbox 878 3892 1133 3959; x_wconf 72' lang='lat' dir='ltr'>corona</span> <span class='ocrx_word' id='word_1_376' title='bbox 1163 3888 1498 3977; x_wconf 85' lang='lat' dir='ltr'>justitiae.</span> <span class='ocrx_word' id='word_1_377' title='bbox 1531 3912 1569 3956; x_wconf 72' lang='lat' dir='ltr'>ii</span> <span class='ocrx_word' id='word_1_378' title='bbox 1601 3889 1980 3959; x_wconf 87' lang='lat' dir='ltr'>Procubuit</span> <span class='ocrx_word' id='word_1_379' title='bbox 2009 3888 2196 3959; x_wconf 90' lang='lat' dir='ltr'>illico</span> <span class='ocrx_word' id='word_1_380' title='bbox 2244 3894 2499 3977; x_wconf 79' lang='lat' dir='ltr'>Martyr</span> <span class='ocrx_word' id='word_1_381' title='bbox 2557 3887 2857 3968; x_wconf 86' lang='lat' dir='ltr'>Christi,</span> <span class='ocrx_word' id='word_1_382' title='bbox 2926 3882 3120 3972; x_wconf 80' lang='lat' dir='ltr'>hujus·</span> 
     </span>
     <span class='ocr_line' id='line_1_42' title="bbox 615 3974 3123 4068; baseline -0.002 -24"><span class='ocrx_word' id='word_1_383' title='bbox 615 3977 801 4047; x_wconf 89' lang='lat' dir='ltr'>modi</span> <span class='ocrx_word' id='word_1_384' title='bbox 850 3977 1028 4047; x_wconf 89' lang='lat' dir='ltr'>dans</span> <span class='ocrx_word' id='word_1_385' title='bbox 1079 4000 1355 4067; x_wconf 86' lang='lat' dir='ltr'>preces:</span> <span class='ocrx_word' id='word_1_386' title='bbox 1410 4000 1447 4044; x_wconf 85' lang='lat'>«</span> <span class='ocrx_word' id='word_1_387' title='bbox 1477 3979 1745 4049; x_wconf 86' lang='lat' dir='ltr'>Gratias</span> <span class='ocrx_word' id='word_1_388' title='bbox 1793 3979 1915 4048; x_wconf 91' lang='lat' dir='ltr'>tibi</span> <span class='ocrx_word' id='word_1_389' title='bbox 1965 3999 2117 4068; x_wconf 89' lang='lat' dir='ltr'>ago,</span> <span class='ocrx_word' id='word_1_390' title='bbox 2163 3978 2442 4047; x_wconf 89' lang='lat' dir='ltr'>Domine</span> <span class='ocrx_word' id='word_1_391' title='bbox 2478 3982 2668 4058; x_wconf 84' lang='lat' dir='ltr'>Jesu,</span> <span class='ocrx_word' id='word_1_392' title='bbox 2721 3976 2843 4062; x_wconf 92' lang='lat' dir='ltr'>qui</span> <span class='ocrx_word' id='word_1_393' title='bbox 2886 3995 2998 4063; x_wconf 91' lang='lat' dir='ltr'>per</span> <span class='ocrx_word' id='word_1_394' title='bbox 3020 3974 3123 4039; x_wconf 72' lang='lat' dir='ltr'>An-</span> 
     </span>
     <span class='ocr_line' id='line_1_43' title="bbox 609 4064 3129 4153; baseline -0.003 -20"><span class='ocrx_word' id='word_1_395' title='bbox 609 4065 844 4153; x_wconf 90' lang='lat' dir='ltr'>gelum</span> <span class='ocrx_word' id='word_1_396' title='bbox 879 4065 1267 4137; x_wconf 85' lang='lat' dir='ltr'>confortare</span> <span class='ocrx_word' id='word_1_397' title='bbox 1315 4067 1590 4137; x_wconf 87' lang='lat' dir='ltr'>voluisti</span> <span class='ocrx_word' id='word_1_398' title='bbox 1634 4088 1744 4136; x_wconf 91' lang='lat' dir='ltr'>me</span> <span class='ocrx_word' id='word_1_399' title='bbox 1777 4089 2046 4139; x_wconf 87' lang='lat' dir='ltr'>servum</span> <span class='ocrx_word' id='word_1_400' title='bbox 2089 4080 2311 4136; x_wconf 90' lang='lat' dir='ltr'>tuum.</span> <span class='ocrx_word' id='word_1_401' title='bbox 2367 4071 2490 4134; x_wconf 89' lang='lat' dir='ltr'>Per</span> <span class='ocrx_word' id='word_1_402' title='bbox 2525 4079 2607 4146; x_wconf 87' lang='lat' dir='ltr'>te,</span> <span class='ocrx_word' id='word_1_403' title='bbox 2653 4065 2955 4143; x_wconf 90' lang='lat' dir='ltr'>Domine,</span> <span class='ocrx_word' id='word_1_404' title='bbox 2989 4064 3129 4129; x_wconf 77' lang='lat' dir='ltr'>Ana-</span> 
     </span>
     <span class='ocr_line' id='line_1_44' title="bbox 609 4147 3126 4247; baseline -0.001 -25"><span class='ocrx_word' id='word_1_405' title='bbox 609 4153 788 4235; x_wconf 75' lang='lat' dir='ltr'>niaS,</span> <span class='ocrx_word' id='word_1_406' title='bbox 815 4155 1108 4238; x_wconf 78' lang='lat' dir='ltr'>Azarias,</span> <span class='ocrx_word' id='word_1_407' title='bbox 1129 4160 1186 4224; x_wconf 85' lang='grc' dir='ltr'><strong><em>Μ</em></strong></span> <span class='ocrx_word' id='word_1_408' title='bbox 1197 4156 1360 4227; x_wconf 73' lang='lat' dir='ltr'>isael</span> <span class='ocrx_word' id='word_1_409' title='bbox 1393 4177 1713 4246; x_wconf 88' lang='lat' dir='ltr'>vaporem</span> <span class='ocrx_word' id='word_1_410' title='bbox 1734 4156 2017 4236; x_wconf 88' lang='lat' dir='ltr'>camini,</span> <span class='ocrx_word' id='word_1_411' title='bbox 2042 4155 2293 4244; x_wconf 89' lang='lat' dir='ltr'>septies</span> <span class='ocrx_word' id='word_1_412' title='bbox 2313 4175 2522 4241; x_wconf 89' lang='lat' dir='ltr'>quam</span> <span class='ocrx_word' id='word_1_413' title='bbox 2549 4152 2809 4222; x_wconf 88' lang='lat' dir='ltr'>solebat</span> <span class='ocrx_word' id='word_1_414' title='bbox 2831 4147 3126 4247; x_wconf 80' lang='lat' dir='ltr'>ardentis.</span> 
     </span>
     <span class='ocr_line' id='line_1_45' title="bbox 608 4237 3122 4326; baseline -0.002 -18"><span class='ocrx_word' id='word_1_415' title='bbox 608 4262 745 4310; x_wconf 88' lang='lat' dir='ltr'>non</span> <span class='ocrx_word' id='word_1_416' title='bbox 789 4257 1199 4326; x_wconf 89' lang='lat' dir='ltr'>senserunt;</span> <span class='ocrx_word' id='word_1_417' title='bbox 1253 4258 1329 4315; x_wconf 90' lang='lat' dir='ltr'>tu</span> <span class='ocrx_word' id='word_1_418' title='bbox 1379 4245 1650 4315; x_wconf 91' lang='lat' dir='ltr'>medius</span> <span class='ocrx_word' id='word_1_419' title='bbox 1705 4244 1881 4313; x_wconf 89' lang='lat' dir='ltr'>inter</span> <span class='ocrx_word' id='word_1_420' title='bbox 1926 4265 2043 4314; x_wconf 92' lang='lat' dir='ltr'>eos</span> <span class='ocrx_word' id='word_1_421' title='bbox 2082 4242 2518 4323; x_wconf 83' lang='lat' dir='ltr'>ambulabaS,</span> <span class='ocrx_word' id='word_1_422' title='bbox 2564 4240 2824 4312; x_wconf 87' lang='lat' dir='ltr'>faciens</span> <span class='ocrx_word' id='word_1_423' title='bbox 2873 4237 3122 4323; x_wconf 83' lang='lat' dir='ltr'>refrige-</span> 
     </span>
     <span class='ocr_line' id='line_1_46' title="bbox 607 4328 3130 4431; baseline -0.001 -34"><span class='ocrx_word' id='word_1_424' title='bbox 607 4330 836 4430; x_wconf 37' lang='lat' dir='ltr'>rium..</span> <span class='ocrx_word' id='word_1_425' title='bbox 860 4335 938 4399; x_wconf 90' lang='lat' dir='ltr'>Et</span> <span class='ocrx_word' id='word_1_426' title='bbox 986 4353 1196 4414; x_wconf 89' lang='lat' dir='ltr'>nunc,</span> <span class='ocrx_word' id='word_1_427' title='bbox 1255 4333 1561 4415; x_wconf 89' lang='lat' dir='ltr'>Domine,</span> <span class='ocrx_word' id='word_1_428' title='bbox 1602 4345 1794 4422; x_wconf 90' lang='lat' dir='ltr'>potes</span> <span class='ocrx_word' id='word_1_429' title='bbox 1823 4346 1887 4403; x_wconf 90' lang='lat' dir='ltr'>et</span> <span class='ocrx_word' id='word_1_430' title='bbox 1921 4354 2029 4402; x_wconf 90' lang='lat' dir='ltr'>me</span> <span class='ocrx_word' id='word_1_431' title='bbox 2061 4331 2148 4402; x_wconf 90' lang='lat' dir='ltr'>ab</span> <span class='ocrx_word' id='word_1_432' title='bbox 2180 4332 2367 4402; x_wconf 88' lang='lat' dir='ltr'>omni</span> <span class='ocrx_word' id='word_1_433' title='bbox 2415 4352 2737 4431; x_wconf 88' lang='lat' dir='ltr'>pressura</span> <span class='ocrx_word' id='word_1_434' title='bbox 2779 4328 3130 4426; x_wconf 59' lang='lat' dir='ltr'>liberare-y</span> 
     </span>
     <span class='ocr_line' id='line_1_47' title="bbox 599 4418 3126 4511; baseline -0.002 -24"><span class='ocrx_word' id='word_1_435' title='bbox 599 4422 723 4487; x_wconf 88' lang='lat' dir='ltr'>His</span> <span class='ocrx_word' id='word_1_436' title='bbox 769 4418 1016 4501; x_wconf 76' lang='lat' dir='ltr'>dictis,</span> <span class='ocrx_word' id='word_1_437' title='bbox 1071 4421 1271 4511; x_wconf 91' lang='lat' dir='ltr'>signo</span> <span class='ocrx_word' id='word_1_438' title='bbox 1323 4437 1599 4494; x_wconf 87' lang='lat' dir='ltr'>sanctae</span> <span class='ocrx_word' id='word_1_439' title='bbox 1640 4423 1877 4492; x_wconf 86' lang='lat' dir='ltr'>Crucis</span> <span class='ocrx_word' id='word_1_440' title='bbox 1924 4444 1996 4491; x_wconf 91' lang='lat' dir='ltr'>se</span> <span class='ocrx_word' id='word_1_441' title='bbox 2034 4421 2497 4510; x_wconf 74' lang='lat' dir='ltr'>consignavit,</span> <span class='ocrx_word' id='word_1_442' title='bbox 2550 4419 2916 4504; x_wconf 88' lang='lat' dir='ltr'>omnisque</span> <span class='ocrx_word' id='word_1_443' title='bbox 2955 4427 3126 4502; x_wconf 76' lang='lat' dir='ltr'>ignis</span> 
     </span>
    </p>
   </div>
  </div>
 </body>
</html>
