<?xml version="1.0" encoding="UTF-8"?>
<!DOCTYPE html PUBLIC "-//W3C//DTD XHTML 1.0 Transitional//EN"
    "http://www.w3.org/TR/xhtml1/DTD/xhtml1-transitional.dtd">
<html xmlns="http://www.w3.org/1999/xhtml" xml:lang="en" lang="en">
 <head>
  <title>
</title>
<meta http-equiv="Content-Type" content="text/html;charset=utf-8" />
  <meta name='ocr-system' content='tesseract 3.04.00' />
  <meta name='ocr-capabilities' content='ocr_page ocr_carea ocr_par ocr_line ocrx_word'/>
</head>
<body>
  <div class='ocr_page' id='page_1' title='image "./historiaeseuvit03lippgoog_0608.png"; bbox 0 0 3347 4999; ppageno 0'>
   <div class='ocr_carea' id='block_1_1' title="bbox 703 300 3150 368">
    <p class='ocr_par' dir='ltr' id='par_1_1' title="bbox 703 300 3150 368">
     <span class='ocr_line' id='line_1_1' title="bbox 703 300 3150 368; baseline -0 -1"><span class='ocrx_word' id='word_1_1' title='bbox 703 304 826 368; x_wconf 73' lang='lat'>504</span> <span class='ocrx_word' id='word_1_2' title='bbox 1473 300 1566 367; x_wconf 72' lang='lat' dir='ltr'>&#39;na</span> <span class='ocrx_word' id='word_1_3' title='bbox 1613 321 1669 368; x_wconf 90' lang='lat' dir='ltr'>s.</span> <span class='ocrx_word' id='word_1_4' title='bbox 1723 319 2015 368; x_wconf 76' lang='lat' dir='ltr'>aanwmss</span> <span class='ocrx_word' id='word_1_5' title='bbox 2061 320 2253 368; x_wconf 59' lang='lat' dir='ltr'>vinna</span> <span class='ocrx_word' id='word_1_6' title='bbox 2827 301 2998 367; x_wconf 89' lang='lat' dir='ltr'>OCT.</span> <span class='ocrx_word' id='word_1_7' title='bbox 3057 303 3150 367; x_wconf 74' lang='grc'>17</span> 
     </span>
    </p>
   </div>
   <div class='ocr_carea' id='block_1_2' title="bbox 608 403 3149 1468">
    <p class='ocr_par' dir='ltr' id='par_1_2' title="bbox 608 403 3149 1468">
     <span class='ocr_line' id='line_1_2' title="bbox 609 403 3149 494; baseline -0 -20"><span class='ocrx_word' id='word_1_8' title='bbox 609 403 909 492; x_wconf 90' lang='lat' dir='ltr'>quadam</span> <span class='ocrx_word' id='word_1_9' title='bbox 963 403 1176 473; x_wconf 89' lang='lat' dir='ltr'>animi</span> <span class='ocrx_word' id='word_1_10' title='bbox 1240 403 1593 475; x_wconf 88' lang='lat' dir='ltr'>devotione</span> <span class='ocrx_word' id='word_1_11' title='bbox 1647 404 2001 487; x_wconf 77' lang='lat' dir='ltr'>interfuit,</span> <span class='ocrx_word' id='word_1_12' title='bbox 2056 426 2259 474; x_wconf 88' lang='lat' dir='ltr'>orans</span> <span class='ocrx_word' id='word_1_13' title='bbox 2312 404 2581 474; x_wconf 86' lang='lat' dir='ltr'>interim</span> <span class='ocrx_word' id='word_1_14' title='bbox 2644 403 2743 474; x_wconf 88' lang='lat' dir='ltr'>vel</span> <span class='ocrx_word' id='word_1_15' title='bbox 2801 417 2936 474; x_wconf 86' lang='lat' dir='ltr'>toto</span> <span class='ocrx_word' id='word_1_16' title='bbox 2986 427 3149 494; x_wconf 88' lang='lat' dir='ltr'>pro-</span> 
     </span>
     <span class='ocr_line' id='line_1_3' title="bbox 611 491 3146 584; baseline -0 -21"><span class='ocrx_word' id='word_1_17' title='bbox 611 505 822 565; x_wconf 89' lang='lat' dir='ltr'>strata</span> <span class='ocrx_word' id='word_1_18' title='bbox 864 514 1146 582; x_wconf 88' lang='lat' dir='ltr'>corpore</span> <span class='ocrx_word' id='word_1_19' title='bbox 1179 546 1194 573; x_wconf 94' lang='lat'>,</span> <span class='ocrx_word' id='word_1_20' title='bbox 1241 491 1341 561; x_wconf 91' lang='lat' dir='ltr'>vel</span> <span class='ocrx_word' id='word_1_21' title='bbox 1393 495 1854 583; x_wconf 81' lang='lat' dir='ltr'><strong>procumbens</strong></span> <span class='ocrx_word' id='word_1_22' title='bbox 1907 494 1977 563; x_wconf 91' lang='lat' dir='ltr'>in</span> <span class='ocrx_word' id='word_1_23' title='bbox 2027 515 2251 584; x_wconf 85' lang='lat' dir='ltr'>genua</span> <span class='ocrx_word' id='word_1_24' title='bbox 2285 547 2301 574; x_wconf 92' lang='lat'>,</span> <span class='ocrx_word' id='word_1_25' title='bbox 2355 493 2455 562; x_wconf 84' lang='lat' dir='ltr'>vel</span> <span class='ocrx_word' id='word_1_26' title='bbox 2496 492 2682 562; x_wconf 89' lang='lat' dir='ltr'>ulnis</span> <span class='ocrx_word' id='word_1_27' title='bbox 2730 493 3146 563; x_wconf 84' lang='lat' dir='ltr'><strong>incumbens</strong></span> 
     </span>
     <span class='ocr_line' id='line_1_4' title="bbox 609 580 3146 672; baseline 0 -22"><span class='ocrx_word' id='word_1_28' title='bbox 609 581 871 652; x_wconf 92' lang='lat' dir='ltr'>humo:</span> <span class='ocrx_word' id='word_1_29' title='bbox 924 581 1045 651; x_wconf 89' lang='lat' dir='ltr'>ubi</span> <span class='ocrx_word' id='word_1_30' title='bbox 1085 593 1230 650; x_wconf 88' lang='lat' dir='ltr'>tum</span> <span class='ocrx_word' id='word_1_31' title='bbox 1274 603 1436 672; x_wconf 88' lang='lat' dir='ltr'>prae</span> <span class='ocrx_word' id='word_1_32' title='bbox 1467 581 1820 653; x_wconf 88' lang='lat' dir='ltr'>devotione</span> <span class='ocrx_word' id='word_1_33' title='bbox 1856 595 1923 652; x_wconf 89' lang='lat' dir='ltr'>et</span> <span class='ocrx_word' id='word_1_34' title='bbox 1966 582 2181 652; x_wconf 89' lang='lat' dir='ltr'>animi</span> <span class='ocrx_word' id='word_1_35' title='bbox 2215 580 2599 651; x_wconf 91' lang='lat' dir='ltr'>humilitate</span> <span class='ocrx_word' id='word_1_36' title='bbox 2635 595 2850 651; x_wconf 87' lang='lat' dir='ltr'>terrae</span> <span class='ocrx_word' id='word_1_37' title='bbox 2902 581 3146 671; x_wconf 87' lang='lat' dir='ltr'>pulve-</span> 
     </span>
     <span class='ocr_line' id='line_1_5' title="bbox 609 668 3148 758; baseline 0.001 -20"><span class='ocrx_word' id='word_1_38' title='bbox 609 691 750 740; x_wconf 90' lang='lat' dir='ltr'>rem</span> <span class='ocrx_word' id='word_1_39' title='bbox 791 671 1030 739; x_wconf 92' lang='lat' dir='ltr'>crebro</span> <span class='ocrx_word' id='word_1_40' title='bbox 1084 669 1626 740; x_wconf 79' lang='lat' dir='ltr'><strong>exosculabatur.</strong></span> <span class='ocrx_word' id='word_1_41' title='bbox 1682 671 2110 758; x_wconf 88' lang='lat' dir='ltr'>Quicumque</span> <span class='ocrx_word' id='word_1_42' title='bbox 2166 670 2252 739; x_wconf 90' lang='lat' dir='ltr'>ad</span> <span class='ocrx_word' id='word_1_43' title='bbox 2308 669 2455 756; x_wconf 85' lang='lat' dir='ltr'>ejus</span> <span class='ocrx_word' id='word_1_44' title='bbox 2513 668 2742 739; x_wconf 91' lang='lat' dir='ltr'>aulam</span> <span class='ocrx_word' id='word_1_45' title='bbox 2792 669 3148 741; x_wconf 86' lang='lat' dir='ltr'>venissent</span> 
     </span>
     <span class='ocr_line' id='line_1_6' title="bbox 611 757 3141 849; baseline 0.001 -22"><span class='ocrx_word' id='word_1_46' title='bbox 611 758 1018 837; x_wconf 73' lang='lat' dir='ltr'>sacerdotes,</span> <span class='ocrx_word' id='word_1_47' title='bbox 1072 758 1210 829; x_wconf 85' lang='lat' dir='ltr'>sive</span> <span class='ocrx_word' id='word_1_48' title='bbox 1250 758 1593 829; x_wconf 87' lang='lat' dir='ltr'>seculares</span> <span class='ocrx_word' id='word_1_49' title='bbox 1624 757 1726 828; x_wconf 93' lang='lat' dir='ltr'>illi</span> <span class='ocrx_word' id='word_1_50' title='bbox 1774 771 2042 839; x_wconf 90' lang='lat' dir='ltr'>essent,</span> <span class='ocrx_word' id='word_1_51' title='bbox 2104 758 2244 830; x_wconf 83' lang='lat' dir='ltr'>sive</span> <span class='ocrx_word' id='word_1_52' title='bbox 2284 757 2608 849; x_wconf 86' lang='lat' dir='ltr'>religiosi,</span> <span class='ocrx_word' id='word_1_53' title='bbox 2668 759 2777 828; x_wconf 85' lang='lat' dir='ltr'>vix</span> <span class='ocrx_word' id='word_1_54' title='bbox 2822 780 3141 846; x_wconf 87' lang='lat' dir='ltr'>unquam</span> 
     </span>
     <span class='ocr_line' id='line_1_7' title="bbox 610 846 3143 937; baseline 0 -21"><span class='ocrx_word' id='word_1_55' title='bbox 610 846 1078 937; x_wconf 75' lang='lat' dir='ltr'>subterfugere</span> <span class='ocrx_word' id='word_1_56' title='bbox 1113 860 1442 936; x_wconf 83' lang='lat' dir='ltr'>poterant,</span> <span class='ocrx_word' id='word_1_57' title='bbox 1473 847 1642 934; x_wconf 90' lang='lat' dir='ltr'>quin</span> <span class='ocrx_word' id='word_1_58' title='bbox 1672 868 1903 917; x_wconf 89' lang='lat' dir='ltr'>coram</span> <span class='ocrx_word' id='word_1_59' title='bbox 1937 847 2088 937; x_wconf 88' lang='lat' dir='ltr'>ipsa</span> <span class='ocrx_word' id='word_1_60' title='bbox 2117 847 2533 917; x_wconf 86' lang='lat' dir='ltr'>sacrificium</span> <span class='ocrx_word' id='word_1_61' title='bbox 2566 846 2907 916; x_wconf 84' lang='lat' dir='ltr'>offerrent.</span> <span class='ocrx_word' id='word_1_62' title='bbox 2940 846 3143 929; x_wconf 86' lang='lat' dir='ltr'>Quod</span> 
     </span>
     <span class='ocr_line' id='line_1_8' title="bbox 611 934 3145 1025; baseline -0 -21"><span class='ocrx_word' id='word_1_63' title='bbox 611 937 670 1004; x_wconf 90' lang='lat' dir='ltr'>si</span> <span class='ocrx_word' id='word_1_64' title='bbox 713 935 781 1003; x_wconf 93' lang='lat' dir='ltr'>in</span> <span class='ocrx_word' id='word_1_65' title='bbox 812 935 970 1014; x_wconf 88' lang='lat' dir='ltr'>aula</span> <span class='ocrx_word' id='word_1_66' title='bbox 1004 935 1155 1005; x_wconf 84' lang='lat' dir='ltr'>e‘us</span> <span class='ocrx_word' id='word_1_67' title='bbox 1194 935 1455 1006; x_wconf 87' lang='lat' dir='ltr'>deesset</span> <span class='ocrx_word' id='word_1_68' title='bbox 1484 936 1681 1025; x_wconf 88' lang='lat' dir='ltr'>copia</span> <span class='ocrx_word' id='word_1_69' title='bbox 1715 934 2169 1015; x_wconf 83' lang='lat' dir='ltr'>sacerdotum,</span> <span class='ocrx_word' id='word_1_70' title='bbox 2207 949 2533 1022; x_wconf 89' lang='lat' dir='ltr'>quantam</span> <span class='ocrx_word' id='word_1_71' title='bbox 2570 935 2722 1025; x_wconf 91' lang='lat' dir='ltr'>ipsa</span> <span class='ocrx_word' id='word_1_72' title='bbox 2753 934 2972 1017; x_wconf 88' lang='lat' dir='ltr'>vellet,</span> <span class='ocrx_word' id='word_1_73' title='bbox 3007 957 3145 1005; x_wconf 86' lang='lat' dir='ltr'>un-</span> 
     </span>
     <span class='ocr_line' id='line_1_9' title="bbox 611 1023 3144 1114; baseline 0 -21"><span class='ocrx_word' id='word_1_74' title='bbox 611 1023 996 1110; x_wconf 89' lang='lat' dir='ltr'>decumque</span> <span class='ocrx_word' id='word_1_75' title='bbox 1090 1023 1276 1093; x_wconf 91' lang='lat' dir='ltr'>aberi</span> <span class='ocrx_word' id='word_1_76' title='bbox 1330 1036 1661 1114; x_wconf 86' lang='lat' dir='ltr'>poterant,</span> <span class='ocrx_word' id='word_1_77' title='bbox 1713 1025 2258 1105; x_wconf 87' lang='lat' dir='ltr'>accersebantur,</span> <span class='ocrx_word' id='word_1_78' title='bbox 2310 1034 2387 1094; x_wconf 91' lang='lat' dir='ltr'>ut</span> <span class='ocrx_word' id='word_1_79' title='bbox 2428 1024 2787 1094; x_wconf 87' lang='lat' dir='ltr'>Missarum</span> <span class='ocrx_word' id='word_1_80' title='bbox 2825 1023 3144 1112; x_wconf 86' lang='lat' dir='ltr'>paucitas</span> 
     </span>
     <span class='ocr_line' id='line_1_10' title="bbox 611 1111 3142 1202; baseline -0 -21"><span class='ocrx_word' id='word_1_81' title='bbox 611 1112 1070 1202; x_wconf 86' lang='lat' dir='ltr'>suppleretur,</span> <span class='ocrx_word' id='word_1_82' title='bbox 1123 1134 1329 1198; x_wconf 91' lang='lat' dir='ltr'>quam</span> <span class='ocrx_word' id='word_1_83' title='bbox 1381 1112 1498 1181; x_wconf 90' lang='lat' dir='ltr'>illa</span> <span class='ocrx_word' id='word_1_84' title='bbox 1549 1133 1765 1200; x_wconf 89' lang='lat' dir='ltr'>aequo</span> <span class='ocrx_word' id='word_1_85' title='bbox 1811 1113 2042 1181; x_wconf 91' lang='lat' dir='ltr'>animo</span> <span class='ocrx_word' id='word_1_86' title='bbox 2080 1111 2253 1182; x_wconf 93' lang='lat' dir='ltr'>ferre</span> <span class='ocrx_word' id='word_1_87' title='bbox 2303 1133 2434 1182; x_wconf 93' lang='lat' dir='ltr'>non</span> <span class='ocrx_word' id='word_1_88' title='bbox 2493 1125 2770 1201; x_wconf 89' lang='lat' dir='ltr'>poterat.</span> <span class='ocrx_word' id='word_1_89' title='bbox 2825 1117 2906 1183; x_wconf 88' lang='lat' dir='ltr'>Ut</span> <span class='ocrx_word' id='word_1_90' title='bbox 2948 1113 3142 1181; x_wconf 88' lang='lat' dir='ltr'>enim</span> 
     </span>
     <span class='ocr_line' id='line_1_11' title="bbox 608 1200 3143 1289; baseline 0 -20"><span class='ocrx_word' id='word_1_91' title='bbox 608 1200 948 1289; x_wconf 91' lang='lat' dir='ltr'>capellani</span> <span class='ocrx_word' id='word_1_92' title='bbox 992 1215 1056 1271; x_wconf 94' lang='lat' dir='ltr'>et</span> <span class='ocrx_word' id='word_1_93' title='bbox 1092 1202 1213 1288; x_wconf 86' lang='lat' dir='ltr'>qui</span> <span class='ocrx_word' id='word_1_94' title='bbox 1269 1201 1338 1269; x_wconf 91' lang='lat' dir='ltr'>in</span> <span class='ocrx_word' id='word_1_95' title='bbox 1394 1201 1544 1289; x_wconf 88' lang='lat' dir='ltr'>ejus</span> <span class='ocrx_word' id='word_1_96' title='bbox 1592 1200 1973 1270; x_wconf 89' lang='lat' dir='ltr'>ministerio</span> <span class='ocrx_word' id='word_1_97' title='bbox 2008 1214 2223 1281; x_wconf 91' lang='lat' dir='ltr'>erant,</span> <span class='ocrx_word' id='word_1_98' title='bbox 2278 1201 2636 1270; x_wconf 75' lang='lat' dir='ltr'>Missurum</span> <span class='ocrx_word' id='word_1_99' title='bbox 2690 1200 3143 1270; x_wconf 84' lang='lat' dir='ltr'>multitudine</span> 
     </span>
     <span class='ocr_line' id='line_1_12' title="bbox 610 1288 3135 1379; baseline 0 -22"><span class='ocrx_word' id='word_1_100' title='bbox 610 1289 1112 1378; x_wconf 84' lang='lat' dir='ltr'>gravabantur:</span> <span class='ocrx_word' id='word_1_101' title='bbox 1147 1290 1243 1359; x_wconf 89' lang='lat' dir='ltr'>sic</span> <span class='ocrx_word' id='word_1_102' title='bbox 1281 1288 1405 1360; x_wconf 86' lang='lat' dir='ltr'>illa</span> <span class='ocrx_word' id='word_1_103' title='bbox 1480 1302 1701 1358; x_wconf 90' lang='lat' dir='ltr'>ravate</span> <span class='ocrx_word' id='word_1_104' title='bbox 1727 1288 2004 1370; x_wconf 89' lang='lat' dir='ltr'>ferebat,</span> <span class='ocrx_word' id='word_1_105' title='bbox 2049 1290 2106 1358; x_wconf 89' lang='lat' dir='ltr'>si</span> <span class='ocrx_word' id='word_1_106' title='bbox 2139 1289 2390 1360; x_wconf 86' lang='lat' dir='ltr'>multas</span> <span class='ocrx_word' id='word_1_107' title='bbox 2430 1288 2680 1360; x_wconf 89' lang='lat' dir='ltr'>habere</span> <span class='ocrx_word' id='word_1_108' title='bbox 2713 1311 2844 1359; x_wconf 92' lang='lat' dir='ltr'>non</span> <span class='ocrx_word' id='word_1_109' title='bbox 2881 1301 3135 1379; x_wconf 89' lang='lat' dir='ltr'>posset.</span> 
     </span>
     <span class='ocr_line' id='line_1_13' title="bbox 613 1376 2559 1468; baseline -0.001 -21"><span class='ocrx_word' id='word_1_110' title='bbox 613 1376 801 1448; x_wconf 91' lang='lat' dir='ltr'>Unde</span> <span class='ocrx_word' id='word_1_111' title='bbox 833 1378 1116 1465; x_wconf 86' lang='lat' dir='ltr'>quidam</span> <span class='ocrx_word' id='word_1_112' title='bbox 1149 1399 1186 1447; x_wconf 93' lang='lat' dir='ltr'>e</span> <span class='ocrx_word' id='word_1_113' title='bbox 1220 1377 1406 1448; x_wconf 90' lang='lat' dir='ltr'>Clero</span> <span class='ocrx_word' id='word_1_114' title='bbox 1495 1400 1571 1448; x_wconf 91' lang='lat' dir='ltr'>os</span> <span class='ocrx_word' id='word_1_115' title='bbox 1604 1378 1689 1447; x_wconf 91' lang='lat' dir='ltr'>de</span> <span class='ocrx_word' id='word_1_116' title='bbox 1721 1377 1840 1447; x_wconf 90' lang='lat' dir='ltr'>illa</span> <span class='ocrx_word' id='word_1_117' title='bbox 1875 1399 2111 1447; x_wconf 87' lang='lat' dir='ltr'>versus</span> <span class='ocrx_word' id='word_1_118' title='bbox 2139 1379 2559 1468; x_wconf 84' lang='lat' dir='ltr'>composuit:</span> 
     </span>
    </p>
   </div>
   <div class='ocr_carea' id='block_1_3' title="bbox 1040 1500 2672 1680">
    <p class='ocr_par' dir='ltr' id='par_1_3' title="bbox 1040 1500 2672 1680">
     <span class='ocr_line' id='line_1_14' title="bbox 1082 1500 2508 1583; baseline -0.001 -1"><span class='ocrx_word' id='word_1_119' title='bbox 1082 1519 1149 1582; x_wconf 88' lang='lat' dir='ltr'>ln</span> <span class='ocrx_word' id='word_1_120' title='bbox 1194 1521 1310 1581; x_wconf 84' lang='lat' dir='ltr'>sola</span> <span class='ocrx_word' id='word_1_121' title='bbox 1356 1520 1523 1582; x_wconf 83' lang='lat' dir='ltr'>Missa</span> <span class='ocrx_word' id='word_1_122' title='bbox 1571 1537 1690 1581; x_wconf 87' lang='lat' dir='ltr'>non</span> <span class='ocrx_word' id='word_1_123' title='bbox 1736 1527 1826 1581; x_wconf 85' lang='lat' dir='ltr'>est</span> <span class='ocrx_word' id='word_1_124' title='bbox 1867 1529 2142 1583; x_wconf 88' lang='lat' dir='ltr'>contenta</span> <span class='ocrx_word' id='word_1_125' title='bbox 2188 1519 2424 1583; x_wconf 84' lang='lat' dir='ltr'>Ducissa</span> <span class='ocrx_word' id='word_1_126' title='bbox 2456 1500 2508 1581; x_wconf 52' lang='grc' dir='ltr'>ε’</span> 
     </span>
     <span class='ocr_line' id='line_1_15' title="bbox 1040 1599 2672 1680; baseline 0.001 -19"><span class='ocrx_word' id='word_1_127' title='bbox 1040 1676 1045 1677; x_wconf 13' lang='lat'><em>7</em></span> <span class='ocrx_word' id='word_1_128' title='bbox 1079 1600 1230 1672; x_wconf 85' lang='lat' dir='ltr'>Quot</span> <span class='ocrx_word' id='word_1_129' title='bbox 1269 1610 1414 1661; x_wconf 90' lang='lat' dir='ltr'>sunt</span> <span class='ocrx_word' id='word_1_130' title='bbox 1456 1600 1817 1680; x_wconf 83' lang='lat' dir='ltr'>presbyteri,</span> <span class='ocrx_word' id='word_1_131' title='bbox 1865 1609 1947 1661; x_wconf 90' lang='lat' dir='ltr'>tot</span> <span class='ocrx_word' id='word_1_132' title='bbox 1992 1600 2192 1661; x_wconf 82' lang='lat' dir='ltr'>Missas</span> <span class='ocrx_word' id='word_1_133' title='bbox 2233 1608 2396 1679; x_wconf 84' lang='lat' dir='ltr'>optat</span> <span class='ocrx_word' id='word_1_134' title='bbox 2439 1599 2672 1662; x_wconf 87' lang='lat' dir='ltr'>haberi.</span> 
     </span>
    </p>
   </div>
   <div class='ocr_carea' id='block_1_4' title="bbox 599 1729 3140 4479">
    <p class='ocr_par' dir='ltr' id='par_1_4' title="bbox 599 1729 3140 4479">
     <span class='ocr_line' id='line_1_16' title="bbox 696 1729 3137 1819; baseline -0.001 -17"><span class='ocrx_word' id='word_1_135' title='bbox 696 1732 731 1816; x_wconf 73' lang='grc' dir='ltr'>ξ</span> <span class='ocrx_word' id='word_1_136' title='bbox 782 1734 924 1802; x_wconf 67' lang='lat'>22.</span> <span class='ocrx_word' id='word_1_137' title='bbox 994 1736 1156 1800; x_wconf 88' lang='lat' dir='ltr'>Cum</span> <span class='ocrx_word' id='word_1_138' title='bbox 1209 1729 1457 1811; x_wconf 86' lang='lat' dir='ltr'>vellet,</span> <span class='ocrx_word' id='word_1_139' title='bbox 1513 1730 1623 1800; x_wconf 91' lang='lat' dir='ltr'>die</span> <span class='ocrx_word' id='word_1_140' title='bbox 1669 1730 1971 1819; x_wconf 89' lang='lat' dir='ltr'>quodam</span> <span class='ocrx_word' id='word_1_141' title='bbox 2004 1786 2020 1812; x_wconf 92' lang='lat'>‚</span> <span class='ocrx_word' id='word_1_142' title='bbox 2078 1731 2313 1801; x_wconf 90' lang='lat' dir='ltr'>multis</span> <span class='ocrx_word' id='word_1_143' title='bbox 2363 1732 2720 1802; x_wconf 89' lang='lat' dir='ltr'>Missarum</span> <span class='ocrx_word' id='word_1_144' title='bbox 2772 1730 3137 1801; x_wconf 83' lang='lat' dir='ltr'>sacrificiis</span> 
     </span>
     <span class='ocr_line' id='line_1_17' title="bbox 610 1819 3133 1911; baseline 0.001 -25"><span class='ocrx_word' id='word_1_145' title='bbox 610 1820 922 1888; x_wconf 87' lang='lat' dir='ltr'>animum</span> <span class='ocrx_word' id='word_1_146' title='bbox 952 1841 1154 1890; x_wconf 89' lang='lat' dir='ltr'>suum</span> <span class='ocrx_word' id='word_1_147' title='bbox 1178 1819 1540 1900; x_wconf 87' lang='lat' dir='ltr'>oblectare,</span> <span class='ocrx_word' id='word_1_148' title='bbox 1576 1820 1942 1890; x_wconf 88' lang='lat' dir='ltr'>Martinum</span> <span class='ocrx_word' id='word_1_149' title='bbox 1971 1820 2400 1911; x_wconf 80' lang='lat' dir='ltr'>capellanum</span> <span class='ocrx_word' id='word_1_150' title='bbox 2438 1832 2599 1890; x_wconf 87' lang='lat' dir='ltr'>tunc</span> <span class='ocrx_word' id='word_1_151' title='bbox 2632 1842 2863 1900; x_wconf 87' lang='lat' dir='ltr'>suum,</span> <span class='ocrx_word' id='word_1_152' title='bbox 2905 1832 3133 1909; x_wconf 88' lang='lat' dir='ltr'>postea</span> 
     </span>
     <span class='ocr_line' id='line_1_18' title="bbox 609 1907 3132 1995; baseline 0.001 -21"><span class='ocrx_word' id='word_1_153' title='bbox 609 1907 1199 1979; x_wconf 87' lang='lat' dir='ltr'>Vratislaviensem</span> <span class='ocrx_word' id='word_1_154' title='bbox 1249 1908 1688 1990; x_wconf 89' lang='lat' dir='ltr'>canonicum,</span> <span class='ocrx_word' id='word_1_155' title='bbox 1745 1908 1931 1979; x_wconf 91' lang='lat' dir='ltr'>misit</span> <span class='ocrx_word' id='word_1_156' title='bbox 1963 1909 2048 1978; x_wconf 89' lang='lat' dir='ltr'>ad</span> <span class='ocrx_word' id='word_1_157' title='bbox 2083 1909 2572 1978; x_wconf 89' lang='lat' dir='ltr'>accersendum</span> <span class='ocrx_word' id='word_1_158' title='bbox 2621 1929 3132 1995; x_wconf 86' lang='lat' dir='ltr'>quemcumque</span> 
     </span>
     <span class='ocr_line' id='line_1_19' title="bbox 610 1995 3133 2083; baseline 0.001 -20"><span class='ocrx_word' id='word_1_159' title='bbox 610 1995 1056 2076; x_wconf 88' lang='lat' dir='ltr'>sacerdotem,</span> <span class='ocrx_word' id='word_1_160' title='bbox 1094 2009 1171 2066; x_wconf 92' lang='lat' dir='ltr'>ut</span> <span class='ocrx_word' id='word_1_161' title='bbox 1215 2018 1446 2067; x_wconf 88' lang='lat' dir='ltr'>coram</span> <span class='ocrx_word' id='word_1_162' title='bbox 1497 1996 1614 2066; x_wconf 92' lang='lat' dir='ltr'>illa</span> <span class='ocrx_word' id='word_1_163' title='bbox 1662 1996 2099 2067; x_wconf 83' lang='lat' dir='ltr'>sacrificaret.</span> <span class='ocrx_word' id='word_1_164' title='bbox 2156 1997 2277 2066; x_wconf 93' lang='lat' dir='ltr'>Ille</span> <span class='ocrx_word' id='word_1_165' title='bbox 2313 1998 2632 2068; x_wconf 87' lang='lat' dir='ltr'>mandato</span> <span class='ocrx_word' id='word_1_166' title='bbox 2663 1998 2840 2083; x_wconf 89' lang='lat' dir='ltr'>ejus,</span> <span class='ocrx_word' id='word_1_167' title='bbox 2879 1997 2994 2066; x_wconf 90' lang='lat' dir='ltr'>cui</span> <span class='ocrx_word' id='word_1_168' title='bbox 3028 2018 3133 2065; x_wconf 90' lang='lat' dir='ltr'>re-</span> 
     </span>
     <span class='ocr_line' id='line_1_20' title="bbox 612 2084 3137 2176; baseline 0 -25"><span class='ocrx_word' id='word_1_169' title='bbox 612 2084 733 2154; x_wconf 84' lang='lat' dir='ltr'>niti</span> <span class='ocrx_word' id='word_1_170' title='bbox 785 2106 918 2153; x_wconf 91' lang='lat' dir='ltr'>non</span> <span class='ocrx_word' id='word_1_171' title='bbox 959 2097 1204 2174; x_wconf 87' lang='lat' dir='ltr'>posset,</span> <span class='ocrx_word' id='word_1_172' title='bbox 1257 2085 1685 2175; x_wconf 89' lang='lat' dir='ltr'>compulsus,</span> <span class='ocrx_word' id='word_1_173' title='bbox 1729 2085 1920 2166; x_wconf 89' lang='lat' dir='ltr'>abiit,</span> <span class='ocrx_word' id='word_1_174' title='bbox 1960 2108 2258 2173; x_wconf 88' lang='lat' dir='ltr'>casuque</span> <span class='ocrx_word' id='word_1_175' title='bbox 2296 2099 2764 2156; x_wconf 89' lang='lat' dir='ltr'>occurrentem</span> <span class='ocrx_word' id='word_1_176' title='bbox 2814 2085 2952 2176; x_wconf 88' lang='lat' dir='ltr'>ipsi</span> <span class='ocrx_word' id='word_1_177' title='bbox 2995 2084 3137 2155; x_wconf 86' lang='lat' dir='ltr'>cal-</span> 
     </span>
     <span class='ocr_line' id='line_1_21' title="bbox 611 2171 3137 2262; baseline 0.003 -24"><span class='ocrx_word' id='word_1_178' title='bbox 611 2194 767 2241; x_wconf 92' lang='lat' dir='ltr'>vum</span> <span class='ocrx_word' id='word_1_179' title='bbox 809 2171 1154 2260; x_wconf 89' lang='lat' dir='ltr'>quendam</span> <span class='ocrx_word' id='word_1_180' title='bbox 1210 2174 1622 2243; x_wconf 88' lang='lat' dir='ltr'>monachum</span> <span class='ocrx_word' id='word_1_181' title='bbox 1662 2196 1743 2244; x_wconf 85' lang='lat' dir='ltr'>ex</span> <span class='ocrx_word' id='word_1_182' title='bbox 1787 2196 2024 2243; x_wconf 91' lang='lat' dir='ltr'>eorum</span> <span class='ocrx_word' id='word_1_183' title='bbox 2069 2196 2378 2256; x_wconf 90' lang='lat' dir='ltr'>numer0,</span> <span class='ocrx_word' id='word_1_184' title='bbox 2415 2197 2589 2262; x_wconf 88' lang='lat' dir='ltr'>quos</span> <span class='ocrx_word' id='word_1_185' title='bbox 2622 2179 2990 2244; x_wconf 82' lang='lat' dir='ltr'>Conversus</span> <span class='ocrx_word' id='word_1_186' title='bbox 3019 2196 3137 2245; x_wconf 84' lang='lat' dir='ltr'>vo-</span> 
     </span>
     <span class='ocr_line' id='line_1_22' title="bbox 609 2261 3135 2352; baseline 0 -23"><span class='ocrx_word' id='word_1_187' title='bbox 609 2274 810 2341; x_wconf 90' lang='lat' dir='ltr'>cant,</span> <span class='ocrx_word' id='word_1_188' title='bbox 864 2261 984 2348; x_wconf 90' lang='lat' dir='ltr'>qui</span> <span class='ocrx_word' id='word_1_189' title='bbox 1036 2277 1226 2342; x_wconf 89' lang='lat' dir='ltr'>tum,</span> <span class='ocrx_word' id='word_1_190' title='bbox 1279 2263 1684 2352; x_wconf 85' lang='lat' dir='ltr'>expediendi</span> <span class='ocrx_word' id='word_1_191' title='bbox 1751 2261 2115 2351; x_wconf 90' lang='lat' dir='ltr'>cujusdam</span> <span class='ocrx_word' id='word_1_192' title='bbox 2171 2285 2252 2332; x_wconf 91' lang='lat' dir='ltr'>ne</span> <span class='ocrx_word' id='word_1_193' title='bbox 2303 2263 2421 2332; x_wconf 92' lang='lat' dir='ltr'>otii</span> <span class='ocrx_word' id='word_1_194' title='bbox 2469 2266 2679 2333; x_wconf 73' lang='lat' dir='ltr'>causa</span> <span class='ocrx_word' id='word_1_195' title='bbox 2715 2317 2731 2344; x_wconf 91' lang='lat'>,</span> <span class='ocrx_word' id='word_1_196' title='bbox 2785 2263 2870 2331; x_wconf 92' lang='lat' dir='ltr'>ad</span> <span class='ocrx_word' id='word_1_197' title='bbox 2924 2262 3135 2333; x_wconf 88' lang='lat' dir='ltr'>Ducis</span> 
     </span>
     <span class='ocr_line' id='line_1_23' title="bbox 608 2347 3140 2441; baseline 0.002 -24"><span class='ocrx_word' id='word_1_198' title='bbox 608 2347 837 2418; x_wconf 87' lang='lat' dir='ltr'>aulam</span> <span class='ocrx_word' id='word_1_199' title='bbox 905 2362 1213 2426; x_wconf 87' lang='lat' dir='ltr'>venerat,</span> <span class='ocrx_word' id='word_1_200' title='bbox 1268 2351 1351 2419; x_wconf 89' lang='lat' dir='ltr'>ad</span> <span class='ocrx_word' id='word_1_201' title='bbox 1400 2373 1549 2421; x_wconf 88' lang='lat' dir='ltr'>eam</span> <span class='ocrx_word' id='word_1_202' title='bbox 1599 2350 1908 2420; x_wconf 80' lang='lat' dir='ltr'>adduxit.</span> <span class='ocrx_word' id='word_1_203' title='bbox 1982 2356 2149 2420; x_wconf 90' lang='lat' dir='ltr'>Tum</span> <span class='ocrx_word' id='word_1_204' title='bbox 2215 2351 2260 2419; x_wconf 92' lang='lat' dir='ltr'>il</span> <span class='ocrx_word' id='word_1_205' title='bbox 2294 2374 2333 2419; x_wconf 88' lang='lat' dir='ltr'>a</span> <span class='ocrx_word' id='word_1_206' title='bbox 2384 2374 2505 2441; x_wconf 90' lang='lat' dir='ltr'>pro</span> <span class='ocrx_word' id='word_1_207' title='bbox 2552 2372 2677 2421; x_wconf 90' lang='lat' dir='ltr'>suo</span> <span class='ocrx_word' id='word_1_208' title='bbox 2724 2351 3024 2421; x_wconf 91' lang='lat' dir='ltr'>candore</span> <span class='ocrx_word' id='word_1_209' title='bbox 3070 2365 3140 2421; x_wconf 82' lang='lat' dir='ltr'>et</span> 
     </span>
     <span class='ocr_line' id='line_1_24' title="bbox 610 2436 3131 2527; baseline 0.002 -21"><span class='ocrx_word' id='word_1_210' title='bbox 610 2436 1049 2527; x_wconf 83' lang='lat' dir='ltr'>simplicitate</span> <span class='ocrx_word' id='word_1_211' title='bbox 1096 2460 1229 2509; x_wconf 92' lang='lat' dir='ltr'>non</span> <span class='ocrx_word' id='word_1_212' title='bbox 1281 2444 1688 2510; x_wconf 85' lang='lat' dir='ltr'>Conversum</span> <span class='ocrx_word' id='word_1_213' title='bbox 1737 2462 1817 2510; x_wconf 87' lang='lat' dir='ltr'>ex</span> <span class='ocrx_word' id='word_1_214' title='bbox 1865 2439 2105 2511; x_wconf 83' lang='lat' dir='ltr'>habitu</span> <span class='ocrx_word' id='word_1_215' title='bbox 2136 2494 2152 2521; x_wconf 95' lang='lat'>,</span> <span class='ocrx_word' id='word_1_216' title='bbox 2206 2440 2320 2512; x_wconf 93' lang='lat' dir='ltr'>sed</span> <span class='ocrx_word' id='word_1_217' title='bbox 2374 2452 2638 2510; x_wconf 90' lang='lat' dir='ltr'>tantum</span> <span class='ocrx_word' id='word_1_218' title='bbox 2686 2439 2964 2510; x_wconf 90' lang='lat' dir='ltr'>calvum</span> <span class='ocrx_word' id='word_1_219' title='bbox 3010 2461 3131 2510; x_wconf 85' lang='lat' dir='ltr'>co-</span> 
     </span>
     <span class='ocr_line' id='line_1_25' title="bbox 608 2528 3138 2619; baseline 0.002 -25"><span class='ocrx_word' id='word_1_220' title='bbox 608 2548 969 2614; x_wconf 85' lang='lat' dir='ltr'>gnoscens,</span> <span class='ocrx_word' id='word_1_221' title='bbox 1021 2540 1403 2617; x_wconf 89' lang='lat' dir='ltr'>putansque</span> <span class='ocrx_word' id='word_1_222' title='bbox 1457 2552 1614 2599; x_wconf 91' lang='lat' dir='ltr'>eum</span> <span class='ocrx_word' id='word_1_223' title='bbox 1662 2551 1809 2598; x_wconf 89' lang='lat' dir='ltr'>esse</span> <span class='ocrx_word' id='word_1_224' title='bbox 1857 2528 2323 2611; x_wconf 88' lang='lat' dir='ltr'>sacerdotem,</span> <span class='ocrx_word' id='word_1_225' title='bbox 2379 2530 2641 2619; x_wconf 87' lang='lat' dir='ltr'>rogavit</span> <span class='ocrx_word' id='word_1_226' title='bbox 2700 2528 2947 2598; x_wconf 84' lang='lat' dir='ltr'>obnixe</span> <span class='ocrx_word' id='word_1_227' title='bbox 2977 2581 2998 2608; x_wconf 91' lang='lat'>,</span> <span class='ocrx_word' id='word_1_228' title='bbox 3058 2542 3138 2599; x_wconf 89' lang='lat' dir='ltr'>ut</span> 
     </span>
     <span class='ocr_line' id='line_1_26' title="bbox 610 2615 3137 2708; baseline 0.002 -25"><span class='ocrx_word' id='word_1_229' title='bbox 610 2615 881 2685; x_wconf 86' lang='lat' dir='ltr'>Missam</span> <span class='ocrx_word' id='word_1_230' title='bbox 932 2616 1065 2706; x_wconf 90' lang='lat' dir='ltr'>ipsi</span> <span class='ocrx_word' id='word_1_231' title='bbox 1111 2616 1384 2687; x_wconf 89' lang='lat' dir='ltr'>diceret.</span> <span class='ocrx_word' id='word_1_232' title='bbox 1440 2616 1564 2687; x_wconf 93' lang='lat' dir='ltr'>Illo</span> <span class='ocrx_word' id='word_1_233' title='bbox 1611 2617 2132 2708; x_wconf 85' lang='lat' dir='ltr'>obstupescente</span> <span class='ocrx_word' id='word_1_234' title='bbox 2176 2631 2242 2688; x_wconf 87' lang='lat' dir='ltr'>et</span> <span class='ocrx_word' id='word_1_235' title='bbox 2277 2617 2567 2698; x_wconf 92' lang='lat' dir='ltr'>dicente,</span> <span class='ocrx_word' id='word_1_236' title='bbox 2602 2617 2784 2705; x_wconf 92' lang='lat' dir='ltr'>quod</span> <span class='ocrx_word' id='word_1_237' title='bbox 2820 2638 2944 2686; x_wconf 86' lang='lat' dir='ltr'>nec</span> <span class='ocrx_word' id='word_1_238' title='bbox 2981 2639 3137 2706; x_wconf 89' lang='lat' dir='ltr'>pre-</span> 
     </span>
     <span class='ocr_line' id='line_1_27' title="bbox 608 2703 3128 2797; baseline 0.001 -25"><span class='ocrx_word' id='word_1_239' title='bbox 608 2703 859 2793; x_wconf 73' lang='lat' dir='ltr'>sbyter,</span> <span class='ocrx_word' id='word_1_240' title='bbox 914 2726 1037 2774; x_wconf 93' lang='lat' dir='ltr'>nec</span> <span class='ocrx_word' id='word_1_241' title='bbox 1070 2703 1407 2775; x_wconf 86' lang='lat' dir='ltr'>litteratus</span> <span class='ocrx_word' id='word_1_242' title='bbox 1453 2717 1652 2784; x_wconf 89' lang='lat' dir='ltr'>esset,</span> <span class='ocrx_word' id='word_1_243' title='bbox 1707 2706 1902 2775; x_wconf 89' lang='lat' dir='ltr'>beata</span> <span class='ocrx_word' id='word_1_244' title='bbox 1935 2706 2274 2797; x_wconf 86' lang='lat' dir='ltr'>Hedwigis</span> <span class='ocrx_word' id='word_1_245' title='bbox 2306 2729 2379 2776; x_wconf 91' lang='lat' dir='ltr'>se</span> <span class='ocrx_word' id='word_1_246' title='bbox 2410 2707 2706 2776; x_wconf 87' lang='lat' dir='ltr'>sentiens</span> <span class='ocrx_word' id='word_1_247' title='bbox 2744 2705 3128 2796; x_wconf 89' lang='lat' dir='ltr'>deceptam,</span> 
     </span>
     <span class='ocr_line' id='line_1_28' title="bbox 606 2791 3127 2884; baseline 0.002 -25"><span class='ocrx_word' id='word_1_248' title='bbox 606 2791 961 2863; x_wconf 88' lang='lat' dir='ltr'>humiliter</span> <span class='ocrx_word' id='word_1_249' title='bbox 985 2793 1069 2863; x_wconf 93' lang='lat' dir='ltr'>ab</span> <span class='ocrx_word' id='word_1_250' title='bbox 1103 2815 1183 2863; x_wconf 93' lang='lat' dir='ltr'>eo</span> <span class='ocrx_word' id='word_1_251' title='bbox 1217 2795 1480 2863; x_wconf 88' lang='lat' dir='ltr'>veniam</span> <span class='ocrx_word' id='word_1_252' title='bbox 1516 2795 1729 2884; x_wconf 87' lang='lat' dir='ltr'>petiit,</span> <span class='ocrx_word' id='word_1_253' title='bbox 1765 2795 2057 2865; x_wconf 90' lang='lat' dir='ltr'>ostendit</span> <span class='ocrx_word' id='word_1_254' title='bbox 2110 2816 2194 2865; x_wconf 89' lang='lat' dir='ltr'>ue</span> <span class='ocrx_word' id='word_1_255' title='bbox 2227 2817 2299 2864; x_wconf 89' lang='lat' dir='ltr'>se</span> <span class='ocrx_word' id='word_1_256' title='bbox 2333 2817 2467 2865; x_wconf 91' lang='lat' dir='ltr'>non</span> <span class='ocrx_word' id='word_1_257' title='bbox 2499 2795 2834 2865; x_wconf 90' lang='lat' dir='ltr'>illudendi</span> <span class='ocrx_word' id='word_1_258' title='bbox 2865 2795 3127 2876; x_wconf 89' lang='lat' dir='ltr'>anim0,</span> 
     </span>
     <span class='ocr_line' id='line_1_29' title="bbox 608 2880 3132 2972; baseline 0.002 -22"><span class='ocrx_word' id='word_1_259' title='bbox 608 2880 725 2950; x_wconf 91' lang='lat' dir='ltr'>sed</span> <span class='ocrx_word' id='word_1_260' title='bbox 775 2881 1162 2970; x_wconf 74' lang='lat' dir='ltr'>ignorantia</span> <span class='ocrx_word' id='word_1_261' title='bbox 1209 2882 1277 2951; x_wconf 92' lang='lat' dir='ltr'>id</span> <span class='ocrx_word' id='word_1_262' title='bbox 1319 2882 1599 2952; x_wconf 89' lang='lat' dir='ltr'>fecisse:</span> <span class='ocrx_word' id='word_1_263' title='bbox 1642 2905 1839 2972; x_wconf 88' lang='lat' dir='ltr'>porro</span> <span class='ocrx_word' id='word_1_264' title='bbox 1889 2883 2079 2972; x_wconf 91' lang='lat' dir='ltr'>capel</span> <span class='ocrx_word' id='word_1_265' title='bbox 2112 2905 2243 2953; x_wconf 90' lang='lat' dir='ltr'>ano</span> <span class='ocrx_word' id='word_1_266' title='bbox 2284 2884 2566 2954; x_wconf 89' lang='lat' dir='ltr'>comiter</span> <span class='ocrx_word' id='word_1_267' title='bbox 2596 2884 2798 2954; x_wconf 87' lang='lat' dir='ltr'>dixit:</span> <span class='ocrx_word' id='word_1_268' title='bbox 2833 2888 3132 2965; x_wconf 74' lang='lat' dir='ltr'>«Parcat</span> 
     </span>
     <span class='ocr_line' id='line_1_30' title="bbox 607 2969 3131 3061; baseline 0.001 -22"><span class='ocrx_word' id='word_1_269' title='bbox 607 2969 726 3039; x_wconf 93' lang='lat' dir='ltr'>tibi</span> <span class='ocrx_word' id='word_1_270' title='bbox 780 2974 1002 3050; x_wconf 88' lang='lat' dir='ltr'>Deus,</span> <span class='ocrx_word' id='word_1_271' title='bbox 1054 2971 1175 3057; x_wconf 90' lang='lat' dir='ltr'>qui</span> <span class='ocrx_word' id='word_1_272' title='bbox 1226 2971 1394 3041; x_wconf 90' lang='lat' dir='ltr'>mihi</span> <span class='ocrx_word' id='word_1_273' title='bbox 1458 2970 1556 3041; x_wconf 87' lang='lat' dir='ltr'>sic</span> <span class='ocrx_word' id='word_1_274' title='bbox 1618 2971 2032 3061; x_wconf 89' lang='lat' dir='ltr'>imposuisti.</span> <span class='ocrx_word' id='word_1_275' title='bbox 2079 2995 2116 3038; x_wconf 88' lang='lat'>»</span> <span class='ocrx_word' id='word_1_276' title='bbox 2178 2972 2593 3059; x_wconf 77' lang='lat' dir='ltr'>Huiusmodi</span> <span class='ocrx_word' id='word_1_277' title='bbox 2652 2971 2839 3041; x_wconf 90' lang='lat' dir='ltr'>enim</span> <span class='ocrx_word' id='word_1_278' title='bbox 2901 2972 3131 3042; x_wconf 84' lang='lat' dir='ltr'>verbis</span> 
     </span>
     <span class='ocr_line' id='line_1_31' title="bbox 607 3057 3131 3148; baseline 0.002 -22"><span class='ocrx_word' id='word_1_279' title='bbox 607 3057 867 3128; x_wconf 89' lang='lat' dir='ltr'>solebat</span> <span class='ocrx_word' id='word_1_280' title='bbox 938 3058 1437 3148; x_wconf 90' lang='lat' dir='ltr'>reprehendere</span> <span class='ocrx_word' id='word_1_281' title='bbox 1482 3082 1596 3129; x_wconf 90' lang='lat' dir='ltr'>eos</span> <span class='ocrx_word' id='word_1_282' title='bbox 1630 3113 1646 3139; x_wconf 93' lang='lat'>,</span> <span class='ocrx_word' id='word_1_283' title='bbox 1698 3059 1820 3146; x_wconf 90' lang='lat' dir='ltr'>qui</span> <span class='ocrx_word' id='word_1_284' title='bbox 1879 3059 1981 3129; x_wconf 90' lang='lat' dir='ltr'>illi</span> <span class='ocrx_word' id='word_1_285' title='bbox 2051 3059 2430 3131; x_wconf 89' lang='lat' dir='ltr'>molestiam</span> <span class='ocrx_word' id='word_1_286' title='bbox 2481 3073 2599 3131; x_wconf 89' lang='lat' dir='ltr'>aut</span> <span class='ocrx_word' id='word_1_287' title='bbox 2643 3059 3131 3130; x_wconf 87' lang='lat' dir='ltr'>verecundiam</span> 
     </span>
     <span class='ocr_line' id='line_1_32' title="bbox 604 3146 3128 3239; baseline 0.001 -24"><span class='ocrx_word' id='word_1_288' title='bbox 604 3146 1010 3229; x_wconf 91' lang='lat' dir='ltr'>attulissent,</span> <span class='ocrx_word' id='word_1_289' title='bbox 1037 3160 1112 3216; x_wconf 91' lang='lat' dir='ltr'>ut</span> <span class='ocrx_word' id='word_1_290' title='bbox 1128 3148 1273 3236; x_wconf 87' lang='lat' dir='ltr'>jam</span> <span class='ocrx_word' id='word_1_291' title='bbox 1304 3170 1515 3238; x_wconf 88' lang='lat' dir='ltr'>supra</span> <span class='ocrx_word' id='word_1_292' title='bbox 1540 3147 1823 3230; x_wconf 90' lang='lat' dir='ltr'>dictum,</span> <span class='ocrx_word' id='word_1_293' title='bbox 1853 3169 2070 3235; x_wconf 85' lang='lat' dir='ltr'>quum</span> <span class='ocrx_word' id='word_1_294' title='bbox 2097 3149 2182 3218; x_wconf 91' lang='lat' dir='ltr'>de</span> <span class='ocrx_word' id='word_1_295' title='bbox 2210 3149 2358 3236; x_wconf 82' lang='lat' dir='ltr'>ejus</span> <span class='ocrx_word' id='word_1_296' title='bbox 2387 3149 2709 3239; x_wconf 89' lang='lat' dir='ltr'>patientia</span> <span class='ocrx_word' id='word_1_297' title='bbox 2738 3149 2943 3218; x_wconf 87' lang='lat' dir='ltr'>verba</span> <span class='ocrx_word' id='word_1_298' title='bbox 2969 3148 3128 3218; x_wconf 87' lang='lat' dir='ltr'>feci·</span> 
     </span>
     <span class='ocr_line' id='line_1_33' title="bbox 607 3236 3126 3327; baseline 0.001 -23"><span class='ocrx_word' id='word_1_299' title='bbox 607 3257 786 3304; x_wconf 89' lang='lat' dir='ltr'>mus.</span> <span class='ocrx_word' id='word_1_300' title='bbox 820 3240 984 3305; x_wconf 87' lang='lat' dir='ltr'>Cum</span> <span class='ocrx_word' id='word_1_301' title='bbox 1004 3250 1260 3322; x_wconf 88' lang='lat' dir='ltr'>quanta</span> <span class='ocrx_word' id='word_1_302' title='bbox 1286 3251 1511 3307; x_wconf 87' lang='lat' dir='ltr'>autem</span> <span class='ocrx_word' id='word_1_303' title='bbox 1541 3236 1756 3305; x_wconf 88' lang='lat' dir='ltr'>animi</span> <span class='ocrx_word' id='word_1_304' title='bbox 1781 3237 2136 3307; x_wconf 87' lang='lat' dir='ltr'>devotione</span> <span class='ocrx_word' id='word_1_305' title='bbox 2161 3238 2412 3308; x_wconf 89' lang='lat' dir='ltr'>divinis</span> <span class='ocrx_word' id='word_1_306' title='bbox 2431 3237 2696 3320; x_wconf 85' lang='lat' dir='ltr'>officiis,</span> <span class='ocrx_word' id='word_1_307' title='bbox 2726 3237 3126 3327; x_wconf 88' lang='lat' dir='ltr'>praesertim</span> 
     </span>
     <span class='ocr_line' id='line_1_34' title="bbox 606 3323 3128 3405; baseline 0.002 -14"><span class='ocrx_word' id='word_1_308' title='bbox 606 3323 968 3392; x_wconf 84' lang='lat' dir='ltr'>Missarum</span> <span class='ocrx_word' id='word_1_309' title='bbox 1018 3324 1456 3394; x_wconf 88' lang='lat' dir='ltr'>celebrationi</span> <span class='ocrx_word' id='word_1_310' title='bbox 1505 3324 1909 3405; x_wconf 86' lang='lat' dir='ltr'>interfuerit,</span> <span class='ocrx_word' id='word_1_311' title='bbox 1962 3326 2127 3396; x_wconf 88' lang='lat' dir='ltr'>satis</span> <span class='ocrx_word' id='word_1_312' title='bbox 2173 3325 2523 3396; x_wconf 89' lang='lat' dir='ltr'>declarant</span> <span class='ocrx_word' id='word_1_313' title='bbox 2570 3347 2704 3395; x_wconf 94' lang='lat' dir='ltr'>non</span> <span class='ocrx_word' id='word_1_314' title='bbox 2755 3325 2978 3395; x_wconf 92' lang='lat' dir='ltr'>solum</span> <span class='ocrx_word' id='word_1_315' title='bbox 3039 3324 3128 3395; x_wconf 89' lang='lat' dir='ltr'>la·</span> 
     </span>
     <span class='ocr_line' id='line_1_35' title="bbox 607 3413 3128 3504; baseline 0.001 -24"><span class='ocrx_word' id='word_1_316' title='bbox 607 3432 879 3499; x_wconf 84' lang='lat' dir='ltr'>crymae</span> <span class='ocrx_word' id='word_1_317' title='bbox 931 3423 994 3480; x_wconf 91' lang='lat' dir='ltr'>et</span> <span class='ocrx_word' id='word_1_318' title='bbox 1053 3413 1358 3502; x_wconf 86' lang='lat' dir='ltr'>corporis</span> <span class='ocrx_word' id='word_1_319' title='bbox 1408 3414 1916 3503; x_wconf 62' lang='lat' dir='ltr'>prostrationes»,</span> <span class='ocrx_word' id='word_1_320' title='bbox 1967 3413 2052 3484; x_wconf 91' lang='lat' dir='ltr'>de</span> <span class='ocrx_word' id='word_1_321' title='bbox 2097 3414 2352 3500; x_wconf 90' lang='lat' dir='ltr'>quibus</span> <span class='ocrx_word' id='word_1_322' title='bbox 2397 3413 2750 3493; x_wconf 79' lang='lat' dir='ltr'>diximus,</span> <span class='ocrx_word' id='word_1_323' title='bbox 2805 3414 2920 3484; x_wconf 88' lang='lat' dir='ltr'>sed</span> <span class='ocrx_word' id='word_1_324' title='bbox 2972 3436 3128 3504; x_wconf 91' lang='lat' dir='ltr'>per-</span> 
     </span>
     <span class='ocr_line' id='line_1_36' title="bbox 607 3497 3125 3602; baseline 0.001 -34"><span class='ocrx_word' id='word_1_325' title='bbox 607 3497 822 3568; x_wconf 88' lang='lat' dir='ltr'>multa</span> <span class='ocrx_word' id='word_1_326' title='bbox 871 3498 1073 3568; x_wconf 86' lang='lat' dir='ltr'>etiam</span> <span class='ocrx_word' id='word_1_327' title='bbox 1139 3500 1456 3602; x_wconf 74' lang='lat' dir='ltr'>religiosa</span> <span class='ocrx_word' id='word_1_328' title='bbox 1511 3524 1717 3592; x_wconf 89' lang='lat' dir='ltr'>opera</span> <span class='ocrx_word' id='word_1_329' title='bbox 1769 3516 1834 3572; x_wconf 91' lang='lat' dir='ltr'>et</span> <span class='ocrx_word' id='word_1_330' title='bbox 1903 3502 2013 3592; x_wconf 89' lang='lat' dir='ltr'>pia</span> <span class='ocrx_word' id='word_1_331' title='bbox 2076 3502 2417 3573; x_wconf 88' lang='lat' dir='ltr'>exercitia.</span> <span class='ocrx_word' id='word_1_332' title='bbox 2483 3503 2575 3572; x_wconf 79' lang='lat' dir='ltr'>Ad</span> <span class='ocrx_word' id='word_1_333' title='bbox 2640 3524 2881 3572; x_wconf 91' lang='lat' dir='ltr'>omnes</span> <span class='ocrx_word' id='word_1_334' title='bbox 2938 3502 3125 3571; x_wconf 90' lang='lat' dir='ltr'>enim</span> 
     </span>
     <span class='ocr_line' id='line_1_37' title="bbox 605 3587 3126 3687; baseline 0.001 -31"><span class='ocrx_word' id='word_1_335' title='bbox 605 3587 868 3687; x_wconf 75' lang='lat' dir='ltr'>MissaS,</span> <span class='ocrx_word' id='word_1_336' title='bbox 919 3609 1091 3675; x_wconf 87' lang='lat' dir='ltr'>quas</span> <span class='ocrx_word' id='word_1_337' title='bbox 1137 3589 1455 3669; x_wconf 79' lang='lat' dir='ltr'>audiret,</span> <span class='ocrx_word' id='word_1_338' title='bbox 1509 3590 1609 3658; x_wconf 89' lang='lat' dir='ltr'>vel</span> <span class='ocrx_word' id='word_1_339' title='bbox 1676 3613 1795 3680; x_wconf 89' lang='lat' dir='ltr'>per</span> <span class='ocrx_word' id='word_1_340' title='bbox 1840 3591 2135 3680; x_wconf 90' lang='lat' dir='ltr'>seipsam</span> <span class='ocrx_word' id='word_1_341' title='bbox 2195 3590 2459 3679; x_wconf 87' lang='lat' dir='ltr'>aliquid</span> <span class='ocrx_word' id='word_1_342' title='bbox 2505 3590 2793 3672; x_wconf 89' lang='lat' dir='ltr'>obtulit,</span> <span class='ocrx_word' id='word_1_343' title='bbox 2823 3590 2947 3671; x_wconf 63' lang='lat' dir='ltr'>&gt;vel</span> <span class='ocrx_word' id='word_1_344' title='bbox 3000 3612 3126 3680; x_wconf 87' lang='lat' dir='ltr'>per</span> 
     </span>
     <span class='ocr_line' id='line_1_38' title="bbox 607 3675 3124 3769; baseline 0.001 -25"><span class='ocrx_word' id='word_1_345' title='bbox 607 3675 863 3745; x_wconf 80' lang='lat' dir='ltr'>alium:</span> <span class='ocrx_word' id='word_1_346' title='bbox 917 3689 1120 3765; x_wconf 88' lang='lat' dir='ltr'>atque</span> <span class='ocrx_word' id='word_1_347' title='bbox 1168 3701 1208 3747; x_wconf 90' lang='lat' dir='ltr'>a</span> <span class='ocrx_word' id='word_1_348' title='bbox 1260 3678 1651 3760; x_wconf 88' lang='lat' dir='ltr'>sacerdote,</span> <span class='ocrx_word' id='word_1_349' title='bbox 1704 3678 1822 3765; x_wconf 90' lang='lat' dir='ltr'>qui</span> <span class='ocrx_word' id='word_1_350' title='bbox 1871 3678 2290 3750; x_wconf 88' lang='lat' dir='ltr'>sacrificium</span> <span class='ocrx_word' id='word_1_351' title='bbox 2339 3678 2626 3761; x_wconf 87' lang='lat' dir='ltr'>fecerat,</span> <span class='ocrx_word' id='word_1_352' title='bbox 2682 3678 2988 3769; x_wconf 82' lang='lat' dir='ltr'>petebat,</span> <span class='ocrx_word' id='word_1_353' title='bbox 3045 3691 3124 3748; x_wconf 92' lang='lat' dir='ltr'>ut</span> 
     </span>
     <span class='ocr_line' id='line_1_39' title="bbox 606 3765 3125 3856; baseline 0 -23"><span class='ocrx_word' id='word_1_354' title='bbox 606 3786 856 3834; x_wconf 88' lang='lat' dir='ltr'>manus</span> <span class='ocrx_word' id='word_1_355' title='bbox 916 3788 1078 3836; x_wconf 89' lang='lat' dir='ltr'>suas</span> <span class='ocrx_word' id='word_1_356' title='bbox 1136 3765 1344 3856; x_wconf 86' lang='lat' dir='ltr'>capiti</span> <span class='ocrx_word' id='word_1_357' title='bbox 1406 3766 1627 3856; x_wconf 87' lang='lat' dir='ltr'>ipsius</span> <span class='ocrx_word' id='word_1_358' title='bbox 1691 3767 2119 3856; x_wconf 88' lang='lat' dir='ltr'>imponeret,</span> <span class='ocrx_word' id='word_1_359' title='bbox 2180 3780 2246 3837; x_wconf 89' lang='lat' dir='ltr'>et</span> <span class='ocrx_word' id='word_1_360' title='bbox 2305 3769 2485 3856; x_wconf 72' lang='lat' dir='ltr'>aqua</span> <span class='ocrx_word' id='word_1_361' title='bbox 2538 3766 2894 3838; x_wconf 68' lang='lat' dir='ltr'>benedicta</span> <span class='ocrx_word' id='word_1_362' title='bbox 2959 3788 3125 3837; x_wconf 90' lang='lat' dir='ltr'>con-</span> 
     </span>
     <span class='ocr_line' id='line_1_40' title="bbox 604 3854 3128 3946; baseline 0 -23"><span class='ocrx_word' id='word_1_363' title='bbox 604 3868 970 3945; x_wconf 82' lang='lat' dir='ltr'>spergeret,</span> <span class='ocrx_word' id='word_1_364' title='bbox 1025 3854 1173 3926; x_wconf 89' lang='lat' dir='ltr'>sine</span> <span class='ocrx_word' id='word_1_365' title='bbox 1221 3854 1363 3925; x_wconf 90' lang='lat' dir='ltr'>ulla</span> <span class='ocrx_word' id='word_1_366' title='bbox 1406 3855 1851 3925; x_wconf 89' lang='lat' dir='ltr'>haesitatione</span> <span class='ocrx_word' id='word_1_367' title='bbox 1896 3855 2204 3938; x_wconf 90' lang='lat' dir='ltr'>credens,</span> <span class='ocrx_word' id='word_1_368' title='bbox 2253 3878 2371 3946; x_wconf 89' lang='lat' dir='ltr'>per</span> <span class='ocrx_word' id='word_1_369' title='bbox 2409 3856 2535 3926; x_wconf 87' lang='lat' dir='ltr'>hoc</span> <span class='ocrx_word' id='word_1_370' title='bbox 2583 3880 2615 3926; x_wconf 92' lang='lat' dir='ltr'>s</span> <span class='ocrx_word' id='word_1_371' title='bbox 2706 3856 2949 3927; x_wconf 90' lang='lat' dir='ltr'>cialem</span> <span class='ocrx_word' id='word_1_372' title='bbox 2999 3854 3128 3924; x_wconf 86' lang='lat' dir='ltr'>ali-</span> 
     </span>
     <span class='ocr_line' id='line_1_41' title="bbox 602 3943 3127 4034; baseline -0 -21"><span class='ocrx_word' id='word_1_373' title='bbox 602 3964 807 4030; x_wconf 87' lang='lat' dir='ltr'>quam</span> <span class='ocrx_word' id='word_1_374' title='bbox 877 3943 1164 4033; x_wconf 87' lang='lat' dir='ltr'>gratiam</span> <span class='ocrx_word' id='word_1_375' title='bbox 1216 3966 1255 4013; x_wconf 91' lang='lat' dir='ltr'>a</span> <span class='ocrx_word' id='word_1_376' title='bbox 1304 3944 1590 4013; x_wconf 91' lang='lat' dir='ltr'>Domino</span> <span class='ocrx_word' id='word_1_377' title='bbox 1661 3966 1733 4015; x_wconf 90' lang='lat' dir='ltr'>se</span> <span class='ocrx_word' id='word_1_378' title='bbox 1796 3957 2262 4034; x_wconf 88' lang='lat' dir='ltr'>percepturam</span> <span class='ocrx_word' id='word_1_379' title='bbox 2301 3999 2316 4027; x_wconf 94' lang='lat'>,</span> <span class='ocrx_word' id='word_1_380' title='bbox 2368 3957 2433 4014; x_wconf 92' lang='lat' dir='ltr'>et</span> <span class='ocrx_word' id='word_1_381' title='bbox 2500 3967 2678 4015; x_wconf 89' lang='lat' dir='ltr'>maa</span> <span class='ocrx_word' id='word_1_382' title='bbox 2734 3943 3127 4015; x_wconf 86' lang='lat' dir='ltr'>valetudine</span> 
     </span>
     <span class='ocr_line' id='line_1_42' title="bbox 599 4030 3125 4123; baseline 0 -24"><span class='ocrx_word' id='word_1_383' title='bbox 599 4030 894 4102; x_wconf 89' lang='lat' dir='ltr'>levatum</span> <span class='ocrx_word' id='word_1_384' title='bbox 949 4032 1069 4101; x_wconf 91' lang='lat' dir='ltr'>iri:</span> <span class='ocrx_word' id='word_1_385' title='bbox 1124 4032 1190 4101; x_wconf 89' lang='lat' dir='ltr'>id</span> <span class='ocrx_word' id='word_1_386' title='bbox 1262 4031 1443 4120; x_wconf 88' lang='lat' dir='ltr'>quod</span> <span class='ocrx_word' id='word_1_387' title='bbox 1495 4032 1698 4102; x_wconf 84' lang='lat' dir='ltr'>etiam</span> <span class='ocrx_word' id='word_1_388' title='bbox 1763 4033 2038 4122; x_wconf 88' lang='lat' dir='ltr'>saepius</span> <span class='ocrx_word' id='word_1_389' title='bbox 2087 4033 2180 4104; x_wconf 85' lang='lat' dir='ltr'>ita</span> <span class='ocrx_word' id='word_1_390' title='bbox 2224 4033 2491 4115; x_wconf 87' lang='lat' dir='ltr'>evenit,</span> <span class='ocrx_word' id='word_1_391' title='bbox 2558 4045 2634 4103; x_wconf 91' lang='lat' dir='ltr'>ut</span> <span class='ocrx_word' id='word_1_392' title='bbox 2680 4034 2831 4122; x_wconf 87' lang='lat' dir='ltr'>ipsa</span> <span class='ocrx_word' id='word_1_393' title='bbox 2891 4045 3125 4123; x_wconf 88' lang='lat' dir='ltr'>postea</span> 
     </span>
     <span class='ocr_line' id='line_1_43' title="bbox 599 4118 3127 4209; baseline 0.001 -21"><span class='ocrx_word' id='word_1_394' title='bbox 599 4118 1061 4190; x_wconf 83' lang='lat' dir='ltr'>familiaribus</span> <span class='ocrx_word' id='word_1_395' title='bbox 1132 4120 1277 4192; x_wconf 88' lang='lat' dir='ltr'>suis</span> <span class='ocrx_word' id='word_1_396' title='bbox 1339 4119 1679 4190; x_wconf 87' lang='lat' dir='ltr'>revelavit.</span> <span class='ocrx_word' id='word_1_397' title='bbox 1749 4125 1979 4191; x_wconf 83' lang='lat' dir='ltr'>Frater</span> <span class='ocrx_word' id='word_1_398' title='bbox 2025 4121 2419 4192; x_wconf 89' lang='lat' dir='ltr'>Herbordus</span> <span class='ocrx_word' id='word_1_399' title='bbox 2465 4121 2921 4192; x_wconf 87' lang='lat' dir='ltr'>confessarius</span> <span class='ocrx_word' id='word_1_400' title='bbox 2969 4120 3127 4209; x_wconf 91' lang='lat' dir='ltr'>ejus</span> 
     </span>
     <span class='ocr_line' id='line_1_44' title="bbox 600 4207 3125 4292; baseline 0 -15"><span class='ocrx_word' id='word_1_401' title='bbox 600 4207 684 4278; x_wconf 92' lang='lat' dir='ltr'>de</span> <span class='ocrx_word' id='word_1_402' title='bbox 733 4208 850 4278; x_wconf 89' lang='lat' dir='ltr'>illa</span> <span class='ocrx_word' id='word_1_403' title='bbox 898 4209 1156 4280; x_wconf 87' lang='lat' dir='ltr'>solebat</span> <span class='ocrx_word' id='word_1_404' title='bbox 1202 4210 1467 4279; x_wconf 86' lang='lat' dir='ltr'>dicere:</span> <span class='ocrx_word' id='word_1_405' title='bbox 1513 4238 1538 4273; x_wconf 71' lang='grc' dir='ltr'>ι</span> <span class='ocrx_word' id='word_1_406' title='bbox 1580 4214 1727 4292; x_wconf 86' lang='lat' dir='ltr'>Qua</span> <span class='ocrx_word' id='word_1_407' title='bbox 1766 4208 2118 4280; x_wconf 91' lang='lat' dir='ltr'>devotione</span> <span class='ocrx_word' id='word_1_408' title='bbox 2163 4222 2227 4279; x_wconf 90' lang='lat' dir='ltr'>et</span> <span class='ocrx_word' id='word_1_409' title='bbox 2275 4211 2404 4280; x_wconf 79' lang='lat' dir='ltr'>fide</span> <span class='ocrx_word' id='word_1_410' title='bbox 2453 4210 2656 4281; x_wconf 86' lang='lat' dir='ltr'>fuerit</span> <span class='ocrx_word' id='word_1_411' title='bbox 2702 4210 2898 4280; x_wconf 87' lang='lat' dir='ltr'>beata</span> <span class='ocrx_word' id='word_1_412' title='bbox 2945 4208 3125 4278; x_wconf 89' lang='lat' dir='ltr'>Hed-</span> 
     </span>
     <span class='ocr_line' id='line_1_45' title="bbox 601 4296 3126 4388; baseline 0 -22"><span class='ocrx_word' id='word_1_413' title='bbox 601 4296 799 4386; x_wconf 83' lang='lat' dir='ltr'>wigis</span> <span class='ocrx_word' id='word_1_414' title='bbox 844 4319 1007 4387; x_wconf 87' lang='lat' dir='ltr'>erga</span> <span class='ocrx_word' id='word_1_415' title='bbox 1055 4298 1359 4368; x_wconf 87' lang='lat' dir='ltr'>officium</span> <span class='ocrx_word' id='word_1_416' title='bbox 1408 4298 1650 4369; x_wconf 85' lang='lat' dir='ltr'>Missae</span> <span class='ocrx_word' id='word_1_417' title='bbox 1707 4310 1772 4368; x_wconf 90' lang='lat' dir='ltr'>et</span> <span class='ocrx_word' id='word_1_418' title='bbox 1835 4299 2497 4388; x_wconf 86' lang='lat' dir='ltr'>praestantissimum</span> <span class='ocrx_word' id='word_1_419' title='bbox 2563 4298 2894 4369; x_wconf 90' lang='lat' dir='ltr'>Dominici</span> <span class='ocrx_word' id='word_1_420' title='bbox 2960 4302 3126 4368; x_wconf 86' lang='lat' dir='ltr'>Cor-</span> 
     </span>
     <span class='ocr_line' id='line_1_46' title="bbox 599 4386 3124 4479; baseline 0 -24"><span class='ocrx_word' id='word_1_421' title='bbox 599 4386 786 4475; x_wconf 88' lang='lat' dir='ltr'>poris</span> <span class='ocrx_word' id='word_1_422' title='bbox 834 4399 1377 4470; x_wconf 84' lang='lat' dir='ltr'>sacramentum‚</span> <span class='ocrx_word' id='word_1_423' title='bbox 1430 4408 1633 4458; x_wconf 91' lang='lat' dir='ltr'>nemo</span> <span class='ocrx_word' id='word_1_424' title='bbox 1681 4386 2073 4458; x_wconf 89' lang='lat' dir='ltr'>mortalium</span> <span class='ocrx_word' id='word_1_425' title='bbox 2123 4387 2461 4477; x_wconf 85' lang='lat' dir='ltr'>explicare</span> <span class='ocrx_word' id='word_1_426' title='bbox 2510 4400 2757 4479; x_wconf 90' lang='lat' dir='ltr'>posset.</span> <span class='ocrx_word' id='word_1_427' title='bbox 2796 4411 2833 4454; x_wconf 86' lang='lat'>»</span> <span class='ocrx_word' id='word_1_428' title='bbox 2883 4388 3124 4457; x_wconf 89' lang='lat' dir='ltr'>Sciens</span> 
     </span>
    </p>
   </div>
  </div>
 </body>
</html>
