3347 4999
236 324 417 391 OCT.
473 325 557 388 20
1132 341 1211 387 nr.
1259 340 1313 387 s.
1369 338 1643 387 aarum
1705 339 1913 392 mar.
2112 359 2120 367 ·
2566 324 2692 389 583

239 438 562 528 prompto
590 437 653 494 et
683 424 894 494 alacri
942 424 1157 493 animi
1207 424 1434 494 studio
1481 424 1610 493 iter
1641 424 1929 505 iniisset,
1984 425 2162 493 inter
2189 423 2495 495 eundum
2535 424 2779 496 incidit

236 536 314 585 in
370 513 710 583 morbum.
764 518 840 582 Et
886 534 1043 582 cum
1079 512 1498 582 ascendisset
1547 513 1614 581 in
1676 512 2092 602 Bithyniam,
2160 513 2227 581 in
2270 513 2570 601 quadam
2632 516 2781 607 ejus

239 604 553 683 statione,
608 623 786 689 quae
825 601 1174 671 Gallicana
1212 601 1490 681 dicitur,
1543 614 1644 671 est
1680 614 1969 671 mortua.
2028 601 2268 672 Gallus
2324 614 2550 672 autem
2602 616 2667 673 et
2718 605 2780 674 si

239 693 395 771 hoc,
452 690 630 779 quod
680 704 947 780 praeter
973 690 1370 781 opinionem
1411 690 1777 771 acciderat,
1818 712 2141 782 magnam
2185 703 2566 780 reputasset
2600 691 2782 762 cala-

245 782 578 860 mitatem,
613 779 754 849 ibat
784 792 1007 848 tamen
1044 778 1360 859 ulteriuS,
1407 800 1541 849 non
1585 778 1924 849 desistens
1957 780 2045 848 ab
2093 779 2178 848 iis
2217 800 2395 866 quae
2427 791 2775 852 statuerat.

241 875 605 956 Postquam
657 888 816 938 vero
864 868 1046 937 venit
1091 869 1175 937 ad
1227 868 1625 939 Noricorum
1678 868 2063 949 civitatem,
2119 889 2296 956 quae
2331 881 2609 938 vocatur
2657 874 2781 970 Py-

243 958 493 1027 taviota
520 957 577 1037 ⁴,
632 957 768 1026 huc
819 955 1221 1036 Mediolano,
1271 979 1431 1027 cum
1484 957 1626 1027 illic
1673 968 1840 1027 tunc
1887 969 2062 1028 esset
2109 957 2568 1037 Constantius,
2626 970 2783 1027 mlt-

242 1046 410 1116 titur
445 1051 588 1115 Dux
626 1045 963 1115 exercitus
1002 1045 1387 1127 Barbation,
1426 1047 1544 1134 qui
1582 1044 1775 1116 Gallo
1809 1045 2027 1115 aufert
2064 1067 2195 1134 pur
2248 1067 2470 1115 uram.
2509 1051 2585 1114 Et
2620 1065 2779 1116 cum

242 1157 401 1205 eum
455 1133 723 1203 fecisset
774 1134 1137 1223 privatum,
1197 1133 1449 1225 relegat
1496 1135 1566 1203 in
1625 1134 1975 1221 quandam
2028 1134 2186 1204 insu
2218 1156 2324 1203 am
2379 1133 2776 1204 Dalmatiae.

242 1228 410 1293 Cum
463 1221 699 1293 Gallus
746 1235 971 1293 autem
1025 1223 1318 1295 venisset
1363 1227 1431 1292 in
1483 1222 1812 1304 insulam,
1849 1223 2185 1293 Eusebius
2215 1223 2618 1305 Eunuchus,
2662 1225 2783 1311 qui

246 1312 620 1401 Praepositi
672 1324 836 1381 tunc
872 1311 1163 1381 habebat
1210 1312 1563 1392 honorem,
1616 1326 1684 1381 et
1730 1312 1849 1398 qui
1898 1334 2056 1382 cum
2107 1334 2187 1382 eo
2224 1326 2440 1381 erant.
2543 1334 2782 1382 ersua-

240 1401 407 1470 dent
454 1400 868 1481 Constantio,
920 1413 995 1469 ut
1047 1401 1565 1492 quamprimum
1618 1400 1889 1471 Gallum
1942 1400 2203 1471 tolleret
2250 1400 2333 1471 de
2376 1422 2481 1471 me
2536 1400 2622 1471 io.
2662 1400 2783 1471 Ille

242 1510 399 1559 vero
451 1511 842 1579 persuasus,
899 1489 1103 1559 mittit
1140 1490 1258 1577 qui
1301 1491 1530 1581 ipsum
1563 1490 2048 1559 interficerent.
2095 1495 2259 1560 Cum
2299 1490 2344 1558 ii
2376 1503 2602 1560 autem
2631 1489 2777 1580 jam

242 1579 442 1658 irent,
500 1578 935 1648 Constantius
984 1600 1227 1648 rursus
1277 1589 1501 1648 motus
1548 1592 1650 1648 est
1701 1578 2211 1648 misericordia:
2249 1590 2315 1649 et
2362 1578 2552 1648 misit
2584 1601 2783 1668 ocys-

244 1667 418 1736 sime
451 1666 730 1745 litteras,
783 1688 959 1753 quae
1007 1666 1273 1736 Gallum
1324 1691 1360 1736 a
1416 1680 1629 1736 morte
1680 1665 2085 1736 liberabant.
2142 1667 2476 1737 Eusebius
2523 1681 2777 1749 autem,

241 1756 457 1841 etqui
506 1776 664 1824 cum
714 1775 793 1824 eo
838 1767 1055 1837 erant,
1110 1754 1525 1846 persuadent
1572 1757 2009 1846 MagistranO,
2062 1756 2179 1843 qui
2233 1757 2650 1836 mittebatur,
2702 1778 2784 1826 ne

244 1844 440 2001 prius
503 1843 760 1913 veniret
818 1842 902 1912 ad
966 1844 1424 1914 ostendendas
1474 1844 1754 1926 litteraS,
1821 1865 2027 1931 quam
2087 1845 2461 1915 audivisset
2510 1844 2780 1914 Gallum

273 1932 456 2089 uissse
504 1931 862 2054 deumedio
919 1932 1295 2004 sublatum.
1358 1939 1535 2003 Haec
1603 1933 1779 2002 facta
1828 1945 2037 2013 sunt,
2094 1946 2159 2003 et
2206 1933 2441 2003 Gallus
2488 1933 2615 2002 {uit
2674 1934 2785 2002 in-

247 2034 345 2092 ter
374 2033 564 2089 ectus
670 2072 683 2085 .

331 2090 368 2195 ἓ
415 2110 985 2180 §.Constantius
1025 2122 1254 2180 autem
1305 2111 1583 2189 veritus,
1638 2110 1822 2197 quod
1878 2131 2009 2181 non
2064 2123 2291 2200 posset
2339 2110 2527 2182 solus
2566 2122 2783 2182 totum

245 2218 476 2285 regere
526 2197 920 2286 imperium,
975 2200 1272 2267 ni'axime
1320 2222 1477 2268 cum
1530 2198 1729 2280 Galli,
1783 2198 2063 2285 quando
2103 2199 2375 2280 vellent,
2416 2200 2784 2291 promptis·

243 2286 415 2354 sime
459 2286 907 2356 incitarentur
953 2286 1281 2358 adversus
1311 2287 1711 2376 imperium,
1755 2299 1889 2356 tam
1928 2301 2204 2378 propter
2234 2289 2411 2359 vires
2443 2289 2776 2379 corporiS,

244 2395 449 2460 quam
506 2387 779 2463 propter
841 2376 1174 2445 levitatem
1242 2376 1678 2457 animorum,
1724 2377 1869 2466 J'am
1922 2376 2301 2447 ducebatur
2367 2378 2787 2466 poenitentia

239 2462 419 2550 quod
470 2462 741 2534 Gallum
791 2463 875 2534 de
925 2464 1147 2534 medio
1197 2465 1610 2557 sustulisset.
1663 2470 1741 2535 Et
1786 2488 1945 2536 cum
2006 2478 2388 2557 reputasset
2432 2487 2549 2538 eos
2579 2521 2594 2548 ,
2663 2466 2785 2555 qui

240 2565 695 2653 sunt-genere
738 2553 1117 2642 conjuncti,
1170 2575 1318 2625 esse
1363 2555 1658 2625 externis
1705 2566 1770 2624 et
1816 2554 2059 2625 alienis
2109 2556 2311 2656 longe
2362 2557 2644 2625 tutiores
2696 2555 2785 2625 ad

241 2662 435 2732 regni
486 2655 925 2722 societatem,
990 2642 1347 2713 Julianum
1396 2642 1672 2713 fratrem
1743 2642 1913 2713 Galli
1965 2666 2044 2713 ex
2099 2650 2303 2714 Jonla
2364 2645 2782 2714 accersitum

242 2729 728 2813 Mediolanum,
766 2743 950 2800 creat
995 2735 1395 2814 Caesarem:
1446 2745 1512 2802 et
1557 2754 1717 2803 cum
1769 2754 1964 2801 suam
2018 2753 2316 2803 sororem
2355 2732 2680 2803 Helenam
2718 2733 2782 2801 ei

239 2817 538 2888 dedisset
585 2818 655 2888 in
708 2821 1273 2900 matrimonium,
1329 2820 1602 2909 fideque
1662 2822 1751 2891 ab
1798 2843 1876 2891 eo
1925 2834 2202 2911 accepta
2257 2821 2389 2890 sibi
2441 2822 2777 2902 cavisset,

242 2929 397 2976 eum
448 2908 728 2995 quidem
781 2910 967 2979 misit
1014 2909 1082 2977 in
1134 2908 1421 2980 Galliam
1453 2966 1468 2991 ‚
1524 2909 1666 2981 illic
1714 2910 2027 2978 futurum
2076 2909 2430 2979 custodem
2480 2910 2780 2999 imperii.

239 3000 393 3085 Ipse
439 3010 666 3066 autem
731 2997 798 3065 in
863 2997 1218 3087 Illyricum
1269 3000 1593 3079 veniens,
1665 2997 1956 3089 degebat
2004 2997 2262 3067 Sirmii.
2317 3002 2483 3066 Cum
2550 3010 2785 3068 autem

238 3084 633 3167 audivisset,
685 3086 865 3173 quod
918 3087 1243 3168 Barbari,
1306 3089 1426 3175 qui
1466 3090 1761 3178 agebant
1809 3100 1999 3156 trans
2054 3086 2445 3155 Danubium
2482 3139 2502 3167 ,
2558 3097 2786 3157 essent

239 3173 516 3243 ducturi
562 3175 932 3244 exercitum
973 3190 1211 3245 contra
1261 3177 1628 3266 imperium
1681 3182 2144 3246 Romanorum
2175 3229 2196 3255 ‚
2254 3175 2502 3244 Sirmio
2563 3174 2786 3265 profe-

237 3274 388 3332 ctus
435 3262 709 3333 transiit
756 3265 1174 3335 Danubium.
1229 3269 1394 3334 Cum
1431 3278 1661 3334 autem
1706 3263 1910 3354 longo
1939 3275 2245 3353 tempore
2286 3263 2379 3334 ibi
2413 3262 2657 3335 fuisset
2694 3263 2785 3334 ad

237 3350 457 3440 ipsam
514 3351 761 3440 ripam,
812 3363 878 3421 et
927 3375 1173 3422 rursus
1222 3353 1667 3422 intellexisset
1722 3353 2056 3423 Barbaros
2106 3373 2238 3422 non
2293 3374 2444 3423 esse
2501 3375 2573 3424 se
2634 3353 2786 3424 loco

240 3452 592 3520 moturOS,
697 3439 990 3510 rofectus
1045 3454 1147 3511 est
1202 3441 1271 3511 in
1332 3441 1721 3511 Thraciam.
1786 3446 2150 3529 Postquam
2216 3463 2373 3512 vero
2418 3440 2550 3513 fuit
2596 3441 2785 3532 apud

239 3527 560 3617 Odrys0s‚
588 3549 637 3596 u
688 3526 711 3596 i
744 3528 1084 3599 Adrianus
1115 3533 1509 3600 constructa
1536 3530 1807 3600 civitate
1838 3529 1967 3612 ”fl
1997 3531 2058 3600 ei
2092 3530 2242 3600 loco
2277 3552 2474 3601 suam
2512 3530 2789 3619 reliquit

237 3614 794 3706 appellationem,
847 3617 1111 3688 audivit
1136 3641 1196 3687 ·a
1235 3617 1536 3706 quodam
1575 3624 1623 3688 Ε
1677 3620 1937 3710 iscopo,
1987 3619 2170 3706 quod
2212 3641 2500 3709 corpora
2535 3619 2789 3690 Christi

239 3704 722 3806 Apostolorum·
750 3705 1053 3775 Andreae
1085 3719 1151 3776 et
1199 3712 1417 3778 Lucae
1464 3729 1633 3797 sepu
1668 3721 1735 3778 ta
1784 3721 1980 3778 erant
2033 3709 2102 3778 in
2158 3708 2430 3798 Achaja,
2482 3707 2787 3779 Andreae

238 3794 517 3881 quidem
545 3799 787 3876 Patris,
822 3799 1045 3865 Lucae
1078 3808 1305 3866 autem
1335 3796 1585 3866 Thebis
1615 3798 1947 3867 Boeotiae.
1981 3802 2345 3885 Postquam
2387 3810 2614 3867 autem
2650 3802 2788 3866 Im-

242 3896 512 3973 perator
541 3883 712 3953 haec
741 3883 1008 3953 audivit
1046 3885 1509 3966 Constantius,
1541 3899 1817 3978 propter
1855 3885 1925 3955 id
1952 3899 2055 3956 est
2083 3885 2395 3969 laetatus,
2430 3898 2495 3955 et
2532 3886 2790 3976 magna

243 3993 398 4042 voce
445 3972 818 4054 clamavit,
872 3985 938 4043 et
976 3973 1064 4044 iis
1094 4028 1112 4056 ,
1172 3974 1294 4061 qui
1343 3975 1652 4056 aderant,
1712 3974 1925 4044 dixit:
1979 3979 2286 4044 «vocate
2325 3974 2498 4044 mihi
2545 3995 2788 4044 carum

243 4061 641 4158 artemium.
693 4083 731 4128 »
780 4066 945 4131 Cum
997 4062 1057 4132 is
1103 4079 1331 4132 autem
1402 4064 1925 4155 quamprimum
1988 4064 2322 4133 venisset:
2381 4084 2419 4129 «
2470 4062 2790 4134 Gratulor

246 4147 391 4228 ubi,
419 4149 670 4237 inquit,
710 4149 1010 4221 virorum
1040 4152 1354 4222 omnium
1386 4149 1930 4243 religiosissime,
1960 4164 2027 4222 et
2058 4174 2199 4223 una
2235 4165 2460 4222 tecum
2499 4151 2787 4223 laetor.»

246 4234 368 4306 Ille
398 4258 553 4308 vero
585 4238 688 4309 illi
731 4238 944 4310 dixit:
999 4262 1037 4308 «
1069 4240 1235 4310 Mihi
1284 4254 1613 4331 perpetuo
1660 4240 1957 4322 laeteris,
2013 4262 2053 4311 o
2101 4246 2505 4331 Imperator,
2550 4263 2676 4312 nec
2725 4253 2788 4313 te

294 4398 321 4426 ¹⁸¹
350 4397 640 4446 Get-mantea.
657 4404 821 4448 Ρσαση,
838 4401 890 4442 in
911 4402 1094 4452 Styx-1⁸..
1551 4403 1607 4430 *¹⁸
1634 4404 1769 4442 Anno
1799 4403 1892 4444 354.

294 4451 377 4480 *Φ*
406 4452 530 4500 ροσε
549 4457 624 4494 est
640 4457 962 4508 Adrianopouae.
979 4457 1058 4497 vel
1075 4457 1402 4508 Andr-tumltu,
1418 4456 1646 4498 Thraciae
1664 4457 1782 4498 urbs
1802 4457 2061 4498 etiamnum
2077 4452 2369 4509 principans.
